  <div class='ocr_page' id='page_1' title='image "/cluster/home/n/w/nwhite01/storage/ocr_20150623/35/hvd.32044015706302/231.png"; bbox 0 0 4102 6468; ppageno 0'>
   <div class='ocr_carea' id='block_1_1' title="bbox 533 444 2113 517">
    <p class='ocr_par' dir='ltr' id='par_1_1' title="bbox 533 444 2113 517">
     <span class='ocr_line' id='line_1_1' title="bbox 533 444 2113 517; baseline -0.008 -6"><span class='ocrx_word' id='word_1_1' title='bbox 533 453 786 512; x_wconf 76' lang='lat' dir='ltr'><strong>Ecclesia:</strong></span> <span class='ocrx_word' id='word_1_2' title='bbox 810 457 1223 517; x_wconf 77' lang='lat' dir='ltr'><strong>sacramentum,</strong></span> <span class='ocrx_word' id='word_1_3' title='bbox 1253 463 1358 505; x_wconf 90' lang='lat' dir='ltr'><strong>non</strong></span> <span class='ocrx_word' id='word_1_4' title='bbox 1386 447 1434 504; x_wconf 90' lang='lat' dir='ltr'><strong>ei</strong></span> <span class='ocrx_word' id='word_1_5' title='bbox 1461 448 1663 502; x_wconf 77' lang='lat' dir='ltr'><strong>diceret</strong></span> <span class='ocrx_word' id='word_1_6' title='bbox 1691 446 1970 511; x_wconf 82' lang='lat' dir='ltr'><strong>Dominus,</strong></span> <span class='ocrx_word' id='word_1_7' title='bbox 1998 444 2113 499; x_wconf 79' lang='lat' dir='ltr'><strong>Tibi</strong></span> 
     </span>
    </p>
   </div>
   <div class='ocr_carea' id='block_1_2' title="bbox 534 535 2116 612">
    <p class='ocr_par' dir='ltr' id='par_1_2' title="bbox 534 535 2116 612">
     <span class='ocr_line' id='line_1_2' title="bbox 534 535 2116 612; baseline -0.006 -12"><span class='ocrx_word' id='word_1_8' title='bbox 534 545 662 600; x_wconf 88' lang='lat' dir='ltr'><strong>dabo</strong></span> <span class='ocrx_word' id='word_1_9' title='bbox 708 543 870 598; x_wconf 83' lang='lat' dir='ltr'><strong>claves</strong></span> <span class='ocrx_word' id='word_1_10' title='bbox 921 542 1062 612; x_wconf 86' lang='lat' dir='ltr'><strong>regni</strong></span> <span class='ocrx_word' id='word_1_11' title='bbox 1103 541 1340 595; x_wconf 69' lang='lat' dir='ltr'><strong>calorum</strong></span> <span class='ocrx_word' id='word_1_12' title='bbox 1372 554 1391 593; x_wconf 92' lang='lat'><strong><em>:</em></strong></span> <span class='ocrx_word' id='word_1_13' title='bbox 1436 552 1759 610; x_wconf 77' lang='lat' dir='ltr'><strong>quwcumque</strong></span> <span class='ocrx_word' id='word_1_14' title='bbox 1813 536 2016 591; x_wconf 87' lang='lat' dir='ltr'><strong>solveris</strong></span> <span class='ocrx_word' id='word_1_15' title='bbox 2062 535 2116 590; x_wconf 89' lang='lat' dir='ltr'><strong>in</strong></span> 
     </span>
    </p>
   </div>
   <div class='ocr_carea' id='block_1_3' title="bbox 533 626 2116 701">
    <p class='ocr_par' dir='ltr' id='par_1_3' title="bbox 533 626 2116 701">
     <span class='ocr_line' id='line_1_3' title="bbox 533 626 2116 701; baseline -0.006 -11"><span class='ocrx_word' id='word_1_16' title='bbox 533 646 668 690; x_wconf 84' lang='lat' dir='ltr'><strong>terra</strong></span> <span class='ocrx_word' id='word_1_17' title='bbox 691 675 707 701; x_wconf 95' lang='lat'><strong>,</strong></span> <span class='ocrx_word' id='word_1_18' title='bbox 734 634 900 690; x_wconf 85' lang='lat' dir='ltr'><strong>soluta</strong></span> <span class='ocrx_word' id='word_1_19' title='bbox 927 640 1072 686; x_wconf 88' lang='lat' dir='ltr'><strong>erunt</strong></span> <span class='ocrx_word' id='word_1_20' title='bbox 1099 641 1144 686; x_wconf 92' lang='lat' dir='ltr'><strong>et</strong></span> <span class='ocrx_word' id='word_1_21' title='bbox 1171 632 1220 684; x_wconf 90' lang='lat' dir='ltr'><strong>in</strong></span> <span class='ocrx_word' id='word_1_22' title='bbox 1249 630 1411 694; x_wconf 79' lang='lat' dir='ltr'><strong>caelo;</strong></span> <span class='ocrx_word' id='word_1_23' title='bbox 1457 637 1502 681; x_wconf 86' lang='lat' dir='ltr'><strong>et</strong></span> <span class='ocrx_word' id='word_1_24' title='bbox 1531 642 1855 698; x_wconf 65' lang='lat' dir='ltr'><strong>quiscumque</strong></span> <span class='ocrx_word' id='word_1_25' title='bbox 1883 626 2116 696; x_wconf 85' lang='lat' dir='ltr'><strong>ligaveris</strong></span> 
     </span>
    </p>
   </div>
   <div class='ocr_carea' id='block_1_4' title="bbox 529 715 2118 795">
    <p class='ocr_par' dir='ltr' id='par_1_4' title="bbox 529 715 2118 795">
     <span class='ocr_line' id='line_1_4' title="bbox 529 715 2118 795; baseline -0.007 -15"><span class='ocrx_word' id='word_1_26' title='bbox 529 727 584 780; x_wconf 82' lang='lat' dir='ltr'><strong>in</strong></span> <span class='ocrx_word' id='word_1_27' title='bbox 611 736 771 788; x_wconf 87' lang='lat' dir='ltr'><strong>terra,</strong></span> <span class='ocrx_word' id='word_1_28' title='bbox 791 725 948 795; x_wconf 81' lang='lat' dir='ltr'><strong>ligata</strong></span> <span class='ocrx_word' id='word_1_29' title='bbox 973 730 1116 776; x_wconf 88' lang='lat' dir='ltr'><strong>erunt</strong></span> <span class='ocrx_word' id='word_1_30' title='bbox 1146 730 1192 775; x_wconf 90' lang='lat' dir='ltr'><strong>et</strong></span> <span class='ocrx_word' id='word_1_31' title='bbox 1213 721 1265 774; x_wconf 89' lang='lat' dir='ltr'><strong>in</strong></span> <span class='ocrx_word' id='word_1_32' title='bbox 1286 717 1640 790; x_wconf 70' lang='lat' dir='ltr'><strong>caelo(Matth.</strong></span> <span class='ocrx_word' id='word_1_33' title='bbox 1668 733 1776 781; x_wconf 83' lang='lat' dir='ltr'><strong>xvt,</strong></span> <span class='ocrx_word' id='word_1_34' title='bbox 1810 716 1918 788; x_wconf 87' lang='lat' dir='ltr'><strong>l9).</strong></span> <span class='ocrx_word' id='word_1_35' title='bbox 1938 715 1996 771; x_wconf 98' lang='lat' dir='ltr'><strong>Si</strong></span> <span class='ocrx_word' id='word_1_36' title='bbox 2015 715 2118 770; x_wconf 87' lang='lat' dir='ltr'><strong>hoc</strong></span> 
     </span>
    </p>
   </div>
   <div class='ocr_carea' id='block_1_5' title="bbox 537 805 2115 877">
    <p class='ocr_par' dir='ltr' id='par_1_5' title="bbox 537 805 2115 877">
     <span class='ocr_line' id='line_1_5' title="bbox 537 805 2115 877; baseline -0.008 -4"><span class='ocrx_word' id='word_1_37' title='bbox 537 817 693 874; x_wconf 89' lang='lat' dir='ltr'><strong>Petro</strong></span> <span class='ocrx_word' id='word_1_38' title='bbox 720 823 923 870; x_wconf 89' lang='lat' dir='ltr'><strong>tantum</strong></span> <span class='ocrx_word' id='word_1_39' title='bbox 945 813 1142 868; x_wconf 88' lang='lat' dir='ltr'><strong>dictum</strong></span> <span class='ocrx_word' id='word_1_40' title='bbox 1171 818 1252 864; x_wconf 92' lang='lat' dir='ltr'><strong>est</strong></span> <span class='ocrx_word' id='word_1_41' title='bbox 1271 851 1287 877; x_wconf 91' lang='lat'><strong>,</strong></span> <span class='ocrx_word' id='word_1_42' title='bbox 1339 825 1446 862; x_wconf 92' lang='lat' dir='ltr'><strong>non</strong></span> <span class='ocrx_word' id='word_1_43' title='bbox 1474 809 1595 864; x_wconf 84' lang='lat' dir='ltr'><strong>facit</strong></span> <span class='ocrx_word' id='word_1_44' title='bbox 1622 807 1723 862; x_wconf 90' lang='lat' dir='ltr'><strong>hoc</strong></span> <span class='ocrx_word' id='word_1_45' title='bbox 1752 807 2011 862; x_wconf 84' lang='lat' dir='ltr'><strong>Ecclesia.</strong></span> <span class='ocrx_word' id='word_1_46' title='bbox 2058 805 2115 860; x_wconf 91' lang='lat' dir='ltr'><strong>Si</strong></span> 
     </span>
    </p>
   </div>
   <div class='ocr_carea' id='block_1_6' title="bbox 535 899 2114 972">
    <p class='ocr_par' dir='ltr' id='par_1_6' title="bbox 535 899 2114 972">
     <span class='ocr_line' id='line_1_6' title="bbox 535 899 2114 972; baseline -0.007 -10"><span class='ocrx_word' id='word_1_47' title='bbox 535 920 712 964; x_wconf 89' lang='lat' dir='ltr'><strong>autem</strong></span> <span class='ocrx_word' id='word_1_48' title='bbox 743 916 797 963; x_wconf 84' lang='lat' dir='ltr'><strong>et</strong></span> <span class='ocrx_word' id='word_1_49' title='bbox 823 908 875 963; x_wconf 92' lang='lat' dir='ltr'><strong>in</strong></span> <span class='ocrx_word' id='word_1_50' title='bbox 905 905 1142 962; x_wconf 84' lang='lat' dir='ltr'><strong>Ecclesia</strong></span> <span class='ocrx_word' id='word_1_51' title='bbox 1173 902 1264 970; x_wconf 89' lang='lat' dir='ltr'><strong>fit,</strong></span> <span class='ocrx_word' id='word_1_52' title='bbox 1291 910 1350 956; x_wconf 91' lang='lat' dir='ltr'><strong>ut</strong></span> <span class='ocrx_word' id='word_1_53' title='bbox 1378 918 1496 972; x_wconf 78' lang='lat' dir='ltr'><strong>qua:</strong></span> <span class='ocrx_word' id='word_1_54' title='bbox 1521 901 1573 956; x_wconf 89' lang='lat' dir='ltr'><strong>in</strong></span> <span class='ocrx_word' id='word_1_55' title='bbox 1598 909 1738 956; x_wconf 86' lang='lat' dir='ltr'><strong>terra</strong></span> <span class='ocrx_word' id='word_1_56' title='bbox 1767 901 2029 970; x_wconf 78' lang='lat' dir='ltr'><strong>ligantur,</strong></span> <span class='ocrx_word' id='word_1_57' title='bbox 2064 899 2114 952; x_wconf 93' lang='lat' dir='ltr'><strong>in</strong></span> 
     </span>
    </p>
   </div>
   <div class='ocr_carea' id='block_1_7' title="bbox 533 993 2116 1071">
    <p class='ocr_par' dir='ltr' id='par_1_7' title="bbox 533 993 2116 1071">
     <span class='ocr_line' id='line_1_7' title="bbox 533 993 2116 1071; baseline -0.007 -15"><span class='ocrx_word' id='word_1_58' title='bbox 533 1002 670 1056; x_wconf 65' lang='lat' dir='ltr'><strong>caelo</strong></span> <span class='ocrx_word' id='word_1_59' title='bbox 695 1001 956 1071; x_wconf 88' lang='lat' dir='ltr'><strong>ligentur,</strong></span> <span class='ocrx_word' id='word_1_60' title='bbox 987 1005 1042 1052; x_wconf 88' lang='lat' dir='ltr'><strong>et</strong></span> <span class='ocrx_word' id='word_1_61' title='bbox 1083 1012 1201 1067; x_wconf 69' lang='lat' dir='ltr'><strong>quae</strong></span> <span class='ocrx_word' id='word_1_62' title='bbox 1230 995 1505 1050; x_wconf 89' lang='lat' dir='ltr'><strong>solvuntur</strong></span> <span class='ocrx_word' id='word_1_63' title='bbox 1531 995 1583 1048; x_wconf 91' lang='lat' dir='ltr'><strong>in</strong></span> <span class='ocrx_word' id='word_1_64' title='bbox 1623 1005 1795 1058; x_wconf 85' lang='lat' dir='ltr'><strong>terra,</strong></span> <span class='ocrx_word' id='word_1_65' title='bbox 1843 993 2116 1048; x_wconf 86' lang='lat' dir='ltr'><strong>solvantur</strong></span> 
     </span>
    </p>
   </div>
   <div class='ocr_carea' id='block_1_8' title="bbox 535 1083 2116 1161">
    <p class='ocr_par' dir='ltr' id='par_1_8' title="bbox 535 1083 2116 1161">
     <span class='ocr_line' id='line_1_8' title="bbox 535 1083 2116 1161; baseline -0.008 -12"><span class='ocrx_word' id='word_1_66' title='bbox 535 1095 588 1148; x_wconf 91' lang='lat' dir='ltr'><strong>in</strong></span> <span class='ocrx_word' id='word_1_67' title='bbox 614 1095 752 1149; x_wconf 66' lang='lat' dir='ltr'><strong>coelo</strong></span> <span class='ocrx_word' id='word_1_68' title='bbox 783 1110 797 1146; x_wconf 88' lang='lat'><strong>:</strong></span> <span class='ocrx_word' id='word_1_69' title='bbox 829 1091 949 1161; x_wconf 89' lang='lat' dir='ltr'><strong>quia</strong></span> <span class='ocrx_word' id='word_1_70' title='bbox 978 1105 1098 1144; x_wconf 92' lang='lat' dir='ltr'><strong>cum</strong></span> <span class='ocrx_word' id='word_1_71' title='bbox 1121 1087 1545 1143; x_wconf 81' lang='lat' dir='ltr'><strong>excommunicat</strong></span> <span class='ocrx_word' id='word_1_72' title='bbox 1585 1085 1821 1140; x_wconf 82' lang='lat' dir='ltr'><strong>Ecclesia</strong></span> <span class='ocrx_word' id='word_1_73' title='bbox 1841 1125 1856 1150; x_wconf 90' lang='lat'><strong>,</strong></span> <span class='ocrx_word' id='word_1_74' title='bbox 1895 1084 1947 1137; x_wconf 92' lang='lat' dir='ltr'><strong>in</strong></span> <span class='ocrx_word' id='word_1_75' title='bbox 1966 1083 2116 1138; x_wconf 79' lang='lat' dir='ltr'><strong>.cmlo</strong></span> 
     </span>
    </p>
   </div>
   <div class='ocr_carea' id='block_1_9' title="bbox 533 1175 2117 1258">
    <p class='ocr_par' dir='ltr' id='par_1_9' title="bbox 533 1175 2117 1258">
     <span class='ocr_line' id='line_1_9' title="bbox 533 1175 2117 1258; baseline -0.009 -15"><span class='ocrx_word' id='word_1_76' title='bbox 533 1189 726 1258; x_wconf 79' lang='lat' dir='ltr'><strong>ligatur</strong></span> <span class='ocrx_word' id='word_1_77' title='bbox 745 1183 1262 1247; x_wconf 78' lang='lat' dir='ltr'><strong>excommunicatus;</strong></span> <span class='ocrx_word' id='word_1_78' title='bbox 1291 1196 1411 1235; x_wconf 91' lang='lat' dir='ltr'><strong>cum</strong></span> <span class='ocrx_word' id='word_1_79' title='bbox 1439 1178 1814 1235; x_wconf 86' lang='lat' dir='ltr'><strong>reconciliatur</strong></span> <span class='ocrx_word' id='word_1_80' title='bbox 1837 1176 1904 1230; x_wconf 90' lang='lat' dir='ltr'><strong>ab</strong></span> <span class='ocrx_word' id='word_1_81' title='bbox 1931 1175 2117 1230; x_wconf 84' lang='lat' dir='ltr'><strong>Eccle-</strong></span> 
     </span>
    </p>
   </div>
   <div class='ocr_carea' id='block_1_10' title="bbox 532 1265 2112 1344">
    <p class='ocr_par' dir='ltr' id='par_1_10' title="bbox 532 1265 2112 1344">
     <span class='ocr_line' id='line_1_10' title="bbox 532 1265 2112 1344; baseline -0.009 -10"><span class='ocrx_word' id='word_1_82' title='bbox 532 1280 640 1344; x_wconf 86' lang='lat' dir='ltr'><strong>sia,</strong></span> <span class='ocrx_word' id='word_1_83' title='bbox 673 1278 725 1331; x_wconf 93' lang='lat' dir='ltr'><strong>in</strong></span> <span class='ocrx_word' id='word_1_84' title='bbox 768 1275 904 1332; x_wconf 68' lang='lat' dir='ltr'><strong>caelo</strong></span> <span class='ocrx_word' id='word_1_85' title='bbox 933 1273 1160 1329; x_wconf 89' lang='lat' dir='ltr'><strong>solvitur</strong></span> <span class='ocrx_word' id='word_1_86' title='bbox 1197 1271 1573 1327; x_wconf 84' lang='lat' dir='ltr'><strong>reconciliatus</strong></span> <span class='ocrx_word' id='word_1_87' title='bbox 1604 1287 1618 1323; x_wconf 86' lang='lat'><strong>:</strong></span> <span class='ocrx_word' id='word_1_88' title='bbox 1663 1269 1707 1323; x_wconf 90' lang='lat' dir='ltr'><strong>si</strong></span> <span class='ocrx_word' id='word_1_89' title='bbox 1749 1267 1850 1322; x_wconf 91' lang='lat' dir='ltr'><strong>hoc</strong></span> <span class='ocrx_word' id='word_1_90' title='bbox 1886 1281 2014 1336; x_wconf 88' lang='lat' dir='ltr'><strong>ergo</strong></span> <span class='ocrx_word' id='word_1_91' title='bbox 2059 1265 2112 1319; x_wconf 92' lang='lat' dir='ltr'><strong>in</strong></span> 
     </span>
    </p>
   </div>
   <div class='ocr_carea' id='block_1_11' title="bbox 532 1357 2114 1436">
    <p class='ocr_par' dir='ltr' id='par_1_11' title="bbox 532 1357 2114 1436">
     <span class='ocr_line' id='line_1_11' title="bbox 532 1357 2114 1436; baseline -0.008 -11"><span class='ocrx_word' id='word_1_92' title='bbox 532 1369 768 1425; x_wconf 85' lang='lat' dir='ltr'><strong>Ecclesia</strong></span> <span class='ocrx_word' id='word_1_93' title='bbox 799 1367 874 1432; x_wconf 91' lang='lat' dir='ltr'><strong>fit,</strong></span> <span class='ocrx_word' id='word_1_94' title='bbox 904 1367 1094 1421; x_wconf 85' lang='lat' dir='ltr'><strong>Petrus</strong></span> <span class='ocrx_word' id='word_1_95' title='bbox 1121 1363 1334 1434; x_wconf 86' lang='lat' dir='ltr'><strong>quando</strong></span> <span class='ocrx_word' id='word_1_96' title='bbox 1362 1363 1539 1418; x_wconf 85' lang='lat' dir='ltr'><strong>claves</strong></span> <span class='ocrx_word' id='word_1_97' title='bbox 1567 1361 1790 1430; x_wconf 90' lang='lat' dir='ltr'><strong>accepit,</strong></span> <span class='ocrx_word' id='word_1_98' title='bbox 1821 1357 2114 1436; x_wconf 74' lang='lat' dir='ltr'><strong>Ecclesium</strong></span> 
     </span>
    </p>
   </div>
   <div class='ocr_carea' id='block_1_12' title="bbox 529 1449 2113 1528">
    <p class='ocr_par' dir='ltr' id='par_1_12' title="bbox 529 1449 2113 1528">
     <span class='ocr_line' id='line_1_12' title="bbox 529 1449 2113 1528; baseline -0.007 -12"><span class='ocrx_word' id='word_1_99' title='bbox 529 1470 766 1516; x_wconf 88' lang='lat' dir='ltr'><strong>sanctam</strong></span> <span class='ocrx_word' id='word_1_100' title='bbox 815 1457 1153 1528; x_wconf 85' lang='lat' dir='ltr'><strong>significavit.</strong></span> <span class='ocrx_word' id='word_1_101' title='bbox 1183 1457 1240 1512; x_wconf 92' lang='lat' dir='ltr'><strong>Si</strong></span> <span class='ocrx_word' id='word_1_102' title='bbox 1289 1456 1343 1509; x_wconf 92' lang='lat' dir='ltr'><strong>in</strong></span> <span class='ocrx_word' id='word_1_103' title='bbox 1391 1454 1532 1510; x_wconf 86' lang='lat' dir='ltr'><strong>Petri</strong></span> <span class='ocrx_word' id='word_1_104' title='bbox 1573 1467 1800 1523; x_wconf 86' lang='lat' dir='ltr'><strong>persona</strong></span> <span class='ocrx_word' id='word_1_105' title='bbox 1831 1449 2113 1521; x_wconf 78' lang='lat' dir='ltr'><strong>signiticati</strong></span> 
     </span>
    </p>
   </div>
   <div class='ocr_carea' id='block_1_13' title="bbox 527 1543 2113 1616">
    <p class='ocr_par' dir='ltr' id='par_1_13' title="bbox 527 1543 2113 1616">
     <span class='ocr_line' id='line_1_13' title="bbox 527 1543 2113 1616; baseline -0.006 -8"><span class='ocrx_word' id='word_1_106' title='bbox 527 1561 656 1608; x_wconf 90' lang='lat' dir='ltr'><strong>sunt</strong></span> <span class='ocrx_word' id='word_1_107' title='bbox 701 1553 754 1614; x_wconf 85' lang='lat' dir='ltr'><strong>in</strong></span> <span class='ocrx_word' id='word_1_108' title='bbox 794 1551 1036 1606; x_wconf 84' lang='lat' dir='ltr'><strong>Ecclesia</strong></span> <span class='ocrx_word' id='word_1_109' title='bbox 1082 1549 1240 1614; x_wconf 90' lang='lat' dir='ltr'><strong>boni,</strong></span> <span class='ocrx_word' id='word_1_110' title='bbox 1284 1548 1336 1602; x_wconf 93' lang='lat' dir='ltr'><strong>in</strong></span> <span class='ocrx_word' id='word_1_111' title='bbox 1379 1547 1528 1602; x_wconf 65' lang='lat' dir='ltr'><strong>Iudas</strong></span> <span class='ocrx_word' id='word_1_112' title='bbox 1579 1559 1804 1616; x_wconf 89' lang='lat' dir='ltr'><strong>persona</strong></span> <span class='ocrx_word' id='word_1_113' title='bbox 1832 1543 2113 1614; x_wconf 87' lang='lat' dir='ltr'><strong>significati</strong></span> 
     </span>
    </p>
   </div>
   <div class='ocr_carea' id='block_1_14' title="bbox 529 1633 2113 1708">
    <p class='ocr_par' dir='ltr' id='par_1_14' title="bbox 529 1633 2113 1708">
     <span class='ocr_line' id='line_1_14' title="bbox 529 1633 2113 1708; baseline -0.007 -11"><span class='ocrx_word' id='word_1_114' title='bbox 529 1651 653 1698; x_wconf 89' lang='lat' dir='ltr'><strong>sunt</strong></span> <span class='ocrx_word' id='word_1_115' title='bbox 682 1641 738 1696; x_wconf 90' lang='lat' dir='ltr'><strong>in</strong></span> <span class='ocrx_word' id='word_1_116' title='bbox 767 1639 1005 1696; x_wconf 87' lang='lat' dir='ltr'><strong>Ecclesia</strong></span> <span class='ocrx_word' id='word_1_117' title='bbox 1051 1638 1210 1705; x_wconf 87' lang='lat' dir='ltr'><strong>mali;</strong></span> <span class='ocrx_word' id='word_1_118' title='bbox 1244 1638 1373 1708; x_wconf 83' lang='lat' dir='ltr'><strong>ipsis</strong></span> <span class='ocrx_word' id='word_1_119' title='bbox 1411 1635 1614 1691; x_wconf 91' lang='lat' dir='ltr'><strong>dictum</strong></span> <span class='ocrx_word' id='word_1_120' title='bbox 1663 1641 1777 1701; x_wconf 89' lang='lat' dir='ltr'><strong>est,</strong></span> <span class='ocrx_word' id='word_1_121' title='bbox 1831 1633 1918 1686; x_wconf 79' lang='lat' dir='ltr'><strong>Me</strong></span> <span class='ocrx_word' id='word_1_122' title='bbox 1946 1642 2113 1688; x_wconf 71' lang='lat' dir='ltr'><strong>autem</strong></span> 
     </span>
    </p>
   </div>
   <div class='ocr_carea' id='block_1_15' title="bbox 529 1723 2114 1800">
    <p class='ocr_par' dir='ltr' id='par_1_15' title="bbox 529 1723 2114 1800">
     <span class='ocr_line' id='line_1_15' title="bbox 529 1723 2114 1800; baseline -0.007 -14"><span class='ocrx_word' id='word_1_123' title='bbox 529 1749 631 1786; x_wconf 88' lang='lat' dir='ltr'><strong>non</strong></span> <span class='ocrx_word' id='word_1_124' title='bbox 667 1745 863 1800; x_wconf 78' lang='lat' dir='ltr'><strong>semper</strong></span> <span class='ocrx_word' id='word_1_125' title='bbox 896 1727 1156 1782; x_wconf 81' lang='lat' dir='ltr'><strong>habebitis.</strong></span> <span class='ocrx_word' id='word_1_126' title='bbox 1186 1727 1324 1795; x_wconf 86' lang='lat' dir='ltr'><strong>Quid</strong></span> <span class='ocrx_word' id='word_1_127' title='bbox 1347 1735 1430 1781; x_wconf 90' lang='lat' dir='ltr'><strong>est</strong></span> <span class='ocrx_word' id='word_1_128' title='bbox 1459 1726 1600 1780; x_wconf 90' lang='lat' dir='ltr'><strong>enim</strong></span> <span class='ocrx_word' id='word_1_129' title='bbox 1624 1767 1637 1788; x_wconf 92' lang='lat'><strong>,</strong></span> <span class='ocrx_word' id='word_1_130' title='bbox 1666 1741 1765 1778; x_wconf 87' lang='lat' dir='ltr'><strong>non</strong></span> <span class='ocrx_word' id='word_1_131' title='bbox 1787 1723 2021 1793; x_wconf 80' lang='lat' dir='ltr'><strong>semper?</strong></span> <span class='ocrx_word' id='word_1_132' title='bbox 2050 1723 2114 1776; x_wconf 89' lang='lat' dir='ltr'><strong>Et</strong></span> 
     </span>
    </p>
   </div>
   <div class='ocr_carea' id='block_1_16' title="bbox 529 1815 2112 1891">
    <p class='ocr_par' dir='ltr' id='par_1_16' title="bbox 529 1815 2112 1891">
     <span class='ocr_line' id='line_1_16' title="bbox 529 1815 2112 1891; baseline -0.005 -16"><span class='ocrx_word' id='word_1_133' title='bbox 529 1821 657 1891; x_wconf 89' lang='lat' dir='ltr'><strong>quid</strong></span> <span class='ocrx_word' id='word_1_134' title='bbox 687 1828 797 1887; x_wconf 91' lang='lat' dir='ltr'><strong>est,</strong></span> <span class='ocrx_word' id='word_1_135' title='bbox 850 1818 1098 1890; x_wconf 87' lang='lat' dir='ltr'><strong>semper?</strong></span> <span class='ocrx_word' id='word_1_136' title='bbox 1129 1817 1184 1873; x_wconf 90' lang='lat' dir='ltr'><strong>Si</strong></span> <span class='ocrx_word' id='word_1_137' title='bbox 1224 1818 1396 1872; x_wconf 90' lang='lat' dir='ltr'><strong>bonus</strong></span> <span class='ocrx_word' id='word_1_138' title='bbox 1423 1832 1480 1871; x_wconf 91' lang='lat' dir='ltr'><strong>es</strong></span> <span class='ocrx_word' id='word_1_139' title='bbox 1500 1858 1515 1882; x_wconf 92' lang='lat'><strong>,</strong></span> <span class='ocrx_word' id='word_1_140' title='bbox 1548 1817 1592 1870; x_wconf 89' lang='lat' dir='ltr'><strong>si</strong></span> <span class='ocrx_word' id='word_1_141' title='bbox 1619 1815 1683 1870; x_wconf 86' lang='lat' dir='ltr'><strong>ad</strong></span> <span class='ocrx_word' id='word_1_142' title='bbox 1712 1830 1905 1882; x_wconf 83' lang='lat' dir='ltr'><strong>corpus</strong></span> <span class='ocrx_word' id='word_1_143' title='bbox 1946 1815 2112 1883; x_wconf 90' lang='lat' dir='ltr'><strong>perti-</strong></span> 
     </span>
    </p>
   </div>
   <div class='ocr_carea' id='block_1_17' title="bbox 529 1903 2111 1982">
    <p class='ocr_par' dir='ltr' id='par_1_17' title="bbox 529 1903 2111 1982">
     <span class='ocr_line' id='line_1_17' title="bbox 529 1903 2111 1982; baseline -0.006 -15"><span class='ocrx_word' id='word_1_144' title='bbox 529 1928 656 1976; x_wconf 87' lang='lat' dir='ltr'><strong>ncs,</strong></span> <span class='ocrx_word' id='word_1_145' title='bbox 689 1911 829 1982; x_wconf 91' lang='lat' dir='ltr'><strong>quod</strong></span> <span class='ocrx_word' id='word_1_146' title='bbox 880 1909 1140 1980; x_wconf 83' lang='lat' dir='ltr'><strong>significat</strong></span> <span class='ocrx_word' id='word_1_147' title='bbox 1191 1909 1413 1971; x_wconf 87' lang='lat' dir='ltr'><strong>Petrus;</strong></span> <span class='ocrx_word' id='word_1_148' title='bbox 1461 1907 1624 1961; x_wconf 85' lang='lat' dir='ltr'><strong>habes</strong></span> <span class='ocrx_word' id='word_1_149' title='bbox 1653 1905 1924 1960; x_wconf 84' lang='lat' dir='ltr'><strong>Christum</strong></span> <span class='ocrx_word' id='word_1_150' title='bbox 1967 1912 2021 1959; x_wconf 90' lang='lat' dir='ltr'><strong>et</strong></span> <span class='ocrx_word' id='word_1_151' title='bbox 2059 1903 2111 1957; x_wconf 90' lang='lat' dir='ltr'><strong>in</strong></span> 
     </span>
    </p>
   </div>
   <div class='ocr_carea' id='block_1_18' title="bbox 529 1995 2117 2072">
    <p class='ocr_par' dir='ltr' id='par_1_18' title="bbox 529 1995 2117 2072">
     <span class='ocr_line' id='line_1_18' title="bbox 529 1995 2117 2072; baseline -0.003 -20"><span class='ocrx_word' id='word_1_152' title='bbox 529 2002 780 2072; x_wconf 64' lang='lat' dir='ltr'><strong>praesenti</strong></span> <span class='ocrx_word' id='word_1_153' title='bbox 805 2008 858 2054; x_wconf 94' lang='lat' dir='ltr'><strong>et</strong></span> <span class='ocrx_word' id='word_1_154' title='bbox 883 1999 933 2053; x_wconf 92' lang='lat' dir='ltr'><strong>in</strong></span> <span class='ocrx_word' id='word_1_155' title='bbox 963 1999 1138 2053; x_wconf 84' lang='lat' dir='ltr'><strong>futuro</strong></span> <span class='ocrx_word' id='word_1_156' title='bbox 1163 2017 1176 2052; x_wconf 91' lang='lat'><strong>:</strong></span> <span class='ocrx_word' id='word_1_157' title='bbox 1211 1999 1262 2052; x_wconf 91' lang='lat' dir='ltr'><strong>in</strong></span> <span class='ocrx_word' id='word_1_158' title='bbox 1284 1997 1530 2067; x_wconf 63' lang='lat' dir='ltr'><strong>praesenti</strong></span> <span class='ocrx_word' id='word_1_159' title='bbox 1561 2012 1654 2066; x_wconf 89' lang='lat' dir='ltr'><strong>per</strong></span> <span class='ocrx_word' id='word_1_160' title='bbox 1683 1995 1839 2051; x_wconf 84' lang='lat' dir='ltr'><strong>fidem</strong></span> <span class='ocrx_word' id='word_1_161' title='bbox 1858 2037 1871 2059; x_wconf 87' lang='lat'><strong>,</strong></span> <span class='ocrx_word' id='word_1_162' title='bbox 1901 1995 1951 2048; x_wconf 92' lang='lat' dir='ltr'><strong>in</strong></span> <span class='ocrx_word' id='word_1_163' title='bbox 1980 2010 2117 2063; x_wconf 71' lang='lat' dir='ltr'><strong>prm-</strong></span> 
     </span>
    </p>
   </div>
   <div class='ocr_carea' id='block_1_19' title="bbox 526 2086 2112 2159">
    <p class='ocr_par' dir='ltr' id='par_1_19' title="bbox 526 2086 2112 2159">
     <span class='ocr_line' id='line_1_19' title="bbox 526 2086 2112 2159; baseline -0.004 -14"><span class='ocrx_word' id='word_1_164' title='bbox 526 2091 668 2145; x_wconf 88' lang='lat' dir='ltr'><strong>senti</strong></span> <span class='ocrx_word' id='word_1_165' title='bbox 693 2105 788 2159; x_wconf 90' lang='lat' dir='ltr'><strong>per</strong></span> <span class='ocrx_word' id='word_1_166' title='bbox 815 2089 1024 2158; x_wconf 89' lang='lat' dir='ltr'><strong>signum</strong></span> <span class='ocrx_word' id='word_1_167' title='bbox 1045 2130 1059 2153; x_wconf 92' lang='lat'><strong>,</strong></span> <span class='ocrx_word' id='word_1_168' title='bbox 1092 2088 1144 2142; x_wconf 91' lang='lat' dir='ltr'><strong>in</strong></span> <span class='ocrx_word' id='word_1_169' title='bbox 1180 2087 1428 2158; x_wconf 64' lang='lat' dir='ltr'><strong>praesenti</strong></span> <span class='ocrx_word' id='word_1_170' title='bbox 1457 2102 1553 2156; x_wconf 89' lang='lat' dir='ltr'><strong>per</strong></span> <span class='ocrx_word' id='word_1_171' title='bbox 1573 2086 1908 2156; x_wconf 87' lang='lat' dir='ltr'><strong>Baptismatis</strong></span> <span class='ocrx_word' id='word_1_172' title='bbox 1931 2099 2112 2138; x_wconf 87' lang='lat' dir='ltr'><strong>sacra-</strong></span> 
     </span>
    </p>
   </div>
   <div class='ocr_carea' id='block_1_20' title="bbox 529 2177 2110 2248">
    <p class='ocr_par' dir='ltr' id='par_1_20' title="bbox 529 2177 2110 2248">
     <span class='ocr_line' id='line_1_20' title="bbox 529 2177 2110 2248; baseline -0.004 -14"><span class='ocrx_word' id='word_1_173' title='bbox 529 2190 800 2244; x_wconf 89' lang='lat' dir='ltr'><strong>mentum,</strong></span> <span class='ocrx_word' id='word_1_174' title='bbox 852 2179 904 2233; x_wconf 92' lang='lat' dir='ltr'><strong>in</strong></span> <span class='ocrx_word' id='word_1_175' title='bbox 936 2178 1184 2248; x_wconf 70' lang='lat' dir='ltr'><strong>prmsenti</strong></span> <span class='ocrx_word' id='word_1_176' title='bbox 1235 2193 1328 2248; x_wconf 90' lang='lat' dir='ltr'><strong>per</strong></span> <span class='ocrx_word' id='word_1_177' title='bbox 1376 2177 1559 2231; x_wconf 90' lang='lat' dir='ltr'><strong>altaris</strong></span> <span class='ocrx_word' id='word_1_178' title='bbox 1603 2177 1779 2231; x_wconf 91' lang='lat' dir='ltr'><strong>cibum</strong></span> <span class='ocrx_word' id='word_1_179' title='bbox 1822 2185 1873 2230; x_wconf 91' lang='lat' dir='ltr'><strong>et</strong></span> <span class='ocrx_word' id='word_1_180' title='bbox 1902 2184 2110 2246; x_wconf 91' lang='lat' dir='ltr'><strong>potum.</strong></span> 
     </span>
    </p>
   </div>
   <div class='ocr_carea' id='block_1_21' title="bbox 530 2267 2110 2338">
    <p class='ocr_par' dir='ltr' id='par_1_21' title="bbox 530 2267 2110 2338">
     <span class='ocr_line' id='line_1_21' title="bbox 530 2267 2110 2338; baseline -0.004 -12"><span class='ocrx_word' id='word_1_181' title='bbox 530 2270 704 2327; x_wconf 87' lang='lat' dir='ltr'><strong>llabes</strong></span> <span class='ocrx_word' id='word_1_182' title='bbox 721 2269 994 2325; x_wconf 87' lang='lat' dir='ltr'><strong>Christum</strong></span> <span class='ocrx_word' id='word_1_183' title='bbox 1025 2271 1077 2323; x_wconf 90' lang='lat' dir='ltr'><strong>in</strong></span> <span class='ocrx_word' id='word_1_184' title='bbox 1124 2269 1413 2338; x_wconf 71' lang='lat' dir='ltr'><strong>prmsenti,</strong></span> <span class='ocrx_word' id='word_1_185' title='bbox 1473 2267 1569 2321; x_wconf 91' lang='lat' dir='ltr'><strong>sed</strong></span> <span class='ocrx_word' id='word_1_186' title='bbox 1613 2267 1834 2322; x_wconf 81' lang='lat' dir='ltr'><strong>habebis</strong></span> <span class='ocrx_word' id='word_1_187' title='bbox 1861 2281 2110 2335; x_wconf 87' lang='lat' dir='ltr'><strong>semper;</strong></span> 
     </span>
    </p>
   </div>
   <div class='ocr_carea' id='block_1_22' title="bbox 529 2356 2113 2430">
    <p class='ocr_par' dir='ltr' id='par_1_22' title="bbox 529 2356 2113 2430">
     <span class='ocr_line' id='line_1_22' title="bbox 529 2356 2113 2430; baseline -0.003 -15"><span class='ocrx_word' id='word_1_188' title='bbox 529 2361 654 2430; x_wconf 90' lang='lat' dir='ltr'><strong>quia</strong></span> <span class='ocrx_word' id='word_1_189' title='bbox 696 2376 820 2416; x_wconf 89' lang='lat' dir='ltr'><strong>cum</strong></span> <span class='ocrx_word' id='word_1_190' title='bbox 845 2360 968 2414; x_wconf 90' lang='lat' dir='ltr'><strong>hinc</strong></span> <span class='ocrx_word' id='word_1_191' title='bbox 995 2360 1190 2415; x_wconf 86' lang='lat' dir='ltr'><strong>exieris</strong></span> <span class='ocrx_word' id='word_1_192' title='bbox 1209 2399 1224 2426; x_wconf 93' lang='lat'><strong>,</strong></span> <span class='ocrx_word' id='word_1_193' title='bbox 1259 2358 1325 2412; x_wconf 88' lang='lat' dir='ltr'><strong>ad</strong></span> <span class='ocrx_word' id='word_1_194' title='bbox 1371 2359 1523 2413; x_wconf 90' lang='lat' dir='ltr'><strong>illum</strong></span> <span class='ocrx_word' id='word_1_195' title='bbox 1553 2358 1732 2412; x_wconf 86' lang='lat' dir='ltr'><strong>venies</strong></span> <span class='ocrx_word' id='word_1_196' title='bbox 1753 2357 1841 2426; x_wconf 88' lang='lat' dir='ltr'><strong>qui</strong></span> <span class='ocrx_word' id='word_1_197' title='bbox 1870 2356 2004 2410; x_wconf 81' lang='lat' dir='ltr'><strong>dixit</strong></span> <span class='ocrx_word' id='word_1_198' title='bbox 2031 2357 2113 2411; x_wconf 86' lang='lat' dir='ltr'><strong>la-</strong></span> 
     </span>
    </p>
   </div>
   <div class='ocr_carea' id='block_1_23' title="bbox 527 2446 2110 2520">
    <p class='ocr_par' dir='ltr' id='par_1_23' title="bbox 527 2446 2110 2520">
     <span class='ocr_line' id='line_1_23' title="bbox 527 2446 2110 2520; baseline -0.001 -16"><span class='ocrx_word' id='word_1_199' title='bbox 527 2450 668 2505; x_wconf 85' lang='lat' dir='ltr'><strong>troni</strong></span> <span class='ocrx_word' id='word_1_200' title='bbox 687 2492 702 2516; x_wconf 95' lang='lat'><strong>,</strong></span> <span class='ocrx_word' id='word_1_201' title='bbox 739 2448 904 2504; x_wconf 85' lang='lat' dir='ltr'><strong>Hodie</strong></span> <span class='ocrx_word' id='word_1_202' title='bbox 940 2465 1133 2502; x_wconf 87' lang='lat' dir='ltr'><strong>mecum</strong></span> <span class='ocrx_word' id='word_1_203' title='bbox 1162 2450 1258 2503; x_wconf 83' lang='lat' dir='ltr'><strong>eris</strong></span> <span class='ocrx_word' id='word_1_204' title='bbox 1297 2449 1349 2502; x_wconf 88' lang='lat' dir='ltr'><strong>in</strong></span> <span class='ocrx_word' id='word_1_205' title='bbox 1376 2448 1614 2519; x_wconf 77' lang='lat' dir='ltr'><strong>paradiso</strong></span> <span class='ocrx_word' id='word_1_206' title='bbox 1643 2446 1795 2520; x_wconf 90' lang='lat' dir='ltr'><strong>(Luc.</strong></span> <span class='ocrx_word' id='word_1_207' title='bbox 1823 2463 1971 2513; x_wconf 68' lang='grc' dir='ltr'>χχιιι,</span> <span class='ocrx_word' id='word_1_208' title='bbox 1993 2446 2110 2516; x_wconf 69' lang='grc'><strong>45).</strong></span> 
     </span>
    </p>
   </div>
   <div class='ocr_carea' id='block_1_24' title="bbox 529 2540 2113 2610">
    <p class='ocr_par' dir='ltr' id='par_1_24' title="bbox 529 2540 2113 2610">
     <span class='ocr_line' id='line_1_24' title="bbox 529 2540 2113 2610; baseline -0.001 -14"><span class='ocrx_word' id='word_1_209' title='bbox 529 2542 585 2597; x_wconf 88' lang='lat' dir='ltr'><strong>Si</strong></span> <span class='ocrx_word' id='word_1_210' title='bbox 619 2551 793 2597; x_wconf 87' lang='lat' dir='ltr'><strong>autem</strong></span> <span class='ocrx_word' id='word_1_211' title='bbox 842 2541 980 2596; x_wconf 87' lang='lat' dir='ltr'><strong>male</strong></span> <span class='ocrx_word' id='word_1_212' title='bbox 1007 2542 1235 2604; x_wconf 87' lang='lat' dir='ltr'><strong>versaris</strong></span> <span class='ocrx_word' id='word_1_213' title='bbox 1256 2582 1270 2606; x_wconf 91' lang='lat'><strong>,</strong></span> <span class='ocrx_word' id='word_1_214' title='bbox 1318 2541 1514 2596; x_wconf 89' lang='lat' dir='ltr'><strong>videris</strong></span> <span class='ocrx_word' id='word_1_215' title='bbox 1560 2540 1756 2594; x_wconf 90' lang='lat' dir='ltr'><strong>habere</strong></span> <span class='ocrx_word' id='word_1_216' title='bbox 1785 2541 1837 2594; x_wconf 92' lang='lat' dir='ltr'><strong>in</strong></span> <span class='ocrx_word' id='word_1_217' title='bbox 1865 2541 2113 2610; x_wconf 63' lang='lat' dir='ltr'><strong>praesenti</strong></span> 
     </span>
    </p>
   </div>
   <div class='ocr_carea' id='block_1_25' title="bbox 527 2633 2114 2706">
    <p class='ocr_par' dir='ltr' id='par_1_25' title="bbox 527 2633 2114 2706">
     <span class='ocr_line' id='line_1_25' title="bbox 527 2633 2114 2706; baseline -0.002 -15"><span class='ocrx_word' id='word_1_218' title='bbox 527 2635 838 2701; x_wconf 86' lang='lat' dir='ltr'><strong>Christum,</strong></span> <span class='ocrx_word' id='word_1_219' title='bbox 886 2635 1005 2706; x_wconf 89' lang='lat' dir='ltr'><strong>quia</strong></span> <span class='ocrx_word' id='word_1_220' title='bbox 1054 2634 1223 2689; x_wconf 87' lang='lat' dir='ltr'><strong>intras</strong></span> <span class='ocrx_word' id='word_1_221' title='bbox 1253 2633 1580 2701; x_wconf 89' lang='lat' dir='ltr'><strong>Ecclesiam,</strong></span> <span class='ocrx_word' id='word_1_222' title='bbox 1639 2633 1816 2702; x_wconf 90' lang='lat' dir='ltr'><strong>signas</strong></span> <span class='ocrx_word' id='word_1_223' title='bbox 1871 2642 1922 2687; x_wconf 89' lang='lat' dir='ltr'><strong>te</strong></span> <span class='ocrx_word' id='word_1_224' title='bbox 1961 2633 2114 2702; x_wconf 86' lang='lat' dir='ltr'><strong>signo</strong></span> 
     </span>
    </p>
   </div>
   <div class='ocr_carea' id='block_1_26' title="bbox 526 2723 2112 2798">
    <p class='ocr_par' dir='ltr' id='par_1_26' title="bbox 526 2723 2112 2798">
     <span class='ocr_line' id='line_1_26' title="bbox 526 2723 2112 2798; baseline -0.004 -14"><span class='ocrx_word' id='word_1_225' title='bbox 526 2728 755 2794; x_wconf 90' lang='lat' dir='ltr'><strong>Christi,</strong></span> <span class='ocrx_word' id='word_1_226' title='bbox 789 2727 1074 2798; x_wconf 88' lang='lat' dir='ltr'><strong>baptizaris</strong></span> <span class='ocrx_word' id='word_1_227' title='bbox 1103 2726 1364 2795; x_wconf 89' lang='lat' dir='ltr'><strong>baptismo</strong></span> <span class='ocrx_word' id='word_1_228' title='bbox 1389 2725 1617 2794; x_wconf 74' lang='lat' dir='ltr'><strong>Christi,</strong></span> <span class='ocrx_word' id='word_1_229' title='bbox 1639 2723 1836 2779; x_wconf 88' lang='lat' dir='ltr'><strong>misces</strong></span> <span class='ocrx_word' id='word_1_230' title='bbox 1862 2732 1914 2778; x_wconf 88' lang='lat' dir='ltr'><strong>te</strong></span> <span class='ocrx_word' id='word_1_231' title='bbox 1938 2739 2112 2779; x_wconf 87' lang='lat' dir='ltr'><strong>mem-</strong></span> 
     </span>
    </p>
   </div>
   <div class='ocr_carea' id='block_1_27' title="bbox 529 2813 2112 2885">
    <p class='ocr_par' dir='ltr' id='par_1_27' title="bbox 529 2813 2112 2885">
     <span class='ocr_line' id='line_1_27' title="bbox 529 2813 2112 2885; baseline -0.003 -11"><span class='ocrx_word' id='word_1_232' title='bbox 529 2819 642 2874; x_wconf 89' lang='lat' dir='ltr'><strong>bris</strong></span> <span class='ocrx_word' id='word_1_233' title='bbox 668 2818 904 2885; x_wconf 89' lang='lat' dir='ltr'><strong>Christi,</strong></span> <span class='ocrx_word' id='word_1_234' title='bbox 934 2816 1144 2872; x_wconf 86' lang='lat' dir='ltr'><strong>accedis</strong></span> <span class='ocrx_word' id='word_1_235' title='bbox 1194 2815 1261 2870; x_wconf 92' lang='lat' dir='ltr'><strong>ad</strong></span> <span class='ocrx_word' id='word_1_236' title='bbox 1304 2815 1471 2870; x_wconf 88' lang='lat' dir='ltr'><strong>altare</strong></span> <span class='ocrx_word' id='word_1_237' title='bbox 1498 2813 1698 2869; x_wconf 89' lang='lat' dir='ltr'><strong>Christi</strong></span> <span class='ocrx_word' id='word_1_238' title='bbox 1733 2831 1746 2868; x_wconf 91' lang='lat'><strong>:</strong></span> <span class='ocrx_word' id='word_1_239' title='bbox 1781 2815 1832 2868; x_wconf 93' lang='lat' dir='ltr'><strong>in</strong></span> <span class='ocrx_word' id='word_1_240' title='bbox 1861 2814 2112 2884; x_wconf 64' lang='lat' dir='ltr'><strong>praesenti</strong></span> 
     </span>
    </p>
   </div>
   <div class='ocr_carea' id='block_1_28' title="bbox 530 2905 2114 2976">
    <p class='ocr_par' dir='ltr' id='par_1_28' title="bbox 530 2905 2114 2976">
     <span class='ocr_line' id='line_1_28' title="bbox 530 2905 2114 2976; baseline -0.004 -10"><span class='ocrx_word' id='word_1_241' title='bbox 530 2911 694 2966; x_wconf 84' lang='lat' dir='ltr'><strong>habes</strong></span> <span class='ocrx_word' id='word_1_242' title='bbox 747 2909 1054 2976; x_wconf 87' lang='lat' dir='ltr'><strong>Christum,</strong></span> <span class='ocrx_word' id='word_1_243' title='bbox 1111 2906 1207 2962; x_wconf 91' lang='lat' dir='ltr'><strong>sed</strong></span> <span class='ocrx_word' id='word_1_244' title='bbox 1273 2907 1413 2962; x_wconf 90' lang='lat' dir='ltr'><strong>male</strong></span> <span class='ocrx_word' id='word_1_245' title='bbox 1465 2905 1698 2962; x_wconf 88' lang='lat' dir='ltr'><strong>vivendo</strong></span> <span class='ocrx_word' id='word_1_246' title='bbox 1747 2920 1852 2960; x_wconf 94' lang='lat' dir='ltr'><strong>non</strong></span> <span class='ocrx_word' id='word_1_247' title='bbox 1901 2920 2114 2975; x_wconf 89' lang='lat' dir='ltr'><strong>semper</strong></span> 
     </span>
    </p>
   </div>
   <div class='ocr_carea' id='block_1_29' title="bbox 529 3002 770 3057">
    <p class='ocr_par' dir='ltr' id='par_1_29' title="bbox 529 3002 770 3057">
     <span class='ocr_line' id='line_1_29' title="bbox 529 3002 770 3057; baseline -0.012 -1"><span class='ocrx_word' id='word_1_248' title='bbox 529 3002 770 3057; x_wconf 87' lang='lat' dir='ltr'><strong>habebis.</strong></span> 
     </span>
    </p>
   </div>
   <div class='ocr_carea' id='block_1_30' title="bbox 602 3084 2109 3158">
    <p class='ocr_par' dir='ltr' id='par_1_30' title="bbox 602 3084 2109 3158">
     <span class='ocr_line' id='line_1_30' title="bbox 602 3084 2109 3158; baseline -0.003 -12"><span class='ocrx_word' id='word_1_249' title='bbox 602 3093 690 3147; x_wconf 79' lang='lat' dir='ltr'><strong>l5.</strong></span> <span class='ocrx_word' id='word_1_250' title='bbox 721 3091 902 3156; x_wconf 83' lang='lat' dir='ltr'><strong>Potest</strong></span> <span class='ocrx_word' id='word_1_251' title='bbox 944 3096 999 3146; x_wconf 86' lang='lat' dir='ltr'><strong>et</strong></span> <span class='ocrx_word' id='word_1_252' title='bbox 1037 3088 1113 3144; x_wconf 92' lang='lat' dir='ltr'><strong>sic</strong></span> <span class='ocrx_word' id='word_1_253' title='bbox 1151 3087 1370 3158; x_wconf 82' lang='lat' dir='ltr'><strong>intelligi</strong></span> <span class='ocrx_word' id='word_1_254' title='bbox 1403 3106 1415 3143; x_wconf 93' lang='lat'>:</span> <span class='ocrx_word' id='word_1_255' title='bbox 1452 3084 1710 3158; x_wconf 82' lang='lat' dir='ltr'><strong>Pauperes</strong></span> <span class='ocrx_word' id='word_1_256' title='bbox 1735 3103 1932 3158; x_wconf 80' lang='lat' dir='ltr'><strong>semper</strong></span> <span class='ocrx_word' id='word_1_257' title='bbox 1955 3088 2109 3142; x_wconf 86' lang='lat' dir='ltr'><strong>habe-</strong></span> 
     </span>
    </p>
   </div>
   <div class='ocr_carea' id='block_1_31' title="bbox 530 3175 2112 3249">
    <p class='ocr_par' dir='ltr' id='par_1_31' title="bbox 530 3175 2112 3249">
     <span class='ocr_line' id='line_1_31' title="bbox 530 3175 2112 3249; baseline -0.003 -13"><span class='ocrx_word' id='word_1_258' title='bbox 530 3182 644 3236; x_wconf 75' lang='lat' dir='ltr'><strong>bitis</strong></span> <span class='ocrx_word' id='word_1_259' title='bbox 673 3179 949 3243; x_wconf 85' lang='lat' dir='ltr'><strong>vobiscum,</strong></span> <span class='ocrx_word' id='word_1_260' title='bbox 985 3195 1064 3233; x_wconf 82' lang='lat' dir='ltr'><strong>nte</strong></span> <span class='ocrx_word' id='word_1_261' title='bbox 1105 3186 1268 3232; x_wconf 88' lang='lat' dir='ltr'><strong>autem</strong></span> <span class='ocrx_word' id='word_1_262' title='bbox 1308 3193 1409 3231; x_wconf 86' lang='lat' dir='ltr'><strong>non</strong></span> <span class='ocrx_word' id='word_1_263' title='bbox 1446 3193 1640 3249; x_wconf 81' lang='lat' dir='ltr'><strong>semper</strong></span> <span class='ocrx_word' id='word_1_264' title='bbox 1664 3177 1922 3231; x_wconf 82' lang='lat' dir='ltr'><strong>habebitis.</strong></span> <span class='ocrx_word' id='word_1_265' title='bbox 1955 3175 2112 3231; x_wconf 84' lang='lat' dir='ltr'><strong>Acci-</strong></span> 
     </span>
    </p>
   </div>
   <div class='ocr_carea' id='block_1_32' title="bbox 529 3265 2115 3343">
    <p class='ocr_par' dir='ltr' id='par_1_32' title="bbox 529 3265 2115 3343">
     <span class='ocr_line' id='line_1_32' title="bbox 529 3265 2115 3343; baseline -0.004 -17"><span class='ocrx_word' id='word_1_266' title='bbox 529 3273 678 3343; x_wconf 86' lang='lat' dir='ltr'><strong>piant</strong></span> <span class='ocrx_word' id='word_1_267' title='bbox 703 3272 804 3326; x_wconf 92' lang='lat' dir='ltr'><strong>hec</strong></span> <span class='ocrx_word' id='word_1_268' title='bbox 827 3279 881 3324; x_wconf 89' lang='lat' dir='ltr'><strong>et</strong></span> <span class='ocrx_word' id='word_1_269' title='bbox 907 3268 1054 3333; x_wconf 91' lang='lat' dir='ltr'><strong>boni,</strong></span> <span class='ocrx_word' id='word_1_270' title='bbox 1086 3268 1179 3324; x_wconf 90' lang='lat' dir='ltr'><strong>sed</strong></span> <span class='ocrx_word' id='word_1_271' title='bbox 1211 3281 1317 3322; x_wconf 94' lang='lat' dir='ltr'><strong>non</strong></span> <span class='ocrx_word' id='word_1_272' title='bbox 1361 3268 1469 3322; x_wconf 92' lang='lat' dir='ltr'><strong>sint</strong></span> <span class='ocrx_word' id='word_1_273' title='bbox 1511 3267 1723 3322; x_wconf 88' lang='lat' dir='ltr'><strong>solliciti</strong></span> <span class='ocrx_word' id='word_1_274' title='bbox 1753 3283 1766 3320; x_wconf 92' lang='lat'><strong>:</strong></span> <span class='ocrx_word' id='word_1_275' title='bbox 1799 3265 2115 3337; x_wconf 86' lang='lat' dir='ltr'><strong>loquebatur</strong></span> 
     </span>
    </p>
   </div>
   <div class='ocr_carea' id='block_1_33' title="bbox 529 3357 2110 3432">
    <p class='ocr_par' dir='ltr' id='par_1_33' title="bbox 529 3357 2110 3432">
     <span class='ocr_line' id='line_1_33' title="bbox 529 3357 2110 3432; baseline -0.004 -16"><span class='ocrx_word' id='word_1_276' title='bbox 529 3363 674 3417; x_wconf 88' lang='lat' dir='ltr'><strong>enim</strong></span> <span class='ocrx_word' id='word_1_277' title='bbox 700 3361 767 3419; x_wconf 89' lang='lat' dir='ltr'><strong>de</strong></span> <span class='ocrx_word' id='word_1_278' title='bbox 793 3359 1075 3432; x_wconf 72' lang='lat' dir='ltr'><strong>prmscntia</strong></span> <span class='ocrx_word' id='word_1_279' title='bbox 1103 3359 1341 3430; x_wconf 90' lang='lat' dir='ltr'><strong>corporis</strong></span> <span class='ocrx_word' id='word_1_280' title='bbox 1363 3358 1466 3412; x_wconf 86' lang='lat' dir='ltr'><strong>sui.</strong></span> <span class='ocrx_word' id='word_1_281' title='bbox 1496 3357 1626 3412; x_wconf 87' lang='lat' dir='ltr'><strong>Nam</strong></span> <span class='ocrx_word' id='word_1_282' title='bbox 1665 3357 1954 3414; x_wconf 88' lang='lat' dir='ltr'><strong>secundum</strong></span> <span class='ocrx_word' id='word_1_283' title='bbox 1995 3372 2110 3411; x_wconf 91' lang='lat' dir='ltr'><strong>ma-</strong></span> 
     </span>
    </p>
   </div>
   <div class='ocr_carea' id='block_1_34' title="bbox 527 3447 2111 3524">
    <p class='ocr_par' dir='ltr' id='par_1_34' title="bbox 527 3447 2111 3524">
     <span class='ocr_line' id='line_1_34' title="bbox 527 3447 2111 3524; baseline -0.004 -16"><span class='ocrx_word' id='word_1_284' title='bbox 527 3453 775 3524; x_wconf 76' lang='lat' dir='ltr'><strong>iestatem</strong></span> <span class='ocrx_word' id='word_1_285' title='bbox 826 3465 997 3515; x_wconf 87' lang='lat' dir='ltr'><strong>suam,</strong></span> <span class='ocrx_word' id='word_1_286' title='bbox 1049 3449 1338 3505; x_wconf 87' lang='lat' dir='ltr'><strong>secundum</strong></span> <span class='ocrx_word' id='word_1_287' title='bbox 1381 3448 1788 3518; x_wconf 80' lang='lat' dir='ltr'><strong>providentiam,</strong></span> <span class='ocrx_word' id='word_1_288' title='bbox 1821 3447 2111 3502; x_wconf 88' lang='lat' dir='ltr'><strong>secundum</strong></span> 
     </span>
    </p>
   </div>
   <div class='ocr_carea' id='block_1_35' title="bbox 533 3538 2114 3609">
    <p class='ocr_par' dir='ltr' id='par_1_35' title="bbox 533 3538 2114 3609">
     <span class='ocr_line' id='line_1_35' title="bbox 533 3538 2114 3609; baseline -0.004 -10"><span class='ocrx_word' id='word_1_289' title='bbox 533 3542 852 3599; x_wconf 73' lang='lat' dir='ltr'><strong>ineffabilem</strong></span> <span class='ocrx_word' id='word_1_290' title='bbox 892 3551 946 3596; x_wconf 90' lang='lat' dir='ltr'><strong>et</strong></span> <span class='ocrx_word' id='word_1_291' title='bbox 989 3540 1305 3594; x_wconf 89' lang='lat' dir='ltr'><strong>invisibilem</strong></span> <span class='ocrx_word' id='word_1_292' title='bbox 1333 3538 1576 3609; x_wconf 78' lang='lat' dir='ltr'><strong>gratiam,</strong></span> <span class='ocrx_word' id='word_1_293' title='bbox 1602 3538 1854 3608; x_wconf 89' lang='lat' dir='ltr'><strong>impletur</strong></span> <span class='ocrx_word' id='word_1_294' title='bbox 1879 3538 2021 3609; x_wconf 91' lang='lat' dir='ltr'><strong>quod</strong></span> <span class='ocrx_word' id='word_1_295' title='bbox 2046 3538 2114 3593; x_wconf 93' lang='lat' dir='ltr'><strong>ab</strong></span> 
     </span>
    </p>
   </div>
   <div class='ocr_carea' id='block_1_36' title="bbox 527 3630 2114 3703">
    <p class='ocr_par' dir='ltr' id='par_1_36' title="bbox 527 3630 2114 3703">
     <span class='ocr_line' id='line_1_36' title="bbox 527 3630 2114 3703; baseline -0.004 -12"><span class='ocrx_word' id='word_1_296' title='bbox 527 3651 596 3691; x_wconf 84' lang='lat' dir='ltr'><strong>eo</strong></span> <span class='ocrx_word' id='word_1_297' title='bbox 625 3635 820 3690; x_wconf 89' lang='lat' dir='ltr'><strong>dictum</strong></span> <span class='ocrx_word' id='word_1_298' title='bbox 837 3641 938 3696; x_wconf 90' lang='lat' dir='ltr'><strong>est,</strong></span> <span class='ocrx_word' id='word_1_299' title='bbox 968 3632 1098 3686; x_wconf 84' lang='lat' dir='ltr'><strong>Ecce</strong></span> <span class='ocrx_word' id='word_1_300' title='bbox 1122 3647 1212 3703; x_wconf 87' lang='lat' dir='ltr'><strong>ego</strong></span> <span class='ocrx_word' id='word_1_301' title='bbox 1232 3631 1481 3686; x_wconf 82' lang='lat' dir='ltr'><strong>vobiscum</strong></span> <span class='ocrx_word' id='word_1_302' title='bbox 1503 3647 1613 3686; x_wconf 87' lang='lat' dir='ltr'><strong>sum</strong></span> <span class='ocrx_word' id='word_1_303' title='bbox 1633 3647 1788 3701; x_wconf 84' lang='lat' dir='ltr'><strong>usque</strong></span> <span class='ocrx_word' id='word_1_304' title='bbox 1806 3630 1858 3684; x_wconf 88' lang='lat' dir='ltr'><strong>in</strong></span> <span class='ocrx_word' id='word_1_305' title='bbox 1875 3646 2114 3684; x_wconf 85' lang='lat' dir='ltr'><strong>consum-</strong></span> 
     </span>
    </p>
   </div>
   <div class='ocr_carea' id='block_1_37' title="bbox 529 3721 2114 3795">
    <p class='ocr_par' dir='ltr' id='par_1_37' title="bbox 529 3721 2114 3795">
     <span class='ocr_line' id='line_1_37' title="bbox 529 3721 2114 3795; baseline -0.003 -14"><span class='ocrx_word' id='word_1_306' title='bbox 529 3727 798 3781; x_wconf 86' lang='lat' dir='ltr'><strong>mationem</strong></span> <span class='ocrx_word' id='word_1_307' title='bbox 836 3725 1007 3779; x_wconf 72' lang='lat' dir='ltr'><strong>saeculi</strong></span> <span class='ocrx_word' id='word_1_308' title='bbox 1043 3721 1252 3795; x_wconf 79' lang='lat' dir='ltr'><strong>(Matth.</strong></span> <span class='ocrx_word' id='word_1_309' title='bbox 1280 3737 1472 3788; x_wconf 83' lang='lat' dir='ltr'><strong>xxvnt,</strong></span> <span class='ocrx_word' id='word_1_310' title='bbox 1506 3721 1622 3791; x_wconf 73' lang='lat'><strong>20).</strong></span> <span class='ocrx_word' id='word_1_311' title='bbox 1659 3721 1962 3780; x_wconf 88' lang='lat' dir='ltr'><strong>Secundum</strong></span> <span class='ocrx_word' id='word_1_312' title='bbox 1991 3735 2114 3776; x_wconf 82' lang='lat' dir='ltr'><strong>car-</strong></span> 
     </span>
    </p>
   </div>
   <div class='ocr_carea' id='block_1_38' title="bbox 532 3813 2115 3888">
    <p class='ocr_par' dir='ltr' id='par_1_38' title="bbox 532 3813 2115 3888">
     <span class='ocr_line' id='line_1_38' title="bbox 532 3813 2115 3888; baseline -0.004 -13"><span class='ocrx_word' id='word_1_313' title='bbox 532 3835 656 3874; x_wconf 91' lang='lat' dir='ltr'><strong>ncm</strong></span> <span class='ocrx_word' id='word_1_314' title='bbox 685 3833 815 3873; x_wconf 89' lang='lat' dir='ltr'><strong>vero</strong></span> <span class='ocrx_word' id='word_1_315' title='bbox 841 3832 998 3888; x_wconf 87' lang='lat' dir='ltr'><strong>quant</strong></span> <span class='ocrx_word' id='word_1_316' title='bbox 1017 3815 1250 3870; x_wconf 81' lang='lat' dir='ltr'><strong>Verbum</strong></span> <span class='ocrx_word' id='word_1_317' title='bbox 1270 3815 1577 3884; x_wconf 89' lang='lat' dir='ltr'><strong>assumpsit,</strong></span> <span class='ocrx_word' id='word_1_318' title='bbox 1593 3813 1882 3868; x_wconf 87' lang='lat' dir='ltr'><strong>secundum</strong></span> <span class='ocrx_word' id='word_1_319' title='bbox 1904 3813 1956 3867; x_wconf 91' lang='lat' dir='ltr'><strong>id</strong></span> <span class='ocrx_word' id='word_1_320' title='bbox 1975 3813 2115 3882; x_wconf 91' lang='lat' dir='ltr'><strong>quod</strong></span> 
     </span>
    </p>
   </div>
   <div class='ocr_carea' id='block_1_39' title="bbox 531 3902 2116 3979">
    <p class='ocr_par' dir='ltr' id='par_1_39' title="bbox 531 3902 2116 3979">
     <span class='ocr_line' id='line_1_39' title="bbox 531 3902 2116 3979; baseline -0.004 -14"><span class='ocrx_word' id='word_1_321' title='bbox 531 3910 601 3965; x_wconf 89' lang='lat' dir='ltr'><strong>de</strong></span> <span class='ocrx_word' id='word_1_322' title='bbox 626 3909 844 3979; x_wconf 80' lang='lat' dir='ltr'><strong>Virgine</strong></span> <span class='ocrx_word' id='word_1_323' title='bbox 886 3914 1041 3961; x_wconf 89' lang='lat' dir='ltr'><strong>natus</strong></span> <span class='ocrx_word' id='word_1_324' title='bbox 1082 3913 1184 3972; x_wconf 90' lang='lat' dir='ltr'><strong>est,</strong></span> <span class='ocrx_word' id='word_1_325' title='bbox 1233 3903 1524 3959; x_wconf 87' lang='lat' dir='ltr'><strong>secundum</strong></span> <span class='ocrx_word' id='word_1_326' title='bbox 1573 3903 1624 3958; x_wconf 93' lang='lat' dir='ltr'><strong>id</strong></span> <span class='ocrx_word' id='word_1_327' title='bbox 1661 3902 1802 3973; x_wconf 87' lang='lat' dir='ltr'><strong>quod</strong></span> <span class='ocrx_word' id='word_1_328' title='bbox 1841 3918 1871 3956; x_wconf 92' lang='lat' dir='ltr'><strong>a</strong></span> <span class='ocrx_word' id='word_1_329' title='bbox 1914 3902 2116 3958; x_wconf 64' lang='lat' dir='ltr'><strong>ludatis</strong></span> 
     </span>
    </p>
   </div>
   <div class='ocr_carea' id='block_1_40' title="bbox 531 3993 2114 4070">
    <p class='ocr_par' dir='ltr' id='par_1_40' title="bbox 531 3993 2114 4070">
     <span class='ocr_line' id='line_1_40' title="bbox 531 3993 2114 4070; baseline -0.004 -14"><span class='ocrx_word' id='word_1_330' title='bbox 531 4000 826 4070; x_wconf 88' lang='lat' dir='ltr'><strong>prehensus</strong></span> <span class='ocrx_word' id='word_1_331' title='bbox 863 4006 978 4065; x_wconf 89' lang='lat' dir='ltr'><strong>est,</strong></span> <span class='ocrx_word' id='word_1_332' title='bbox 1008 3995 1148 4066; x_wconf 88' lang='lat' dir='ltr'><strong>quod</strong></span> <span class='ocrx_word' id='word_1_333' title='bbox 1176 3995 1318 4065; x_wconf 88' lang='lat' dir='ltr'><strong>ligno</strong></span> <span class='ocrx_word' id='word_1_334' title='bbox 1349 3994 1620 4058; x_wconf 85' lang='lat' dir='ltr'><strong>confixus,</strong></span> <span class='ocrx_word' id='word_1_335' title='bbox 1667 3993 1807 4064; x_wconf 92' lang='lat' dir='ltr'><strong>quod</strong></span> <span class='ocrx_word' id='word_1_336' title='bbox 1847 3993 1916 4049; x_wconf 88' lang='lat' dir='ltr'><strong>de</strong></span> <span class='ocrx_word' id='word_1_337' title='bbox 1955 4008 2114 4050; x_wconf 91' lang='lat' dir='ltr'><strong>cruce</strong></span> 
     </span>
    </p>
   </div>
   <div class='ocr_carea' id='block_1_41' title="bbox 532 4084 2115 4164">
    <p class='ocr_par' dir='ltr' id='par_1_41' title="bbox 532 4084 2115 4164">
     <span class='ocr_line' id='line_1_41' title="bbox 532 4084 2115 4164; baseline -0.007 -13"><span class='ocrx_word' id='word_1_338' title='bbox 532 4093 838 4164; x_wconf 88' lang='lat' dir='ltr'><strong>depositus,</strong></span> <span class='ocrx_word' id='word_1_339' title='bbox 869 4089 1008 4161; x_wconf 92' lang='lat' dir='ltr'><strong>quod</strong></span> <span class='ocrx_word' id='word_1_340' title='bbox 1039 4088 1216 4143; x_wconf 88' lang='lat' dir='ltr'><strong>linteis</strong></span> <span class='ocrx_word' id='word_1_341' title='bbox 1244 4087 1541 4150; x_wconf 89' lang='lat' dir='ltr'><strong>involutus,</strong></span> <span class='ocrx_word' id='word_1_342' title='bbox 1585 4084 1724 4155; x_wconf 89' lang='lat' dir='ltr'><strong>quod</strong></span> <span class='ocrx_word' id='word_1_343' title='bbox 1768 4085 1819 4138; x_wconf 89' lang='lat' dir='ltr'><strong>in</strong></span> <span class='ocrx_word' id='word_1_344' title='bbox 1871 4085 2115 4155; x_wconf 90' lang='lat' dir='ltr'><strong>sepulcro</strong></span> 
     </span>
    </p>
   </div>
   <div class='ocr_carea' id='block_1_42' title="bbox 529 4173 2115 4252">
    <p class='ocr_par' dir='ltr' id='par_1_42' title="bbox 529 4173 2115 4252">
     <span class='ocr_line' id='line_1_42' title="bbox 529 4173 2115 4252; baseline -0.008 -11"><span class='ocrx_word' id='word_1_345' title='bbox 529 4185 798 4249; x_wconf 86' lang='lat' dir='ltr'><strong>conditus,</strong></span> <span class='ocrx_word' id='word_1_346' title='bbox 839 4180 981 4252; x_wconf 89' lang='lat' dir='ltr'><strong>quod</strong></span> <span class='ocrx_word' id='word_1_347' title='bbox 1029 4180 1081 4233; x_wconf 91' lang='lat' dir='ltr'><strong>in</strong></span> <span class='ocrx_word' id='word_1_348' title='bbox 1122 4176 1512 4232; x_wconf 86' lang='lat' dir='ltr'><strong>resurrectione</strong></span> <span class='ocrx_word' id='word_1_349' title='bbox 1554 4173 1920 4230; x_wconf 83' lang='lat' dir='ltr'><strong>manifestatus</strong></span> <span class='ocrx_word' id='word_1_350' title='bbox 1946 4215 1961 4241; x_wconf 93' lang='lat'><strong>,</strong></span> <span class='ocrx_word' id='word_1_351' title='bbox 2011 4191 2115 4229; x_wconf 87' lang='lat' dir='ltr'><strong>non</strong></span> 
     </span>
    </p>
   </div>
   <div class='ocr_carea' id='block_1_43' title="bbox 531 4263 2113 4346">
    <p class='ocr_par' dir='ltr' id='par_1_43' title="bbox 531 4263 2113 4346">
     <span class='ocr_line' id='line_1_43' title="bbox 531 4263 2113 4346; baseline -0.007 -15"><span class='ocrx_word' id='word_1_352' title='bbox 531 4291 729 4346; x_wconf 81' lang='lat' dir='ltr'><strong>semper</strong></span> <span class='ocrx_word' id='word_1_353' title='bbox 773 4271 1012 4328; x_wconf 83' lang='lat' dir='ltr'><strong>habebitis</strong></span> <span class='ocrx_word' id='word_1_354' title='bbox 1049 4268 1322 4322; x_wconf 85' lang='lat' dir='ltr'><strong>vobiscum.</strong></span> <span class='ocrx_word' id='word_1_355' title='bbox 1359 4265 1574 4333; x_wconf 76' lang='lat' dir='ltr'><strong>Quare?</strong></span> <span class='ocrx_word' id='word_1_356' title='bbox 1599 4263 1860 4332; x_wconf 86' lang='lat' dir='ltr'><strong>Quoniam</strong></span> <span class='ocrx_word' id='word_1_357' title='bbox 1885 4278 2113 4321; x_wconf 83' lang='lat' dir='ltr'><strong>conver-</strong></span> 
     </span>
    </p>
   </div>
   <div class='ocr_carea' id='block_1_44' title="bbox 533 4356 2112 4428">
    <p class='ocr_par' dir='ltr' id='par_1_44' title="bbox 533 4356 2112 4428">
     <span class='ocr_line' id='line_1_44' title="bbox 533 4356 2112 4428; baseline -0.006 -6"><span class='ocrx_word' id='word_1_358' title='bbox 533 4375 684 4422; x_wconf 89' lang='lat' dir='ltr'><strong>satus</strong></span> <span class='ocrx_word' id='word_1_359' title='bbox 707 4374 790 4421; x_wconf 91' lang='lat' dir='ltr'><strong>est</strong></span> <span class='ocrx_word' id='word_1_360' title='bbox 817 4360 1106 4419; x_wconf 90' lang='lat' dir='ltr'><strong>secundum</strong></span> <span class='ocrx_word' id='word_1_361' title='bbox 1135 4357 1373 4428; x_wconf 89' lang='lat' dir='ltr'><strong>corporis</strong></span> <span class='ocrx_word' id='word_1_362' title='bbox 1401 4357 1736 4426; x_wconf 72' lang='lat' dir='ltr'><strong>pmsentiam</strong></span> <span class='ocrx_word' id='word_1_363' title='bbox 1767 4356 2112 4426; x_wconf 80' lang='lat' dir='ltr'><strong>quadraginta</strong></span> 
     </span>
    </p>
   </div>
   <div class='ocr_carea' id='block_1_45' title="bbox 533 4446 2114 4522">
    <p class='ocr_par' dir='ltr' id='par_1_45' title="bbox 533 4446 2114 4522">
     <span class='ocr_line' id='line_1_45' title="bbox 533 4446 2114 4522; baseline -0.008 -8"><span class='ocrx_word' id='word_1_364' title='bbox 533 4458 722 4514; x_wconf 91' lang='lat' dir='ltr'><strong>diebus</strong></span> <span class='ocrx_word' id='word_1_365' title='bbox 745 4470 866 4511; x_wconf 92' lang='lat' dir='ltr'><strong>cum</strong></span> <span class='ocrx_word' id='word_1_366' title='bbox 885 4450 1158 4522; x_wconf 87' lang='lat' dir='ltr'><strong>discipulis</strong></span> <span class='ocrx_word' id='word_1_367' title='bbox 1177 4449 1308 4515; x_wconf 87' lang='lat' dir='ltr'><strong>suis,</strong></span> <span class='ocrx_word' id='word_1_368' title='bbox 1322 4456 1376 4503; x_wconf 87' lang='lat' dir='ltr'><strong>et</strong></span> <span class='ocrx_word' id='word_1_369' title='bbox 1389 4447 1467 4503; x_wconf 91' lang='lat' dir='ltr'><strong>eis</strong></span> <span class='ocrx_word' id='word_1_370' title='bbox 1482 4446 1865 4503; x_wconf 88' lang='lat' dir='ltr'><strong>deducentibus</strong></span> <span class='ocrx_word' id='word_1_371' title='bbox 1885 4446 2114 4503; x_wconf 87' lang='lat' dir='ltr'><strong>videndo</strong></span> 
     </span>
    </p>
   </div>
   <div class='ocr_carea' id='block_1_46' title="bbox 532 4538 2110 4619">
    <p class='ocr_par' dir='ltr' id='par_1_46' title="bbox 532 4538 2110 4619">
     <span class='ocr_line' id='line_1_46' title="bbox 532 4538 2110 4619; baseline -0.006 -13"><span class='ocrx_word' id='word_1_372' title='bbox 532 4566 642 4606; x_wconf 91' lang='lat' dir='ltr'><strong>non</strong></span> <span class='ocrx_word' id='word_1_373' title='bbox 669 4547 969 4619; x_wconf 83' lang='lat' dir='ltr'><strong>sequendo,</strong></span> <span class='ocrx_word' id='word_1_374' title='bbox 997 4541 1234 4598; x_wconf 80' lang='lat' dir='ltr'><strong>ascendit</strong></span> <span class='ocrx_word' id='word_1_375' title='bbox 1261 4541 1314 4595; x_wconf 92' lang='lat' dir='ltr'><strong>in</strong></span> <span class='ocrx_word' id='word_1_376' title='bbox 1351 4541 1542 4598; x_wconf 62' lang='lat' dir='ltr'><strong>caelum</strong></span> <span class='ocrx_word' id='word_1_377' title='bbox 1583 4538 1720 4610; x_wconf 85' lang='lat' dir='ltr'><strong>(Act.</strong></span> <span class='ocrx_word' id='word_1_378' title='bbox 1753 4555 1789 4606; x_wconf 90' lang='grc' dir='ltr'><strong>ι,</strong></span> <span class='ocrx_word' id='word_1_379' title='bbox 1831 4540 1884 4606; x_wconf 77' lang='lat'><strong>3,</strong></span> <span class='ocrx_word' id='word_1_380' title='bbox 1908 4539 1962 4607; x_wconf 92' lang='lat'><strong>9,</strong></span> <span class='ocrx_word' id='word_1_381' title='bbox 1997 4541 2110 4613; x_wconf 80' lang='grc'><strong>10),</strong></span> 
     </span>
    </p>
   </div>
   <div class='ocr_carea' id='block_1_47' title="bbox 531 4631 2110 4700">
    <p class='ocr_par' dir='ltr' id='par_1_47' title="bbox 531 4631 2110 4700">
     <span class='ocr_line' id='line_1_47' title="bbox 531 4631 2110 4700; baseline -0.008 -1"><span class='ocrx_word' id='word_1_382' title='bbox 531 4651 588 4699; x_wconf 85' lang='grc' dir='ltr'><strong>ει</strong></span> <span class='ocrx_word' id='word_1_383' title='bbox 618 4655 722 4697; x_wconf 93' lang='lat' dir='ltr'><strong>non</strong></span> <span class='ocrx_word' id='word_1_384' title='bbox 749 4647 834 4696; x_wconf 89' lang='lat' dir='ltr'><strong>est</strong></span> <span class='ocrx_word' id='word_1_385' title='bbox 863 4638 968 4692; x_wconf 89' lang='lat' dir='ltr'><strong>hic.</strong></span> <span class='ocrx_word' id='word_1_386' title='bbox 999 4635 1073 4691; x_wconf 91' lang='lat' dir='ltr'><strong>lbi</strong></span> <span class='ocrx_word' id='word_1_387' title='bbox 1097 4644 1180 4690; x_wconf 88' lang='grc' dir='ltr'><strong>εει</strong></span> <span class='ocrx_word' id='word_1_388' title='bbox 1207 4633 1370 4700; x_wconf 89' lang='lat' dir='ltr'><strong>enim,</strong></span> <span class='ocrx_word' id='word_1_389' title='bbox 1400 4632 1553 4688; x_wconf 90' lang='lat' dir='ltr'><strong>sedet</strong></span> <span class='ocrx_word' id='word_1_390' title='bbox 1592 4633 1659 4687; x_wconf 90' lang='lat' dir='ltr'><strong>ad</strong></span> <span class='ocrx_word' id='word_1_391' title='bbox 1703 4631 1974 4688; x_wconf 83' lang='lat' dir='ltr'><strong>dexteram</strong></span> <span class='ocrx_word' id='word_1_392' title='bbox 2007 4633 2110 4688; x_wconf 87' lang='lat' dir='ltr'><strong>Pa-</strong></span> 
     </span>
    </p>
   </div>
   <div class='ocr_carea' id='block_1_48' title="bbox 534 4724 2115 4794">
    <p class='ocr_par' dir='ltr' id='par_1_48' title="bbox 534 4724 2115 4794">
     <span class='ocr_line' id='line_1_48' title="bbox 534 4724 2115 4794; baseline -0.008 -2"><span class='ocrx_word' id='word_1_393' title='bbox 534 4734 633 4792; x_wconf 87' lang='lat' dir='ltr'><strong>tris</strong></span> <span class='ocrx_word' id='word_1_394' title='bbox 660 4749 674 4785; x_wconf 89' lang='lat'><strong>:</strong></span> <span class='ocrx_word' id='word_1_395' title='bbox 703 4739 758 4787; x_wconf 89' lang='lat' dir='ltr'><strong>et</strong></span> <span class='ocrx_word' id='word_1_396' title='bbox 778 4729 864 4784; x_wconf 90' lang='lat' dir='ltr'><strong>hic</strong></span> <span class='ocrx_word' id='word_1_397' title='bbox 884 4737 986 4794; x_wconf 91' lang='lat' dir='ltr'><strong>est,</strong></span> <span class='ocrx_word' id='word_1_398' title='bbox 1013 4741 1118 4781; x_wconf 93' lang='lat' dir='ltr'><strong>non</strong></span> <span class='ocrx_word' id='word_1_399' title='bbox 1145 4724 1289 4781; x_wconf 89' lang='lat' dir='ltr'><strong>enim</strong></span> <span class='ocrx_word' id='word_1_400' title='bbox 1314 4725 1534 4780; x_wconf 88' lang='lat' dir='ltr'><strong>recessit</strong></span> <span class='ocrx_word' id='word_1_401' title='bbox 1559 4724 1839 4794; x_wconf 73' lang='lat' dir='ltr'><strong>prmsentia</strong></span> <span class='ocrx_word' id='word_1_402' title='bbox 1865 4725 2115 4794; x_wconf 84' lang='lat' dir='ltr'><strong>majesta-</strong></span> 
     </span>
    </p>
   </div>
   <div class='ocr_carea' id='block_1_49' title="bbox 535 4817 2114 4887">
    <p class='ocr_par' dir='ltr' id='par_1_49' title="bbox 535 4817 2114 4887">
     <span class='ocr_line' id='line_1_49' title="bbox 535 4817 2114 4887; baseline -0.005 -6"><span class='ocrx_word' id='word_1_403' title='bbox 535 4827 623 4882; x_wconf 87' lang='lat' dir='ltr'><strong>tis.</strong></span> <span class='ocrx_word' id='word_1_404' title='bbox 661 4822 828 4878; x_wconf 82' lang='lat' dir='ltr'><strong>Aliter</strong></span> <span class='ocrx_word' id='word_1_405' title='bbox 855 4839 868 4875; x_wconf 88' lang='lat'><strong>:</strong></span> <span class='ocrx_word' id='word_1_406' title='bbox 903 4818 1192 4875; x_wconf 90' lang='lat' dir='ltr'><strong>secundum</strong></span> <span class='ocrx_word' id='word_1_407' title='bbox 1220 4817 1557 4887; x_wconf 66' lang='lat' dir='ltr'><strong>praesentiam</strong></span> <span class='ocrx_word' id='word_1_408' title='bbox 1585 4817 1878 4886; x_wconf 75' lang='lat' dir='ltr'><strong>maiestatis</strong></span> <span class='ocrx_word' id='word_1_409' title='bbox 1902 4832 2114 4886; x_wconf 88' lang='lat' dir='ltr'><strong>semper</strong></span> 
     </span>
    </p>
   </div>
   <div class='ocr_carea' id='block_1_50' title="bbox 534 4911 2110 4980">
    <p class='ocr_par' dir='ltr' id='par_1_50' title="bbox 534 4911 2110 4980">
     <span class='ocr_line' id='line_1_50' title="bbox 534 4911 2110 4980; baseline -0.006 -7"><span class='ocrx_word' id='word_1_410' title='bbox 534 4919 792 4974; x_wconf 86' lang='lat' dir='ltr'><strong>habemus</strong></span> <span class='ocrx_word' id='word_1_411' title='bbox 830 4912 1138 4977; x_wconf 86' lang='lat' dir='ltr'><strong>Christum;</strong></span> <span class='ocrx_word' id='word_1_412' title='bbox 1187 4911 1476 4968; x_wconf 89' lang='lat' dir='ltr'><strong>secundum</strong></span> <span class='ocrx_word' id='word_1_413' title='bbox 1514 4911 1850 4980; x_wconf 61' lang='lat' dir='ltr'><strong>praesentiam</strong></span> <span class='ocrx_word' id='word_1_414' title='bbox 1896 4911 2070 4964; x_wconf 90' lang='lat' dir='ltr'><strong>carnis</strong></span> <span class='ocrx_word' id='word_1_415' title='bbox 2093 4951 2110 4978; x_wconf 91' lang='lat'><strong>,</strong></span> 
     </span>
    </p>
   </div>
   <div class='ocr_carea' id='block_1_51' title="bbox 535 5001 2114 5075">
    <p class='ocr_par' dir='ltr' id='par_1_51' title="bbox 535 5001 2114 5075">
     <span class='ocr_line' id='line_1_51' title="bbox 535 5001 2114 5075; baseline -0.009 -7"><span class='ocrx_word' id='word_1_416' title='bbox 535 5021 680 5069; x_wconf 86' lang='lat' dir='ltr'><strong>recte</strong></span> <span class='ocrx_word' id='word_1_417' title='bbox 703 5011 899 5066; x_wconf 89' lang='lat' dir='ltr'><strong>dictum</strong></span> <span class='ocrx_word' id='word_1_418' title='bbox 924 5015 1008 5062; x_wconf 90' lang='lat' dir='ltr'><strong>est</strong></span> <span class='ocrx_word' id='word_1_419' title='bbox 1033 5004 1323 5075; x_wconf 88' lang='lat' dir='ltr'><strong>discipulis,</strong></span> <span class='ocrx_word' id='word_1_420' title='bbox 1355 5001 1442 5057; x_wconf 72' lang='lat' dir='ltr'><strong>Me</strong></span> <span class='ocrx_word' id='word_1_421' title='bbox 1465 5013 1633 5056; x_wconf 81' lang='lat' dir='ltr'><strong>autent</strong></span> <span class='ocrx_word' id='word_1_422' title='bbox 1660 5019 1760 5056; x_wconf 89' lang='lat' dir='ltr'><strong>non</strong></span> <span class='ocrx_word' id='word_1_423' title='bbox 1784 5018 1978 5072; x_wconf 84' lang='lat' dir='ltr'><strong>semper</strong></span> <span class='ocrx_word' id='word_1_424' title='bbox 2016 5003 2114 5055; x_wconf 77' lang='lat' dir='ltr'><strong>Ita-</strong></span> 
     </span>
    </p>
   </div>
   <div class='ocr_carea' id='block_1_52' title="bbox 535 5092 2114 5162">
    <p class='ocr_par' dir='ltr' id='par_1_52' title="bbox 535 5092 2114 5162">
     <span class='ocr_line' id='line_1_52' title="bbox 535 5092 2114 5162; baseline -0.008 -3"><span class='ocrx_word' id='word_1_425' title='bbox 535 5103 728 5158; x_wconf 86' lang='lat' dir='ltr'><strong>bebitis.</strong></span> <span class='ocrx_word' id='word_1_426' title='bbox 784 5098 977 5156; x_wconf 84' lang='lat' dir='ltr'><strong>Habuit</strong></span> <span class='ocrx_word' id='word_1_427' title='bbox 1009 5097 1150 5151; x_wconf 85' lang='lat' dir='ltr'><strong>enim</strong></span> <span class='ocrx_word' id='word_1_428' title='bbox 1188 5095 1333 5149; x_wconf 91' lang='lat' dir='ltr'><strong>illum</strong></span> <span class='ocrx_word' id='word_1_429' title='bbox 1363 5093 1602 5149; x_wconf 87' lang='lat' dir='ltr'><strong>Ecclesia</strong></span> <span class='ocrx_word' id='word_1_430' title='bbox 1643 5092 1930 5148; x_wconf 89' lang='lat' dir='ltr'><strong>secundum</strong></span> <span class='ocrx_word' id='word_1_431' title='bbox 1977 5107 2114 5162; x_wconf 78' lang='lat' dir='ltr'><strong>pra:-</strong></span> 
     </span>
    </p>
   </div>
   <div class='ocr_carea' id='block_1_53' title="bbox 536 5184 2116 5258">
    <p class='ocr_par' dir='ltr' id='par_1_53' title="bbox 536 5184 2116 5258">
     <span class='ocr_line' id='line_1_53' title="bbox 536 5184 2116 5258; baseline -0.007 -8"><span class='ocrx_word' id='word_1_432' title='bbox 536 5194 762 5250; x_wconf 85' lang='lat' dir='ltr'><strong>sentiam</strong></span> <span class='ocrx_word' id='word_1_433' title='bbox 798 5189 974 5247; x_wconf 92' lang='lat' dir='ltr'><strong>carnis</strong></span> <span class='ocrx_word' id='word_1_434' title='bbox 999 5191 1180 5258; x_wconf 91' lang='lat' dir='ltr'><strong>paucis</strong></span> <span class='ocrx_word' id='word_1_435' title='bbox 1197 5185 1386 5241; x_wconf 84' lang='lat' dir='ltr'><strong>diebus</strong></span> <span class='ocrx_word' id='word_1_436' title='bbox 1415 5203 1429 5238; x_wconf 90' lang='lat'><strong>:</strong></span> <span class='ocrx_word' id='word_1_437' title='bbox 1461 5185 1620 5240; x_wconf 92' lang='lat' dir='ltr'><strong>modo</strong></span> <span class='ocrx_word' id='word_1_438' title='bbox 1647 5184 1748 5239; x_wconf 84' lang='lat' dir='ltr'><strong>fide</strong></span> <span class='ocrx_word' id='word_1_439' title='bbox 1767 5193 1926 5250; x_wconf 91' lang='lat' dir='ltr'><strong>tenet,</strong></span> <span class='ocrx_word' id='word_1_440' title='bbox 1948 5185 2116 5240; x_wconf 89' lang='lat' dir='ltr'><strong>oculis</strong></span> 
     </span>
    </p>
   </div>
   <div class='ocr_carea' id='block_1_54' title="bbox 537 5274 2116 5350">
    <p class='ocr_par' dir='ltr' id='par_1_54' title="bbox 537 5274 2116 5350">
     <span class='ocr_line' id='line_1_54' title="bbox 537 5274 2116 5350; baseline -0.006 -11"><span class='ocrx_word' id='word_1_441' title='bbox 537 5299 645 5340; x_wconf 92' lang='lat' dir='ltr'><strong>non</strong></span> <span class='ocrx_word' id='word_1_442' title='bbox 683 5282 845 5338; x_wconf 81' lang='lat' dir='ltr'><strong>videt.</strong></span> <span class='ocrx_word' id='word_1_443' title='bbox 891 5281 1028 5350; x_wconf 86' lang='lat' dir='ltr'><strong>Ergo</strong></span> <span class='ocrx_word' id='word_1_444' title='bbox 1070 5277 1183 5333; x_wconf 85' lang='lat' dir='ltr'><strong>sive</strong></span> <span class='ocrx_word' id='word_1_445' title='bbox 1223 5277 1294 5331; x_wconf 86' lang='lat' dir='ltr'><strong>ita</strong></span> <span class='ocrx_word' id='word_1_446' title='bbox 1338 5276 1535 5330; x_wconf 90' lang='lat' dir='ltr'><strong>dictum</strong></span> <span class='ocrx_word' id='word_1_447' title='bbox 1579 5285 1677 5342; x_wconf 88' lang='lat' dir='ltr'><strong>est,</strong></span> <span class='ocrx_word' id='word_1_448' title='bbox 1708 5274 1795 5330; x_wconf 78' lang='lat' dir='ltr'><strong>Me</strong></span> <span class='ocrx_word' id='word_1_449' title='bbox 1820 5285 1988 5329; x_wconf 88' lang='lat' dir='ltr'><strong>autem</strong></span> <span class='ocrx_word' id='word_1_450' title='bbox 2015 5293 2116 5330; x_wconf 87' lang='lat' dir='ltr'><strong>non</strong></span> 
     </span>
    </p>
   </div>
   <div class='ocr_carea' id='block_1_55' title="bbox 537 5367 2113 5446">
    <p class='ocr_par' dir='ltr' id='par_1_55' title="bbox 537 5367 2113 5446">
     <span class='ocr_line' id='line_1_55' title="bbox 537 5367 2113 5446; baseline -0.004 -16"><span class='ocrx_word' id='word_1_451' title='bbox 537 5391 734 5446; x_wconf 82' lang='lat' dir='ltr'><strong>semper</strong></span> <span class='ocrx_word' id='word_1_452' title='bbox 762 5373 1023 5436; x_wconf 75' lang='lat' dir='ltr'><strong>habebitis,</strong></span> <span class='ocrx_word' id='word_1_453' title='bbox 1051 5369 1274 5442; x_wconf 68' lang='lat' dir='ltr'><strong>quaestio</strong></span> <span class='ocrx_word' id='word_1_454' title='bbox 1301 5370 1438 5424; x_wconf 89' lang='lat' dir='ltr'><strong>sicut</strong></span> <span class='ocrx_word' id='word_1_455' title='bbox 1461 5367 1688 5423; x_wconf 89' lang='lat' dir='ltr'><strong>arbitror</strong></span> <span class='ocrx_word' id='word_1_456' title='bbox 1707 5367 1816 5438; x_wconf 86' lang='lat' dir='ltr'><strong>jam</strong></span> <span class='ocrx_word' id='word_1_457' title='bbox 1843 5369 1985 5423; x_wconf 89' lang='lat' dir='ltr'><strong>nulla</strong></span> <span class='ocrx_word' id='word_1_458' title='bbox 2012 5378 2113 5435; x_wconf 87' lang='lat' dir='ltr'><strong>est,</strong></span> 
     </span>
    </p>
   </div>
   <div class='ocr_carea' id='block_1_56' title="bbox 537 5461 1398 5536">
    <p class='ocr_par' dir='ltr' id='par_1_56' title="bbox 537 5461 1398 5536">
     <span class='ocr_line' id='line_1_56' title="bbox 537 5461 1398 5536; baseline -0.01 -16"><span class='ocrx_word' id='word_1_459' title='bbox 537 5480 657 5536; x_wconf 71' lang='lat' dir='ltr'><strong>qua:</strong></span> <span class='ocrx_word' id='word_1_460' title='bbox 685 5463 892 5518; x_wconf 90' lang='lat' dir='ltr'><strong>duobus</strong></span> <span class='ocrx_word' id='word_1_461' title='bbox 915 5461 1086 5518; x_wconf 91' lang='lat' dir='ltr'><strong>modis</strong></span> <span class='ocrx_word' id='word_1_462' title='bbox 1105 5461 1274 5516; x_wconf 90' lang='lat' dir='ltr'><strong>soluta</strong></span> <span class='ocrx_word' id='word_1_463' title='bbox 1294 5467 1398 5514; x_wconf 89' lang='lat' dir='ltr'><strong>est.</strong></span> 
     </span>
    </p>
   </div>
   <div class='ocr_carea' id='block_1_57' title="bbox 614 5569 2117 5646">
    <p class='ocr_par' dir='ltr' id='par_1_57' title="bbox 614 5569 2117 5646">
     <span class='ocr_line' id='line_1_57' title="bbox 614 5569 2117 5646; baseline -0.005 -13"><span class='ocrx_word' id='word_1_464' title='bbox 614 5578 702 5634; x_wconf 76' lang='grc' dir='ltr'><strong>Η.</strong></span> <span class='ocrx_word' id='word_1_465' title='bbox 733 5577 937 5634; x_wconf 71' lang='lat' dir='ltr'><strong>Cmtcra</strong></span> <span class='ocrx_word' id='word_1_466' title='bbox 965 5589 1084 5646; x_wconf 67' lang='lat' dir='ltr'><strong>qua:</strong></span> <span class='ocrx_word' id='word_1_467' title='bbox 1125 5586 1293 5644; x_wconf 90' lang='lat' dir='ltr'><strong>pauca</strong></span> <span class='ocrx_word' id='word_1_468' title='bbox 1331 5577 1629 5635; x_wconf 88' lang='lat' dir='ltr'><strong>remanent,</strong></span> <span class='ocrx_word' id='word_1_469' title='bbox 1669 5569 1985 5626; x_wconf 90' lang='lat' dir='ltr'><strong>audiamus:</strong></span> <span class='ocrx_word' id='word_1_470' title='bbox 2019 5569 2117 5628; x_wconf 89' lang='lat' dir='ltr'><strong>Co-</strong></span> 
     </span>
    </p>
   </div>
   <div class='ocr_carea' id='block_1_58' title="bbox 543 5662 2119 5744">
    <p class='ocr_par' dir='ltr' id='par_1_58' title="bbox 543 5662 2119 5744">
     <span class='ocr_line' id='line_1_58' title="bbox 543 5662 2119 5744; baseline -0.006 -18"><span class='ocrx_word' id='word_1_471' title='bbox 543 5672 714 5744; x_wconf 80' lang='lat' dir='ltr'><strong>gnovit</strong></span> <span class='ocrx_word' id='word_1_472' title='bbox 742 5685 861 5741; x_wconf 85' lang='lat' dir='ltr'><strong>ergo</strong></span> <span class='ocrx_word' id='word_1_473' title='bbox 885 5669 1029 5722; x_wconf 87' lang='lat' dir='ltr'><strong>turba</strong></span> <span class='ocrx_word' id='word_1_474' title='bbox 1053 5666 1214 5721; x_wconf 82' lang='lat' dir='ltr'><strong>multa</strong></span> <span class='ocrx_word' id='word_1_475' title='bbox 1238 5680 1301 5719; x_wconf 76' lang='lat' dir='ltr'><strong>ea:</strong></span> <span class='ocrx_word' id='word_1_476' title='bbox 1323 5663 1522 5718; x_wconf 65' lang='lat' dir='ltr'><strong>Iudicis</strong></span> <span class='ocrx_word' id='word_1_477' title='bbox 1546 5663 1663 5733; x_wconf 84' lang='lat' dir='ltr'><strong>quia</strong></span> <span class='ocrx_word' id='word_1_478' title='bbox 1688 5662 1794 5716; x_wconf 81' lang='lat' dir='ltr'><strong>illic</strong></span> <span class='ocrx_word' id='word_1_479' title='bbox 1816 5671 1924 5726; x_wconf 88' lang='lat' dir='ltr'><strong>est;</strong></span> <span class='ocrx_word' id='word_1_480' title='bbox 1952 5672 2000 5716; x_wconf 89' lang='lat' dir='ltr'><strong>et</strong></span> <span class='ocrx_word' id='word_1_481' title='bbox 2036 5679 2119 5717; x_wconf 88' lang='lat' dir='ltr'><strong>ve-</strong></span> 
     </span>
    </p>
   </div>
   <div class='ocr_carea' id='block_1_59' title="bbox 545 5752 2119 5831">
    <p class='ocr_par' dir='ltr' id='par_1_59' title="bbox 545 5752 2119 5831">
     <span class='ocr_line' id='line_1_59' title="bbox 545 5752 2119 5831; baseline -0.007 -12"><span class='ocrx_word' id='word_1_482' title='bbox 545 5771 743 5831; x_wconf 86' lang='lat' dir='ltr'><strong>nerunt,</strong></span> <span class='ocrx_word' id='word_1_483' title='bbox 791 5777 891 5816; x_wconf 89' lang='lat' dir='ltr'><strong>non</strong></span> <span class='ocrx_word' id='word_1_484' title='bbox 928 5768 1130 5830; x_wconf 84' lang='lat' dir='ltr'><strong>propter</strong></span> <span class='ocrx_word' id='word_1_485' title='bbox 1174 5754 1350 5812; x_wconf 87' lang='lat' dir='ltr'><strong>Iesum</strong></span> <span class='ocrx_word' id='word_1_486' title='bbox 1387 5763 1600 5816; x_wconf 68' lang='lat' dir='ltr'><strong>tantum.</strong></span> <span class='ocrx_word' id='word_1_487' title='bbox 1640 5753 1728 5807; x_wconf 80' lang='lat' dir='ltr'><strong>sed</strong></span> <span class='ocrx_word' id='word_1_488' title='bbox 1770 5763 1822 5808; x_wconf 91' lang='lat' dir='ltr'><strong>ut</strong></span> <span class='ocrx_word' id='word_1_489' title='bbox 1868 5752 2119 5810; x_wconf 78' lang='lat' dir='ltr'><strong>Lazarum</strong></span> 
     </span>
    </p>
   </div>
   <div class='ocr_carea' id='block_1_60' title="bbox 1473 330 2870 401">
    <p class='ocr_par' dir='ltr' id='par_1_60' title="bbox 1473 330 2870 401">
     <span class='ocr_line' id='line_1_60' title="bbox 1473 330 2870 401; baseline 0 -9"><span class='ocrx_word' id='word_1_490' title='bbox 1473 335 1539 392; x_wconf 80' lang='lat' dir='ltr'><strong>IN</strong></span> <span class='ocrx_word' id='word_1_491' title='bbox 1575 331 1855 392; x_wconf 72' lang='lat' dir='ltr'><strong>JOANXIS</strong></span> <span class='ocrx_word' id='word_1_492' title='bbox 1891 330 2362 401; x_wconf 77' lang='lat' dir='ltr'><strong>EVANGELlUM,</strong></span> <span class='ocrx_word' id='word_1_493' title='bbox 2403 334 2459 391; x_wconf 94' lang='lat' dir='ltr'><strong>S.</strong></span> <span class='ocrx_word' id='word_1_494' title='bbox 2503 334 2870 396; x_wconf 84' lang='lat' dir='ltr'><strong>AUGUSTlNl</strong></span> 
     </span>
    </p>
   </div>
   <div class='ocr_carea' id='block_1_61' title="bbox 3669 343 3812 401">
    <p class='ocr_par' dir='ltr' id='par_1_61' title="bbox 3669 343 3812 401">
     <span class='ocr_line' id='line_1_61' title="bbox 3669 343 3812 401; baseline -0.007 0"><span class='ocrx_word' id='word_1_495' title='bbox 3669 343 3812 401; x_wconf 71' lang='grc'><strong>1764</strong></span> 
     </span>
    </p>
   </div>
   <div class='ocr_carea' id='block_1_62' title="bbox 2223 439 3816 521">
    <p class='ocr_par' dir='ltr' id='par_1_62' title="bbox 2223 439 3816 521">
     <span class='ocr_line' id='line_1_62' title="bbox 2223 439 3816 521; baseline 0.01 -21"><span class='ocrx_word' id='word_1_496' title='bbox 2223 449 2463 516; x_wconf 82' lang='lat' dir='ltr'><strong>viderent,</strong></span> <span class='ocrx_word' id='word_1_497' title='bbox 2489 467 2636 521; x_wconf 90' lang='lat' dir='ltr'><strong>quem</strong></span> <span class='ocrx_word' id='word_1_498' title='bbox 2655 452 2912 508; x_wconf 81' lang='lat' dir='ltr'><strong>suscitavit</strong></span> <span class='ocrx_word' id='word_1_499' title='bbox 2930 439 3080 509; x_wconf 80' lang='lat' dir='ltr'><strong>Iesus</strong></span> <span class='ocrx_word' id='word_1_500' title='bbox 3097 469 3131 508; x_wconf 89' lang='lat' dir='ltr'><strong>a</strong></span> <span class='ocrx_word' id='word_1_501' title='bbox 3150 454 3379 509; x_wconf 82' lang='lat' dir='ltr'><strong>mortuis.</strong></span> <span class='ocrx_word' id='word_1_502' title='bbox 3402 448 3693 512; x_wconf 86' lang='lat' dir='ltr'><strong>Curiositas</strong></span> <span class='ocrx_word' id='word_1_503' title='bbox 3716 473 3816 516; x_wconf 84' lang='lat' dir='ltr'><strong>eos</strong></span> 
     </span>
    </p>
   </div>
   <div class='ocr_carea' id='block_1_63' title="bbox 2219 541 3807 615">
    <p class='ocr_par' dir='ltr' id='par_1_63' title="bbox 2219 541 3807 615">
     <span class='ocr_line' id='line_1_63' title="bbox 2219 541 3807 615; baseline 0.009 -21"><span class='ocrx_word' id='word_1_504' title='bbox 2219 541 2474 609; x_wconf 87' lang='lat' dir='ltr'><strong>adduxit,</strong></span> <span class='ocrx_word' id='word_1_505' title='bbox 2505 558 2610 598; x_wconf 92' lang='lat' dir='ltr'><strong>non</strong></span> <span class='ocrx_word' id='word_1_506' title='bbox 2639 543 2906 600; x_wconf 89' lang='lat' dir='ltr'><strong>charitas:</strong></span> <span class='ocrx_word' id='word_1_507' title='bbox 2933 555 3212 615; x_wconf 91' lang='lat' dir='ltr'><strong>venerunt,</strong></span> <span class='ocrx_word' id='word_1_508' title='bbox 3242 555 3295 602; x_wconf 92' lang='lat' dir='ltr'><strong>et</strong></span> <span class='ocrx_word' id='word_1_509' title='bbox 3317 547 3582 604; x_wconf 87' lang='lat' dir='ltr'><strong>viderunt.</strong></span> <span class='ocrx_word' id='word_1_510' title='bbox 3610 551 3807 608; x_wconf 81' lang='lat' dir='ltr'><strong>Audite</strong></span> 
     </span>
    </p>
   </div>
   <div class='ocr_carea' id='block_1_64' title="bbox 2219 635 3804 711">
    <p class='ocr_par' dir='ltr' id='par_1_64' title="bbox 2219 635 3804 711">
     <span class='ocr_line' id='line_1_64' title="bbox 2219 635 3804 711; baseline 0.008 -24"><span class='ocrx_word' id='word_1_511' title='bbox 2219 635 2460 691; x_wconf 88' lang='lat' dir='ltr'><strong>mirabile</strong></span> <span class='ocrx_word' id='word_1_512' title='bbox 2485 638 2763 693; x_wconf 90' lang='lat' dir='ltr'><strong>consilium</strong></span> <span class='ocrx_word' id='word_1_513' title='bbox 2791 639 3055 695; x_wconf 86' lang='lat' dir='ltr'><strong>vanitatis.</strong></span> <span class='ocrx_word' id='word_1_514' title='bbox 3086 641 3210 696; x_wconf 89' lang='lat' dir='ltr'><strong>Viso</strong></span> <span class='ocrx_word' id='word_1_515' title='bbox 3236 641 3436 696; x_wconf 87' lang='lat' dir='ltr'><strong>Lazaro</strong></span> <span class='ocrx_word' id='word_1_516' title='bbox 3463 643 3804 711; x_wconf 88' lang='lat' dir='ltr'><strong>resuscitato,</strong></span> 
     </span>
    </p>
   </div>
   <div class='ocr_carea' id='block_1_65' title="bbox 2220 724 3808 794">
    <p class='ocr_par' dir='ltr' id='par_1_65' title="bbox 2220 724 3808 794">
     <span class='ocr_line' id='line_1_65' title="bbox 2220 724 3808 794; baseline 0.008 -17"><span class='ocrx_word' id='word_1_517' title='bbox 2220 724 2342 794; x_wconf 92' lang='lat' dir='ltr'><strong>quia</strong></span> <span class='ocrx_word' id='word_1_518' title='bbox 2384 733 2590 781; x_wconf 88' lang='lat' dir='ltr'><strong>tantum</strong></span> <span class='ocrx_word' id='word_1_519' title='bbox 2629 727 2941 784; x_wconf 88' lang='lat' dir='ltr'><strong>miraculum</strong></span> <span class='ocrx_word' id='word_1_520' title='bbox 2971 730 3180 785; x_wconf 89' lang='lat' dir='ltr'><strong>Domini</strong></span> <span class='ocrx_word' id='word_1_521' title='bbox 3223 739 3364 785; x_wconf 89' lang='lat' dir='ltr'><strong>tanta</strong></span> <span class='ocrx_word' id='word_1_522' title='bbox 3394 741 3509 788; x_wconf 90' lang='lat' dir='ltr'><strong>erat</strong></span> <span class='ocrx_word' id='word_1_523' title='bbox 3536 733 3808 790; x_wconf 85' lang='lat' dir='ltr'><strong>evidentia</strong></span> 
     </span>
    </p>
   </div>
   <div class='ocr_carea' id='block_1_66' title="bbox 2218 815 3810 888">
    <p class='ocr_par' dir='ltr' id='par_1_66' title="bbox 2218 815 3810 888">
     <span class='ocr_line' id='line_1_66' title="bbox 2218 815 3810 888; baseline 0.006 -19"><span class='ocrx_word' id='word_1_524' title='bbox 2218 815 2568 881; x_wconf 74' lang='lat' dir='ltr'><strong>diffamatum,</strong></span> <span class='ocrx_word' id='word_1_525' title='bbox 2599 825 2744 872; x_wconf 89' lang='lat' dir='ltr'><strong>tanta</strong></span> <span class='ocrx_word' id='word_1_526' title='bbox 2775 819 3201 874; x_wconf 77' lang='lat' dir='ltr'><strong>manifestatione</strong></span> <span class='ocrx_word' id='word_1_527' title='bbox 3224 819 3574 888; x_wconf 86' lang='lat' dir='ltr'><strong>declaratum,</strong></span> <span class='ocrx_word' id='word_1_528' title='bbox 3609 831 3668 877; x_wconf 93' lang='lat' dir='ltr'><strong>ut</strong></span> <span class='ocrx_word' id='word_1_529' title='bbox 3696 839 3810 879; x_wconf 87' lang='lat' dir='ltr'><strong>non</strong></span> 
     </span>
    </p>
   </div>
   <div class='ocr_carea' id='block_1_67' title="bbox 2219 912 3807 986">
    <p class='ocr_par' dir='ltr' id='par_1_67' title="bbox 2219 912 3807 986">
     <span class='ocr_line' id='line_1_67' title="bbox 2219 912 3807 986; baseline 0.004 -21"><span class='ocrx_word' id='word_1_530' title='bbox 2219 921 2438 980; x_wconf 91' lang='lat' dir='ltr'><strong>possent</strong></span> <span class='ocrx_word' id='word_1_531' title='bbox 2471 912 2552 967; x_wconf 86' lang='lat' dir='ltr'><strong>vel</strong></span> <span class='ocrx_word' id='word_1_532' title='bbox 2592 913 2859 968; x_wconf 88' lang='lat' dir='ltr'><strong>occultare</strong></span> <span class='ocrx_word' id='word_1_533' title='bbox 2887 913 3027 984; x_wconf 91' lang='lat' dir='ltr'><strong>quod</strong></span> <span class='ocrx_word' id='word_1_534' title='bbox 3065 913 3259 968; x_wconf 91' lang='lat' dir='ltr'><strong>factum</strong></span> <span class='ocrx_word' id='word_1_535' title='bbox 3300 923 3405 979; x_wconf 92' lang='lat' dir='ltr'><strong>est,</strong></span> <span class='ocrx_word' id='word_1_536' title='bbox 3451 915 3532 970; x_wconf 89' lang='lat' dir='ltr'><strong>vel</strong></span> <span class='ocrx_word' id='word_1_537' title='bbox 3573 930 3807 986; x_wconf 86' lang='lat' dir='ltr'><strong>negare,</strong></span> 
     </span>
    </p>
   </div>
   <div class='ocr_carea' id='block_1_68' title="bbox 2217 1003 3809 1078">
    <p class='ocr_par' dir='ltr' id='par_1_68' title="bbox 2217 1003 3809 1078">
     <span class='ocr_line' id='line_1_68' title="bbox 2217 1003 3809 1078; baseline 0.004 -22"><span class='ocrx_word' id='word_1_538' title='bbox 2217 1003 2342 1072; x_wconf 89' lang='lat' dir='ltr'><strong>quid</strong></span> <span class='ocrx_word' id='word_1_539' title='bbox 2382 1003 2697 1060; x_wconf 88' lang='lat' dir='ltr'><strong>invenerunt</strong></span> <span class='ocrx_word' id='word_1_540' title='bbox 2727 1004 2921 1061; x_wconf 82' lang='lat' dir='ltr'><strong>videte.</strong></span> <span class='ocrx_word' id='word_1_541' title='bbox 2959 1005 3308 1077; x_wconf 67' lang='lat' dir='ltr'><strong>ﬂagitaverunt</strong></span> <span class='ocrx_word' id='word_1_542' title='bbox 3347 1015 3514 1060; x_wconf 86' lang='lat' dir='ltr'><strong>autem</strong></span> <span class='ocrx_word' id='word_1_543' title='bbox 3546 1009 3809 1078; x_wconf 81' lang='lat' dir='ltr'><strong>principes</strong></span> 
     </span>
    </p>
   </div>
   <div class='ocr_carea' id='block_1_69' title="bbox 2217 1095 3808 1169">
    <p class='ocr_par' dir='ltr' id='par_1_69' title="bbox 2217 1095 3808 1169">
     <span class='ocr_line' id='line_1_69' title="bbox 2217 1095 3808 1169; baseline 0.006 -22"><span class='ocrx_word' id='word_1_544' title='bbox 2217 1095 2535 1148; x_wconf 85' lang='lat' dir='ltr'><strong>sacerdotum</strong></span> <span class='ocrx_word' id='word_1_545' title='bbox 2581 1105 2637 1150; x_wconf 92' lang='lat' dir='ltr'><strong>ut</strong></span> <span class='ocrx_word' id='word_1_546' title='bbox 2686 1107 2734 1150; x_wconf 91' lang='lat' dir='ltr'><strong>et</strong></span> <span class='ocrx_word' id='word_1_547' title='bbox 2777 1096 3029 1152; x_wconf 81' lang='lat' dir='ltr'><strong>Lazarum</strong></span> <span class='ocrx_word' id='word_1_548' title='bbox 3073 1098 3450 1167; x_wconf 83' lang='lat' dir='ltr'><strong>interﬁcerent;</strong></span> <span class='ocrx_word' id='word_1_549' title='bbox 3492 1100 3613 1169; x_wconf 84' lang='lat' dir='ltr'><strong>quia</strong></span> <span class='ocrx_word' id='word_1_550' title='bbox 3658 1099 3808 1156; x_wconf 78' lang='lat' dir='ltr'><strong>multi</strong></span> 
     </span>
    </p>
   </div>
   <div class='ocr_carea' id='block_1_70' title="bbox 2218 1185 3802 1255">
    <p class='ocr_par' dir='ltr' id='par_1_70' title="bbox 2218 1185 3802 1255">
     <span class='ocr_line' id='line_1_70' title="bbox 2218 1185 3802 1255; baseline 0.004 -17"><span class='ocrx_word' id='word_1_551' title='bbox 2218 1195 2424 1255; x_wconf 87' lang='lat' dir='ltr'><strong>propter</strong></span> <span class='ocrx_word' id='word_1_552' title='bbox 2447 1185 2592 1240; x_wconf 85' lang='lat' dir='ltr'><strong>illum</strong></span> <span class='ocrx_word' id='word_1_553' title='bbox 2627 1187 2828 1241; x_wconf 90' lang='lat' dir='ltr'><strong>abibant</strong></span> <span class='ocrx_word' id='word_1_554' title='bbox 2851 1205 2914 1242; x_wconf 77' lang='lat' dir='ltr'><strong>ea:</strong></span> <span class='ocrx_word' id='word_1_555' title='bbox 2936 1187 3154 1253; x_wconf 68' lang='lat' dir='ltr'><strong>Iudicis,</strong></span> <span class='ocrx_word' id='word_1_556' title='bbox 3171 1197 3218 1242; x_wconf 89' lang='lat' dir='ltr'><strong>et</strong></span> <span class='ocrx_word' id='word_1_557' title='bbox 3234 1188 3496 1243; x_wconf 86' lang='lat' dir='ltr'><strong>credebant</strong></span> <span class='ocrx_word' id='word_1_558' title='bbox 3521 1191 3575 1244; x_wconf 90' lang='lat' dir='ltr'><strong>in</strong></span> <span class='ocrx_word' id='word_1_559' title='bbox 3598 1190 3802 1245; x_wconf 79' lang='lat' dir='ltr'><strong>Iesum.</strong></span> 
     </span>
    </p>
   </div>
   <div class='ocr_carea' id='block_1_71' title="bbox 2217 1275 3806 1347">
    <p class='ocr_par' dir='ltr' id='par_1_71' title="bbox 2217 1275 3806 1347">
     <span class='ocr_line' id='line_1_71' title="bbox 2217 1275 3806 1347; baseline 0.004 -17"><span class='ocrx_word' id='word_1_560' title='bbox 2217 1275 2261 1330; x_wconf 94' lang='grc' dir='ltr'><strong>Ο</strong></span> <span class='ocrx_word' id='word_1_561' title='bbox 2289 1275 2443 1330; x_wconf 88' lang='lat' dir='ltr'><strong>stulta</strong></span> <span class='ocrx_word' id='word_1_562' title='bbox 2473 1277 2742 1347; x_wconf 86' lang='lat' dir='ltr'><strong>cogitatio,</strong></span> <span class='ocrx_word' id='word_1_563' title='bbox 2773 1287 2827 1333; x_wconf 89' lang='lat' dir='ltr'><strong>et</strong></span> <span class='ocrx_word' id='word_1_564' title='bbox 2851 1293 2991 1334; x_wconf 65' lang='lat' dir='ltr'><strong>caeca</strong></span> <span class='ocrx_word' id='word_1_565' title='bbox 3019 1279 3253 1334; x_wconf 60' lang='lat' dir='ltr'><strong>saevitia!</strong></span> <span class='ocrx_word' id='word_1_566' title='bbox 3285 1279 3541 1335; x_wconf 90' lang='lat' dir='ltr'><strong>Dominus</strong></span> <span class='ocrx_word' id='word_1_567' title='bbox 3560 1280 3806 1336; x_wconf 87' lang='lat' dir='ltr'><strong>Christus</strong></span> 
     </span>
    </p>
   </div>
   <div class='ocr_carea' id='block_1_72' title="bbox 2216 1366 3806 1440">
    <p class='ocr_par' dir='ltr' id='par_1_72' title="bbox 2216 1366 3806 1440">
     <span class='ocr_line' id='line_1_72' title="bbox 2216 1366 3806 1440; baseline 0.004 -21"><span class='ocrx_word' id='word_1_568' title='bbox 2216 1366 2305 1436; x_wconf 88' lang='lat' dir='ltr'><strong>qui</strong></span> <span class='ocrx_word' id='word_1_569' title='bbox 2342 1367 2600 1422; x_wconf 88' lang='lat' dir='ltr'><strong>suscitare</strong></span> <span class='ocrx_word' id='word_1_570' title='bbox 2642 1369 2811 1437; x_wconf 92' lang='lat' dir='ltr'><strong>potuit</strong></span> <span class='ocrx_word' id='word_1_571' title='bbox 2847 1378 3116 1424; x_wconf 92' lang='lat' dir='ltr'><strong>mortuum</strong></span> <span class='ocrx_word' id='word_1_572' title='bbox 3137 1411 3151 1434; x_wconf 92' lang='lat'><strong>,</strong></span> <span class='ocrx_word' id='word_1_573' title='bbox 3178 1384 3284 1424; x_wconf 92' lang='lat' dir='ltr'><strong>non</strong></span> <span class='ocrx_word' id='word_1_574' title='bbox 3315 1379 3496 1440; x_wconf 89' lang='lat' dir='ltr'><strong>posset</strong></span> <span class='ocrx_word' id='word_1_575' title='bbox 3523 1371 3759 1425; x_wconf 90' lang='lat' dir='ltr'><strong>occisum</strong></span> <span class='ocrx_word' id='word_1_576' title='bbox 3778 1370 3806 1426; x_wconf 72' lang='grc' dir='ltr'><strong><em>Ἰ</em></strong></span> 
     </span>
    </p>
   </div>
   <div class='ocr_carea' id='block_1_73' title="bbox 2215 1456 3803 1530">
    <p class='ocr_par' dir='ltr' id='par_1_73' title="bbox 2215 1456 3803 1530">
     <span class='ocr_line' id='line_1_73' title="bbox 2215 1456 3803 1530; baseline 0.004 -20"><span class='ocrx_word' id='word_1_577' title='bbox 2215 1456 2439 1524; x_wconf 92' lang='lat' dir='ltr'><strong>Quando</strong></span> <span class='ocrx_word' id='word_1_578' title='bbox 2486 1457 2687 1514; x_wconf 83' lang='lat' dir='ltr'><strong>Lazaro</strong></span> <span class='ocrx_word' id='word_1_579' title='bbox 2717 1458 3022 1514; x_wconf 89' lang='lat' dir='ltr'><strong>inferebatis</strong></span> <span class='ocrx_word' id='word_1_580' title='bbox 3049 1475 3236 1516; x_wconf 90' lang='lat' dir='ltr'><strong>necem</strong></span> <span class='ocrx_word' id='word_1_581' title='bbox 3260 1501 3272 1524; x_wconf 90' lang='lat'><strong>,</strong></span> <span class='ocrx_word' id='word_1_582' title='bbox 3303 1460 3559 1530; x_wconf 90' lang='lat' dir='ltr'><strong>numquid</strong></span> <span class='ocrx_word' id='word_1_583' title='bbox 3585 1460 3803 1516; x_wconf 79' lang='lat' dir='ltr'><strong>aufere-</strong></span> 
     </span>
    </p>
   </div>
   <div class='ocr_carea' id='block_1_74' title="bbox 2215 1547 3798 1619">
    <p class='ocr_par' dir='ltr' id='par_1_74' title="bbox 2215 1547 3798 1619">
     <span class='ocr_line' id='line_1_74' title="bbox 2215 1547 3798 1619; baseline 0.003 -18"><span class='ocrx_word' id='word_1_584' title='bbox 2215 1547 2352 1602; x_wconf 89' lang='lat' dir='ltr'><strong>batis</strong></span> <span class='ocrx_word' id='word_1_585' title='bbox 2381 1548 2606 1603; x_wconf 91' lang='lat' dir='ltr'><strong>Domino</strong></span> <span class='ocrx_word' id='word_1_586' title='bbox 2634 1550 2987 1619; x_wconf 85' lang='lat' dir='ltr'><strong>potestatem?</strong></span> <span class='ocrx_word' id='word_1_587' title='bbox 3009 1548 3066 1605; x_wconf 89' lang='lat' dir='ltr'><strong>Si</strong></span> <span class='ocrx_word' id='word_1_588' title='bbox 3095 1549 3237 1604; x_wconf 90' lang='lat' dir='ltr'><strong>aliud</strong></span> <span class='ocrx_word' id='word_1_589' title='bbox 3255 1551 3402 1605; x_wconf 88' lang='lat' dir='ltr'><strong>vobis</strong></span> <span class='ocrx_word' id='word_1_590' title='bbox 3422 1551 3632 1606; x_wconf 87' lang='lat' dir='ltr'><strong>videtur</strong></span> <span class='ocrx_word' id='word_1_591' title='bbox 3651 1565 3798 1606; x_wconf 85' lang='lat' dir='ltr'><strong>mor-</strong></span> 
     </span>
    </p>
   </div>
   <div class='ocr_carea' id='block_1_75' title="bbox 2217 1639 3806 1712">
    <p class='ocr_par' dir='ltr' id='par_1_75' title="bbox 2217 1639 3806 1712">
     <span class='ocr_line' id='line_1_75' title="bbox 2217 1639 3806 1712; baseline 0.003 -18"><span class='ocrx_word' id='word_1_592' title='bbox 2217 1647 2358 1705; x_wconf 92' lang='lat' dir='ltr'><strong>tuus,</strong></span> <span class='ocrx_word' id='word_1_593' title='bbox 2381 1639 2522 1695; x_wconf 90' lang='lat' dir='ltr'><strong>aliud</strong></span> <span class='ocrx_word' id='word_1_594' title='bbox 2547 1641 2786 1708; x_wconf 88' lang='lat' dir='ltr'><strong>occisus;</strong></span> <span class='ocrx_word' id='word_1_595' title='bbox 2818 1656 2944 1696; x_wconf 92' lang='lat' dir='ltr'><strong>ecce</strong></span> <span class='ocrx_word' id='word_1_596' title='bbox 2971 1642 3226 1697; x_wconf 89' lang='lat' dir='ltr'><strong>Dominus</strong></span> <span class='ocrx_word' id='word_1_597' title='bbox 3245 1651 3526 1712; x_wconf 91' lang='lat' dir='ltr'><strong>utrumque</strong></span> <span class='ocrx_word' id='word_1_598' title='bbox 3556 1641 3678 1697; x_wconf 90' lang='lat' dir='ltr'><strong>fecit</strong></span> <span class='ocrx_word' id='word_1_599' title='bbox 3697 1684 3713 1707; x_wconf 90' lang='lat'><strong>,</strong></span> <span class='ocrx_word' id='word_1_600' title='bbox 3749 1652 3806 1698; x_wconf 90' lang='lat' dir='ltr'><strong>ct</strong></span> 
     </span>
    </p>
   </div>
   <div class='ocr_carea' id='block_1_76' title="bbox 2209 1730 3731 1802">
    <p class='ocr_par' dir='ltr' id='par_1_76' title="bbox 2209 1730 3731 1802">
     <span class='ocr_line' id='line_1_76' title="bbox 2209 1730 3731 1802; baseline 0.001 -17"><span class='ocrx_word' id='word_1_601' title='bbox 2209 1730 2471 1786; x_wconf 83' lang='lat' dir='ltr'><strong>Lazarum</strong></span> <span class='ocrx_word' id='word_1_602' title='bbox 2500 1739 2790 1799; x_wconf 90' lang='lat' dir='ltr'><strong>mortuum,</strong></span> <span class='ocrx_word' id='word_1_603' title='bbox 2821 1741 2874 1786; x_wconf 91' lang='lat' dir='ltr'><strong>et</strong></span> <span class='ocrx_word' id='word_1_604' title='bbox 2903 1731 3137 1802; x_wconf 89' lang='lat' dir='ltr'><strong>scipsum</strong></span> <span class='ocrx_word' id='word_1_605' title='bbox 3169 1732 3448 1787; x_wconf 86' lang='lat' dir='ltr'><strong>suscitavit</strong></span> <span class='ocrx_word' id='word_1_606' title='bbox 3470 1732 3731 1788; x_wconf 89' lang='lat' dir='ltr'><strong>occisum.</strong></span> 
     </span>
    </p>
   </div>
   <div class='ocr_carea' id='block_1_77' title="bbox 2747 1867 3278 1926">
    <p class='ocr_par' dir='ltr' id='par_1_77' title="bbox 2747 1867 3278 1926">
     <span class='ocr_line' id='line_1_77' title="bbox 2747 1867 3278 1926; baseline 0.002 -3"><span class='ocrx_word' id='word_1_607' title='bbox 2747 1867 3157 1926; x_wconf 82' lang='lat' dir='ltr'><strong>TRACTATUS</strong></span> <span class='ocrx_word' id='word_1_608' title='bbox 3194 1869 3278 1925; x_wconf 74' lang='grc' dir='ltr'>ιι.</span> 
     </span>
    </p>
   </div>
   <div class='ocr_carea' id='block_1_78' title="bbox 2215 1979 3804 2052">
    <p class='ocr_par' dir='ltr' id='par_1_78' title="bbox 2215 1979 3804 2052">
     <span class='ocr_line' id='line_1_78' title="bbox 2215 1979 3804 2052; baseline 0.005 -20"><span class='ocrx_word' id='word_1_609' title='bbox 2215 1979 2289 2033; x_wconf 84' lang='lat' dir='ltr'><strong>Ab</strong></span> <span class='ocrx_word' id='word_1_610' title='bbox 2337 1996 2393 2034; x_wconf 89' lang='lat' dir='ltr'><strong>eo</strong></span> <span class='ocrx_word' id='word_1_611' title='bbox 2433 1981 2569 2051; x_wconf 88' lang='lat' dir='ltr'><strong>quod</strong></span> <span class='ocrx_word' id='word_1_612' title='bbox 2605 1981 2845 2052; x_wconf 83' lang='lat' dir='ltr'><strong>scriptum</strong></span> <span class='ocrx_word' id='word_1_613' title='bbox 2874 1992 2978 2047; x_wconf 87' lang='lat' dir='ltr'><strong>est,</strong></span> <span class='ocrx_word' id='word_1_614' title='bbox 3011 1983 3070 2037; x_wconf 90' lang='lat' dir='ltr'><strong>ln</strong></span> <span class='ocrx_word' id='word_1_615' title='bbox 3097 1983 3384 2038; x_wconf 91' lang='lat' dir='ltr'><strong>crastinum</strong></span> <span class='ocrx_word' id='word_1_616' title='bbox 3423 1993 3601 2040; x_wconf 90' lang='lat' dir='ltr'><strong>autem</strong></span> <span class='ocrx_word' id='word_1_617' title='bbox 3648 1985 3804 2040; x_wconf 85' lang='lat' dir='ltr'><strong>turba</strong></span> 
     </span>
    </p>
   </div>
   <div class='ocr_carea' id='block_1_79' title="bbox 2285 2069 3805 2145">
    <p class='ocr_par' dir='ltr' id='par_1_79' title="bbox 2285 2069 3805 2145">
     <span class='ocr_line' id='line_1_79' title="bbox 2285 2069 3805 2145; baseline 0.005 -22"><span class='ocrx_word' id='word_1_618' title='bbox 2285 2069 2450 2124; x_wconf 88' lang='lat' dir='ltr'><strong>multa</strong></span> <span class='ocrx_word' id='word_1_619' title='bbox 2473 2086 2592 2140; x_wconf 66' lang='lat' dir='ltr'><strong>quae</strong></span> <span class='ocrx_word' id='word_1_620' title='bbox 2619 2080 2838 2126; x_wconf 86' lang='lat' dir='ltr'><strong>venerat</strong></span> <span class='ocrx_word' id='word_1_621' title='bbox 2863 2072 2928 2126; x_wconf 88' lang='lat' dir='ltr'><strong>ad</strong></span> <span class='ocrx_word' id='word_1_622' title='bbox 2954 2073 3092 2127; x_wconf 90' lang='lat' dir='ltr'><strong>diem</strong></span> <span class='ocrx_word' id='word_1_623' title='bbox 3126 2073 3316 2129; x_wconf 84' lang='lat' dir='ltr'><strong>festum</strong></span> <span class='ocrx_word' id='word_1_624' title='bbox 3338 2116 3353 2139; x_wconf 92' lang='lat'><strong>,</strong></span> <span class='ocrx_word' id='word_1_625' title='bbox 3379 2085 3510 2140; x_wconf 88' lang='lat' dir='ltr'><strong>etc.,</strong></span> <span class='ocrx_word' id='word_1_626' title='bbox 3539 2091 3697 2145; x_wconf 80' lang='lat' dir='ltr'><strong>usque</strong></span> <span class='ocrx_word' id='word_1_627' title='bbox 3728 2075 3805 2131; x_wconf 77' lang='lat' dir='ltr'><strong>ad</strong></span> 
     </span>
    </p>
   </div>
   <div class='ocr_carea' id='block_1_80' title="bbox 2285 2161 3804 2232">
    <p class='ocr_par' dir='ltr' id='par_1_80' title="bbox 2285 2161 3804 2232">
     <span class='ocr_line' id='line_1_80' title="bbox 2285 2161 3804 2232; baseline 0.004 -18"><span class='ocrx_word' id='word_1_628' title='bbox 2285 2161 2360 2226; x_wconf 88' lang='lat' dir='ltr'><strong>id,</strong></span> <span class='ocrx_word' id='word_1_629' title='bbox 2389 2161 2446 2215; x_wconf 91' lang='lat' dir='ltr'><strong>Si</strong></span> <span class='ocrx_word' id='word_1_630' title='bbox 2477 2162 2597 2232; x_wconf 92' lang='lat' dir='ltr'><strong>quis</strong></span> <span class='ocrx_word' id='word_1_631' title='bbox 2624 2162 2753 2216; x_wconf 91' lang='lat' dir='ltr'><strong>mihi</strong></span> <span class='ocrx_word' id='word_1_632' title='bbox 2797 2162 3210 2229; x_wconf 89' lang='lat' dir='ltr'><strong>ministraverit,</strong></span> <span class='ocrx_word' id='word_1_633' title='bbox 3239 2163 3610 2220; x_wconf 84' lang='lat' dir='ltr'><strong>honorificabit</strong></span> <span class='ocrx_word' id='word_1_634' title='bbox 3650 2165 3804 2220; x_wconf 77' lang='lat' dir='ltr'><strong>illum</strong></span> 
     </span>
    </p>
   </div>
   <div class='ocr_carea' id='block_1_81' title="bbox 2287 2249 3249 2323">
    <p class='ocr_par' dir='ltr' id='par_1_81' title="bbox 2287 2249 3249 2323">
     <span class='ocr_line' id='line_1_81' title="bbox 2287 2249 3249 2323; baseline 0.001 -18"><span class='ocrx_word' id='word_1_635' title='bbox 2287 2249 2444 2305; x_wconf 89' lang='lat' dir='ltr'><strong>Pater</strong></span> <span class='ocrx_word' id='word_1_636' title='bbox 2469 2266 2642 2306; x_wconf 88' lang='lat' dir='ltr'><strong>meus.</strong></span> <span class='ocrx_word' id='word_1_637' title='bbox 2669 2251 2797 2323; x_wconf 81' lang='lat' dir='ltr'><strong>Cap.</strong></span> <span class='ocrx_word' id='word_1_638' title='bbox 2821 2267 2916 2318; x_wconf 79' lang='lat' dir='ltr'><strong>xu,</strong></span> <span class='ocrx_word' id='word_1_639' title='bbox 2960 2253 2995 2322; x_wconf 56' lang='grc' dir='ltr'>ᾖ</span> <span class='ocrx_word' id='word_1_640' title='bbox 3021 2291 3035 2306; x_wconf 93' lang='grc'><strong>.</strong></span> <span class='ocrx_word' id='word_1_641' title='bbox 3059 2253 3249 2308; x_wconf 73' lang='grc'><strong>12-26.</strong></span> 
     </span>
    </p>
   </div>
   <div class='ocr_carea' id='block_1_82' title="bbox 2287 2384 3805 2458">
    <p class='ocr_par' dir='ltr' id='par_1_82' title="bbox 2287 2384 3805 2458">
     <span class='ocr_line' id='line_1_82' title="bbox 2287 2384 3805 2458; baseline 0.004 -21"><span class='ocrx_word' id='word_1_642' title='bbox 2287 2384 2339 2438; x_wconf 82' lang='lat' dir='ltr'><strong>l.</strong></span> <span class='ocrx_word' id='word_1_643' title='bbox 2391 2384 2742 2454; x_wconf 84' lang='lat' dir='ltr'><strong>Posteaquam</strong></span> <span class='ocrx_word' id='word_1_644' title='bbox 2782 2386 3037 2442; x_wconf 89' lang='lat' dir='ltr'><strong>Dominus</strong></span> <span class='ocrx_word' id='word_1_645' title='bbox 3073 2385 3480 2458; x_wconf 89' lang='lat' dir='ltr'><strong>quatriduanum</strong></span> <span class='ocrx_word' id='word_1_646' title='bbox 3532 2396 3805 2443; x_wconf 91' lang='lat' dir='ltr'><strong>mortuum</strong></span> 
     </span>
    </p>
   </div>
   <div class='ocr_carea' id='block_1_83' title="bbox 2215 2476 3804 2546">
    <p class='ocr_par' dir='ltr' id='par_1_83' title="bbox 2215 2476 3804 2546">
     <span class='ocr_line' id='line_1_83' title="bbox 2215 2476 3804 2546; baseline 0.003 -17"><span class='ocrx_word' id='word_1_647' title='bbox 2215 2476 2513 2542; x_wconf 88' lang='lat' dir='ltr'><strong>suscitavit,</strong></span> <span class='ocrx_word' id='word_1_648' title='bbox 2533 2477 2868 2546; x_wconf 85' lang='lat' dir='ltr'><strong>stupentibus</strong></span> <span class='ocrx_word' id='word_1_649' title='bbox 2887 2477 3106 2543; x_wconf 68' lang='lat' dir='ltr'><strong>Iudtcis,</strong></span> <span class='ocrx_word' id='word_1_650' title='bbox 3132 2486 3184 2533; x_wconf 92' lang='lat' dir='ltr'><strong>et</strong></span> <span class='ocrx_word' id='word_1_651' title='bbox 3215 2479 3332 2532; x_wconf 87' lang='lat' dir='ltr'><strong>aliis</strong></span> <span class='ocrx_word' id='word_1_652' title='bbox 3358 2493 3544 2534; x_wconf 88' lang='lat' dir='ltr'><strong>eorum</strong></span> <span class='ocrx_word' id='word_1_653' title='bbox 3571 2477 3804 2534; x_wconf 88' lang='lat' dir='ltr'><strong>videndo</strong></span> 
     </span>
    </p>
   </div>
   <div class='ocr_carea' id='block_1_84' title="bbox 2215 2568 3808 2642">
    <p class='ocr_par' dir='ltr' id='par_1_84' title="bbox 2215 2568 3808 2642">
     <span class='ocr_line' id='line_1_84' title="bbox 2215 2568 3808 2642; baseline 0.003 -19"><span class='ocrx_word' id='word_1_654' title='bbox 2215 2568 2587 2634; x_wconf 89' lang='lat' dir='ltr'><strong>credentibus,</strong></span> <span class='ocrx_word' id='word_1_655' title='bbox 2636 2569 2753 2624; x_wconf 90' lang='lat' dir='ltr'><strong>aliis</strong></span> <span class='ocrx_word' id='word_1_656' title='bbox 2799 2569 3082 2625; x_wconf 90' lang='lat' dir='ltr'><strong>invidendo</strong></span> <span class='ocrx_word' id='word_1_657' title='bbox 3133 2571 3517 2639; x_wconf 89' lang='lat' dir='ltr'><strong>pereuntibus,</strong></span> <span class='ocrx_word' id='word_1_658' title='bbox 3584 2578 3808 2642; x_wconf 88' lang='lat' dir='ltr'><strong>propter</strong></span> 
     </span>
    </p>
   </div>
   <div class='ocr_carea' id='block_1_85' title="bbox 2215 2660 3801 2731">
    <p class='ocr_par' dir='ltr' id='par_1_85' title="bbox 2215 2660 3801 2731">
     <span class='ocr_line' id='line_1_85' title="bbox 2215 2660 3801 2731; baseline 0.003 -18"><span class='ocrx_word' id='word_1_659' title='bbox 2215 2660 2433 2716; x_wconf 87' lang='lat' dir='ltr'><strong>odorem</strong></span> <span class='ocrx_word' id='word_1_660' title='bbox 2464 2661 2685 2728; x_wconf 90' lang='lat' dir='ltr'><strong>bonum,</strong></span> <span class='ocrx_word' id='word_1_661' title='bbox 2715 2661 2803 2731; x_wconf 91' lang='lat' dir='ltr'><strong>qui</strong></span> <span class='ocrx_word' id='word_1_662' title='bbox 2831 2670 2914 2716; x_wconf 87' lang='lat' dir='ltr'><strong>est</strong></span> <span class='ocrx_word' id='word_1_663' title='bbox 2940 2661 3064 2716; x_wconf 89' lang='lat' dir='ltr'><strong>aliis</strong></span> <span class='ocrx_word' id='word_1_664' title='bbox 3099 2661 3167 2716; x_wconf 90' lang='lat' dir='ltr'><strong>ad</strong></span> <span class='ocrx_word' id='word_1_665' title='bbox 3192 2661 3376 2728; x_wconf 87' lang='lat' dir='ltr'><strong>vitam,</strong></span> <span class='ocrx_word' id='word_1_666' title='bbox 3399 2661 3518 2716; x_wconf 86' lang='lat' dir='ltr'><strong>aliis</strong></span> <span class='ocrx_word' id='word_1_667' title='bbox 3555 2661 3623 2717; x_wconf 89' lang='lat' dir='ltr'><strong>ad</strong></span> <span class='ocrx_word' id='word_1_668' title='bbox 3649 2676 3801 2717; x_wconf 84' lang='lat' dir='ltr'><strong>mor-</strong></span> 
     </span>
    </p>
   </div>
   <div class='ocr_carea' id='block_1_86' title="bbox 2216 2749 3808 2823">
    <p class='ocr_par' dir='ltr' id='par_1_86' title="bbox 2216 2749 3808 2823">
     <span class='ocr_line' id='line_1_86' title="bbox 2216 2749 3808 2823; baseline 0.003 -19"><span class='ocrx_word' id='word_1_669' title='bbox 2216 2759 2322 2805; x_wconf 89' lang='lat' dir='ltr'><strong>tem</strong></span> <span class='ocrx_word' id='word_1_670' title='bbox 2352 2749 2428 2823; x_wconf 94' lang='grc' dir='ltr'><strong>(ΙΙ</strong></span> <span class='ocrx_word' id='word_1_671' title='bbox 2456 2749 2575 2805; x_wconf 83' lang='lat' dir='ltr'><strong>Cor.</strong></span> <span class='ocrx_word' id='word_1_672' title='bbox 2611 2767 2678 2816; x_wconf 86' lang='grc' dir='ltr'><strong>ιι,</strong></span> <span class='ocrx_word' id='word_1_673' title='bbox 2721 2752 2846 2822; x_wconf 77' lang='grc'><strong>15);</strong></span> <span class='ocrx_word' id='word_1_674' title='bbox 2883 2761 3227 2822; x_wconf 90' lang='lat' dir='ltr'><strong>posteaquam</strong></span> <span class='ocrx_word' id='word_1_675' title='bbox 3255 2751 3520 2808; x_wconf 84' lang='lat' dir='ltr'><strong>discubuit</strong></span> <span class='ocrx_word' id='word_1_676' title='bbox 3549 2752 3602 2807; x_wconf 92' lang='lat' dir='ltr'><strong>in</strong></span> <span class='ocrx_word' id='word_1_677' title='bbox 3641 2751 3808 2808; x_wconf 88' lang='lat' dir='ltr'><strong>domo</strong></span> 
     </span>
    </p>
   </div>
   <div class='ocr_carea' id='block_1_87' title="bbox 2214 2844 3806 2915">
    <p class='ocr_par' dir='ltr' id='par_1_87' title="bbox 2214 2844 3806 2915">
     <span class='ocr_line' id='line_1_87' title="bbox 2214 2844 3806 2915; baseline 0.001 -17"><span class='ocrx_word' id='word_1_678' title='bbox 2214 2859 2333 2898; x_wconf 88' lang='lat' dir='ltr'><strong>cum</strong></span> <span class='ocrx_word' id='word_1_679' title='bbox 2365 2844 2706 2900; x_wconf 89' lang='lat' dir='ltr'><strong>recumbente</strong></span> <span class='ocrx_word' id='word_1_680' title='bbox 2741 2844 2960 2910; x_wconf 81' lang='lat' dir='ltr'><strong>Lazaro,</strong></span> <span class='ocrx_word' id='word_1_681' title='bbox 2991 2844 3082 2915; x_wconf 91' lang='lat' dir='ltr'><strong>qui</strong></span> <span class='ocrx_word' id='word_1_682' title='bbox 3109 2845 3279 2901; x_wconf 83' lang='lat' dir='ltr'><strong>fuerat</strong></span> <span class='ocrx_word' id='word_1_683' title='bbox 3305 2855 3547 2900; x_wconf 90' lang='lat' dir='ltr'><strong>mortuus</strong></span> <span class='ocrx_word' id='word_1_684' title='bbox 3573 2845 3806 2901; x_wconf 78' lang='lat' dir='ltr'><strong>suscita-</strong></span> 
     </span>
    </p>
   </div>
   <div class='ocr_carea' id='block_1_88' title="bbox 2216 2932 3808 3004">
    <p class='ocr_par' dir='ltr' id='par_1_88' title="bbox 2216 2932 3808 3004">
     <span class='ocr_line' id='line_1_88' title="bbox 2216 2932 3808 3004; baseline 0.002 -17"><span class='ocrx_word' id='word_1_685' title='bbox 2216 2942 2320 3000; x_wconf 88' lang='lat' dir='ltr'><strong>tus,</strong></span> <span class='ocrx_word' id='word_1_686' title='bbox 2349 2943 2468 3004; x_wconf 93' lang='lat' dir='ltr'><strong>post</strong></span> <span class='ocrx_word' id='word_1_687' title='bbox 2496 2940 2820 3004; x_wconf 83' lang='lat' dir='ltr'><strong>unguentum</strong></span> <span class='ocrx_word' id='word_1_688' title='bbox 2847 2932 3074 2988; x_wconf 70' lang='lat' dir='ltr'><strong>effusum</strong></span> <span class='ocrx_word' id='word_1_689' title='bbox 3113 2949 3274 3004; x_wconf 54' lang='lat' dir='ltr'><strong>super</strong></span> <span class='ocrx_word' id='word_1_690' title='bbox 3309 2934 3472 3004; x_wconf 89' lang='lat' dir='ltr'><strong>pedes</strong></span> <span class='ocrx_word' id='word_1_691' title='bbox 3496 2933 3633 3004; x_wconf 90' lang='lat' dir='ltr'><strong>ejus,</strong></span> <span class='ocrx_word' id='word_1_692' title='bbox 3661 2933 3808 2990; x_wconf 83' lang='lat' dir='ltr'><strong>unde</strong></span> 
     </span>
    </p>
   </div>
   <div class='ocr_carea' id='block_1_89' title="bbox 2215 3023 3809 3094">
    <p class='ocr_par' dir='ltr' id='par_1_89' title="bbox 2215 3023 3809 3094">
     <span class='ocr_line' id='line_1_89' title="bbox 2215 3023 3809 3094; baseline 0.003 -18"><span class='ocrx_word' id='word_1_693' title='bbox 2215 3023 2406 3078; x_wconf 88' lang='lat' dir='ltr'><strong>domus</strong></span> <span class='ocrx_word' id='word_1_694' title='bbox 2439 3023 2605 3079; x_wconf 89' lang='lat' dir='ltr'><strong>odore</strong></span> <span class='ocrx_word' id='word_1_695' title='bbox 2631 3025 2893 3094; x_wconf 88' lang='lat' dir='ltr'><strong>completa</strong></span> <span class='ocrx_word' id='word_1_696' title='bbox 2919 3033 3035 3089; x_wconf 91' lang='lat' dir='ltr'><strong>est;</strong></span> <span class='ocrx_word' id='word_1_697' title='bbox 3068 3035 3409 3094; x_wconf 89' lang='lat' dir='ltr'><strong>posteaquam</strong></span> <span class='ocrx_word' id='word_1_698' title='bbox 3435 3040 3624 3079; x_wconf 90' lang='lat' dir='ltr'><strong>vanam</strong></span> <span class='ocrx_word' id='word_1_699' title='bbox 3645 3024 3809 3080; x_wconf 64' lang='grc' dir='ltr'><strong>επινι-</strong></span> 
     </span>
    </p>
   </div>
   <div class='ocr_carea' id='block_1_90' title="bbox 2217 3107 3809 3181">
    <p class='ocr_par' dir='ltr' id='par_1_90' title="bbox 2217 3107 3809 3181">
     <span class='ocr_line' id='line_1_90' title="bbox 2217 3107 3809 3181; baseline 0.001 -12"><span class='ocrx_word' id='word_1_700' title='bbox 2217 3115 2363 3181; x_wconf 89' lang='lat' dir='ltr'><strong>tiam,</strong></span> <span class='ocrx_word' id='word_1_701' title='bbox 2393 3123 2447 3169; x_wconf 89' lang='lat' dir='ltr'><strong>et</strong></span> <span class='ocrx_word' id='word_1_702' title='bbox 2477 3115 2842 3169; x_wconf 89' lang='lat' dir='ltr'><strong>stultissimum</strong></span> <span class='ocrx_word' id='word_1_703' title='bbox 2881 3124 2936 3170; x_wconf 90' lang='lat' dir='ltr'><strong>et</strong></span> <span class='ocrx_word' id='word_1_704' title='bbox 2963 3114 3421 3170; x_wconf 90' lang='lat' dir='ltr'><strong>dementissimum</strong></span> <span class='ocrx_word' id='word_1_705' title='bbox 3439 3107 3611 3170; x_wconf 84' lang='lat' dir='ltr'><strong>scelus</strong></span> <span class='ocrx_word' id='word_1_706' title='bbox 3632 3113 3809 3171; x_wconf 71' lang='grc' dir='ltr'>ιιιόωί</span> 
     </span>
    </p>
   </div>
   <div class='ocr_carea' id='block_1_91' title="bbox 2217 3205 3803 3276">
    <p class='ocr_par' dir='ltr' id='par_1_91' title="bbox 2217 3205 3803 3276">
     <span class='ocr_line' id='line_1_91' title="bbox 2217 3205 3803 3276; baseline 0 -14"><span class='ocrx_word' id='word_1_707' title='bbox 2217 3207 2375 3262; x_wconf 90' lang='lat' dir='ltr'><strong>etiam</strong></span> <span class='ocrx_word' id='word_1_708' title='bbox 2400 3206 2467 3262; x_wconf 90' lang='lat' dir='ltr'><strong>de</strong></span> <span class='ocrx_word' id='word_1_709' title='bbox 2503 3205 2796 3262; x_wconf 89' lang='lat' dir='ltr'><strong>occidendo</strong></span> <span class='ocrx_word' id='word_1_710' title='bbox 2835 3206 3036 3261; x_wconf 86' lang='lat' dir='ltr'><strong>Lazaro</strong></span> <span class='ocrx_word' id='word_1_711' title='bbox 3078 3207 3240 3262; x_wconf 91' lang='lat' dir='ltr'><strong>corde</strong></span> <span class='ocrx_word' id='word_1_712' title='bbox 3279 3206 3488 3276; x_wconf 88' lang='lat' dir='ltr'><strong>perdito</strong></span> <span class='ocrx_word' id='word_1_713' title='bbox 3530 3220 3803 3276; x_wconf 87' lang='lat' dir='ltr'><strong>concepe-</strong></span> 
     </span>
    </p>
   </div>
   <div class='ocr_carea' id='block_1_92' title="bbox 2217 3298 3807 3370">
    <p class='ocr_par' dir='ltr' id='par_1_92' title="bbox 2217 3298 3807 3370">
     <span class='ocr_line' id='line_1_92' title="bbox 2217 3298 3807 3370; baseline 0.003 -16"><span class='ocrx_word' id='word_1_714' title='bbox 2217 3309 2367 3366; x_wconf 91' lang='lat' dir='ltr'><strong>runt;</strong></span> <span class='ocrx_word' id='word_1_715' title='bbox 2391 3298 2459 3356; x_wconf 91' lang='lat' dir='ltr'><strong>de</strong></span> <span class='ocrx_word' id='word_1_716' title='bbox 2483 3299 2675 3370; x_wconf 90' lang='lat' dir='ltr'><strong>quibus</strong></span> <span class='ocrx_word' id='word_1_717' title='bbox 2701 3300 2946 3354; x_wconf 89' lang='lat' dir='ltr'><strong>omnibus</strong></span> <span class='ocrx_word' id='word_1_718' title='bbox 2969 3310 3026 3354; x_wconf 92' lang='lat' dir='ltr'><strong>ut</strong></span> <span class='ocrx_word' id='word_1_719' title='bbox 3056 3301 3344 3369; x_wconf 89' lang='lat' dir='ltr'><strong>potuimus,</strong></span> <span class='ocrx_word' id='word_1_720' title='bbox 3373 3299 3517 3370; x_wconf 91' lang='lat' dir='ltr'><strong>quod</strong></span> <span class='ocrx_word' id='word_1_721' title='bbox 3542 3300 3807 3358; x_wconf 76' lang='lat' dir='ltr'><strong>Dominus</strong></span> 
     </span>
    </p>
   </div>
   <div class='ocr_carea' id='block_1_93' title="bbox 2215 3391 3806 3460">
    <p class='ocr_par' dir='ltr' id='par_1_93' title="bbox 2215 3391 3806 3460">
     <span class='ocr_line' id='line_1_93' title="bbox 2215 3391 3806 3460; baseline 0.002 -15"><span class='ocrx_word' id='word_1_722' title='bbox 2215 3391 2400 3457; x_wconf 88' lang='lat' dir='ltr'><strong>dedit,</strong></span> <span class='ocrx_word' id='word_1_723' title='bbox 2444 3391 2806 3460; x_wconf 89' lang='lat' dir='ltr'><strong>superioribus</strong></span> <span class='ocrx_word' id='word_1_724' title='bbox 2845 3392 3181 3446; x_wconf 89' lang='lat' dir='ltr'><strong>sermonibus</strong></span> <span class='ocrx_word' id='word_1_725' title='bbox 3205 3391 3366 3446; x_wconf 91' lang='lat' dir='ltr'><strong>locuti</strong></span> <span class='ocrx_word' id='word_1_726' title='bbox 3397 3407 3579 3447; x_wconf 90' lang='lat' dir='ltr'><strong>sumus</strong></span> <span class='ocrx_word' id='word_1_727' title='bbox 3610 3410 3626 3446; x_wconf 89' lang='lat'><strong>:</strong></span> <span class='ocrx_word' id='word_1_728' title='bbox 3658 3405 3806 3448; x_wconf 89' lang='lat' dir='ltr'><strong>nunc</strong></span> 
     </span>
    </p>
   </div>
   <div class='ocr_carea' id='block_1_94' title="bbox 2217 3481 3804 3554">
    <p class='ocr_par' dir='ltr' id='par_1_94' title="bbox 2217 3481 3804 3554">
     <span class='ocr_line' id='line_1_94' title="bbox 2217 3481 3804 3554; baseline 0.001 -18"><span class='ocrx_word' id='word_1_729' title='bbox 2217 3481 2455 3536; x_wconf 90' lang='lat' dir='ltr'><strong>intendat</strong></span> <span class='ocrx_word' id='word_1_730' title='bbox 2503 3481 2744 3537; x_wconf 89' lang='lat' dir='ltr'><strong>Charitas</strong></span> <span class='ocrx_word' id='word_1_731' title='bbox 2795 3492 3013 3550; x_wconf 88' lang='lat' dir='ltr'><strong>vestra,</strong></span> <span class='ocrx_word' id='word_1_732' title='bbox 3065 3491 3190 3538; x_wconf 90' lang='lat' dir='ltr'><strong>ante</strong></span> <span class='ocrx_word' id='word_1_733' title='bbox 3236 3483 3446 3538; x_wconf 90' lang='lat' dir='ltr'><strong>Domini</strong></span> <span class='ocrx_word' id='word_1_734' title='bbox 3497 3482 3804 3554; x_wconf 86' lang='lat' dir='ltr'><strong>passionem</strong></span> 
     </span>
    </p>
   </div>
   <div class='ocr_carea' id='block_1_95' title="bbox 2217 3571 3808 3645">
    <p class='ocr_par' dir='ltr' id='par_1_95' title="bbox 2217 3571 3808 3645">
     <span class='ocr_line' id='line_1_95' title="bbox 2217 3571 3808 3645; baseline 0.001 -19"><span class='ocrx_word' id='word_1_735' title='bbox 2217 3581 2444 3643; x_wconf 90' lang='lat' dir='ltr'><strong>quantus</strong></span> <span class='ocrx_word' id='word_1_736' title='bbox 2461 3571 2663 3628; x_wconf 86' lang='lat' dir='ltr'><strong>fructus</strong></span> <span class='ocrx_word' id='word_1_737' title='bbox 2677 3573 2982 3644; x_wconf 86' lang='lat' dir='ltr'><strong>apparuerit</strong></span> <span class='ocrx_word' id='word_1_738' title='bbox 3000 3572 3388 3643; x_wconf 73' lang='lat' dir='ltr'><strong>prmdicationis</strong></span> <span class='ocrx_word' id='word_1_739' title='bbox 3408 3573 3543 3644; x_wconf 86' lang='lat' dir='ltr'><strong>ejus,</strong></span> <span class='ocrx_word' id='word_1_740' title='bbox 3561 3582 3614 3629; x_wconf 90' lang='lat' dir='ltr'><strong>et</strong></span> <span class='ocrx_word' id='word_1_741' title='bbox 3632 3589 3808 3645; x_wconf 82' lang='lat' dir='ltr'><strong>quan-</strong></span> 
     </span>
    </p>
   </div>
   <div class='ocr_carea' id='block_1_96' title="bbox 2218 3662 3804 3735">
    <p class='ocr_par' dir='ltr' id='par_1_96' title="bbox 2218 3662 3804 3735">
     <span class='ocr_line' id='line_1_96' title="bbox 2218 3662 3804 3735; baseline 0 -17"><span class='ocrx_word' id='word_1_742' title='bbox 2218 3672 2303 3718; x_wconf 92' lang='lat' dir='ltr'><strong>tus</strong></span> <span class='ocrx_word' id='word_1_743' title='bbox 2339 3679 2469 3734; x_wconf 82' lang='lat' dir='ltr'><strong>grex</strong></span> <span class='ocrx_word' id='word_1_744' title='bbox 2501 3663 2678 3718; x_wconf 90' lang='lat' dir='ltr'><strong>ovium</strong></span> <span class='ocrx_word' id='word_1_745' title='bbox 2705 3679 2771 3719; x_wconf 86' lang='lat' dir='ltr'><strong>ex</strong></span> <span class='ocrx_word' id='word_1_746' title='bbox 2812 3663 2896 3718; x_wconf 91' lang='lat' dir='ltr'><strong>his</strong></span> <span class='ocrx_word' id='word_1_747' title='bbox 2921 3679 3040 3734; x_wconf 74' lang='lat' dir='ltr'><strong>quae</strong></span> <span class='ocrx_word' id='word_1_748' title='bbox 3066 3665 3336 3735; x_wconf 90' lang='lat' dir='ltr'><strong>perierant</strong></span> <span class='ocrx_word' id='word_1_749' title='bbox 3369 3662 3560 3720; x_wconf 90' lang='lat' dir='ltr'><strong>domus</strong></span> <span class='ocrx_word' id='word_1_750' title='bbox 3597 3663 3761 3720; x_wconf 90' lang='lat' dir='ltr'><strong>lsrael</strong></span> <span class='ocrx_word' id='word_1_751' title='bbox 3785 3705 3804 3732; x_wconf 89' lang='lat'><strong>,</strong></span> 
     </span>
    </p>
   </div>
   <div class='ocr_carea' id='block_1_97' title="bbox 2217 3753 3642 3823">
    <p class='ocr_par' dir='ltr' id='par_1_97' title="bbox 2217 3753 3642 3823">
     <span class='ocr_line' id='line_1_97' title="bbox 2217 3753 3642 3823; baseline 0 -16"><span class='ocrx_word' id='word_1_752' title='bbox 2217 3769 2402 3808; x_wconf 86' lang='lat' dir='ltr'><strong>vocem</strong></span> <span class='ocrx_word' id='word_1_753' title='bbox 2429 3755 2656 3823; x_wconf 88' lang='lat' dir='ltr'><strong>pastoris</strong></span> <span class='ocrx_word' id='word_1_754' title='bbox 2684 3753 2929 3808; x_wconf 89' lang='lat' dir='ltr'><strong>audierit.</strong></span> <span class='ocrx_word' id='word_1_755' title='bbox 3639 3765 3642 3768; x_wconf 79' lang='lat'><strong><em>&#39;</em></strong></span> 
     </span>
    </p>
   </div>
   <div class='ocr_carea' id='block_1_98' title="bbox 2289 3843 3808 3916">
    <p class='ocr_par' dir='ltr' id='par_1_98' title="bbox 2289 3843 3808 3916">
     <span class='ocr_line' id='line_1_98' title="bbox 2289 3843 3808 3916; baseline 0.001 -18"><span class='ocrx_word' id='word_1_756' title='bbox 2289 3844 2345 3898; x_wconf 73' lang='lat'><strong>2.</strong></span> <span class='ocrx_word' id='word_1_757' title='bbox 2386 3843 2476 3900; x_wconf 91' lang='lat' dir='ltr'><strong>Sic</strong></span> <span class='ocrx_word' id='word_1_758' title='bbox 2512 3843 2652 3899; x_wconf 90' lang='lat' dir='ltr'><strong>enim</strong></span> <span class='ocrx_word' id='word_1_759' title='bbox 2684 3843 2916 3914; x_wconf 91' lang='lat' dir='ltr'><strong>loquitur</strong></span> <span class='ocrx_word' id='word_1_760' title='bbox 2939 3844 3305 3915; x_wconf 87' lang='lat' dir='ltr'><strong>Evangelium,</strong></span> <span class='ocrx_word' id='word_1_761' title='bbox 3337 3843 3478 3916; x_wconf 89' lang='lat' dir='ltr'><strong>quod</strong></span> <span class='ocrx_word' id='word_1_762' title='bbox 3503 3843 3662 3899; x_wconf 91' lang='lat' dir='ltr'><strong>modo</strong></span> <span class='ocrx_word' id='word_1_763' title='bbox 3681 3859 3808 3900; x_wconf 85' lang='lat' dir='ltr'><strong>cum</strong></span> 
     </span>
    </p>
   </div>
   <div class='ocr_carea' id='block_1_99' title="bbox 2220 3934 3808 4001">
    <p class='ocr_par' dir='ltr' id='par_1_99' title="bbox 2220 3934 3808 4001">
     <span class='ocr_line' id='line_1_99' title="bbox 2220 3934 3808 4001; baseline -0.003 -9"><span class='ocrx_word' id='word_1_764' title='bbox 2220 3937 2553 4001; x_wconf 87' lang='lat' dir='ltr'><strong>recitaretur,</strong></span> <span class='ocrx_word' id='word_1_765' title='bbox 2582 3934 2807 3990; x_wconf 87' lang='lat' dir='ltr'><strong>audistis</strong></span> <span class='ocrx_word' id='word_1_766' title='bbox 2837 3953 2850 3989; x_wconf 91' lang='lat'><strong>:</strong></span> <span class='ocrx_word' id='word_1_767' title='bbox 2885 3935 2952 3990; x_wconf 88' lang='lat' dir='ltr'><strong>In</strong></span> <span class='ocrx_word' id='word_1_768' title='bbox 2977 3937 3252 3990; x_wconf 86' lang='lat' dir='ltr'><strong>crastinum</strong></span> <span class='ocrx_word' id='word_1_769' title='bbox 3277 3946 3444 3989; x_wconf 87' lang='lat' dir='ltr'><strong>autem</strong></span> <span class='ocrx_word' id='word_1_770' title='bbox 3467 3935 3612 3989; x_wconf 89' lang='lat' dir='ltr'><strong>turba</strong></span> <span class='ocrx_word' id='word_1_771' title='bbox 3642 3935 3808 3989; x_wconf 84' lang='lat' dir='ltr'><strong>multa</strong></span> 
     </span>
    </p>
   </div>
   <div class='ocr_carea' id='block_1_100' title="bbox 2219 4025 3809 4097">
    <p class='ocr_par' dir='ltr' id='par_1_100' title="bbox 2219 4025 3809 4097">
     <span class='ocr_line' id='line_1_100' title="bbox 2219 4025 3809 4097; baseline -0.001 -17"><span class='ocrx_word' id='word_1_772' title='bbox 2219 4043 2330 4097; x_wconf 73' lang='lat' dir='ltr'><strong>qua:</strong></span> <span class='ocrx_word' id='word_1_773' title='bbox 2365 4035 2565 4080; x_wconf 84' lang='lat' dir='ltr'><strong>venerat</strong></span> <span class='ocrx_word' id='word_1_774' title='bbox 2591 4027 2657 4079; x_wconf 91' lang='lat' dir='ltr'><strong>ad</strong></span> <span class='ocrx_word' id='word_1_775' title='bbox 2693 4025 2825 4080; x_wconf 88' lang='lat' dir='ltr'><strong>diem</strong></span> <span class='ocrx_word' id='word_1_776' title='bbox 2860 4025 3074 4096; x_wconf 78' lang='lat' dir='ltr'><strong>festum,</strong></span> <span class='ocrx_word' id='word_1_777' title='bbox 3105 4042 3220 4080; x_wconf 87' lang='lat' dir='ltr'><strong>cum</strong></span> <span class='ocrx_word' id='word_1_778' title='bbox 3249 4025 3504 4081; x_wconf 88' lang='lat' dir='ltr'><strong>audissent</strong></span> <span class='ocrx_word' id='word_1_779' title='bbox 3530 4026 3649 4095; x_wconf 89' lang='lat' dir='ltr'><strong>quia</strong></span> <span class='ocrx_word' id='word_1_780' title='bbox 3671 4026 3809 4079; x_wconf 81' lang='lat' dir='ltr'><strong>venit</strong></span> 
     </span>
    </p>
   </div>
   <div class='ocr_carea' id='block_1_101' title="bbox 2217 4115 3808 4187">
    <p class='ocr_par' dir='ltr' id='par_1_101' title="bbox 2217 4115 3808 4187">
     <span class='ocr_line' id='line_1_101' title="bbox 2217 4115 3808 4187; baseline 0 -16"><span class='ocrx_word' id='word_1_781' title='bbox 2217 4117 2368 4171; x_wconf 87' lang='lat' dir='ltr'><strong>Iesus</strong></span> <span class='ocrx_word' id='word_1_782' title='bbox 2406 4115 2778 4187; x_wconf 80' lang='lat' dir='ltr'><strong>Ierosolymam</strong></span> <span class='ocrx_word' id='word_1_783' title='bbox 2802 4157 2818 4184; x_wconf 89' lang='lat'><strong>,</strong></span> <span class='ocrx_word' id='word_1_784' title='bbox 2859 4125 3161 4187; x_wconf 84' lang='lat' dir='ltr'><strong>acceperunt</strong></span> <span class='ocrx_word' id='word_1_785' title='bbox 3193 4133 3364 4171; x_wconf 90' lang='lat' dir='ltr'><strong>ramos</strong></span> <span class='ocrx_word' id='word_1_786' title='bbox 3393 4116 3716 4187; x_wconf 85' lang='lat' dir='ltr'><strong>palmarum,</strong></span> <span class='ocrx_word' id='word_1_787' title='bbox 3758 4125 3808 4171; x_wconf 83' lang='lat' dir='ltr'><strong>et</strong></span> 
     </span>
    </p>
   </div>
   <div class='ocr_carea' id='block_1_102' title="bbox 2219 4205 3810 4277">
    <p class='ocr_par' dir='ltr' id='par_1_102' title="bbox 2219 4205 3810 4277">
     <span class='ocr_line' id='line_1_102' title="bbox 2219 4205 3810 4277; baseline 0.001 -19"><span class='ocrx_word' id='word_1_788' title='bbox 2219 4214 2565 4277; x_wconf 85' lang='lat' dir='ltr'><strong>processerunt</strong></span> <span class='ocrx_word' id='word_1_789' title='bbox 2601 4205 2795 4259; x_wconf 87' lang='lat' dir='ltr'><strong>obviam</strong></span> <span class='ocrx_word' id='word_1_790' title='bbox 2837 4207 2915 4274; x_wconf 86' lang='lat' dir='ltr'><strong>ei,</strong></span> <span class='ocrx_word' id='word_1_791' title='bbox 2952 4215 2997 4260; x_wconf 90' lang='lat' dir='ltr'><strong>et</strong></span> <span class='ocrx_word' id='word_1_792' title='bbox 3021 4205 3326 4271; x_wconf 79' lang='lat' dir='ltr'><strong>clamabant,</strong></span> <span class='ocrx_word' id='word_1_793' title='bbox 3358 4205 3626 4271; x_wconf 78' lang='lat' dir='ltr'><strong>llosanna,</strong></span> <span class='ocrx_word' id='word_1_794' title='bbox 3657 4205 3810 4260; x_wconf 83' lang='lat' dir='ltr'><strong>bene-</strong></span> 
     </span>
    </p>
   </div>
   <div class='ocr_carea' id='block_1_103' title="bbox 2219 4296 3806 4370">
    <p class='ocr_par' dir='ltr' id='par_1_103' title="bbox 2219 4296 3806 4370">
     <span class='ocr_line' id='line_1_103' title="bbox 2219 4296 3806 4370; baseline -0.001 -18"><span class='ocrx_word' id='word_1_795' title='bbox 2219 4299 2382 4353; x_wconf 87' lang='lat' dir='ltr'><strong>dictus</strong></span> <span class='ocrx_word' id='word_1_796' title='bbox 2406 4299 2490 4370; x_wconf 89' lang='lat' dir='ltr'><strong>qui</strong></span> <span class='ocrx_word' id='word_1_797' title='bbox 2522 4299 2652 4352; x_wconf 86' lang='lat' dir='ltr'><strong>venit</strong></span> <span class='ocrx_word' id='word_1_798' title='bbox 2688 4299 2740 4352; x_wconf 84' lang='lat' dir='ltr'><strong>in</strong></span> <span class='ocrx_word' id='word_1_799' title='bbox 2780 4299 2982 4352; x_wconf 86' lang='lat' dir='ltr'><strong>nomine</strong></span> <span class='ocrx_word' id='word_1_800' title='bbox 3019 4297 3246 4364; x_wconf 86' lang='lat' dir='ltr'><strong>Domini,</strong></span> <span class='ocrx_word' id='word_1_801' title='bbox 3289 4313 3380 4352; x_wconf 76' lang='lat' dir='ltr'><strong>rex</strong></span> <span class='ocrx_word' id='word_1_802' title='bbox 3421 4296 3605 4351; x_wconf 83' lang='lat' dir='ltr'><strong>Israel.</strong></span> <span class='ocrx_word' id='word_1_803' title='bbox 3647 4296 3806 4350; x_wconf 76' lang='lat' dir='ltr'><strong>Romi</strong></span> 
     </span>
    </p>
   </div>
   <div class='ocr_carea' id='block_1_104' title="bbox 2220 4385 3807 4460">
    <p class='ocr_par' dir='ltr' id='par_1_104' title="bbox 2220 4385 3807 4460">
     <span class='ocr_line' id='line_1_104' title="bbox 2220 4385 3807 4460; baseline -0.002 -18"><span class='ocrx_word' id='word_1_804' title='bbox 2220 4389 2509 4460; x_wconf 89' lang='lat' dir='ltr'><strong>palmarum</strong></span> <span class='ocrx_word' id='word_1_805' title='bbox 2538 4387 2721 4444; x_wconf 90' lang='lat' dir='ltr'><strong>laudes</strong></span> <span class='ocrx_word' id='word_1_806' title='bbox 2745 4397 2904 4454; x_wconf 91' lang='lat' dir='ltr'><strong>sunt,</strong></span> <span class='ocrx_word' id='word_1_807' title='bbox 2950 4387 3309 4459; x_wconf 85' lang='lat' dir='ltr'><strong>significantes</strong></span> <span class='ocrx_word' id='word_1_808' title='bbox 3337 4387 3652 4449; x_wconf 89' lang='lat' dir='ltr'><strong>victoriam;</strong></span> <span class='ocrx_word' id='word_1_809' title='bbox 3680 4385 3807 4456; x_wconf 86' lang='lat' dir='ltr'><strong>quia</strong></span> 
     </span>
    </p>
   </div>
   <div class='ocr_carea' id='block_1_105' title="bbox 2218 4479 3806 4549">
    <p class='ocr_par' dir='ltr' id='par_1_105' title="bbox 2218 4479 3806 4549">
     <span class='ocr_line' id='line_1_105' title="bbox 2218 4479 3806 4549; baseline -0.003 -12"><span class='ocrx_word' id='word_1_810' title='bbox 2218 4489 2335 4537; x_wconf 89' lang='lat' dir='ltr'><strong>erat</strong></span> <span class='ocrx_word' id='word_1_811' title='bbox 2363 4481 2616 4536; x_wconf 90' lang='lat' dir='ltr'><strong>Dominus</strong></span> <span class='ocrx_word' id='word_1_812' title='bbox 2643 4487 2870 4535; x_wconf 90' lang='lat' dir='ltr'><strong>mortem</strong></span> <span class='ocrx_word' id='word_1_813' title='bbox 2903 4479 3182 4534; x_wconf 92' lang='lat' dir='ltr'><strong>moriendo</strong></span> <span class='ocrx_word' id='word_1_814' title='bbox 3209 4487 3577 4549; x_wconf 88' lang='lat' dir='ltr'><strong>superaturus,</strong></span> <span class='ocrx_word' id='word_1_815' title='bbox 3603 4485 3659 4532; x_wconf 91' lang='lat' dir='ltr'><strong>et</strong></span> <span class='ocrx_word' id='word_1_816' title='bbox 3689 4483 3806 4532; x_wconf 84' lang='lat' dir='ltr'><strong>tro-</strong></span> 
     </span>
    </p>
   </div>
   <div class='ocr_carea' id='block_1_106' title="bbox 2219 4569 3803 4642">
    <p class='ocr_par' dir='ltr' id='par_1_106' title="bbox 2219 4569 3803 4642">
     <span class='ocr_line' id='line_1_106' title="bbox 2219 4569 3803 4642; baseline -0.003 -14"><span class='ocrx_word' id='word_1_817' title='bbox 2219 4587 2334 4642; x_wconf 73' lang='lat' dir='ltr'><strong>preo</strong></span> <span class='ocrx_word' id='word_1_818' title='bbox 2364 4571 2537 4628; x_wconf 88' lang='lat' dir='ltr'><strong>crucis</strong></span> <span class='ocrx_word' id='word_1_819' title='bbox 2560 4569 2628 4627; x_wconf 88' lang='lat' dir='ltr'><strong>de</strong></span> <span class='ocrx_word' id='word_1_820' title='bbox 2649 4570 2862 4626; x_wconf 91' lang='lat' dir='ltr'><strong>diabolo</strong></span> <span class='ocrx_word' id='word_1_821' title='bbox 2890 4570 3076 4625; x_wconf 89' lang='lat' dir='ltr'><strong>mortis</strong></span> <span class='ocrx_word' id='word_1_822' title='bbox 3102 4569 3340 4640; x_wconf 88' lang='lat' dir='ltr'><strong>principe</strong></span> <span class='ocrx_word' id='word_1_823' title='bbox 3359 4569 3803 4638; x_wconf 88' lang='lat' dir='ltr'><strong>triumphaturus.</strong></span> 
     </span>
    </p>
   </div>
   <div class='ocr_carea' id='block_1_107' title="bbox 2218 4659 3808 4728">
    <p class='ocr_par' dir='ltr' id='par_1_107' title="bbox 2218 4659 3808 4728">
     <span class='ocr_line' id='line_1_107' title="bbox 2218 4659 3808 4728; baseline -0.004 -7"><span class='ocrx_word' id='word_1_824' title='bbox 2218 4664 2333 4721; x_wconf 88' lang='lat' dir='ltr'><strong>Vox</strong></span> <span class='ocrx_word' id='word_1_825' title='bbox 2369 4673 2547 4719; x_wconf 87' lang='lat' dir='ltr'><strong>autem</strong></span> <span class='ocrx_word' id='word_1_826' title='bbox 2596 4661 2930 4718; x_wconf 90' lang='lat' dir='ltr'><strong>obsecrantis</strong></span> <span class='ocrx_word' id='word_1_827' title='bbox 2957 4670 3037 4716; x_wconf 92' lang='lat' dir='ltr'><strong>cst</strong></span> <span class='ocrx_word' id='word_1_828' title='bbox 3058 4703 3072 4727; x_wconf 90' lang='lat'><strong>,</strong></span> <span class='ocrx_word' id='word_1_829' title='bbox 3106 4661 3375 4728; x_wconf 88' lang='lat' dir='ltr'><strong>llosanna,</strong></span> <span class='ocrx_word' id='word_1_830' title='bbox 3403 4661 3537 4715; x_wconf 91' lang='lat' dir='ltr'><strong>sicut</strong></span> <span class='ocrx_word' id='word_1_831' title='bbox 3561 4659 3808 4715; x_wconf 89' lang='lat' dir='ltr'><strong>nonnulli</strong></span> 
     </span>
    </p>
   </div>
   <div class='ocr_carea' id='block_1_108' title="bbox 2219 4751 3806 4825">
    <p class='ocr_par' dir='ltr' id='par_1_108' title="bbox 2219 4751 3806 4825">
     <span class='ocr_line' id='line_1_108' title="bbox 2219 4751 3806 4825; baseline -0.003 -15"><span class='ocrx_word' id='word_1_832' title='bbox 2219 4754 2402 4810; x_wconf 91' lang='lat' dir='ltr'><strong>dicunt</strong></span> <span class='ocrx_word' id='word_1_833' title='bbox 2421 4755 2510 4825; x_wconf 91' lang='lat' dir='ltr'><strong>qui</strong></span> <span class='ocrx_word' id='word_1_834' title='bbox 2535 4753 2797 4809; x_wconf 83' lang='lat' dir='ltr'><strong>hebraeam</strong></span> <span class='ocrx_word' id='word_1_835' title='bbox 2815 4753 3046 4823; x_wconf 90' lang='lat' dir='ltr'><strong>linguam</strong></span> <span class='ocrx_word' id='word_1_836' title='bbox 3069 4761 3353 4816; x_wconf 91' lang='lat' dir='ltr'><strong>noverunt,</strong></span> <span class='ocrx_word' id='word_1_837' title='bbox 3369 4751 3536 4822; x_wconf 88' lang='lat' dir='ltr'><strong>magis</strong></span> <span class='ocrx_word' id='word_1_838' title='bbox 3555 4751 3806 4806; x_wconf 71' lang='lat' dir='ltr'><strong>affectum</strong></span> 
     </span>
    </p>
   </div>
   <div class='ocr_carea' id='block_1_109' title="bbox 2220 4843 3918 4918">
    <p class='ocr_par' dir='ltr' id='par_1_109' title="bbox 2220 4843 3918 4918">
     <span class='ocr_line' id='line_1_109' title="bbox 2220 4843 3918 4918; baseline -0.001 -19"><span class='ocrx_word' id='word_1_839' title='bbox 2220 4845 2480 4908; x_wconf 87' lang='lat' dir='ltr'><strong>indicans,</strong></span> <span class='ocrx_word' id='word_1_840' title='bbox 2511 4858 2668 4914; x_wconf 89' lang='lat' dir='ltr'><strong>quam</strong></span> <span class='ocrx_word' id='word_1_841' title='bbox 2702 4859 2818 4898; x_wconf 91' lang='lat' dir='ltr'><strong>rem</strong></span> <span class='ocrx_word' id='word_1_842' title='bbox 2857 4845 3086 4914; x_wconf 88' lang='lat' dir='ltr'><strong>aliquam</strong></span> <span class='ocrx_word' id='word_1_843' title='bbox 3125 4843 3431 4914; x_wconf 90' lang='lat' dir='ltr'><strong>significans</strong></span> <span class='ocrx_word' id='word_1_844' title='bbox 3461 4861 3474 4897; x_wconf 92' lang='lat'>:</span> <span class='ocrx_word' id='word_1_845' title='bbox 3504 4843 3642 4898; x_wconf 88' lang='lat' dir='ltr'><strong>sicut</strong></span> <span class='ocrx_word' id='word_1_846' title='bbox 3679 4850 3808 4899; x_wconf 92' lang='lat' dir='ltr'><strong>sunt</strong></span> <span class='ocrx_word' id='word_1_847' title='bbox 3903 4905 3918 4918; x_wconf 21' lang='grc' dir='ltr'><strong>ἢ</strong></span> 
     </span>
    </p>
   </div>
   <div class='ocr_carea' id='block_1_110' title="bbox 2221 4932 3808 5004">
    <p class='ocr_par' dir='ltr' id='par_1_110' title="bbox 2221 4932 3808 5004">
     <span class='ocr_line' id='line_1_110' title="bbox 2221 4932 3808 5004; baseline -0.001 -15"><span class='ocrx_word' id='word_1_848' title='bbox 2221 4935 2272 4989; x_wconf 86' lang='lat' dir='ltr'><strong>in</strong></span> <span class='ocrx_word' id='word_1_849' title='bbox 2323 4935 2496 5004; x_wconf 87' lang='lat' dir='ltr'><strong>lingua</strong></span> <span class='ocrx_word' id='word_1_850' title='bbox 2536 4933 2696 4988; x_wconf 91' lang='lat' dir='ltr'><strong>latina</strong></span> <span class='ocrx_word' id='word_1_851' title='bbox 2739 4947 2869 5003; x_wconf 89' lang='lat' dir='ltr'><strong>quas</strong></span> <span class='ocrx_word' id='word_1_852' title='bbox 2927 4932 3322 5004; x_wconf 85' lang='lat' dir='ltr'><strong>interjectiones</strong></span> <span class='ocrx_word' id='word_1_853' title='bbox 3376 4942 3606 5000; x_wconf 87' lang='lat' dir='ltr'><strong>vocant,</strong></span> <span class='ocrx_word' id='word_1_854' title='bbox 3655 4934 3808 4988; x_wconf 89' lang='lat' dir='ltr'><strong>velut</strong></span> 
     </span>
    </p>
   </div>
   <div class='ocr_carea' id='block_1_111' title="bbox 2221 5021 3802 5091">
    <p class='ocr_par' dir='ltr' id='par_1_111' title="bbox 2221 5021 3802 5091">
     <span class='ocr_line' id='line_1_111' title="bbox 2221 5021 3802 5091; baseline -0.002 -12"><span class='ocrx_word' id='word_1_855' title='bbox 2221 5040 2342 5079; x_wconf 92' lang='lat' dir='ltr'><strong>cum</strong></span> <span class='ocrx_word' id='word_1_856' title='bbox 2376 5023 2619 5078; x_wconf 91' lang='lat' dir='ltr'><strong>dolentes</strong></span> <span class='ocrx_word' id='word_1_857' title='bbox 2660 5023 2920 5091; x_wconf 89' lang='lat' dir='ltr'><strong>dicimus,</strong></span> <span class='ocrx_word' id='word_1_858' title='bbox 2968 5023 3114 5078; x_wconf 82' lang='lat' dir='ltr'><strong>Heu!</strong></span> <span class='ocrx_word' id='word_1_859' title='bbox 3151 5023 3233 5078; x_wconf 90' lang='lat' dir='ltr'><strong>vel</strong></span> <span class='ocrx_word' id='word_1_860' title='bbox 3274 5038 3393 5078; x_wconf 93' lang='lat' dir='ltr'><strong>cum</strong></span> <span class='ocrx_word' id='word_1_861' title='bbox 3424 5021 3758 5078; x_wconf 82' lang='lat' dir='ltr'><strong>delectantur</strong></span> <span class='ocrx_word' id='word_1_862' title='bbox 3785 5063 3802 5088; x_wconf 90' lang='lat'><strong>,</strong></span> 
     </span>
    </p>
   </div>
   <div class='ocr_carea' id='block_1_112' title="bbox 2222 5113 3848 5184">
    <p class='ocr_par' dir='ltr' id='par_1_112' title="bbox 2222 5113 3848 5184">
     <span class='ocr_line' id='line_1_112' title="bbox 2222 5113 3848 5184; baseline 0.001 -17"><span class='ocrx_word' id='word_1_863' title='bbox 2222 5117 2365 5172; x_wconf 76' lang='lat' dir='ltr'><strong>Vah!</strong></span> <span class='ocrx_word' id='word_1_864' title='bbox 2395 5117 2648 5184; x_wconf 87' lang='lat' dir='ltr'><strong>dicimus;</strong></span> <span class='ocrx_word' id='word_1_865' title='bbox 2666 5117 2748 5173; x_wconf 87' lang='lat' dir='ltr'><strong>vel</strong></span> <span class='ocrx_word' id='word_1_866' title='bbox 2769 5131 2888 5172; x_wconf 90' lang='lat' dir='ltr'><strong>cum</strong></span> <span class='ocrx_word' id='word_1_867' title='bbox 2910 5115 3185 5183; x_wconf 89' lang='lat' dir='ltr'><strong>miramur,</strong></span> <span class='ocrx_word' id='word_1_868' title='bbox 3207 5115 3453 5182; x_wconf 90' lang='lat' dir='ltr'><strong>dicimus,</strong></span> <span class='ocrx_word' id='word_1_869' title='bbox 3476 5113 3520 5172; x_wconf 94' lang='grc' dir='ltr'>Ο</span> <span class='ocrx_word' id='word_1_870' title='bbox 3539 5131 3654 5170; x_wconf 89' lang='lat' dir='ltr'><strong>rem</strong></span> <span class='ocrx_word' id='word_1_871' title='bbox 3687 5130 3807 5169; x_wconf 81' lang='lat' dir='ltr'><strong>ma-</strong></span> <span class='ocrx_word' id='word_1_872' title='bbox 3841 5119 3848 5123; x_wconf 84' lang='grc'><em>’</em></span> 
     </span>
    </p>
   </div>
   <div class='ocr_carea' id='block_1_113' title="bbox 2221 5206 3804 5280">
    <p class='ocr_par' dir='ltr' id='par_1_113' title="bbox 2221 5206 3804 5280">
     <span class='ocr_line' id='line_1_113' title="bbox 2221 5206 3804 5280; baseline 0 -17"><span class='ocrx_word' id='word_1_873' title='bbox 2221 5208 2412 5280; x_wconf 84' lang='lat' dir='ltr'><strong>gnam!</strong></span> <span class='ocrx_word' id='word_1_874' title='bbox 2443 5217 2569 5262; x_wconf 90' lang='lat' dir='ltr'><strong>tunc</strong></span> <span class='ocrx_word' id='word_1_875' title='bbox 2602 5207 2742 5263; x_wconf 91' lang='lat' dir='ltr'><strong>enim</strong></span> <span class='ocrx_word' id='word_1_876' title='bbox 2763 5249 2778 5274; x_wconf 92' lang='lat'><strong>,</strong></span> <span class='ocrx_word' id='word_1_877' title='bbox 2817 5206 2886 5276; x_wconf 90' lang='grc' dir='ltr'>Ο,</span> <span class='ocrx_word' id='word_1_878' title='bbox 2927 5207 3060 5262; x_wconf 82' lang='lat' dir='ltr'><strong>nihil</strong></span> <span class='ocrx_word' id='word_1_879' title='bbox 3090 5207 3371 5278; x_wconf 90' lang='lat' dir='ltr'><strong>significat,</strong></span> <span class='ocrx_word' id='word_1_880' title='bbox 3411 5207 3512 5262; x_wconf 89' lang='lat' dir='ltr'><strong>nisi</strong></span> <span class='ocrx_word' id='word_1_881' title='bbox 3557 5207 3804 5263; x_wconf 90' lang='lat' dir='ltr'><strong>mirantis</strong></span> 
     </span>
    </p>
   </div>
   <div class='ocr_carea' id='block_1_114' title="bbox 2222 5298 3810 5369">
    <p class='ocr_par' dir='ltr' id='par_1_114' title="bbox 2222 5298 3810 5369">
     <span class='ocr_line' id='line_1_114' title="bbox 2222 5298 3810 5369; baseline 0 -15"><span class='ocrx_word' id='word_1_882' title='bbox 2222 5300 2488 5356; x_wconf 78' lang='lat' dir='ltr'><strong>allectum.</strong></span> <span class='ocrx_word' id='word_1_883' title='bbox 2512 5298 2662 5368; x_wconf 93' lang='lat' dir='ltr'><strong>Quod</strong></span> <span class='ocrx_word' id='word_1_884' title='bbox 2689 5298 2808 5354; x_wconf 91' lang='lat' dir='ltr'><strong>ideo</strong></span> <span class='ocrx_word' id='word_1_885' title='bbox 2834 5298 3159 5354; x_wconf 89' lang='lat' dir='ltr'><strong>credendum</strong></span> <span class='ocrx_word' id='word_1_886' title='bbox 3191 5307 3274 5354; x_wconf 92' lang='lat' dir='ltr'><strong>est</strong></span> <span class='ocrx_word' id='word_1_887' title='bbox 3301 5299 3370 5353; x_wconf 91' lang='lat' dir='ltr'><strong>ita</strong></span> <span class='ocrx_word' id='word_1_888' title='bbox 3393 5315 3529 5364; x_wconf 90' lang='lat' dir='ltr'><strong>esse,</strong></span> <span class='ocrx_word' id='word_1_889' title='bbox 3559 5299 3683 5369; x_wconf 91' lang='lat' dir='ltr'><strong>quia</strong></span> <span class='ocrx_word' id='word_1_890' title='bbox 3712 5312 3810 5354; x_wconf 88' lang='lat' dir='ltr'><strong>ne-</strong></span> 
     </span>
    </p>
   </div>
   <div class='ocr_carea' id='block_1_115' title="bbox 2225 5388 3804 5463">
    <p class='ocr_par' dir='ltr' id='par_1_115' title="bbox 2225 5388 3804 5463">
     <span class='ocr_line' id='line_1_115' title="bbox 2225 5388 3804 5463; baseline 0 -19"><span class='ocrx_word' id='word_1_891' title='bbox 2225 5405 2327 5460; x_wconf 90' lang='lat' dir='ltr'><strong>que</strong></span> <span class='ocrx_word' id='word_1_892' title='bbox 2366 5389 2607 5457; x_wconf 84' lang='lat' dir='ltr'><strong>Graccus,</strong></span> <span class='ocrx_word' id='word_1_893' title='bbox 2644 5404 2818 5460; x_wconf 91' lang='lat' dir='ltr'><strong>neque</strong></span> <span class='ocrx_word' id='word_1_894' title='bbox 2845 5389 3068 5445; x_wconf 90' lang='lat' dir='ltr'><strong>Latinus</strong></span> <span class='ocrx_word' id='word_1_895' title='bbox 3101 5388 3203 5445; x_wconf 91' lang='lat' dir='ltr'><strong>hoc</strong></span> <span class='ocrx_word' id='word_1_896' title='bbox 3231 5388 3568 5463; x_wconf 88' lang='lat' dir='ltr'><strong>interpretari</strong></span> <span class='ocrx_word' id='word_1_897' title='bbox 3593 5389 3804 5460; x_wconf 88' lang='lat' dir='ltr'><strong>potuit:</strong></span> 
     </span>
    </p>
   </div>
   <div class='ocr_carea' id='block_1_116' title="bbox 2225 5477 3807 5552">
    <p class='ocr_par' dir='ltr' id='par_1_116' title="bbox 2225 5477 3807 5552">
     <span class='ocr_line' id='line_1_116' title="bbox 2225 5477 3807 5552; baseline -0.003 -17"><span class='ocrx_word' id='word_1_898' title='bbox 2225 5483 2362 5535; x_wconf 89' lang='lat' dir='ltr'><strong>sicut</strong></span> <span class='ocrx_word' id='word_1_899' title='bbox 2403 5479 2553 5548; x_wconf 91' lang='lat' dir='ltr'><strong>illud,</strong></span> <span class='ocrx_word' id='word_1_900' title='bbox 2593 5479 2692 5546; x_wconf 84' lang='lat' dir='ltr'><strong>Qui</strong></span> <span class='ocrx_word' id='word_1_901' title='bbox 2734 5480 2916 5535; x_wconf 77' lang='lat' dir='ltr'><strong>dixerit</strong></span> <span class='ocrx_word' id='word_1_902' title='bbox 2953 5480 3102 5552; x_wconf 79' lang='lat' dir='ltr'><strong>fratri</strong></span> <span class='ocrx_word' id='word_1_903' title='bbox 3139 5495 3252 5545; x_wconf 89' lang='lat' dir='ltr'><strong>suo,</strong></span> <span class='ocrx_word' id='word_1_904' title='bbox 3286 5479 3466 5534; x_wconf 71' lang='lat' dir='ltr'><strong>Raetia</strong></span> <span class='ocrx_word' id='word_1_905' title='bbox 3515 5477 3728 5552; x_wconf 71' lang='lat' dir='ltr'><strong>(Matth.</strong></span> <span class='ocrx_word' id='word_1_906' title='bbox 3752 5493 3807 5547; x_wconf 74' lang='grc' dir='ltr'>ν,</span> 
     </span>
    </p>
   </div>
   <div class='ocr_carea' id='block_1_117' title="bbox 2222 5568 3811 5645">
    <p class='ocr_par' dir='ltr' id='par_1_117' title="bbox 2222 5568 3811 5645">
     <span class='ocr_line' id='line_1_117' title="bbox 2222 5568 3811 5645; baseline -0.001 -18"><span class='ocrx_word' id='word_1_907' title='bbox 2222 5570 2337 5645; x_wconf 70' lang='grc'><strong>22).</strong></span> <span class='ocrx_word' id='word_1_908' title='bbox 2361 5570 2494 5628; x_wconf 87' lang='lat' dir='ltr'><strong>Nam</strong></span> <span class='ocrx_word' id='word_1_909' title='bbox 2523 5579 2580 5630; x_wconf 87' lang='lat' dir='ltr'><strong>et</strong></span> <span class='ocrx_word' id='word_1_910' title='bbox 2613 5570 2732 5628; x_wconf 64' lang='lat' dir='ltr'><strong>haec</strong></span> <span class='ocrx_word' id='word_1_911' title='bbox 2753 5569 3052 5642; x_wconf 73' lang='lat' dir='ltr'><strong>interiectio</strong></span> <span class='ocrx_word' id='word_1_912' title='bbox 3071 5584 3190 5628; x_wconf 85' lang='lat' dir='ltr'><strong>esse</strong></span> <span class='ocrx_word' id='word_1_913' title='bbox 3213 5569 3542 5642; x_wconf 86' lang='lat' dir='ltr'><strong>perhibetur.</strong></span> <span class='ocrx_word' id='word_1_914' title='bbox 3558 5568 3811 5626; x_wconf 73' lang='lat' dir='ltr'><strong>affectum</strong></span> 
     </span>
    </p>
   </div>
   <div class='ocr_carea' id='block_1_118' title="bbox 2228 5662 2890 5734">
    <p class='ocr_par' dir='ltr' id='par_1_118' title="bbox 2228 5662 2890 5734">
     <span class='ocr_line' id='line_1_118' title="bbox 2228 5662 2890 5734; baseline 0.002 -16"><span class='ocrx_word' id='word_1_915' title='bbox 2228 5663 2552 5734; x_wconf 88' lang='lat' dir='ltr'><strong>indignantis</strong></span> <span class='ocrx_word' id='word_1_916' title='bbox 2585 5662 2890 5719; x_wconf 89' lang='lat' dir='ltr'><strong>ostendens.</strong></span> 
     </span>
    </p>
   </div>
   <div class='ocr_carea' id='block_1_119' title="bbox 2298 5748 3805 5824">
    <p class='ocr_par' dir='ltr' id='par_1_119' title="bbox 2298 5748 3805 5824">
     <span class='ocr_line' id='line_1_119' title="bbox 2298 5748 3805 5824; baseline -0.003 -15"><span class='ocrx_word' id='word_1_917' title='bbox 2298 5753 2350 5809; x_wconf 79' lang='lat'><strong>3.</strong></span> <span class='ocrx_word' id='word_1_918' title='bbox 2385 5750 2683 5808; x_wconf 78' lang='lat' dir='ltr'><strong>Benedictus</strong></span> <span class='ocrx_word' id='word_1_919' title='bbox 2717 5761 2894 5810; x_wconf 85' lang='lat' dir='ltr'><strong>autem</strong></span> <span class='ocrx_word' id='word_1_920' title='bbox 2938 5752 3028 5824; x_wconf 89' lang='lat' dir='ltr'><strong>qui</strong></span> <span class='ocrx_word' id='word_1_921' title='bbox 3062 5751 3192 5808; x_wconf 84' lang='lat' dir='ltr'><strong>venit</strong></span> <span class='ocrx_word' id='word_1_922' title='bbox 3230 5751 3281 5807; x_wconf 90' lang='lat' dir='ltr'><strong>in</strong></span> <span class='ocrx_word' id='word_1_923' title='bbox 3330 5749 3532 5808; x_wconf 81' lang='lat' dir='ltr'><strong>nomine</strong></span> <span class='ocrx_word' id='word_1_924' title='bbox 3574 5748 3805 5821; x_wconf 83' lang='lat' dir='ltr'><strong>Domini,</strong></span> 
     </span>
    </p>
   </div>
   <div class='ocr_carea' id='block_1_120' title="bbox 3301 5859 3340 5878">
    <p class='ocr_par' dir='ltr' id='par_1_120' title="bbox 3301 5859 3340 5878">
     <span class='ocr_line' id='line_1_120' title="bbox 3301 5859 3340 5878; baseline 0 0"><span class='ocrx_word' id='word_1_925' title='bbox 3301 5859 3340 5878; x_wconf 57' lang='grc' dir='ltr'><strong>ο.</strong></span> 
     </span>
    </p>
   </div>
  </div>
