4102 6464
262 324 286 382 ί
295 321 398 376 76κῖ

263 450 349 490 res
373 428 567 496 Israel,
599 428 677 484 sic
717 426 892 497 potius
930 423 1296 492 accipiendum
1338 430 1437 486 cst,
1472 430 1527 474 ut
1556 420 1607 473 in
1638 417 1851 472 nomine

262 523 495 588 Domini,
543 522 597 577 in
643 519 857 575 nomine
888 516 983 571 Dei
1012 513 1184 569 Patris
1214 512 1534 581 in'elligatur
1569 527 1581 563 :
1612 509 1853 579 quamvis

260 613 431 686 possit
456 608 682 680 intelligi
710 608 869 663 etiam
906 606 960 660 in
999 604 1212 659 nomine
1239 615 1357 666 suo,
1385 602 1504 669 quia
1536 608 1590 655 et
1616 600 1727 669 ipse
1749 600 1853 653 Do-

261 706 438 761 minus
464 712 568 759 est.
591 701 744 758 Unde
768 708 822 756 et
845 699 971 753 alibi
998 696 1253 766 scriptum
1279 702 1382 761 est,
1412 691 1556 747 Pluit
1606 691 1855 746 Dominus

258 814 292 850 a
316 796 540 849 Domino
568 792 720 864 (Gen.
761 808 874 857 ιιι,
919 787 1032 861 24).
1064 787 1170 844 Sed
1202 786 1363 842 verba
1393 786 1509 856 ejus
1538 786 1726 841 melius
1753 799 1853 839 no-

259 895 431 941 strum
463 884 702 954 dirigunt
730 881 1079 942 intellectum,
1112 876 1203 948 qui
1231 878 1345 931 ait:
1376 876 1487 947 Ego
1525 874 1635 929 veni
1671 875 1725 928 in
1764 889 1856 927 no-

258 978 395 1030 mine
434 975 612 1029 Patris
645 973 762 1039 mei,
789 982 836 1026 et
869 987 970 1025 non
995 968 1283 1038 suscepistis
1308 983 1385 1020 me
1415 980 1435 1020 :
1464 966 1594 1019 alius
1621 963 1777 1017 veniet
1803 964 1856 1016 in

260 1067 470 1122 nomine
496 1081 609 1128 suo,
639 1065 770 1118 hunc
797 1061 1076 1131 suscipietis
1104 1058 1282 1129 (Joan.
1309 1074 1358 1122 v,
1388 1056 1503 1128 45).
1532 1054 1855 1109 Humilitatis

260 1160 403 1216 enim
449 1158 703 1229 magister
730 1163 813 1211 est
862 1152 1138 1218 Christus,
1182 1150 1272 1220 qui
1311 1148 1609 1203 humiliavit
1658 1155 1855 1201 semet-

260 1252 464 1317 ipsum,
486 1249 655 1304 lactus
679 1246 933 1303 obediens
954 1258 1117 1312 usque
1142 1240 1209 1296 ad
1232 1250 1480 1305 mortem,
1511 1247 1737 1293 mortem
1757 1253 1857 1291 au-

262 1354 369 1401 tem
416 1341 595 1397 crucis
633 1339 891 1411 (Philipp.
932 1352 989 1402 ιι,
1030 1335 1109 1405 8).
1141 1333 1255 1387 Non
1284 1333 1460 1403 itaque
1488 1330 1683 1385 amittit
1720 1329 1858 1384 divi-

262 1435 520 1498 nitatem,
548 1430 758 1502 quando
799 1444 896 1483 nos
936 1426 1086 1482 docet
1120 1425 1468 1479 humilitatem
1500 1440 1513 1476 :
1554 1422 1604 1475 in
1643 1420 1733 1475 illa
1772 1428 1856 1474 est

263 1527 407 1583 Patri
440 1525 685 1595 mqnalis,
731 1523 783 1577 in
826 1521 926 1576 hac
962 1519 1115 1574 nobis
1150 1517 1341 1572 similis
1370 1534 1383 1569 :
1419 1531 1511 1585 per
1538 1512 1678 1584 quod
1714 1511 1856 1566 Patri

263 1629 345 1675 est
373 1617 624 1687 aequalis,
656 1630 756 1670 nos
786 1622 843 1668 ut
875 1626 1115 1668 essemus
1149 1608 1387 1673 creavit;
1418 1622 1512 1677 per
1533 1603 1675 1676 quod
1706 1603 1856 1658 nobis

261 1720 345 1767 est
369 1708 589 1772 similis,
630 1722 698 1761 ne
723 1705 1019 1777 periremus
1046 1701 1290 1757 redemit.

333 1800 389 1855 ι.
424 1799 536 1854 llas
558 1798 607 1853 ei
634 1794 816 1851 laudes
844 1793 994 1849 turba
1020 1792 1246 1856 dicebat,
1278 1789 1543 1855 Hosanna,
1573 1785 1857 1841 benedictus

266 1890 352 1957 qui
375 1888 514 1943 venit
540 1888 595 1941 in
620 1886 822 1940 nomine
850 1883 1077 1948 Domini,
1110 1898 1199 1936 rea:
1228 1880 1410 1936 Israel.
1438 1880 1605 1946 Quam
1644 1892 1855 1932 crucem

178 1999 186 2005 ·
264 1980 470 2035 mentis
517 1976 804 2032 invidentia
848 1974 1145 2044 principum
1193 1971 1500 2026 Iudaeorum
1530 1969 1731 2039 perpeti
1766 1982 1860 2037 po-

266 2077 426 2135 terat,
459 2067 674 2139 quando
704 2080 881 2135 regem
922 2079 1074 2119 suum
1100 2061 1368 2117 Christum
1402 2069 1543 2115 tanta
1574 2059 1859 2115 multitudo

266 2161 571 2217 clamabat?
598 2158 703 2214 Sed
742 2155 869 2227 quid
896 2157 990 2209 fuit
1014 2154 1237 2208 Domino
1270 2168 1447 2224 regem
1489 2167 1611 2208 esse
1648 2151 1807 2206 Israel
1836 2150 1859 2205 ‘l

266 2252 405 2319 Quid
429 2266 679 2321 magnum
702 2249 799 2303 fuit
822 2248 931 2318 regi
958 2246 1271 2301 szeculorum
1291 2284 1308 2311 ,
1332 2260 1513 2315 regem
1542 2244 1656 2299 ﬁeri
1680 2244 1851 2297 homi-

270 2343 438 2399 num?
478 2342 595 2397 Non
640 2341 781 2395 enim
834 2356 928 2394 rex
970 2338 1131 2392 lsrael
1168 2335 1410 2393 Christus
1444 2337 1510 2391 ad
1544 2336 1859 2406 exigendum

266 2435 564 2499 tributum,
604 2432 686 2488 vel
716 2431 1005 2487 exercitum
1047 2428 1188 2483 ferro
1214 2428 1547 2494 armandum,
1576 2427 1861 2496 hostesque

272 2524 559 2579 visibilitcr
586 2520 931 2577 debellandos
964 2536 976 2572 :
1010 2518 1104 2573 sed
1134 2534 1226 2573 rex
1258 2517 1438 2584 lsrael,
1469 2516 1612 2587 quod
1652 2526 1861 2571 mentes

271 2623 424 2685 regat
450 2654 465 2680 ,
516 2613 657 2683 quod
699 2613 751 2666 in
782 2620 1038 2665 mternnm
1070 2610 1351 2674 consulat,
1384 2608 1525 2679 quod
1556 2609 1609 2663 in
1638 2623 1859 2677 regnum

272 2706 534 2762 calorum
559 2703 859 2768 credentes,
889 2712 1188 2771 sperantes,
1214 2709 1558 2769 amantesque
1579 2698 1855 2768 perducat.

274 2797 367 2852 Dei
398 2812 529 2868 ergo
554 2795 722 2850 Filius
746 2794 965 2863 mqualis
985 2792 1149 2858 Patri,
1180 2790 1414 2845 Verbum
1438 2805 1532 2859 per
1551 2788 1692 2859 quod
1723 2787 1858 2844 facta

274 2897 401 2943 sunt
420 2887 626 2952 omnia,
658 2885 800 2956 quod
830 2900 920 2938 rex
954 2898 1073 2938 esse
1103 2881 1269 2935 voluit
1298 2881 1481 2945 lsrael,
1506 2880 1738 2951 dignatio
1758 2889 1860 2948 est,

275 2993 381 3031 non
407 2977 707 3049 promotio;
736 2973 1091 3029 miserationis
1108 2971 1358 3026 indicium
1380 2979 1480 3036 est,
1499 2986 1603 3025 non
1624 2979 1861 3040 potesta-

277 3068 346 3122 tis
370 3074 714 3139 augmentum
741 3066 781 3117 ί.
808 3064 905 3131 Qui
934 3064 1076 3119 enim
1104 3062 1400 3132 appellatus
1418 3070 1499 3115 est
1523 3060 1576 3115 in
1608 3070 1745 3115 terra
1769 3076 1862 3115 rex

277 3157 611 3223 Judteorum,
643 3156 693 3210 in
722 3156 876 3210 cmlis
909 3165 991 3209 est
1017 3154 1270 3208 Dominus
1303 3152 1649 3222 Angelorum.

350 3251 403 3307 5.
441 3250 507 3304 Et
532 3249 717 3302 invenit
742 3246 893 3301 Jesus
922 3246 1172 3312 asellum,
1201 3254 1247 3299 et
1276 3245 1400 3297 sedit
1427 3260 1578 3313 super
1605 3260 1739 3298 eum.
1768 3244 1864 3298 llic

282 3340 513 3395 breviter
542 3340 738 3394 dictum
765 3347 849 3393 est
880 3355 892 3391 :
922 3353 1044 3391 nam
1073 3334 1516 3406 quemadmodum
1548 3338 1616 3389 sit
1647 3334 1861 3399 factum,

281 3432 420 3501 apud
450 3432 585 3486 alios
604 3430 955 3499 evangelistas
974 3427 1283 3497 pleniSsime
1306 3427 1496 3496 legitur
1521 3426 1731 3497 (Matth.
1746 3442 1863 3493 χχι,

284 3522 449 3587 1-16;
483 3520 651 3575 Marc.
680 3537 755 3586 xl,
790 3520 939 3583 l-ll,
971 3528 1017 3572 et
1043 3517 1170 3573 Lue.
1198 3534 1309 3580 nx,
1338 3516 1546 3587 29-48).
1572 3517 1867 3573 Adhibetur

283 3629 461 3675 autem
494 3619 617 3671 huic
645 3616 781 3670 facto
810 3614 1171 3684 propheticum
1206 3612 1583 3677 testimonium,
1616 3620 1674 3665 ut
1700 3626 1866 3681 appa-

289 3718 437 3765 reret
455 3707 594 3777 quod
622 3706 834 3775 maligni
856 3704 1117 3775 principes
1128 3703 1155 3758 J
1163 3703 1432 3757 udarorum
1444 3718 1565 3757 eum
1584 3716 1686 3756 non
1710 3702 1865 3756 ἱιιιυῐ-

285 3800 543 3869 ligebant,
578 3800 630 3851 in
662 3812 767 3866 quo
806 3795 1158 3866 implebantur
1198 3809 1314 3863 qua:
1361 3793 1627 3863 legebant.
1669 3791 1869 3845 Invenit

284 3908 417 3962 ergo
441 3889 592 3945 Iesus
616 3890 857 3955 asellum,
902 3897 947 3941 et
964 3887 1106 3951 sedit
1134 3902 1283 3955 super
1302 3902 1416 3939 eum
1436 3901 1452 3938 :
1476 3885 1606 3939 sicut
1629 3885 1869 3954 scriptum

286 3992 381 4047 est,
420 3980 545 4035 Noli
571 3982 760 4043 timere,
792 3979 901 4047 ﬁlia
932 3977 1057 4032 Sion
1088 3992 1241 4030 :ecce
1266 3991 1356 4029 rex
1384 3985 1501 4029 tuus
1529 3976 1658 4029 venit
1694 3974 1869 4028 sedens

284 4089 445 4143 super
464 4072 658 4142 pullum
677 4071 853 4124 asinte.
870 4069 924 4122 ln
957 4069 1046 4121 illo
1072 4082 1199 4137 ergo
1228 4066 1421 4137 populo
1439 4074 1553 4120 crat
1577 4064 1677 4119 ﬁlia
1700 4064 1826 4121 Sion
1853 4084 1866 4120 :

287 4166 404 4236 ipsa
435 4172 518 4218 est
542 4163 836 4219 Jerusalem
858 4177 975 4231 qum
1003 4160 1150 4215 Sion.
1177 4158 1233 4213 In
1266 4159 1375 4224 illo,
1409 4159 1643 4229 inquam,
1677 4159 1870 4229 populo

285 4253 524 4324 reprobo
551 4262 606 4309 ct
629 4268 791 4316 caeco,
826 4262 939 4306 crat
967 4261 1142 4305 tamen
1168 4249 1268 4303 ﬁlia
1290 4250 1438 4313 Sion,
1468 4250 1551 4303 cui
1578 4248 1867 4315 diceretur,

288 4344 422 4399 Noli
454 4344 628 4397 timere
658 4360 675 4396 :
700 4360 808 4395 ecce
845 4358 933 4395 rea:
971 4351 1086 4394 tuus
1121 4341 1248 4393 venit
1283 4340 1457 4394 sedens
1492 4355 1642 4408 super
1674 4339 1871 4408 pullum

286 4438 468 4489 asina.
506 4435 629 4488 [lare
662 4434 763 4487 lilia
807 4433 933 4488 Sion
963 4433 1049 4486 cui
1077 4430 1328 4485 divinitus
1376 4430 1473 4483 ista
1501 4429 1774 4493 dicuntur,
1819 4430 1870 4484 in

289 4529 397 4583 illis
423 4536 537 4581 erat
555 4527 740 4580 ovibus
769 4541 885 4595 qua!
911 4539 1096 4579 vocem
1120 4523 1344 4593 pastoris
1364 4521 1681 4584 audiebant;
1706 4522 1757 4575 in
1785 4522 1870 4575 illa

287 4628 410 4675 erat
456 4618 793 4673 multitudine
829 4632 945 4686 qua:
976 4615 1255 4669 Dominum
1285 4613 1581 4667 venientem
1610 4620 1751 4666 tanta
1781 4612 1874 4666 de-

287 4712 509 4766 votione
561 4710 829 4774 laudabat,
884 4715 1027 4761 tanto
1083 4706 1290 4776 agmine
1326 4703 1635 4758 deducebat.
1681 4704 1743 4757 Ei
1789 4703 1873 4757 di-

288 4812 440 4856 ctum
470 4808 573 4864 cst,
606 4800 729 4853 Noli
755 4802 928 4851 timere
960 4813 977 4850 :
1006 4796 1151 4850 illum
1182 4809 1410 4865 agnosce
1436 4794 1524 4864 qui
1552 4809 1580 4847 a
1612 4803 1664 4848 te
1693 4792 1874 4847 lauda-

290 4903 399 4958 tur,
442 4900 497 4947 ct
542 4892 646 4945 noli
679 4889 941 4959 trepidare
967 4904 1085 4943 cum
1117 4888 1345 4956 patitur;
1372 4887 1493 4955 quia
1537 4886 1624 4940 ille
1662 4887 1877 4957 sanguis

288 4982 558 5046 funditur,
607 4996 701 5050 per
745 4996 901 5049 quem
941 4986 1088 5032 tuum
1120 4977 1367 5031 delictum
1400 4976 1656 5039 deleatur,
1691 4984 1744 5029 et
1772 4976 1875 5027 vita

291 5074 569 5129 reddatur.
620 5071 721 5127 Sed
771 5071 973 5142 pullum
1016 5070 1179 5123 asinre
1224 5068 1275 5122 in
1326 5082 1431 5137 quo
1475 5082 1632 5122 nemo
1670 5067 1880 5121 sederat

293 5165 427 5233 (hoc
470 5163 613 5218 enim
652 5161 791 5232 apud
832 5161 965 5214 alios
991 5158 1341 5229 evangelistas
1369 5155 1651 5228 invenitur)
1686 5157 1879 5211 intelli-

294 5258 470 5325 gimus
498 5255 751 5324 populum
782 5253 1051 5314 Gentium,
1078 5250 1167 5321 qui
1195 5251 1385 5319 Legem
1416 5250 1619 5303 Domini
1650 5265 1752 5303 non
1791 5265 1881 5302 ac-

296 5357 537 5418 ceperat.
569 5347 788 5401 Asinam
814 5360 939 5399 vero
966 5345 1110 5415 (quia
1152 5353 1431 5411 utrumque
1454 5341 1750 5411 jumentum
1776 5341 1880 5393 Do-

300 5438 449 5491 mino
504 5437 789 5492 adductum
837 5435 939 5505 est)
993 5434 1195 5504 plebem
1236 5432 1349 5502 ejus
1394 5448 1512 5503 qua:
1551 5433 1792 5487 veniebat
1818 5449 1882 5487 ex

306 5529 505 5599 populo
531 5526 715 5593 Israel,
745 5544 851 5583 non
878 5526 1191 5582 indomitam
1210 5526 1385 5596 plane,
1405 5524 1499 5580 sed
1517 5542 1632 5597 qua:
1645 5541 1885 5598 praisepe

303 5622 518 5677 Domini
544 5622 783 5693 agnovit.

373 5738 389 5767 ι
416 5742 543 5793 tam,
570 5739 919 5799 argumentmn.
944 5732 1061 5786 Ειὶἰιὶ
1083 5731 1161 5783 alii
1187 5738 1235 5782 et
1260 5739 1348 5782 Mss
1370 5765 1384 5793 ,
1410 5734 1728 5795 augmentum.

1426 304 1835 362 TRACTATUS
1874 304 1957 357 Li.
2002 306 2224 362 CAPUT
2268 306 2375 362 Xil.

3430 311 3537 368 766

2030 418 2083 472 6.
2117 418 2239 473 licet:
2264 437 2362 474 non
2394 429 2725 490 cognoverunt
2752 420 2989 491 discipuli
3017 422 3127 493 ejus
3156 424 3372 493 primum
3405 426 3532 480 :sed

1958 511 2159 579 quando
2183 512 2493 580 glori/icatus
2522 523 2594 566 est
2618 513 2787 576 Iesus,
2825 512 2875 568 id
2901 523 2982 568 est
3001 554 3016 578 ,
3044 515 3254 583 quando
3280 517 3533 573 virtutem

1958 616 2071 656 sua:
2114 605 2513 658 resurrectionis
2553 604 2784 659 ostendit
2812 622 2824 657 :
2856 614 2973 658 tunc
3000 605 3247 659 recordati
3275 616 3389 659 sunt
3413 608 3537 677 quia

1959 694 2066 744 haec
2089 691 2275 761 scripta
2302 704 2442 746 erant
2467 694 2529 747 ae
2556 709 2631 758 eo,
2665 703 2710 747 et
2738 694 2845 747 lucc
2870 699 3091 765 fecerunt
3119 695 3185 761 ei,
3214 694 3267 749 id
3294 704 3395 759 est,
3427 710 3536 751 non

1958 781 2061 835 alia
2089 780 2331 837 iecerunt
2354 783 2423 846 ei,
2450 798 2605 852 quam
2638 784 2723 837 illa
2759 800 2877 854 qua:
2905 791 3057 838 erant
3090 784 3288 854 scripta
3330 785 3398 840 de
3448 800 3534 839 eo.

1960 874 2273 930 Recolentes
2315 876 2510 945 quippe
2546 876 2833 931 secundum
2872 876 3219 946 Scripturam,
3261 894 3377 948 qua:
3412 887 3538 934 ante

1960 967 2259 1037 passionem
2292 967 2517 1032 Domini,
2554 968 2634 1022 vel
2665 969 2713 1021 in
2740 969 2987 1037 passione
3028 968 3235 1022 Domini
3272 968 3537 1038 completa

1960 1065 2103 1122 sunt,
2148 1057 2218 1111 ibi
2257 1066 2311 1112 et
2353 1056 2455 1112 hoc
2491 1058 2803 1112 invenerunt
2838 1058 2977 1127 quod
3004 1056 3295 1113 secundum
3326 1059 3536 1129 eloquia

1962 1148 2344 1217 Prophetarum
2373 1149 2423 1203 in
2455 1149 2601 1218 pullo
2628 1150 2790 1203 asina:
2815 1149 3035 1204 sederit.

2033 1240 2085 1292 7.
2122 1239 2476 1294 Testimonium
2505 1256 2623 1310 ergo
2650 1240 2935 1311 perhibebat
2963 1242 3108 1295 turba
3131 1257 3244 1311 qua:
3270 1250 3377 1296 erat
3420 1257 3538 1295 cum

1962 1346 2020 1384 eo
2047 1330 2249 1401 quando
2277 1330 2528 1384 Lazarum
2557 1332 2745 1385 vocavit
2782 1332 2845 1385 de
2873 1342 3215 1399 monumento,
3238 1342 3287 1387 et
3313 1334 3533 1388 suscita-

1960 1421 2030 1476 vit
2056 1438 2169 1476 eum
2195 1439 2228 1475 a
2255 1424 2481 1476 mortuis.
2526 1422 2803 1492 Propterea
2828 1432 2872 1477 et
2899 1422 3091 1476 obviam
3116 1424 3247 1477 venit
3268 1424 3313 1477 ei
3340 1425 3484 1477 turba
3517 1464 3534 1490 ,

1959 1513 2081 1583 quia
2114 1514 2382 1567 audierunt
2418 1530 2532 1567 eum
2570 1516 2744 1583 fecisse
2772 1513 2865 1567 hoc
2892 1514 3110 1584 signum.
3141 1513 3389 1567 Pharisaei
3417 1530 3536 1582 ergo

1960 1604 2196 1659 dixerunt
2216 1605 2283 1657 ad
2319 1606 2607 1674 semetipsos
2637 1622 2655 1660 :
2692 1603 2883 1658 Videtis
2909 1606 3028 1671 quia
3054 1604 3182 1658 nihil
3205 1606 3493 1674 proﬁcimus
3514 1604 3541 1657 Ρ

1961 1711 2072 1750 ecce
2111 1697 2328 1751 mundus
2355 1705 2485 1751 totus
2514 1706 2623 1766 post
2652 1714 2767 1751 eum
2791 1697 2930 1750 abiit.
2963 1696 3137 1752 Turba
3168 1696 3395 1752 turbavit
3424 1704 3539 1750 tur-

1962 1786 2105 1841 bam.
2134 1787 2269 1855 Quid
2299 1797 2472 1843 autem
2501 1788 2725 1853 invides,
2750 1804 2888 1843 cauca
2917 1787 3089 1853 turba,
3121 1788 3241 1858 quia
3273 1794 3392 1857 post
3416 1801 3540 1843 eum

1962 1877 2073 1932 abit
2091 1878 2341 1943 mundus,
2370 1894 2467 1948 per
2484 1894 2640 1948 quem
2668 1878 2835 1934 lactus
2856 1887 2937 1933 est
2957 1878 3223 1933 mundus?

2034 1968 2087 2023 8.
2118 1987 2137 2021 ι
2168 1970 2330 2023 Erant
2344 1978 2521 2025 autem
2547 1969 2783 2025 Gentiles
2805 1969 3040 2040 quidam,
3064 1985 3130 2025 ex
3158 1969 3222 2023 iis
3246 1968 3335 2039 qui
3354 1982 3542 2024 ascen-

1963 2059 2153 2115 derant
2179 2070 2239 2115 ut
2262 2062 2545 2117 adorarent
2575 2063 2627 2117 in
2658 2063 2743 2118 die
2770 2063 2925 2118 l'esto.
2954 2063 3015 2117 lli
3043 2078 3170 2133 ergo
3198 2073 3542 2118 accesserunt

1962 2153 2028 2206 ad
2058 2153 2372 2223 Philippum,
2411 2155 2500 2223 qui
2526 2164 2641 2224 erat
2666 2171 2696 2209 a
2718 2155 2999 2209 Bethsaida
3026 2155 3279 2222 Galilane,
3310 2163 3364 2211 et
3385 2169 3541 2225 roga-

1963 2242 2091 2297 bant
2118 2259 2261 2306 eum,
2287 2245 2526 2299 dicentes
2550 2263 2563 2299 :
2598 2247 2839 2311 Domine,
2864 2247 3106 2301 volumus
3131 2247 3309 2302 Iesum
3335 2247 3538 2303 videre.

1964 2333 2122 2388 Venit
2147 2335 2440 2404 Philippus,
2470 2346 2521 2389 et
2542 2336 2671 2390 dicit
2690 2337 2916 2391 Andrezu
2946 2355 2959 2390 :
2989 2338 3228 2393 Andreas
3255 2353 3466 2393 rursum
3488 2347 3545 2391 ct

1966 2425 2240 2495 Philippus
2264 2426 2448 2480 dicunt
2473 2425 2620 2481 .lesu.
2661 2446 2679 2478 ι
2713 2428 3004 2483 Audiamus
3032 2429 3157 2497 quid
3185 2429 3440 2483 Dominus
3473 2428 3538 2481 ad

1965 2516 2064 2569 ista
2109 2516 2461 2586 responderit.
2502 2517 2641 2572 Ecce
2683 2518 2864 2571 volunt
2904 2534 3023 2573 cum
3064 2518 3232 2573 Judaei
3278 2518 3542 2583 occidere,

1964 2606 2204 2663 Gentiles
2250 2609 2430 2663 videre
2464 2627 2478 2663 :
2509 2608 2604 2663 sed
2642 2610 2798 2663 etiam
2830 2610 2907 2663 illi
2938 2626 3002 2665 ex
3038 2610 3235 2665 Iudaeis
3274 2608 3545 2679 erantqui

1965 2699 2283 2765 clamabant,
2310 2699 2603 2754 Benedictus
2628 2702 2713 2769 qui
2738 2702 2865 2754 venit
2892 2703 2944 2754 in
2975 2704 3173 2756 nomine
3196 2701 3423 2768 Domini,
3451 2718 3543 2755 rea:

1965 2788 2149 2844 Israel.
2190 2791 2327 2845 Ecce
2357 2790 2429 2844 illi
2471 2807 2537 2845 ex
2575 2792 3005 2859 circumcisione,
3045 2794 3119 2847 illi
3149 2809 3213 2847 ex
3253 2793 3544 2863 prmputio,

1968 2880 2114 2935 velut
2156 2882 2383 2950 parietes
2408 2881 2513 2935 duo
2551 2881 2617 2936 de
2644 2882 2855 2935 diverso
2881 2882 3175 2949 venientes,
3205 2891 3259 2937 et
3299 2884 3348 2936 in
3388 2898 3545 2937 unam

1968 2971 2126 3025 tidem
2171 2971 2368 3025 Christi
2411 2972 2555 3041 pacis
2593 2972 2777 3027 osculo
2810 2982 3187 3028 concurrentes
3222 2990 3234 3027 :
3271 2974 3547 3028 audiamus

1969 3076 2097 3132 ergo
2136 3077 2322 3116 vocem
2363 3062 2551 3131 lapidis
2588 3063 2875 3132 angularis.
2919 3062 3070 3117 Jesus
3109 3074 3303 3129 autem,
3347 3064 3546 3133 inquit,

1966 3154 2222 3223 respondit
2255 3155 2325 3207 eis
2363 3154 2531 3207 dicens
2560 3169 2579 3207 :
2616 3153 2759 3207 Venit
2798 3156 2923 3209 hora
2957 3164 3012 3208 ut
3050 3157 3356 3225 gloriﬁcetur
3384 3156 3549 3212 Filius

1970 3246 2203 3300 hominis.
2231 3246 2325 3300 llic
2362 3246 2639 3316 quisquam
2676 3246 2891 3299 forsitan
2932 3255 3079 3315 putat
3112 3246 3230 3301 ideo
3263 3262 3321 3301 se
3348 3247 3549 3302 dixisse

1970 3338 2342 3407 glurilicatum,
2375 3338 2493 3407 quia
2518 3338 2755 3394 Gentiles
2785 3355 2903 3393 eum
2934 3339 3178 3393 volebant
3204 3339 3403 3394 videre.
3436 3340 3551 3394 Non

1971 3430 2039 3483 ita
2066 3436 2169 3484 est.
2195 3430 2298 3485 Sed
2334 3430 2545 3484 videbat
2584 3432 2724 3499 ipsos
2748 3429 2984 3484 Gentiles
3015 3439 3132 3499 post
3160 3432 3460 3500 passionem
3498 3442 3554 3487 et

1970 3522 2417 3576 resurrectionem
2440 3536 2587 3575 suam
2612 3522 2662 3574 in
2689 3522 2935 3576 omnibus
2955 3523 3197 3591 gentibus
3217 3523 3511 3578 credituros
3535 3542 3551 3581 :

1969 3613 2267 3681 quia,sicut
2292 3612 2741 3682 dicitApostolus,
2772 3613 2982 3668 Ctrcitas
3006 3632 3070 3668 ea:
3098 3626 3239 3683 parte
3266 3618 3317 3669 in
3347 3614 3512 3671 Israel
3532 3619 3548 3649 ¹

1972 3707 2109 3773 facta
2170 3712 2241 3758 est
2286 3704 2458 3756 donec
2501 3704 2757 3773 plenitudo
2824 3703 3056 3758 Gentium
3119 3707 3328 3760 intraret
3368 3708 3547 3777 (Rom.

1973 3811 2053 3861 ιι,
2090 3794 2202 3866 25).
2244 3795 2322 3849 Ex
2358 3796 2637 3849 occasione
2680 3797 2837 3865 igitur
2880 3797 3100 3851 istorum
3142 3796 3424 3853 Gentilium
3461 3799 3553 3869 qui

1972 3899 2093 3938 cum
2116 3884 2293 3938 videre
2310 3884 2612 3953 cupiebant,
2632 3887 2905 3940 annuntiat
2922 3886 3147 3941 futuram
3171 3888 3549 3957 plenitudinem

1974 3976 2255 4042 Gentium;
2282 3985 2336 4031 et
2375 3977 2633 4046 promittit
2651 3977 2758 4047 jam
2781 3978 2995 4048 jamque
3021 3979 3209 4035 adesse
3239 3980 3421 4035 horam
3447 3982 3555 4054 glo-

1976 4067 2285 4121 riﬁcatiunis
2322 4082 2455 4133 suce,
2496 4084 2596 4137 qua
2638 4070 2771 4123 facta
2811 4070 2861 4123 in
2898 4070 3069 4135 cmlis,
3111 4070 3307 4128 Gentes
3347 4072 3557 4128 fuerant

1975 4158 2278 4213 creditura).
2307 4158 2460 4213 Unde
2484 4159 2790 4229 prmdictum
2820 4168 2919 4225 est,
2946 4159 3186 4215 Exaltarc
3211 4178 3361 4231 super
3384 4164 3555 4230 ctelos,

1985 4248 2139 4314 Deus,
2170 4256 2214 4302 et
2236 4264 2387 4319 super
2414 4265 2608 4301 omnem
2633 4257 2813 4301 terram
2841 4248 3003 4319 gloria
3033 4258 3120 4303 tua
3137 4250 3304 4322 (Psal.
3327 4268 3452 4319 cvu,
3473 4257 3557 4323 6).

1978 4341 2104 4396 llaec
2137 4350 2218 4395 est
2244 4340 2487 4396 Gentium
2522 4339 2809 4409 plenitudo,
2840 4340 2907 4395 de
2946 4356 3047 4409 qua
3086 4341 3215 4396 dicit
3247 4344 3552 4413 Apostolus,

1977 4431 2187 4486 chilas
2224 4448 2287 4485 ea:
2320 4442 2460 4502 parte
2488 4431 2539 4484 in
2585 4429 2749 4484 Israel
2776 4434 2918 4499 facta
2953 4442 3048 4499 est,
3092 4433 3248 4488 donec
3294 4434 3559 4510 plenitudo

1979 4523 2211 4577 Gentium
2239 4524 2463 4575 intraret.

2049 4615 2101 4670 9.
2132 4613 2239 4669 Sed
2260 4613 2588 4669 altitudinem
2610 4613 3007 4683 gloriﬁcationis
3028 4618 3259 4687 aportuit
3280 4628 3334 4673 ut
3356 4636 3556 4690 praece-

1980 4708 2132 4763 deret
2180 4706 2448 4761 humilitas
2494 4706 2755 4776 passionis
2798 4726 2811 4760 :
2856 4707 2974 4762 ideo
3023 4719 3236 4765 secutus
3279 4711 3555 4781 adjunxit,

1980 4800 2157 4861 Amen,
2185 4815 2328 4852 amen
2354 4798 2465 4854 dico
2487 4798 2641 4862 vobis,
2672 4800 2766 4851 nisi
2795 4816 3008 4869 granum
3032 4801 3269 4869 frumenti
3294 4803 3479 4857 cadens
3505 4804 3558 4857 in

1983 4901 2195 4956 terram,
2222 4899 2471 4943 mortuum
2500 4890 2679 4959 fuerit,
2707 4891 2874 4959 ipsum
2903 4897 3064 4945 solum
3091 4902 3255 4947 manet
3282 4909 3300 4947 :
3326 4895 3370 4947 si
3392 4904 3559 4949 autem

1983 4991 2232 5034 mortuum
2259 4981 2428 5051 fuerit,
2456 4981 2668 5034 ntultum
2690 4985 2905 5052 fructum
2926 4981 3094 5047 aﬂ'erl.
3123 4984 3192 5040 Se
3214 4993 3389 5039 autem
3416 4985 3561 5040 dice-

1984 5072 2092 5126 bat.
2116 5071 2290 5141 lpsum
2318 5079 2433 5125 erat
2460 5087 2678 5141 granum
2702 5072 3121 5127 mortilicandum
3144 5083 3195 5127 et
3217 5074 3561 5143 multiplican-

1986 5166 2110 5219 dum
2140 5184 2153 5217 ι
2184 5164 2603 5219 mortilicandum
2630 5165 2939 5222 inﬁdelitate
2958 5165 3280 5233 Iudaeorum,
3312 5168 3564 5239 multipli-

1986 5256 2210 5312 Candum
2242 5256 2343 5311 lide
2370 5257 2701 5326 populorum.

2062 5346 2147 5400 10.
2179 5345 2423 5401 Jamvero
2459 5345 2746 5400 exhortans
2785 5346 2849 5400 ad
2886 5346 3146 5415 passionis
3179 5362 3288 5401 suae
3315 5349 3564 5405 sectanda

1992 5437 2211 5507 vestigia
2255 5454 2268 5491 :
2314 5437 2413 5503 Qui
2449 5448 2619 5502 amat,
2668 5438 2868 5508 inquit,
2906 5441 3127 5492 animant
3168 5457 3341 5507 suam,
3393 5444 3566 5513 perdet

1990 5548 2122 5587 eam.
2150 5531 2301 5598 Quod
2329 5531 2532 5586 duobus
2570 5530 2743 5585 modis
2770 5532 2991 5603 intelligi
3025 5543 3198 5602 potest
3231 5552 3244 5588 :
3276 5535 3374 5600 Qui
3408 5547 3565 5602 amat,

2056 5668 2074 5699 ⁸
2097 5665 2283 5731 Aliquot
2304 5672 2411 5716 Mss.
2432 5699 2447 5724 ,
2485 5678 2547 5715 ex
2584 5672 2722 5723 parte
2749 5665 3046 5731 lsrael._sine
3087 5671 3445 5731 prasposuione,
3482 5668 3564 5731 in;

1994 5740 2103 5792 quae
2128 5728 2337 5779 et’abest
2357 5741 2382 5776 a
2407 5741 2565 5790 graeco
2588 5737 2726 5778 textu
2754 5728 2976 5791 Awstoli.
