4030 6488
527 316 666 378 1767

534 437 730 510 ρει-ἀει,
757 433 812 492 id
845 440 948 504 est,
980 432 1036 490 Si
1065 447 1236 500 amas,
1267 429 1464 502 perde;
1497 429 1542 484 si
1566 429 1714 499 cupis
1745 431 1909 483 vitam
1938 436 2120 484 tenere

537 530 592 585 in
618 529 855 594 Christo,
885 526 993 582 noli
1014 533 1241 580 mortem
1270 523 1457 576 timere
1480 536 1576 591 pro
1599 519 1832 575 Christo.
1859 519 1987 574 ltem
2017 517 2121 573 alio

532 620 694 677 modo
739 637 755 672 :
803 617 904 686 Qui
947 624 1084 670 amat
1119 615 1342 668 animam
1383 628 1558 678 suam,
1609 611 1779 681 perdet
1818 626 1953 665 eam.
1999 608 2122 664 Noli

534 727 734 776 amare,
766 725 834 765 ne
863 707 1088 779 perdas;
1122 706 1230 761 noli
1256 719 1435 759 amare
1461 705 1512 758 in
1546 703 1645 757 hac
1665 704 1794 768 vita,
1823 718 1892 757 ne
1922 701 2114 771 perdas

535 805 591 858 in
619 813 815 858 mterna
844 801 972 856 vita.
1002 801 1114 855 Hoc
1139 807 1316 854 autem
1341 796 1482 867 quod
1509 797 1772 866 posterius
1797 795 1925 860 dixi,
1952 794 2121 865 magis

535 895 735 950 habere
755 893 963 948 videtur
986 891 1322 961 evangelicus
1348 904 1536 944 sensus
1559 907 1572 942 :
1592 889 1832 958 sequitur
1856 889 2020 952 enim,
2050 887 2119 942 Et

535 987 622 1056 qui
647 985 750 1040 odit
774 985 994 1038 animum
1023 998 1168 1037 suam
1186 981 1239 1035 in
1264 981 1357 1035 hoc
1385 980 1595 1045 mundo,
1625 981 1677 1032 in
1704 979 1858 1032 vitam
1881 986 2121 1033 wternam

535 1077 778 1131 custodiet
806 1091 934 1129 eam.
965 1073 1104 1143 Ergo
1124 1071 1262 1142 quod
1289 1085 1447 1140 supra
1472 1070 1669 1126 dictum
1701 1077 1804 1135 est,
1834 1067 1933 1134 Qui
1960 1075 2117 1134 amat,

536 1164 972 1234 subiutelligitur,
1019 1163 1070 1216 in
1111 1161 1212 1216 hoc
1249 1158 1484 1226 mundo;
1524 1161 1638 1230 ipse
1670 1159 1851 1228 utique
1885 1156 2117 1227 perdet:

535 1257 622 1327 qui
640 1265 804 1310 autem
821 1253 946 1320 odit,
965 1254 1148 1324 utique
1168 1253 1219 1307 in
1242 1252 1344 1308 hoc
1366 1251 1594 1316 mundo;
1613 1252 1666 1305 in
1683 1251 1844 1305 vitam
1865 1258 2120 1304 aeternam

536 1351 651 1420 ipse
679 1348 961 1403 custodiet.
992 1347 1175 1417 Magna
1202 1355 1256 1400 et
1284 1345 1416 1399 mira
1448 1343 1739 1410 sententia,
1770 1340 2119 1413 quemadmo-

537 1443 664 1498 dum
707 1443 774 1497 sit
815 1441 1047 1497 hominis
1087 1441 1141 1494 in
1179 1441 1410 1494 animam
1447 1453 1596 1493 suam
1637 1451 1789 1491 amor
1821 1445 1881 1490 ut
1915 1441 2118 1504 pereat,

535 1535 718 1589 odium
746 1549 814 1590 ne
852 1534 1067 1604 pereat!
1096 1532 1150 1588 Si
1192 1531 1328 1586 male
1355 1529 1616 1585 amaveris
1636 1571 1651 1596 ,
1685 1538 1807 1582 tunc
1836 1525 1994 1582 odisti
2029 1525 2120 1580 :‘si

535 1626 673 1682 bene
699 1625 896 1691 oderis,
926 1635 1054 1681 tunc
1086 1624 1295 1678 amasti.
1331 1621 1535 1677 Felices
1567 1621 1657 1691 qui
1686 1620 1911 1674 oderunt
1939 1627 2120 1673 custo-

535 1716 755 1784 diendo,
788 1731 854 1771 ne
873 1715 1099 1786 perdant
1117 1714 1365 1768 amando.
1391 1712 1497 1768 Sed
1527 1712 1645 1767 vide
1667 1726 1734 1766 ne
1757 1711 1848 1766 tibi
1869 1710 2123 1779 subrepat

537 1819 595 1864 ut
639 1810 866 1879 teipsum
906 1809 1041 1864 velis
1089 1807 1424 1871 interimere,
1468 1805 1547 1861 sic
1592 1801 1936 1873 intelligendo
1979 1800 2122 1872 quod

534 1901 700 1957 debes
729 1900 906 1956 odisse
935 1900 986 1954 in
1018 1899 1121 1954 hoc
1150 1895 1346 1952 mundo
1365 1897 1596 1950 animam
1625 1903 1790 1949 tuam.
1816 1892 1954 1948 Hinc
1979 1894 2122 1946 enim

537 1989 754 2060 quidam
796 1989 1008 2061 maligni
1049 1996 1208 2057 atque
1249 1986 1504 2056 perversi,
1536 1994 1586 2039 et
1627 1984 1679 2038 in
1715 1983 1906 2053 seipsis
1932 1982 2122 2037 crude-

533 2081 696 2135 liores
725 2090 778 2135 et
803 2079 1169 2134 sceleratiores
1198 2077 1478 2132 homicidae
1497 2117 1512 2143 ,
1544 2075 1773 2129 ﬂammis
1804 2088 1863 2128 se
1889 2072 2118 2139 donant,

532 2174 683 2243 aquis
706 2171 1016 2242 praefocant,
1039 2169 1332 2240 praecipitio
1355 2167 1632 2232 collidunt,
1652 2175 1705 2220 et
1726 2172 1970 2235 pereunt.
2003 2162 2117 2218 lloc

533 2265 780 2319 Christus
820 2277 924 2318 non
949 2261 1159 2326 docuit,
1189 2260 1297 2315 imo
1335 2258 1497 2313 etiam
1531 2257 1743 2311 diabolo
1772 2254 2120 2325 praecipitium

533 2357 837 2428 suggerenti
879 2352 1158 2422 respondit
1187 2369 1202 2405 :
1235 2350 1364 2404 Redi
1409 2359 1562 2414 retro,
1601 2356 1845 2428 satanas;
1878 2345 2120 2415 scriptum

532 2459 625 2516 est,
659 2447 780 2502 Non
809 2446 1019 2501 tentabis
1047 2444 1322 2500 Dominum
1351 2442 1515 2497 Deum
1539 2452 1679 2494 tuum
1705 2438 1914 2514 (Matth.
1939 2454 2017 2508 tv,
2039 2438 2116 2509 7).

533 2541 693 2596 Petro
716 2548 891 2594 autem
919 2538 1067 2602 dixit,
1092 2536 1394 2605 signiﬁcans
1415 2549 1517 2603 qua
1540 2542 1710 2588 morte
1731 2532 2120 2602 gloriﬁcaturus

531 2640 650 2687 erat
675 2631 841 2685 Deum
877 2647 890 2684 :
916 2627 1042 2682 Cum
1075 2643 1202 2682 esses
1225 2627 1424 2697 junior,
1451 2623 1681 2696 cingebas
1707 2632 1782 2689 te,
1812 2633 1856 2676 et
1885 2623 1992 2674 ibas
2019 2636 2118 2689 quo

530 2721 764 2785 volebas;
793 2737 905 2774 cum
927 2729 1092 2773 autem
1118 2717 1362 2783 senueris,
1392 2716 1520 2768 alter
1539 2725 1585 2768 te
1605 2715 1784 2784 cinget,
1809 2723 1856 2766 et
1877 2715 1998 2784 feret
2021 2727 2117 2781 quo

528 2823 584 2866 tu
612 2828 714 2866 non
743 2811 814 2864 vis
837 2807 1014 2878 (Joan.
1039 2823 1146 2872 xm,
1172 2807 1260 2873 l8,
1286 2805 1395 2878 19).
1420 2803 1522 2860 Ubi
1542 2803 1672 2860 satis
1700 2803 1979 2871 expressit,
2003 2817 2110 2855 non

527 2919 557 2958 a
585 2905 781 2974 seipse,
809 2902 902 2956 sed
930 2901 996 2955 ab
1015 2900 1120 2954 alio
1142 2898 1339 2954 debere
1365 2897 1554 2962 occidi,
1575 2895 1663 2965 qui
1694 2894 1911 2965 vestigia
1937 2894 2118 2964 sequi-

527 3004 617 3052 tur
659 2995 877 3051 Christi.
918 2995 1050 3049 Cum
1091 3006 1220 3063 ergo
1261 3006 1437 3046 causa:
1477 2989 1730 3044 articulus
1776 2989 2011 3054 venerit,
2059 2996 2116 3042 ut

525 3087 643 3142 haec
671 3087 905 3141 conditio
943 3095 1288 3156 proponatur,
1323 3094 1415 3137 aut
1448 3081 1745 3137 faciendum
1773 3095 1893 3135 esse
1928 3089 2114 3134 contra

526 3178 625 3234 Dci
652 3185 996 3248 prmeeptum,
1024 3184 1116 3229 aut
1138 3190 1202 3229 ex
1227 3173 1325 3228 hac
1348 3173 1452 3227 vita
1473 3171 1860 3242 emigrandnm,
1888 3183 2112 3240 quorum

526 3268 750 3324 duorum
789 3268 950 3322 homo
984 3274 1203 3334 erigatur
1238 3265 1463 3319 alterum
1503 3262 1728 3332 eligere,
1755 3260 2114 3316 counniuante

525 3371 753 3417 mortem
800 3369 1174 3430 persecutore;
1215 3357 1286 3410 ibi
1327 3357 1486 3426 eligat
1526 3356 1634 3409 Deo
1667 3354 1863 3409 dilecto
1903 3351 2109 3420 emori,

526 3469 684 3524 quam
712 3453 916 3506 olle-nso
942 3450 1120 3504 vivere
1141 3467 1153 3502 :
1173 3447 1244 3502 ibi
1271 3447 1444 3501 oderit
1463 3447 1515 3500 in
1535 3445 1636 3500 hoc
1660 3443 1858 3500 mundo
1878 3444 2110 3498 animam

525 3559 698 3608 suam,
725 3553 778 3596 nl
809 3543 860 3597 in
886 3540 1048 3596 vitam
1073 3548 1327 3594 :eternam
1352 3537 1621 3593 custodiat
1646 3551 1785 3590 eam.

600 3637 685 3690 Η.
725 3635 784 3688 Si
821 3633 933 3703 quis
967 3631 1090 3685 mihi
1124 3631 1392 3696 ministrat,
1417 3644 1494 3682 me
1527 3637 1782 3697 sequatur.
1823 3625 1960 3694 Quid
1995 3633 2105 3692 est,

526 3743 606 3780 me
643 3735 915 3796 sequatur;
959 3723 1079 3788 nisi,
1130 3737 1214 3777 me
1259 3719 1531 3776 imitetur?
1570 3718 1799 3774 Christus
1842 3718 1972 3773 enim
2017 3733 2109 3786 pro

527 3817 668 3872 nobis
693 3831 872 3888 passus
898 3823 990 3877 est,
1019 3813 1092 3866 ait
1121 3811 1390 3882 apostolus
1417 3811 1620 3876 Petrus,
1655 3810 1940 3880 relinquens
1968 3807 2108 3863 nobis

523 3911 830 3981 exemplum,
873 3918 926 3962 ut
957 3924 1225 3979 sequamur
1264 3905 1469 3976 vestigia
1504 3906 1612 3975 ejus
1646 3904 1694 3973 (Ι
1733 3903 1868 3956 Petr.
1901 3919 1959 3967 ιι,
1990 3901 2104 3974 Si).

525 4005 666 4059 Ecce
700 4001 839 4072 quod
869 4001 1066 4056 dictum
1097 4008 1198 4065 est,
1233 3998 1293 4053 Si
1319 3999 1430 4068 quis
1460 3997 1584 4050 mihi
1616 3996 1885 4061 ministrat,
1917 4010 1996 4048 me
2024 4009 2106 4046 se-

522 4106 725 4166 quatur.
754 4095 869 4160 Quo
907 4091 1124 4147 fructu?
1158 4105 1259 4159 qua
1300 4086 1582 4142 mercede?
1619 4102 1725 4156 quo
1762 4083 2012 4154 praemio?
2042 4083 2109 4138 Et

523 4187 609 4240 ubi
637 4203 766 4248 sum,
799 4184 987 4253 inquit,
1016 4197 1123 4252 ego,
1153 4178 1258 4233 illic
1285 4187 1330 4231 et
1359 4177 1584 4230 minister
1618 4191 1758 4228 meus
1788 4175 1898 4227 erit.
1931 4173 2107 4229 Gratis

525 4285 752 4339 ametur,
786 4284 842 4328 ut
879 4274 1056 4342 operis
1087 4272 1103 4302 ¹
1131 4285 1236 4338 quo
1271 4269 1598 4322 ministratur
1626 4265 1698 4319 illi
1723 4307 1736 4330 ,
1768 4265 1998 4335 pretium
2037 4264 2108 4318 sit

521 4383 643 4424 esse
663 4383 780 4422 cum
803 4366 914 4420 illo.
937 4363 1037 4421 Ubi
1064 4362 1205 4417 enim
1225 4360 1360 4414 bene
1388 4361 1488 4412 crit
1516 4359 1633 4414 sine
1655 4359 1766 4425 illo,
1785 4367 1874 4411 aut
1894 4357 2104 4428 quando

522 4475 643 4515 esse
671 4460 811 4514 male
853 4456 1048 4526 poterit
1076 4468 1196 4508 cum
1226 4452 1347 4507 illo?
1383 4449 1520 4505 Audi
1551 4450 1869 4506 evidentius.
1901 4449 1962 4506 Si
1993 4450 2104 4521 quis

523 4553 648 4606 mihi
677 4547 1058 4614 ministraverit,
1093 4544 1444 4614 honoriﬁcabit
1473 4559 1585 4598 eum
1614 4541 1772 4596 Pater
1799 4558 1957 4596 meus.
1987 4545 2103 4610 Quo

525 4647 759 4711 honore,
789 4641 888 4698 nisi
917 4648 975 4694 ut
1003 4640 1069 4694 sit
1099 4655 1220 4693 cum
1248 4637 1382 4692 Filio
1407 4637 1555 4707 ejus?
1584 4636 1735 4703 Quod
1769 4637 1909 4691 enim
1941 4651 2101 4705 supe-

521 4742 633 4793 rius
663 4737 756 4802 ait,
792 4734 892 4791 Ubi
923 4750 1012 4805 ego
1048 4749 1180 4797 sum,
1219 4731 1323 4784 illic
1351 4739 1395 4783 et
1430 4728 1653 4782 minister
1681 4744 1817 4781 meus
1846 4729 1972 4792 erit;
2003 4729 2104 4782 hoc

522 4829 832 4898 intelligitur
871 4822 1182 4894 exposuisse
1227 4836 1345 4877 cum
1389 4821 1549 4884 dicit,
1595 4817 1944 4888 [tortoriﬁcabit
1989 4835 2100 4872 eum

520 4921 676 4978 Pater
714 4934 873 4974 meus.
908 4916 1040 4971 Nam
1079 4929 1235 4986 quem
1276 4911 1532 4981 majorem
1568 4910 1822 4965 honorem
1857 4910 2101 4979 accipere

520 5013 714 5085 poterit
752 5009 1050 5081 adoptatus,
1092 5021 1250 5076 quam
1291 5012 1348 5060 ut
1384 5005 1454 5060 sit
1490 5003 1576 5057 ubi
1614 5011 1696 5058 est
1728 5001 1959 5067 Unicus;
1990 5016 2098 5056 non

518 5105 738 5176 aequalis
768 5103 935 5157 factus
959 5097 1238 5164 divinitati,
1267 5094 1364 5152 sed
1390 5095 1721 5151 consociatus
1746 5094 2062 5149 teternitati?

588 5198 675 5252 1‘2.
718 5194 852 5262 Quid
892 5193 960 5247 sit
997 5199 1172 5247 autem
1213 5189 1515 5243 ministrare
1555 5186 1785 5252 Christo,
1824 5184 1912 5240 cui
1948 5185 2097 5256 operi

517 5305 723 5345 merces
761 5296 900 5341 tanta
929 5283 1261 5355 proponitur,
1291 5280 1393 5334 hoc
1425 5279 1602 5348 potius
1629 5277 1884 5331 debemus
1920 5277 2094 5346 inqui-

517 5397 658 5436 rere.
674 5380 731 5436 Si
754 5380 895 5435 enim
917 5377 1018 5432 hoc
1037 5373 1395 5446 putaverimus
1409 5385 1528 5426 esse
1541 5369 1753 5424 Christo
1770 5367 2091 5435 ministrare,

512 5487 574 5526 ea
607 5488 724 5542 quae
764 5480 885 5525 sunt
909 5465 1120 5537 corpori
1153 5461 1450 5519 necessaria
1490 5473 1819 5530 prmparare,
1855 5467 1946 5512 aut
1978 5472 2092 5514 caa-

516 5565 667 5621 nanti
698 5563 873 5619 cibum
902 5574 1135 5630 coquere
1158 5557 1240 5612 vel
1266 5568 1556 5627 apponere,
1582 5553 1667 5608 vel
1697 5552 1942 5622 poculum
1967 5551 2093 5609 dare

511 5665 800 5728 potumque
850 5652 1110 5715 miscere;
1139 5647 1380 5706 fecerunt
1419 5644 1519 5702 hoc
1558 5644 1631 5702 illi
1673 5641 1764 5716 qui
1811 5653 2094 5715 potuerunt

575 5769 827 5832 ‘t'lerique
851 5773 976 5827 Mss,
999 5772 1042 5815 et

1455 314 1522 371 iN
1557 312 1833 371 JOANNIS
1887 311 2355 386 EVANGELIUM,
2396 317 2453 375 S.
2495 317 2861 381 AUGUSTINI

3664 333 3804 395 i708

2229 445 2351 485 eum
2391 432 2442 486 in
2490 446 2716 505 corpore
2741 437 2937 493 habere
2971 447 3308 512 prmsentem,
3348 445 3487 502 sicut
3511 445 3715 506 Martha
3751 460 3808 509 et

2224 519 2408 586 Maria,
2447 525 2660 593 quando
2702 537 2755 582 et
2792 521 3023 586 Lazarus
3064 547 3198 588 unus
3238 545 3354 591 erat
3387 552 3453 592 ex
3486 539 3808 598 recumben-

2227 609 2388 666 tibus.
2429 611 2535 668 Sed
2578 629 2645 670 eo
2689 617 2848 674 modo
2889 617 3101 676 Christo
3153 623 3313 679 etiam
3360 625 3524 683 Judas
3567 631 3807 698 perditus

2223 700 2572 769 ministravit;
2606 720 2728 761 nam
2753 717 2808 763 et
2826 709 3026 766 loculos
3053 712 3166 783 ipse
3190 713 3416 772 habebat
3442 735 3455 771 :
3483 729 3536 774 et
3559 722 3804 791 quamvis

2224 804 2288 846 ex
2318 792 2398 846 eis
2425 809 2545 864 quze
2579 797 2924 854 mittebantur
2951 805 3360 862 sceleratissime
3391 807 3678 877 iuraretur,
3711 828 3806 882 per

2225 882 2372 937 illum
2405 893 2580 940 tamen
2614 889 2773 942 etiam
2806 897 3104 947 necessaria
3145 896 3466 964 parabantur
3497 898 3678 968 (Joan.
3707 918 3801 970 xu,

2223 971 2280 1040 2,
2309 973 2388 1044 6).
2420 975 2555 1032 llinc
2592 985 2678 1033 est
2713 981 2839 1036 illud
2865 983 3005 1052 quod
3043 1000 3162 1040 eum
3190 987 3241 1042 ei
3276 988 3475 1045 diceret
3512 991 3796 1062 Dominus,

2229 1064 2381 1132 Quod
2399 1068 2545 1138 facis,
2576 1073 2658 1138 fac
2694 1071 2950 1139 celeriter;
2975 1075 3217 1132 arbitrati
3245 1087 3367 1134 sunt
3395 1080 3632 1150 quidam,
3665 1083 3809 1154 quod

2225 1168 2346 1209 eum
2380 1157 2603 1226 jusserit
2642 1171 2857 1232 propter
2878 1163 3022 1219 diem
3052 1164 3243 1223 festum
3267 1172 3565 1226 necessaria
3593 1189 3806 1244 praepa-

2225 1263 2364 1313 rare,
2399 1249 2484 1305 vel
2523 1251 2881 1323 indigentibus
2905 1257 3103 1328 aliquid
3129 1253 3257 1315 dare
3297 1261 3406 1334 (Id.
3437 1279 3551 1330 xm,
3573 1263 3666 1331 27,
3692 1265 3805 1336 29).

2224 1337 2382 1394 Nullo
2421 1340 2580 1395 modo
2619 1343 2776 1414 igitur
2803 1345 2870 1400 de
2910 1346 3275 1417 hujuscemodi
3314 1352 3570 1408 ministris
3605 1354 3810 1412 diceret

2229 1428 2503 1496 Dominus,
2536 1433 2636 1489 Ubi
2661 1451 2776 1489 sum
2813 1453 2922 1508 ego,
2964 1440 3034 1493 ibi
3070 1441 3161 1494 erit
3194 1451 3240 1495 et
3274 1443 3502 1498 minister
3527 1462 3705 1514 meus;
3733 1457 3804 1513 et,

2226 1518 2290 1575 Si
2329 1522 2441 1589 quis
2482 1525 2608 1578 mihi
2661 1527 3050 1596 ministraverit,
3098 1531 3448 1603 honorificabit
3493 1551 3608 1590 eum
3651 1535 3810 1597 Pater.

2225 1629 2367 1668 meus
2383 1630 2402 1668 :
2421 1617 2667 1685 quoniam
2684 1618 2872 1674 Judam
2896 1621 3016 1675 talia
3036 1623 3445 1692 ministrantem,
3464 1627 3804 1696 reprobatum

2226 1706 2401 1774 potius
2439 1721 2596 1777 quam
2637 1708 2952 1767 honoratum
2987 1713 3246 1771 videmus.
3290 1715 3486 1788 thuid
3518 1729 3646 1790 ergo
3681 1720 3808 1778 alibi

2225 1803 2513 1868 quaerimus
2541 1801 2667 1871 quid
2709 1803 2778 1857 sit
2813 1804 3114 1861 ministrare
3139 1804 3374 1876 Christo,
3399 1817 3454 1864 et
3485 1824 3591 1864 non
3631 1812 3810 1881 potius

2225 1888 2279 1943 in
2311 1890 2425 1944 istis
2455 1891 2582 1961 ipsis
2609 1893 2786 1949 verbis
2822 1897 3197 1966 agnoscimus?
3223 1898 3357 1953 Cum
3394 1899 3534 1954 enim
3564 1901 3714 1967 dixit,
3748 1902 3814 1956 Si

2224 1981 2337 2052 quis
2363 1983 2488 2035 mihi
2519 1983 2802 2052 ministrat,
2835 2003 2914 2040 me
2946 1997 3222 2058 sequatur;
3250 1989 3352 2043 hoc
3378 1989 3599 2061 intelligi
3619 1991 3808 2058 voluit,

2225 2087 2288 2126 ac
2309 2077 2351 2126 si
2373 2073 2594 2140 diceret,
2617 2074 2672 2131 Si
2693 2077 2812 2146 quis
2836 2092 2922 2132 me
2944 2092 3047 2132 non
3075 2080 3331 2150 sequitur,
3361 2095 3467 2135 non
3493 2081 3622 2137 mihi
3649 2082 3813 2138 mini-

2225 2173 2379 2220 strat.
2407 2166 2706 2223 Ministrant
2728 2184 2856 2238 ergo
2875 2171 3002 2226 Jesu
3032 2170 3266 2238 Christo,
3290 2174 3378 2244 qui
3407 2189 3512 2229 non
3533 2189 3628 2230 sua
3657 2191 3814 2248 qua:-

2223 2265 2370 2322 runt,
2401 2256 2496 2311 sed
2529 2273 2650 2327 qua:
2677 2258 2802 2314 Jesu
2832 2258 3026 2316 Christi
3059 2259 3315 2332 (Philipp.
3352 2279 3409 2329 ιι,
3440 2263 3554 2335 21).
3585 2264 3700 2321 Hoc
3727 2275 3814 2322 est

2223 2349 2400 2415 enim,
2429 2366 2508 2403 me
2545 2361 2805 2419 sequatur,
2853 2353 2966 2408 vias
3002 2354 3235 2410 ambulet
3275 2371 3441 2422 meas,
3488 2373 3594 2413 non
3633 2374 3761 2415 suas
3793 2377 3808 2410 :

2191 2472 2193 2475 τ
2224 2441 2362 2496 sicut
2385 2442 2509 2497 alibi
2535 2443 2790 2514 scriptum
2813 2453 2914 2510 est,
2942 2445 3043 2512 Qui
3066 2463 3120 2501 se
3141 2447 3261 2501 dicit
3282 2449 3335 2502 in
3359 2447 3557 2504 Christo
3582 2467 3808 2519 manere,

2223 2533 2364 2589 debet
2408 2536 2534 2589 sicut
2575 2537 3000 2604 ambulavit'ilte,
3041 2548 3089 2594 et
3126 2540 3236 2611 ipse
3272 2541 3534 2598 ambulare
3571 2545 3618 2615 (l
3644 2544 3806 2601 Joan.

2221 2640 2281 2692 ιι,
2314 2625 2393 2696 6).
2425 2627 2591 2682 Debet
2626 2629 2808 2696 etiam,
2842 2630 2886 2684 si
2922 2631 3144 2701 porrigit
3180 2633 3435 2688 esurienti
3479 2649 3696 2706 panem,
3739 2637 3810 2695 de

2221 2716 2586 2772 misericordia
2616 2718 2824 2788 facere,
2853 2737 2959 2777 non
2997 2722 3064 2778 de
3092 2723 3380 2794 iactantia;
3416 2742 3518 2781 non
3553 2729 3695 2784 aliud
3734 2729 3840 2786 ibi-

2220 2822 2461 2876 qmererc
2499 2825 2658 2880 quam
2697 2826 2831 2881 opus
2859 2812 3080 2881 bonum,
3113 2816 3384 2872 nesciente
3423 2817 3635 2874 sinistra
3676 2821 3807 2891 quid

2220 2896 2379 2952 faciat
2404 2897 2621 2956 dextera
2654 2901 2862 2971 (Matth.
2894 2920 2970 2970 vt,
2995 2906 3076 2976 5),
3115 2906 3167 2961 id
3195 2919 3310 2975 est,
3339 2919 3397 2963 ut
3424 2910 3688 2966 alienetur
3721 2911 3807 2967 in-

2221 2991 2388 3045 tentio
2408 2991 2710 3060 cupiditatis
2727 2994 2793 3049 ab
2813 3009 2975 3064 Opere
2991 2996 3284 3052 charitatis.
3303 2997 3402 3066 Qui
3423 3001 3500 3056 sic
3515 3001 3805 3072 ministrat,

2219 3081 2433 3138 Christo
2473 3085 2764 3149 ministrat;
2800 3096 3050 3156 recteque
3089 3089 3165 3143 illi
3201 3089 3424 3157 dicetur,
3455 3093 3582 3146 Cum
3619 3094 3712 3146 uni
3745 3110 3807 3149 es:

2218 3175 2437 3229 minimis
2457 3176 2576 3230 meis
2592 3177 2774 3247 fecisti,
2794 3178 2916 3231 mihi
2928 3177 3328 3249 [ecisti(ld.xxv,
3346 3181 3459 3250 40).
3477 3181 3584 3238 Nec
3601 3192 3805 3241 tantum

2217 3280 2280 3320 ea
2309 3281 2426 3336 quae
2454 3266 2520 3321 ad
2563 3267 2981 3323 misericordiam
3012 3269 3278 3338 pertinent
3320 3272 3678 3342 corporalem,
3711 3275 3806 3331 sed

2217 3357 2396 3411 omnia
2411 3357 2549 3411 bona
2567 3371 2727 3428 opera
2743 3368 2962 3427 propter
2974 3358 3239 3414 Christum
3261 3361 3455 3415 faciens
3473 3361 3624 3434 (tunc
3647 3373 3807 3420 erunt

2216 3449 2356 3504 enim
2384 3448 2520 3503 bona
2538 3492 2554 3518 ,
2582 3451 2830 3520 quoniam
2859 3451 2976 3520 ﬁnis
3000 3450 3148 3522 Legis
3175 3452 3425 3517 Christus,
3457 3456 3526 3507 ad
3543 3457 3805 3526 justitiam

2215 3541 2348 3593 omni
2365 3540 2584 3594 credenti
2598 3539 2771 3610 (Rom.
2791 3557 2846 3609 χ,
2865 3539 2944 3613 4),
2969 3542 3208 3598 minister
3226 3551 3310 3598 est
3330 3543 3522 3599 Christi
3540 3560 3712 3617 usque
3737 3548 3805 3604 ad

2214 3630 2342 3686 illud
2374 3647 2509 3701 opus
2534 3647 2740 3702 magna:
2775 3633 3050 3690 charitatis
3068 3676 3083 3702 ,
3112 3634 3252 3706 quod
3278 3643 3361 3691 est
3387 3635 3616 3691 animam
3648 3653 3802 3693 suam

2214 3738 2313 3793 pro
2355 3723 2607 3779 fratribus
2636 3739 2835 3794 ponere
2867 3743 2881 3779 :
2914 3725 3016 3780 hoc
3053 3734 3137 3782 est
3178 3725 3320 3782 enim
3361 3737 3416 3782 et
3452 3743 3548 3798 pro
3583 3727 3805 3785 Christo

2213 3829 2432 3884 ponere.
2456 3815 2589 3883 Quia
2613 3813 2787 3871 ethoc
2809 3827 3023 3886 propter
3041 3832 3134 3873 sua
3152 3819 3386 3873 membra
3414 3819 3653 3876 dicturus
3678 3832 3762 3878 est
3784 3839 3798 3879 :

2214 3905 2347 3960 Cum
2382 3922 2478 3977 pro
2516 3906 2631 3962 istis
2675 3905 2866 3974 fecisti,
2899 3923 2995 3978 pro
3033 3923 3122 3965 me
3159 3908 3350 3964 fecisti.
3380 3911 3453 3966 De
3483 3911 3573 3966 tali
3602 3913 3803 3984 quippe

2214 4012 2379 4066 opere
2399 3998 2557 4052 etiam
2586 4013 2644 4053 se
2665 3999 2964 4053 ministrum
2990 4001 3163 4057 facere
3183 4009 3236 4056 et
3258 4003 3527 4072 appellare
3551 4002 3803 4073 dignatus

2211 4097 2314 4154 est,
2345 4088 2432 4143 ubi
2463 4089 2537 4143 ait
2561 4106 2574 4143 :
2603 4088 2749 4145 Sicut
2777 4089 2823 4143 F
2824 4091 2944 4145 ilius
2970 4093 3187 4148 hominis
3217 4110 3315 4147 non
3338 4095 3471 4148 venit
3490 4095 3797 4164 ministrari,

2209 4181 2299 4234 sed
2345 4181 2662 4246 ministrare,
2703 4193 2750 4236 et
2793 4183 3013 4237 animant
3056 4201 3202 4240 suam
3251 4202 3434 4256 ponere
3479 4203 3571 4257 pro
3618 4189 3800 4244 multis

2211 4273 2422 4348 (Matth.
2451 4291 2541 4340 xx,
2572 4273 2684 4347 28).
2731 4275 2865 4332 llinc
2891 4284 3122 4348 estergo
3155 4279 3514 4350 unusquisque
3551 4281 3799 4338 minister

2209 4368 2438 4434 Christi,
2486 4368 2624 4424 unde
2667 4377 2748 4424 est
2801 4371 3041 4425 minister
3084 4382 3139 4427 et
3183 4371 3442 4428 Christus.
3491 4373 3580 4429 Sic
3629 4375 3797 4429 mini-

2207 4467 2462 4514 strantem
2489 4458 2701 4514 Christo
2730 4459 3099 4516 honoriﬁcabit
3124 4463 3280 4518 Pater
3302 4448 3436 4532 ejus,
3469 4463 3674 4520 honore
3703 4464 3797 4519 illo

2209 4564 2432 4619 magno,
2472 4558 2530 4604 ut
2566 4551 2637 4606 sit
2677 4565 2798 4605 cum
2838 4551 2973 4607 Filio
3009 4553 3145 4623 ejus,
3182 4568 3284 4610 nec
3320 4569 3550 4625 unquam
3577 4553 3797 4611 deﬁciat

2205 4643 2428 4698 felicitas
2455 4643 2589 4714 ejus.

2277 4736 2363 4790 15.
2394 4735 2526 4790 Cum
2555 4752 2681 4807 ergo
2710 4737 2920 4804 auditis,
2949 4737 3161 4805 fratres,
3189 4737 3471 4794 Dominum
3496 4738 3791 4808 dicentem,

2208 4826 2308 4882 Ubi
2329 4846 2418 4899 ego
2446 4846 2579 4894 sum,
2605 4829 2710 4882 illic
2733 4839 2777 4884 et
2805 4829 3028 4883 minister
3052 4847 3192 4885 meus
3212 4832 3344 4896 erit;
3370 4831 3530 4886 nolite
3553 4840 3794 4888 tantum-

2203 4920 2362 4974 modo
2389 4921 2560 4975 bonos
2584 4922 2863 4992 episcopos
2885 4928 2938 4975 et
2957 4921 3181 4976 clericos
3210 4921 3461 4993 cogitare.
3485 4921 3662 4976 Etiam
3691 4940 3793 4980 vos

2202 5027 2299 5082 pro
2336 5012 2496 5066 modo
2526 5025 2701 5067 veStro
2740 5012 3038 5068 ministrate
3075 5011 3307 5077 Clu-isto,
3356 5012 3491 5068 bene
3531 5012 3792 5081 vivendo,

2201 5103 2569 5174 eleemosynas
2596 5103 2854 5167 faciendo,
2884 5119 3078 5158 nomen
3105 5102 3508 5171 doctrinamque
3535 5105 3653 5173 ejus
3678 5105 3792 5176 qui-

2201 5195 2299 5250 bus
2324 5194 2599 5264 potueritis
2625 5193 2999 5263 prmdicando;
3029 5205 3085 5248 ut
3106 5195 3469 5266 unusquisque
3493 5196 3655 5250 etiam
3687 5212 3792 5267 pa-

2199 5285 2509 5341 terfamilias
2543 5284 2642 5339 hoc
2685 5284 2898 5339 nomine
2935 5294 3187 5354 agnoscat
3220 5294 3494 5354 paternum
3535 5285 3793 5344 allectum

2197 5393 2308 5433 sua:
2335 5378 2546 5433 familia:
2569 5393 2628 5434 se
2648 5377 2861 5434 debere.
2886 5377 2989 5432 Pro
3010 5377 3224 5433 Christo
3245 5387 3299 5433 et
3317 5393 3414 5448 pro
3430 5379 3533 5432 vita
3559 5387 3784 5448 mterna,

2197 5485 2323 5527 suos
2357 5485 2544 5525 omnes
2585 5469 2886 5536 admoneat,
2932 5467 3146 5535 deccat,
3192 5469 3448 5535 hortetur,
3491 5470 3790 5540 corripiat;

2197 5564 2468 5635 impendat
2491 5564 2934 5628 benevolentiam,
2961 5573 3208 5619 exerceat
3226 5561 3558 5633 disciplinam
3587 5579 3601 5617 :
3627 5563 3702 5618 ita
3733 5565 3791 5620 in

2195 5657 2357 5713 domo
2394 5671 2491 5713 sua
2531 5656 2948 5713 ecclesiasticum
2979 5663 3032 5709 et
3059 5653 3450 5724 quodammodo
3478 5653 3792 5724 episcopale

2200 5753 2438 5824 implebit
2481 5751 2713 5809 ofﬁcium
2735 5793 2750 5821 ,
2789 5751 3095 5808 ministrans
3117 5749 3328 5809 Christo
3353 5751 3489 5809 utin
3519 5760 3790 5811 aeternum
