4102 6474
315 399 451 457 I709

308 517 372 570 sit
398 529 521 570 cum
552 513 690 584 ipso.
720 511 853 569 Nam
880 519 936 569 et
962 512 1105 572 illam
1134 513 1416 569 maximam
1449 514 1708 584 passionis
1734 513 1891 567 miniv

307 607 621 662 stratiOnem
666 604 815 661 multi
869 621 931 661 ex
984 615 1161 660 vestro
1214 620 1435 661 numero
1482 606 1889 660 ministrarunt:

309 700 459 755 multi
488 715 594 756 non
622 699 856 770 episc0pi
882 716 1054 771 neque
1081 700 1282 768 clerici,
1303 699 1528 769 juvenes
1556 708 1608 753 et
1637 698 1888 768 virgines,

306 793 547 849 seniores
567 808 689 846 cum
709 792 1028 860 junioribus,
1049 791 1196 845 multi
1219 790 1486 860 coniugati
1500 800 1553 844 et
1572 788 1887 858 conjugataa,

310 885 459 940 multi
483 893 661 955 patres
689 894 991 953 matresque
1017 883 1243 938 familias
1268 882 1481 938 Christo
1507 881 1887 944 ministrantes,

311 978 464 1033 etiam
486 978 692 1032 animas
710 991 834 1032 suas
851 978 902 1031 in
919 977 1037 1046 ejus
1056 976 1310 1047 martyrio
1328 982 1635 1045 posuerunt,
1657 980 1712 1029 et
1731 971 1892 1027 hono-

313 1069 546 1125 riﬁcnnte
572 1070 728 1125 Patre
753 1084 980 1124 coronas
1008 1068 1415 1138 gloriosissimas
1445 1071 1779 1137 receperunt.

819 1178 1228 1237 TRACTATUS
1265 1178 1375 1233 LH.

316 1298 382 1350 Ab
410 1312 466 1351 eo
505 1294 641 1365 quod
681 1295 922 1365 scriptum
963 1302 1071 1357 est,
1100 1290 1250 1347 Nunc
1296 1291 1474 1345 anima
1521 1304 1636 1344 mea
1681 1286 1888 1347 turbata

376 1398 492 1452 est;
525 1399 579 1443 et
606 1387 730 1458 quid
757 1386 970 1442 dicam?
995 1401 1150 1456 usque
1190 1385 1256 1438 ad
1298 1385 1379 1451 id,
1412 1382 1535 1437 Haec
1571 1382 1777 1437 loculus
1806 1385 1889 1435 est

375 1479 560 1542 Jesus,
592 1486 645 1533 et
689 1478 848 1544 abiit,
882 1485 935 1532 et
974 1474 1252 1532 abscondit
1290 1489 1349 1529 se
1384 1472 1453 1528 ab
1490 1471 1587 1529 eis.
1616 1471 1744 1542 Cap.
1778 1485 1888 1538 xu,

388 1572 459 1642 γ.
489 1570 685 1626 27-36.

373 1690 424 1743 i.
466 1688 758 1758 Postquam
785 1685 1041 1740 Dominus
1066 1682 1222 1739 Jesus
1243 1681 1485 1737 Christus
1510 1679 1687 1735 verbis
1705 1678 1905 1733 lectio-'

308 1785 386 1839 nis
424 1783 690 1838 hesterna:
717 1781 992 1837 ministros
1017 1792 1143 1835 suos
1173 1785 1227 1831 ut
1253 1777 1487 1847 seipsum
1532 1782 1888 1843 sequerentur

307 1880 546 1936 hortatus
572 1888 689 1947 est,
720 1894 838 1934 cum
884 1877 953 1931 ita
989 1874 1327 1945 praedixisset
1369 1870 1670 1940 passionem
1700 1884 1885 1934 suam,

304 1972 441 2044 quod
468 1972 569 2027 nisi
596 1987 815 2041 granum
844 1966 1093 2024 frumenti
1113 1965 1311 2020 cadens
1330 1963 1381 2017 in
1405 1970 1600 2017 terram
1622 1970 1888 2014 mortuum

304 2066 492 2131 fuerit,
525 2065 697 2120 solum
726 2072 937 2128 manet;
965 2061 1011 2115 si
1040 2068 1217 2114 autem
1244 2065 1508 2112 mortuum
1539 2052 1719 2120 fuerit,
1748 2053 1885 2107 mul-

304 2166 410 2213 tum
439 2158 671 2212 fructum
717 2153 907 2211 atfert:
938 2152 1026 2207 ubi
1072 2150 1325 2207 excitavit
1366 2162 1487 2213 eos,
1520 2146 1609 2216 qui
1654 2159 1777 2198 cum
1820 2142 1888 2198 ad

302 2268 520 2322 regnum
547 2250 804 2305 caelorum
828 2246 981 2317 sequi
1005 2246 1219 2311 vellent,
1243 2253 1301 2299 ut
1323 2246 1553 2299 animam
1576 2256 1727 2298 suam
1752 2238 1888 2294 odis~

303 2346 494 2401 sentin
523 2343 626 2398 hoc
650 2340 881 2407 mundo,
911 2340 955 2394 si
982 2355 1100 2394 eam
1136 2338 1187 2393 in
1220 2340 1380 2393 vitam
1412 2346 1665 2391 aeternam
1703 2342 1886 2388 custo-

302 2440 414 2494 dire
466 2440 764 2508 cogitarent
808 2453 823 2490 :
868 2433 935 2488 ad
990 2441 1225 2489 nostram
1279 2444 1461 2485 rursus
1524 2427 1885 2483 inﬁrmitatem

302 2550 455 2589 suum
481 2531 794 2602 temperavit
822 2528 1065 2583 affectum
1087 2568 1101 2593 ,
1133 2534 1191 2581 et
1227 2525 1335 2591 ait,
1366 2524 1507 2579 unde
1542 2524 1700 2578 lectio
1725 2520 1889 2590 carpit

304 2624 594 2690 hodierna,
619 2620 773 2676 Nunc
798 2621 968 2673 anima
998 2634 1109 2673 mea
1139 2616 1339 2671 turbata
1370 2626 1460 2670 est.
1496 2614 1645 2671 Unde
1679 2613 1886 2668 turbata

302 2727 409 2783 est,
445 2716 693 2782 Domine,
723 2712 899 2768 anima
932 2710 1059 2766 tua?
1085 2709 1288 2779 Nempe
1334 2708 1487 2777 paulo
1517 2715 1640 2761 ante
1669 2705 1883 2772 dixisti,

306 2810 401 2877 Qui
420 2810 527 2863 odit
552 2808 776 2862 animam
803 2820 944 2859 suam
973 2804 1026 2856 in
1048 2801 1141 2855 hoc
1164 2800 1369 2865 mundo,
1396 2800 1449 2853 in
1471 2799 1623 2852 vitam
1647 2807 1888 2851 aeternam

300 2901 516 2957 custodit
542 2917 674 2955 eam.
706 2899 842 2969 Ergo
871 2897 1046 2951 anima
1079 2903 1164 2948 tua
1197 2895 1251 2948 in
1292 2893 1394 2947 hoc
1420 2890 1618 2946 mundo
1655 2897 1884 2955 amatur,

300 2995 416 3051 ideo
447 2994 695 3050 turbatur
718 2993 963 3047 veniente
995 2990 1124 3044 hora
1150 3002 1350 3059 quaex
1376 2985 1478 3042 hoc
1504 2983 1701 3039 mundo
1731 2996 1886 3052 egre-

300 3089 515 3144 diatur?
542 3087 674 3156 Quis
700 3085 801 3141 hoc
825 3084 894 3140 de
922 3082 1101 3137 anima
1134 3078 1345 3135 Domini
1369 3076 1559 3132 audeat
1579 3070 1888 3130 afﬁrmare?

299 3182 403 3238 Sed
434 3197 539 3237 nos
588 3182 640 3235 in
685 3195 745 3235 se
789 3176 1089 3241 transtulit,
1117 3190 1215 3230 nos
1261 3174 1315 3228 in
1353 3188 1412 3227 se
1456 3169 1690 3240 suscepit
1730 3173 1890 3237 caput

299 3283 542 3331 nostrum
567 3315 583 3340 ,
616 3271 975 3328 membrorum
1008 3283 1228 3324 suorum
1255 3265 1491 3334 suscepit
1518 3262 1763 3317 aﬂ'ectum
1792 3277 1806 3313 :
1833 3266 1890 3315 et

300 3369 415 3425 ideo
447 3384 557 3425 non
579 3374 662 3421 est
691 3367 757 3422 ab
782 3364 960 3435 aliquo
985 3361 1285 3426 turbatum;
1311 3358 1405 3414 sed
1432 3357 1569 3412 sicut
1595 3355 1662 3409 de
1691 3353 1783 3408 illo
1806 3351 1889 3407 di-

297 3471 440 3517 ctum
474 3469 591 3527 est,
619 3475 739 3515 cum
766 3458 1025 3514 Lazarum
1054 3455 1334 3509 suscitaret
1358 3494 1371 3518 ,
1399 3449 1612 3505 turbavit
1650 3447 1887 3517 κυπαίρ-

299 3572 409 3610 sstm
438 3554 622 3626 (Joan.
648 3570 720 3620 xi,
753 3552 863 3622 55).
892 3549 1184 3621 Oportebat
1209 3547 1350 3603 enim
1379 3554 1435 3600 ut
1463 3559 1595 3599 unus
1627 3541 1889 3597 mediator

298 3648 391 3702 Dei
441 3655 497 3702 et
542 3646 818 3700 hominum
880 3643 1041 3698 homo
1089 3640 1333 3696 Christus
1387 3634 1740 3701 Jesus,sicut
1787 3646 1888 3687 nos

296 3739 549 3795 excitavit
584 3738 650 3793 ad
696 3752 901 3793 summa
924 3777 939 3801 ,
968 3736 1039 3789 ita
1082 3733 1359 3789 nobiscum
1397 3736 1664 3800 pateretur
1704 3734 1758 3781 et
1799 3725 1883 3780 in-

299 3834 420 3887 ﬁma
449 3834 489 3887 ³.

370 3924 425 3978 2.
471 3923 645 3978 Audio
670 3922 917 3991 superius
944 3919 1210 3974 dicentem
1232 3957 1246 3981 ,
1290 3915 1431 3969 Venit
1457 3913 1583 3967 hora
1602 3918 1660 3964 ut
1686 3909 1885 3981 gloriﬁ-

296 4027 439 4072 cetur
474 4014 644 4070 Filius
682 4013 899 4069 hominis
924 4027 943 4066 :
971 4014 1014 4065 si
1058 4004 1413 4078 mortiﬁcatum
1458 4005 1609 4075 fuerit
1639 4017 1883 4073 granum,

297 4110 514 4163 multum
541 4113 761 4180 fructum
790 4104 959 4172 a/Iert.
1004 4102 1176 4158 Audio
1197 4143 1211 4168 ,
1243 4100 1341 4165 Qui
1362 4097 1466 4152 odit
1491 4097 1715 4149 animum
1745 4110 1887 4147 suam

297 4203 351 4255 in
397 4201 490 4254 hoc
529 4198 833 4265 mundo,in
872 4197 1027 4251 vitam
1068 4204 1309 4249 internum
1351 4190 1565 4244 custodit
1606 4205 1737 4241 eam.
1778 4186 1889 4242 Nec

298 4294 580 4363 permittor
623 4289 989 4345 tantummodo
1036 4287 1251 4351 mirari,
1296 4284 1390 4339 sed
1434 4285 1625 4354 juheor
1671 4280 1886 4335 imitari.

298 4384 501 4439 Deinde
550 4383 896 4454 sequentibus
946 4380 1156 4445 verbis,
1190 4378 1251 4432 Si
1293 4378 1403 4448 quis
1432 4377 1555 4429 mihi
1596 4374 1884 4437 ministrat,

297 4495 380 4532 me
400 4486 672 4548 sequatur;
693 4486 739 4529 et
764 4476 847 4529 ubi
876 4491 988 4528 sum
1016 4489 1137 4543 ego,
1165 4472 1234 4525 ibi
1266 4479 1311 4525 et
1338 4470 1563 4523 minister
1590 4485 1730 4521 meus
1753 4466 1889 4529 erit;

298 4570 558 4625 mundum
585 4580 931 4624 contemnere
958 4564 1240 4630 accendor,
1274 4572 1328 4617 et
1368 4563 1419 4616 in
1450 4569 1739 4630 conspectu
1766 4573 1887 4613 meo

297 4662 427 4716 nihil
459 4671 543 4716 est
582 4662 702 4714 vitze
749 4658 901 4728 hujus
933 4667 1107 4721 totus,
1138 4653 1525 4726 quantumlibet
1568 4651 1724 4707 fuerit
1764 4665 1888 4720 pro-

298 4756 467 4820 lixus,
499 4769 695 4825 vapor;
732 4768 840 4822 prae
862 4766 1044 4806 amore
1075 4759 1394 4803 aeternorum
1421 4746 1729 4817 temporalia
1757 4744 1887 4799 mihi

297 4858 487 4900 cuncta
515 4845 775 4898 vilescunt
800 4858 815 4895 :
837 4850 893 4896 et
936 4857 1121 4896 rursus
1148 4841 1318 4909 ipsum
1352 4839 1633 4892 Dominum
1672 4852 1884 4903 meum,

299 4943 387 5014 qui
418 4958 506 4998 me
532 4940 635 4995 illis
658 4940 834 4995 verbis
862 4938 929 4992 ab
951 4937 1256 4991 inﬁrmitate
1282 4950 1399 4989 mea
1428 4934 1600 5003 rapuit
1627 4932 1692 4986 ad
1726 4930 1890 4987 ﬁrmi—

302 5046 461 5089 tatem
498 5049 649 5089 suam
669 5075 686 5101 ,
714 5033 876 5088 audio
916 5032 1179 5086 dicentem
1198 5071 1211 5094 ,
1247 5027 1402 5082 Nunc
1444 5027 1613 5080 anima
1638 5041 1749 5077 mea
1777 5034 1889 5077 tur-

302 5126 416 5181 bata
442 5137 540 5181 est.
560 5125 697 5192 Quid
718 5133 801 5179 est
826 5123 966 5178 hoc?
995 5121 1273 5191 Quomodo
1304 5119 1453 5189 sequi
1478 5119 1631 5188 juhes
1656 5116 1889 5170 animam

303 5235 502 5288 meam,
535 5220 582 5274 si
609 5220 812 5275 turbari
838 5218 996 5274 video
1022 5217 1253 5271 animam
1282 5213 1462 5268 tuam?
1488 5210 1755 5281 quomodo
1783 5208 1891 5264 suf-

303 5311 470 5369 feram
502 5314 645 5384 quod
670 5328 831 5383 grave
860 5320 1005 5366 tanta
1039 5309 1261 5363 ﬁrmitas
1290 5305 1485 5361 sentit?
1510 5303 1667 5373 quale
1697 5299 1890 5356 funda-

306 5417 548 5462 mentum
596 5422 859 5477 quzeram.
889 5405 935 5459 si
986 5412 1135 5473 petra
1184 5396 1522 5455 succumbit?
1551 5395 1655 5449 Sed
1705 5393 1890 5447 videor

305 5496 435 5551 mihi
466 5496 653 5552 audire
692 5497 742 5549 in
785 5493 1103 5565 cogitatione
1150 5505 1267 5545 mea
1310 5487 1718 5558 respondentem
1761 5480 1891 5536 mihi

311 5587 597 5644 Dominum
622 5628 638 5655 ,
668 5596 723 5642 et
749 5583 1145 5657 quodammodo
1172 5582 1435 5636 dicentem
1467 5595 1479 5630 :
1513 5576 1676 5646 Magis
1704 5589 1893 5644 seque—

308 5681 411 5745 ris,
442 5681 565 5748 quia
595 5679 673 5733 sic
704 5694 789 5732 me
820 5679 1102 5746 interpono
1130 5682 1188 5727 ut
1212 5671 1435 5727 sufferas
1470 5687 1483 5723 :
1516 5667 1707 5723 audisti
1751 5665 1817 5720 ad
1845 5676 1894 5719 te

310 5786 497 5826 vocem
523 5768 851 5824 fortitudinis
877 5783 1009 5822 meae
1032 5808 1043 5829 ,
1070 5765 1191 5819 audi
1223 5764 1273 5816 in
1298 5778 1381 5816 me
1409 5775 1594 5815 vocem
1620 5756 1869 5812 inﬁrmita

371 5884 386 5914 ¹
409 5889 463 5933 ιιι
478 5881 703 5933 omnibus
726 5893 878 5945 prope
900 5886 1029 5940 Mss,
1054 5882 1296 5942 pateretur
1319 5883 1364 5927 et
1383 5872 1596 5939 inﬁrma.

506 5965 734 6031 Sacr.
766 5966 1048 6030 Ausus'r.
1094 5963 1201 6025 Ill.

1446 396 1851 457 TRACTATUS
1886 393 2000 456 ιιι.
2039 398 2267 458 CAPUT
2302 401 2421 459 XII.

3440 413 3576 469 i770

2004 512 2069 565 tis
2092 521 2194 567 tuas
2220 530 2233 567 :
2260 514 2400 569 vires
2440 528 2665 585 suggero
2690 521 2748 569 ut
2784 529 2967 570 curras
2988 556 3002 580 ,
3034 531 3134 571 nec
3164 520 3401 589 reprimo
3431 526 3574 591 quod

2000 604 2299 670 acceleras;
2328 606 2421 660 sed
2448 606 2708 662 transfero
2735 608 2787 661 in
2817 624 2904 663 me
2930 610 3069 679 quod
3092 612 3323 680 trepidas
3344 655 3357 679 ,
3380 623 3433 667 et
3452 616 3576 670 sub.

2000 706 2182 751 sterno
2211 713 2313 767 qua
2340 707 2601 755 transeas.
2623 699 2667 754 Ο
2695 700 2916 755 Domine
2946 702 3225 767 mediator,
3250 704 3389 758 Deus
3414 721 3575 774 supra

1999 803 2127 856 nos,
2185 788 2347 845 homo
2412 801 2626 861 propter
2687 808 2820 859 nos,
2872 808 3103 864 agnosco
3160 796 3578 852 misericordiam

2001 881 2175 934 tuam!
2206 896 2328 935 nam
2357 882 2498 950 quod
2542 893 2597 937 tu
2628 892 2802 941 tantus
2848 895 2950 940 tute
2992 886 3263 941 charitatis
3309 888 3579 944 voluntate

1998 972 2257 1040 turbaris,
2291 975 2485 1030 multos
2522 976 2574 1029 in
2602 991 2821 1046 corpore
2859 986 2949 1034 tuo
2987 980 3076 1049 qui
3105 995 3215 1034 sua:
3259 981 3580 1036 inﬁrmitatis

1996 1067 2315 1123 necessitate
2344 1069 2643 1138 turbantur,
2670 1086 2739 1126 ne
2766 1071 3101 1142 desperando
3127 1085 3347 1143 pereant
3376 1090 3570 1131 conso—

1997 1154 2145 1213 laris.

2067 1252 2120 1307 3.
2162 1252 2398 1325 Denique
2428 1254 2587 1309 hemo
2629 1255 2719 1325 qui
2769 1256 2915 1327 sequi
2955 1258 3101 1327 vult,
3131 1261 3307 1315 audiat
3348 1277 3450 1332 qua
3489 1277 3577 1318 so-

1996 1354 2207 1418 quatur.
2233 1347 2473 1403 Accessit
2492 1346 2627 1403 forte
2649 1349 2778 1404 hora
2806 1351 3072 1417 terribilis,
3099 1356 3407 1423 proponitur
3430 1358 3578 1425 optio

1996 1447 2086 1492 aut
2138 1436 2393 1493 faciendae
2446 1438 2890 1508 iniquitatis,aut
2938 1443 3224 1498 subeundae
3282 1447 3577 1513 passionis;

1997 1527 2237 1583 turbatur
2260 1531 2437 1584 anima
2461 1532 2663 1586 inﬁrma
2685 1575 2702 1599 ,
2734 1543 2950 1603 propter
2969 1551 3127 1605 quam
3151 1546 3342 1604 sponte
3370 1537 3579 1593 turbata

1995 1628 2079 1673 est
2106 1621 2281 1675 anima
2313 1623 2504 1677 invicta
2530 1641 2543 1677 :
2569 1639 2817 1694 praepone
2843 1635 2946 1680 tute
2967 1627 3222 1682 voluntati
3252 1629 3577 1683 voluntatem

1996 1709 2112 1765 Dei.
2144 1714 2374 1769 Attende
2396 1716 2537 1769 enim
2562 1717 2686 1785 quid
2705 1717 2897 1772 deinde
2922 1719 3204 1789 subjungat
3224 1730 3432 1777 creator
3460 1731 3580 1776 tuus

1994 1810 2050 1855 et
2079 1804 2333 1871 magister
2363 1813 2512 1870 tuus,
2540 1807 2627 1875 qui
2657 1815 2707 1860 te
2734 1806 2885 1875 fecit,
2916 1817 2970 1861 et
2996 1818 3051 1862 ut
3080 1817 3132 1863 te
3159 1808 3375 1866 doceret
3411 1810 3580 1865 factus

1994 1904 2078 1950 est
2104 1904 2157 1949 et
2186 1896 2300 1965 ipse
2330 1898 2470 1966 quod
2499 1897 2619 1952 fecit
2646 1916 2659 1953 :
2687 1899 2846 1953 homo
2872 1901 3012 1954 enim
3042 1899 3212 1956 factus
3238 1908 3322 1957 est
3361 1902 3450 1970 qui
3479 1900 3581 1955 lto-

1996 1987 2194 2040 minem
2249 1986 2405 2053 fecit;
2453 1990 2544 2043 sed
2592 1990 2733 2045 Deus
2781 1991 3224 2047 incommutabilis
3269 1993 3492 2059 mansit,
3524 2003 3579 2048 et

1995 2078 2267 2136 hominem
2299 2082 2349 2135 in
2379 2084 2565 2137 melius
2589 2086 2951 2139 commutavit.
2986 2086 3121 2140 Audi
3150 2102 3277 2157 ergo
3304 2087 3429 2157 quid
3452 2087 3577 2142 inde

1994 2175 2313 2246 subjungat,
2342 2193 2461 2231 cum
2510 2177 2763 2242 dixisset,
2797 2178 2952 2232 Nunc
3000 2180 3171 2232 anima
3220 2197 3332 2233 mea
3381 2180 3581 2234 turbata

1995 2278 2086 2322 est.
2122 2268 2189 2321 Et
2214 2269 2335 2339 quid
2365 2270 2530 2323 dicam
2549 2312 2561 2334 ,
2596 2270 2798 2340 inquit?
2833 2271 3003 2333 Pater,
3037 2272 3263 2341 salviﬁca
3293 2290 3369 2326 me
3396 2290 3457 2327 ea:
3485 2276 3580 2327 hac

1996 2360 2121 2413 liora
2145 2376 2162 2413 :
2182 2360 2270 2413 sed
2291 2371 2551 2431 prapterea
2572 2368 2683 2416 ueni
2701 2363 2751 2415 in
2778 2362 2906 2416 hanc
2926 2363 3120 2416 horam.
3158 2362 3330 2429 Pater,
3354 2365 3582 2433 clari/ica

1996 2470 2174 2508 nomen
2201 2464 2361 2509 tuum.
2391 2455 2574 2511 Docuit
2595 2464 2645 2510 te
2666 2455 2790 2525 quid
2816 2456 3037 2525 cogites,
3062 2455 3241 2510 docuit
3259 2457 3384 2527 quid
3410 2456 3578 2523 dicas,

1996 2562 2151 2617 quem
2190 2548 2403 2602 invoces
2422 2589 2438 2614 ,
2470 2549 2522 2603 in
2552 2563 2658 2619 quo
2684 2563 2900 2619 speres,
2928 2548 3078 2618 cujus
3112 2549 3434 2603 voluntatem
3460 2564 3580 2605 cer-

1995 2647 2103 2692 tam
2128 2647 2286 2709 atque
2305 2640 2541 2694 divinam
2560 2648 2663 2694 tua:
2690 2641 2946 2694 voluntati
2978 2640 3222 2694 humanae
3250 2641 3580 2709 infirmaque

1998 2745 2297 2800 praeponas.
2330 2730 2445 2785 Non
2491 2731 2611 2786 ideo
2639 2732 2734 2786 tibi
2774 2731 3015 2786 videatur
3053 2747 3119 2786 ex
3164 2731 3272 2785 alto
3313 2731 3578 2797 deﬁcere,

1996 2825 2117 2893 quia
2151 2834 2214 2879 te'
2230 2825 2343 2879 vult
2364 2825 2431 2879 ab
2455 2825 2562 2880 imo
2582 2823 2863 2894 proﬁcere.
2887 2823 3017 2878 Nam
3041 2833 3095 2897 et
3121 2824 3308 2878 tentari
3336 2823 3582 2892 dignatus

1997 2924 2080 2970 est
2105 2931 2132 2968 a
2162 2916 2409 2984 diabolo,
2436 2931 2467 2970 a
2498 2931 2604 2985 quo
2640 2916 2821 2985 utique
2856 2916 2899 2970 si
2932 2916 3097 2970 nollet
3126 2931 3229 2969 non
3263 2924 3576 2979 tentaretur,

1994 3005 2441 3076 quemadmodum
2464 3005 2509 3059 si
2540 3005 2705 3059 nollet
2726 3021 2831 3059 non
2860 3013 3127 3074 pateretur
3150 3022 3162 3057 :
3190 3013 3246 3059 et
3270 3020 3331 3058 ea
3358 3019 3581 3075 respon-

1996 3096 2075 3150 dit
2102 3095 2346 3162 diabolo,
2377 3112 2496 3167 quaa
2536 3105 2589 3150 tu
2620 3097 2673 3150 in
2706 3096 3084 3150 tentationihus
3124 3095 3323 3150 debeas
3350 3111 3576 3166 respon-

1994 3186 2122 3243 dere
2150 3187 2361 3259 (Matth.
2394 3204 2466 3255 IV,
2500 3186 2676 3262 l-lO).
2710 3189 2774 3242 Et
2820 3187 2910 3241 ille
2937 3187 3149 3257 quidem
3195 3196 3425 3243 tentatus
3462 3197 3578 3257 est,

1994 3278 2091 3334 sed
2147 3295 2252 3334 non
2303 3279 2657 3349 periclitatus;
2709 3288 2768 3333 ut
2814 3277 3030 3336 doceret
3081 3287 3131 3332 te
3181 3281 3235 3332 in
3292 3279 3583 3334 tentatione

1997 3371 2387 3442 periclitantem
2416 3369 2667 3427 tentatori
2696 3369 3050 3439 respondere,
3082 3379 3136 3423 et
3189 3379 3307 3438 post
3347 3378 3578 3425 tentato-

1996 3479 2112 3519 rem
2153 3480 2259 3518 non
2304 3463 2412 3527 ire,
2441 3461 2535 3517 sed
2562 3463 2628 3517 de
2656 3462 2891 3532 periculo
2918 3461 3221 3516 teutationis
3242 3462 3406 3516 exire.
3435 3461 3584 3517 Sicut

1997 3566 2173 3611 autem
2220 3556 2306 3610 hic
2353 3555 2513 3621 dixit,
2548 3553 2705 3608 Nunc
2750 3556 2921 3608 anima
2968 3571 3079 3607 mea
3125 3556 3325 3608 turbata
3373 3564 3481 3619 est,
3512 3556 3583 3609 ita
3630 3574 3633 3575 ν

1996 3651 2156 3705 etiam
2184 3649 2271 3704 ubi
2300 3648 2461 3715 dicit,
2492 3646 2674 3702 Tristis
2703 3657 2773 3702 est
2803 3648 2972 3700 anima
2994 3663 3103 3701 mea
3137 3663 3295 3716 usque
3336 3647 3403 3699 ad
3444 3663 3581 3700 mor-

2001 3751 2138 3810 tem;
2168 3751 2253 3807 et,
2286 3741 2463 3808 Pater,
2493 3743 2537 3795 si
2557 3742 2671 3810 ﬁeri
2692 3750 2868 3809 potest,
2892 3751 3110 3794 transeat
3138 3759 3168 3793 a
3188 3758 3267 3793 me
3294 3743 3428 3795 calix
3453 3742 3580 3796 iste:

1997 3834 2228 3889 hominis
2252 3834 2485 3903 suscepit
2528 3833 2890 3887 inﬁrmitatem
2924 3834 2962 3895 ²,
2994 3841 3048 3886 ut
3072 3832 3259 3887 doceat
3280 3834 3359 3888 sic
3379 3833 3579 3886 contri-

1995 3936 2197 3981 statum
2217 3936 2269 3980 et
2286 3925 2655 3980 conturbatum
2683 3924 2825 3993 quod
2859 3924 3096 3993 sequitur
3120 3923 3326 3990 dicere,
3368 3922 3580 3976 Verum-

1997 4030 2162 4074 tamen
2211 4036 2312 4073 non
2351 4018 2489 4088 quod
2542 4034 2633 4090 ego
2676 4018 2825 4082 volo,
2854 4017 2941 4070 sed
2990 4016 3126 4085 quod
3173 4027 3227 4070 tu
3281 4017 3386 4082 vis,
3425 4014 3581 4070 Pater

1997 4111 2104 4183 (Id.
2164 4126 2324 4174 xxvi,
2350 4110 2417 4165 58
2439 4118 2483 4163 et
2506 4109 2621 4179 59}.
2655 4106 2743 4164 Sic
2785 4108 2926 4163 enim
2955 4106 3114 4161 homo
3158 4108 3226 4160 ab
3256 4107 3502 4161 humanis
3528 4107 3581 4161 in

1996 4203 2173 4258 divina
2204 4203 2468 4272 dirigitur,
2501 4216 2621 4257 cum
2653 4200 2911 4255 voluntati
2953 4200 3196 4254 humana:
3224 4199 3465 4255 voluntas
3493 4200 3581 4254 di-

1994 4294 2117 4349 vina
2148 4295 2494 4364 praeponitur.
2522 4293 2660 4359 Quid
2700 4300 2784 4349 est
2811 4302 3017 4354 autem,
3050 4290 3287 4359 Clariﬁca
3318 4302 3461 4345 tuum
3490 4308 3583 4347 no-

1997 4404 2145 4453 men;
2171 4389 2306 4453 nisi,
2340 4388 2391 4441 in
2422 4401 2517 4442 sua
2545 4386 2791 4454 passione
2814 4392 2867 4440 et
2895 4382 3321 4438 resurrectione?
3345 4382 3481 4451 Quid
3501 4395 3583 4439 est

1998 4494 2125 4549 ergo
2151 4478 2294 4533 aliud
2315 4521 2330 4545 ,
2362 4478 2464 4533 nisi
2500 4486 2560 4531 ut
2586 4476 2744 4530 Pater
2774 4475 3029 4530 clariﬁcet
3048 4473 3238 4528 Filium
3259 4516 3274 4540 ,
3307 4475 3395 4543 qui
3423 4474 3583 4529 clari-

1999 4574 2118 4629 ﬁcat
2145 4589 2298 4628 suum
2333 4587 2525 4625 nomen
2550 4570 2709 4625 etiam
2740 4569 2791 4621 in
2822 4568 3084 4622 similibus
3112 4568 3445 4637 passionibus
3470 4582 3583 4621 ser-

1999 4682 2188 4722 vorum
2221 4662 2479 4720 suorum?
2508 4662 2660 4718 Unde
2705 4663 2960 4732 scriptum
2988 4670 3072 4716 est
3110 4662 3177 4716 de
3220 4661 3412 4727 Petro,
3441 4661 3580 4728 quod

1999 4763 2118 4817 ideo
2146 4761 2214 4815 de
2245 4761 2333 4813 illo
2377 4758 2602 4819 dixerit,
2634 4756 2772 4809 Alter
2818 4765 2865 4809 te
2908 4756 3105 4825 cinget,
3135 4764 3180 4806 et
3225 4756 3346 4824 feret
3383 4770 3482 4822 quo
3525 4760 3579 4804 tu

2000 4870 2100 4906 non
2125 4852 2221 4913 vis;
2239 4850 2357 4919 quia
2377 4847 2673 4917 signiﬁcare
2691 4846 2874 4911 voluit,
2895 4862 2997 4915 qua
3016 4854 3175 4898 morte
3191 4842 3575 4915 gloriﬁcaturus

1997 4953 2104 4998 erat
2125 4941 2309 4995 Deum
2337 4939 2516 5010 (Joan.
2542 4954 2628 4992 xxt
2649 4980 2663 5005 ,
2692 4937 2757 4992 18
2777 4978 2792 5004 ,
2825 4935 2934 5008 l9).
2970 4936 3113 5005 Ergo
3142 4945 3196 4989 et
3226 4936 3275 4987 in
3302 4934 3394 4988 illo
3440 4933 3578 4986 Deus

1997 5033 2306 5090 clariﬁcavit
2329 5048 2523 5086 nomen
2551 5045 2736 5095 suum,
2765 5029 2883 5099 quia
2911 5029 2989 5083 sic
3025 5028 3183 5081 etiam
3228 5026 3283 5079 in
3326 5024 3582 5080 membris

1999 5130 2109 5185 suis
2137 5128 2394 5184 clariﬁcat
2418 5127 2709 5180 Christum.

2071 5224 2123 5276 4.
2176 5218 2319 5275 Venit
2341 5235 2458 5289 ergo
2484 5234 2580 5271 uox
2605 5217 2668 5270 de
2705 5216 2829 5270 cazlo
2852 5256 2866 5282 ,
2900 5212 2964 5267 Et
2990 5212 3299 5282 clariﬁcavi,
3323 5220 3370 5264 et
3401 5212 3583 5266 iterum

1999 5312 2307 5383 clariﬁcabo.
2330 5311 2396 5365 Et
2418 5308 2713 5378 clari/icavi,
2732 5315 3014 5375 antequam
3037 5304 3265 5358 facerem
3288 5303 3580 5359 mundum:

1999 5418 2047 5461 et
2077 5408 2260 5459 iterum
2302 5401 2591 5472 clarificabo
2611 5442 2625 5463 ,
2660 5414 2780 5455 cum
2807 5404 3050 5465 resurget
3079 5412 3107 5448 a
3134 5395 3385 5457 mortuis,
3411 5404 3465 5449 et
3495 5412 3582 5449 as-

2000 5499 2193 5554 cendet
2221 5498 2273 5550 in
2299 5496 2513 5551 caelum.
2548 5493 2614 5547 Et
2637 5490 2791 5544 aliter
2818 5487 3035 5557 intelligi
3072 5495 3267 5556 potest.
3292 5484 3361 5540 Et
3385 5487 3580 5554 clariﬁ-

2004 5593 2109 5648 cavi
2132 5633 2147 5659 ,
2177 5606 2298 5646 cum
2322 5588 2389 5644 de
2422 5585 2639 5656 Virgine
2668 5591 2824 5638 natus
2850 5591 2931 5636 est
2950 5621 2963 5646 ,
2997 5596 3116 5634 cum
3149 5581 3367 5634 virtutes
3397 5595 3577 5649 opera-

2064 5801 2081 5831 ι
2103 5798 2177 5848 δίο
2194 5802 2303 5846 ω
2343 5796 2400 5841 At
2435 5785 2586 5847 editi,
2614 5780 2819 5834 ostendit
2858 5778 3061 5830 hominis
3089 5776 3296 5841 suscepti
3330 5772 3585 5839 inﬁrmita-

2002 5873 2113 5918 Μ
2845 5922 3428 6007 (Cimonis-six.)
