4102 6486
328 455 461 509 H75

324 569 711 626 ciaeivitstem
731 612 746 636 ,
789 570 842 624 in
869 585 1062 624 vanum
1099 571 1331 641 vigilabit
1360 569 1451 640 qui
1479 570 1709 625 custodit
1735 567 1905 641 (Psal.

325 679 511 728 exul,
547 666 624 735 t).
654 665 831 720 Nolite
860 680 986 734 ergo
1015 665 1082 719 de
1122 664 1273 721 vobis
1307 664 1436 736 ipsis
1474 679 1832 734 praesumere,
1865 663 1911 716 si

325 769 426 814 non
455 757 618 812 vultis
651 756 799 812 foras
835 757 1062 828 ejectum
1100 756 1370 812 diabolum
1411 756 1553 811 intro
1587 756 1776 812 iterum
1815 771 1909 812 re-

324 861 532 904 vocare.

396 943 480 997 to.
517 941 672 997 Absit
699 950 877 998 autem
908 950 966 996 ut
992 940 1261 996 diabolum
1295 939 1481 995 mundi
1515 940 1807 1011 principem
1838 940 1908 993 ita

324 1034 516 1089 dictum
547 1035 914 1090 existimemus
933 1075 948 1102 ,
979 1044 1035 1088 ut
1062 1049 1183 1089 eum
1213 1034 1351 1090 caelo
1375 1039 1433 1089 et
1464 1042 1618 1088 terras
1644 1031 1907 1088 dominari

321 1139 477 1197 posse
499 1127 803 1182 credamus.
835 1126 938 1182 Sed
966 1127 1194 1181 mundus
1219 1126 1514 1196 appellatur
1541 1127 1594 1180 in
1621 1125 1775 1179 malis
1806 1124 1906 1179 ho-

321 1221 544 1275 minibus
568 1263 583 1286 ,
621 1221 715 1290 qui
752 1227 866 1275 toto
901 1221 1032 1275 orbe
1062 1229 1319 1274 terrarum
1344 1219 1522 1274 diffusi
1551 1229 1674 1273 sunt
1715 1237 1728 1272 :
1769 1217 1909 1272 sicut

321 1313 615 1381 appeliatur
635 1313 826 1366 domus
845 1313 902 1366 in
931 1311 1012 1365 his
1037 1327 1064 1363 a
1092 1311 1283 1381 quibus
1305 1311 1590 1377 habitatur,
1615 1309 1906 1364 secundum

319 1404 452 1473 quod
478 1403 727 1469 dicimus,
757 1405 905 1458 Bona
929 1403 1122 1458 domus
1147 1412 1246 1468 est,
1281 1404 1389 1468 vel,
1423 1403 1558 1456 mala
1585 1403 1773 1457 domus
1801 1411 1902 1468 est,

317 1511 418 1552 non
450 1499 665 1567 qttando
697 1497 1137 1568 reprehendimus
1165 1497 1278 1552 sive
1303 1495 1582 1550 laudamus
1621 1495 1906 1550 aediﬁcium

315 1590 576 1657 parietum
605 1597 764 1659 atque
791 1598 1051 1643 tectorum
1073 1630 1088 1654 ,
1123 1588 1215 1642 sed
1240 1587 1452 1657 quando
1479 1601 1654 1641 mores
1683 1586 1768 1640 vel
1799 1587 1905 1640 bo-

313 1695 501 1736 norum
528 1681 805 1735 hominum
837 1681 919 1735 vel
945 1681 1228 1734 malorum.
1267 1679 1357 1734 Sic
1395 1694 1522 1748 ergo
1563 1678 1758 1732 dictum
1800 1688 1898 1742 est,

313 1772 561 1843 hiqu
605 1774 757 1845 hujus
797 1773 977 1827 mundi
1020 1787 1040 1827 θ
1079 1772 1135 1826 id
1177 1781 1290 1835 est,
1345 1776 1588 1841 princeps
1642 1769 1902 1824 malorum

310 1867 547 1920 omnium
595 1867 684 1936 qui
731 1866 964 1920 habitant
1017 1865 1069 1918 in
1121 1864 1338 1918 mundo.
1387 1863 1700 1933 Appellatur
1742 1861 1903 1937 et'pm

311 1957 541 2012 mundus
575 1958 636 2012 in
671 1959 862 2023 bonis,
899 1958 987 2026 qui
1035 1957 1281 2011 similiter
1317 1965 1430 2010 toto
1473 1965 1732 2010 terrarum
1775 1955 1904 2009 orbe

308 2049 484 2112 ditiusi
513 2059 636 2104 sunt
665 2067 678 2102 :
711 2050 834 2104 inde
857 2049 991 2104 dicit
1018 2047 1333 2118 Apostolus,
1364 2046 1503 2100 Deus
1538 2055 1644 2100 erat
1671 2047 1722 2099 in
1751 2044 1901 2101 Chri-

307 2151 401 2210 sto,
431 2143 682 2201 intinctam
703 2142 1032 2196 reconcilians
1054 2139 1149 2194 sibi
1171 2140 1232 2212 (II
1258 2139 1373 2193 Cor.
1396 2155 1449 2203 v,
1473 2140 1583 2209 19).
1608 2139 1671 2192 Hi
1693 2147 1903 2193 suntex

305 2249 536 2304 quorum
564 2235 813 2290 cordibus
841 2235 1086 2304 princeps
1113 2233 1269 2302 hujus
1295 2233 1474 2286 mundi
1502 2232 1710 2301 eiicitur
1739 2233 1898 2286 foras.

377 2328 468 2382 ﬂ.
489 2327 630 2380 Cum
667 2339 794 2395 ergo
817 2327 1068 2389 dixisset,
1106 2323 1257 2378 Nunc
1287 2326 1518 2394 princeps
1546 2324 1697 2394 hujus
1726 2323 1903 2376 mundi

309 2418 534 2487 ejiciatur
556 2419 695 2487 {eras
709 2433 732 2482 ’ξ
759 2416 825 2471 Et
847 2434 958 2488 ego,
980 2417 1170 2486 inquit,
1193 2417 1237 2470 si
1257 2415 1507 2470 cxaltatus
1529 2417 1670 2486 [ιιιηό
1695 2431 1726 2467 a
1746 2425 1898 2479 terra,

308 2510 476 2562 omnia
504 2509 704 2561 traham
731 2518 842 2577 post
873 2524 968 2562 me.
995 2508 1126 2574 Quae
1153 2507 1342 2574 omnia,
1373 2506 1474 2560 nisi
1505 2521 1569 2560 ex
1598 2506 1787 2575 quibus
1813 2505 1902 2560 ille

306 2601 518 2669 eiicitur
544 2601 723 2654 bras?
751 2599 862 2654 Nan
887 2607 1063 2654 autem
1089 2599 1222 2652 dixit
1240 2641 1254 2662 ,
1281 2611 1469 2652 omnes
1489 2640 1504 2664 ,
1532 2596 1624 2650 sed
1647 2640 1660 2662 ,
1691 2597 1858 2650 omnia
1882 2612 1902 2651 :

306 2707 406 2747 non
435 2695 583 2749 enim
611 2695 848 2748 ciuilium
875 2693 1110 2748 estﬁdes
1141 2692 1208 2764 (Il
1228 2690 1407 2746 Thess.
1436 2707 1516 2756 ut,
1543 2691 1622 2762 2).
1656 2691 1769 2745 Non
1802 2690 1904 2744 ita-

305 2802 404 2857 que
447 2786 554 2842 too
595 2787 662 2840 ad
704 2787 1106 2841 universitatem
1145 2784 1420 2838 hominum
1462 2783 1676 2848 retulit,
1709 2781 1802 2836 sed
1833 2781 1900 2836 ad

295 2888 562 2938 creaturae
583 2880 986 2950 integritatem;
1013 2879 1066 2933 id
1097 2889 1211 2945 est,
1241 2877 1485 2948 spiritum
1506 2920 1518 2941 ,
1560 2885 1613 2931 et
1642 2877 1896 2941 animam,

305 2981 356 3029 et
374 2987 606 3043 corpus;
639 2981 693 3027 et
722 2972 850 3026 illud
875 2985 979 3040 quo
1005 2971 1368 3040 intelligimus,
1401 2977 1456 3024 et
1478 2968 1606 3023 illud
1628 2981 1734 3039 quo
1762 2967 1898 3021 vivi-

303 3080 452 3130 mus,
483 3075 544 3122 et
575 3065 701 3120 illud
731 3080 836 3135 quo
875 3063 1111 3118 visibiles
1151 3071 1208 3118 et
1246 3062 1654 3117 contrectabiles
1691 3075 1894 3116 sumus.

300 3157 398 3225 Qui
421 3157 573 3212 enim
599 3157 753 3224 dixit,
772 3155 1009 3226 Capillus
1035 3155 1213 3224 capitis
1239 3154 1386 3208 vestri
1411 3169 1509 3206 non
1537 3153 1714 3224 peribit
1745 3152 1893 3222 (Luc.

301 3265 410 3316 xxi,
439 3249 539 3322 48)
563 3293 579 3317 ,
607 3251 784 3304 omnia
811 3249 970 3303 trahit
999 3257 1118 3319 post
1143 3263 1220 3303 se.
1255 3251 1360 3301 Aut
1388 3248 1430 3300 si
1463 3248 1631 3300 omnia
1671 3247 1768 3317 ipsi
1801 3246 1897 3299 ho-

299 3342 473 3396 mines
503 3340 834 3412 intelligendi
857 3349 1007 3406 sunt,
1039 3339 1214 3393 omnia
1243 3339 1619 3420 przedestinata
1652 3337 1718 3390 ad
1749 3337 1894 3391 salu-

299 3443 406 3490 tem
429 3437 716 3506 possumus
737 3433 952 3490 dicere:
977 3450 1040 3487 ex
1063 3433 1253 3502 quibus
1268 3433 1515 3486 omnibus
1535 3431 1606 3484 ait
1628 3432 1754 3485 nihil
1776 3445 1896 3486 esse

301 3529 621 3598 periturum,
635 3542 759 3580 cum
782 3541 940 3597 supra
961 3525 1026 3580 de
1047 3526 1158 3581 suis
1177 3524 1364 3578 ovibus
1383 3524 1690 3593 loqueretur
1711 3521 1889 3592 (Joan.

303 3635 371 3683 ι,
405 3619 526 3683 28).
561 3621 667 3673 Aut
708 3628 852 3673 certe
898 3618 1074 3672 omnia
1120 3615 1393 3670 hominum
1438 3623 1632 3683 genera
1654 3657 1667 3680 ,
1701 3615 1811 3669 sive
1838 3616 1890 3668 in

299 3711 492 3781 linguis
527 3711 811 3777 omnibus,
841 3711 952 3764 sive
995 3711 1048 3763 in
1093 3709 1338 3763 :etatilms
1372 3705 1646 3771 omnibus,
1687 3707 1799 3761 sive
1838 3707 1890 3760 in

303 3805 552 3875 gradibus
581 3803 843 3858 honorum
871 3803 1136 3864 omnibus,
1169 3801 1278 3855 sive
1305 3800 1357 3853 in
1390 3799 1786 3853 diversitatibus
1814 3798 1891 3851 in-

304 3899 575 3966 geniorum
601 3896 863 3959 omnibus,
893 3895 1004 3950 sive
1029 3895 1080 3948 in
1103 3894 1293 3947 artiqu
1323 3891 1581 3945 liciturum
1610 3900 1663 3944 et
1685 3889 1888 3943 utilium

303 3989 720 4059 professionibus
742 3989 1017 4052 omnibus,
1048 3999 1101 4042 et
1138 3985 1387 4056 quidquid
1417 3985 1558 4038 aliud
1586 3984 1689 4038 dici
1717 3993 1893 4054 potest

303 4081 595 4135 secundum
639 4080 1052 4135 innumerabiles
1091 4077 1412 4133 differentias
1441 4076 1630 4147 quibus
1665 4065 1802 4129 inter
1833 4092 1891 4130 se

301 4183 494 4242 printer
517 4175 630 4228 sola
661 4183 878 4243 peccata
910 4171 1150 4226 homines
1179 4171 1396 4233 distant,
1426 4170 1492 4224 ab
1514 4167 1891 4223 excelsissimis

307 4283 466 4338 usque
498 4267 564 4321 ad
601 4267 957 4331 humillimos,
999 4277 1028 4319 a
1070 4280 1195 4334 rege
1231 4278 1400 4333 usque
1442 4264 1506 4318 ad
1549 4261 1887 4326 mendicum;

310 4360 489 4422 omnia,
519 4356 712 4428 inquit,
742 4358 938 4411 trahant
966 4365 1077 4426 post
1104 4371 1182 4409 me
1204 4357 1227 4409 ἐ
1255 4364 1309 4408 ιιι
1331 4356 1398 4408 sit
1421 4363 1579 4423 caput
1600 4369 1806 4419 eorum,
1837 4363 1892 4408 ct

309 4450 372 4504 illi
393 4451 637 4506 membra
661 4449 792 4520 ejus.
817 4448 925 4504 Sed
944 4449 987 4502 si
1007 4447 1274 4514 exaltatus,
1299 4447 1484 4517 inquit,
1510 4451 1654 4518 fuero
1674 4464 1704 4498 a
1725 4455 1891 4509 terra;

306 4542 401 4597 hoc
429 4550 531 4604 est,
562 4557 681 4595 cum
708 4541 968 4595 exaltatus
995 4539 1145 4593 lucro
1174 4557 1186 4591 :
1215 4555 1320 4592 non
1352 4540 1491 4593 enim
1521 4537 1722 4591 dubitat
1753 4537 1892 4590 luti.-

306 4652 415 4689 rum
449 4651 573 4690 esse
603 4633 744 4705 quod
775 4635 918 4688 venit
949 4633 1190 4701 implere.
1235 4632 1351 4685 Hoc
1389 4630 1614 4684 refertur
1655 4629 1719 4684 ad
1758 4629 1886 4682 illud

305 4728 438 4795 quod
466 4727 715 4796 superius
744 4726 849 4791 ait,
891 4725 952 4780 Si
988 4733 1154 4777 autem
1184 4732 1432 4776 mortuum
1469 4722 1617 4791 fuerit
1651 4737 1884 4792 granum,

302 4821 510 4873 multum
549 4820 773 4888 fructum
811 4817 977 4884 affert.
1017 4816 1147 4870 Nam
1183 4815 1556 4871 exultationem
1585 4829 1732 4868 suam
1765 4814 1889 4883 quid

301 4913 438 4966 aliud
483 4911 619 4966 dixit
659 4927 815 4981 quam
860 4910 912 4964 in
943 4925 1099 4964 cruce
1131 4906 1470 4977 passionem?
1496 4905 1647 4971 Quod
1686 4917 1737 4960 et
1775 4907 1890 4973 ipse

301 5003 639 5074 Emngellsta
681 5017 785 5056 non
814 5003 976 5055 tuenit
1003 5019 1014 5053 :
1047 4999 1318 5068 subiunxit
1345 4998 1485 5051 enim
1509 5039 1523 5063 ,
1557 5006 1608 5051 et
1641 4997 1742 5061 ait,
1776 4995 1890 5048 Hoc

301 5106 464 5150 autem
490 5094 710 5161 dicebat,
743 5093 1031 5163 signiﬁcans
1056 5109 1156 5164 qua
1184 5100 1342 5144 morte
1371 5099 1496 5144 esset
1521 5089 1832 5142 moriturus?

367 5186 454 5240 ιε.
491 5184 774 5257 Respondit
802 5185 847 5238 ei
869 5183 1010 5236 turba
1039 5199 1058 5236 :
1089 5181 1199 5235 Nos
1229 5181 1512 5233 audivimus
1537 5196 1601 5234 ea:
1620 5179 1753 5249 Lege
1772 5179 1890 5247 quia

301 5275 531 5332 Christus
561 5286 724 5329 manet
753 5276 804 5328 in
829 5283 1105 5339 aeternum;
1134 5283 1176 5326 et
1202 5271 1454 5343 quomodo
1474 5279 1528 5323 tu
1547 5271 1692 5338 dicis,
1724 5270 1891 5340 Opor-

299 5376 360 5422 tet
387 5368 614 5423 exaltari
640 5365 836 5420 Filium
865 5365 1118 5419 hominis?
1149 5363 1210 5416 Et
1237 5364 1346 5434 quis
1374 5371 1448 5416 est
1474 5363 1566 5416 iste
1595 5360 1760 5415 Filius
1794 5362 1888 5415 ho-

297 5461 491 5515 minis?
531 5459 840 5515 Memoriter
885 5466 1167 5514 tenuerunt
1207 5457 1347 5528 quod
1385 5456 1642 5510 Dominus
1682 5454 1891 5509 dicebat

300 5555 511 5610 assidue
539 5568 601 5609 se
627 5566 748 5609 esse
779 5553 970 5608 Filium
1014 5551 1266 5606 hominis.
1307 5549 1438 5605 Nam
1479 5548 1584 5603 hoc
1627 5548 1746 5602 loco
1783 5561 1890 5601 non

303 5645 369 5700 ait
391 5690 406 5713 ,
435 5647 492 5702 Si
532 5645 795 5701 exaltatus
831 5644 992 5698 tuerit
1030 5653 1058 5696 ει
1099 5652 1238 5698 terra
1274 5641 1442 5697 Filius
1470 5639 1701 5694 hominis
1743 5656 1757 5694 :
1797 5637 1891 5693 sed

301 5741 546 5810 superius
568 5737 798 5802 dixerat,
829 5736 968 5807 quod
999 5738 1250 5790 hesterno
1277 5733 1363 5788 die
1390 5733 1581 5786 lectmn
1608 5740 1766 5801 atque
1787 5741 1894 5784 tra-

306 5841 498 5886 ctatum
521 5839 626 5897 est,
647 5829 866 5901 quando
883 5829 1110 5883 nuntiati
1132 5835 1257 5882 sunt
1275 5825 1515 5881 Gentiles
1537 5824 1630 5888 illi,
1656 5823 1745 5894 qui
1771 5838 1891 5876 eum

311 5924 480 5980 videre
517 5923 824 5995 cupiebant.
867 5919 1010 5977 Venit
1038 5922 1164 5976 hara
1192 5930 1245 5974 ut
1274 5917 1580 5992 gloriﬁcatur
1604 5914 1769 5972 Filius
1795 5916 1888 5970 ho-

1462 435 1870 510 inacrs'r-us
1907 437 2038 510 om.
2078 443 2307 513 carm
2343 457 2457 514 sn.

3456 466 3592 522 1774

2018 571 2167 624 minis
2194 571 2371 642 (Joan.
2401 590 2508 639 xn,
2537 573 2627 642 25,
2650 573 2760 646 25).
2795 573 2908 630 Hoc
2934 575 3110 646 itaque
3138 575 3221 644 isti
3259 579 3436 632 animo
3467 581 3600 634 reti--

2019 675 2224 726 nentes,
2255 676 2306 720 et
2333 666 2474 736 quod
2503 683 2644 722 nunc
2673 669 2763 729 ait,
2792 665 2916 723 Cum
2949 667 3196 724 exaltatus
3223 671 3363 742 fuero
3388 688 3418 724 a
3448 681 3597 739 terra,

2016 765 2243 812 mortem
2289 761 2461 814 crucis
2505 761 2886 831 intelligentes,
2925 762 3246 832 quaesierunt
3285 763 3350 816 ab
3388 763 3514 828 illo,
3549 774 3603 820 et

2017 848 2265 905 dixerunt
2291 868 2304 905 :
2335 849 2446 905 Nos
2481 853 2761 908 audivimus
2787 870 2850 908 ex
2876 844 3007 926 Lege
3033 854 3150 924 quia
3181 854 3407 910 Christus
3435 867 3601 909 manet

2016 939 2068 993 in
2093 950 2375 1007 aeternum;
2415 951 2458 996 et
2488 943 2733 1012 quomodo
2764 955 2817 997 tu
2845 943 2971 998 dicis
2991 986 3004 1007 ,
3037 945 3243 1014 Oportet
3268 946 3484 1000 exaltari
3508 945 3603 1000 Fi-

2019 1031 2141 1085 lium
2179 1033 2436 1087 hominis?
2475 1033 2600 1099 Quis
2636 1045 2708 1089 est
2738 1037 2879 1090 enim
2918 1037 3010 1091 iste
3047 1025 3212 1090 Filius
3253 1037 3507 1092 hominis?
3544 1038 3598 1095 Si

2014 1123 2156 1178 enim
2193 1123 2436 1180 Christus
2478 1135 2588 1190 est,
2625 1129 2897 1214 inquiunt,
2932 1138 3113 1184 manet
3143 1129 3193 1182 in
3225 1139 3482 1183 aeternum
3512 1148 3524 1183 :
3556 1131 3600 1184 si

2014 1223 2195 1270 manet
2231 1217 2284 1269 in
2321 1226 2576 1272 aeternum
2599 1261 2612 1285 ,
2645 1219 2910 1287 quomodo
2938 1219 3255 1274 exaltabitur
3281 1237 3309 1274 a
3338 1227 3476 1274 terra
3501 1237 3513 1272 :
3548 1220 3602 1274 id

2013 1321 2116 1377 est,
2138 1313 2404 1382 quomodo
2424 1315 2595 1369 crucis
2618 1316 2863 1384 passione
2882 1316 3168 1370 morietur?
3191 1315 3303 1383 Hoc
3318 1315 3459 1369 enim
3478 1330 3599 1370 eum

2015 1403 2210 1459 dixisse
2235 1405 2618 1473 intelligebant,
2638 1407 2776 1476 quod
2796 1405 2969 1476 facere
2990 1406 3310 1478 cogitabant.
3335 1405 3451 1461 Non
3472 1422 3601 1478 ergo

2014 1500 2091 1553 eis
2119 1500 2403 1555 verborum
2430 1501 2648 1554 istorum
2681 1500 3056 1555 obscuritatem
3083 1500 3288 1570 aperuit
3316 1501 3489 1555 inlusa
3516 1515 3602 1554 sa-

2012 1592 2228 1661 pientia,
2259 1593 2352 1648 scd
2381 1594 2643 1647 stimulata
2675 1595 3016 1649 conscientia.

2083 1685 2168 1739 15.
2205 1684 2346 1738 Dixit
2385 1703 2500 1755 ergo
2541 1688 2608 1739 eis
2635 1685 2784 1740 Jesus
2818 1701 2834 1738 :
2864 1683 3043 1738 Adhuc
3070 1685 3319 1738 modicum
3347 1686 3516 1740 lumen
3544 1686 3598 1739 in

2009 1776 2146 1830 vobis
2166 1786 2256 1830 est.
2281 1777 2413 1831 illnc
2434 1787 2514 1830 est
2536 1778 2674 1847 quod
2701 1777 2990 1847 intelligitis
3014 1779 3135 1847 quia
3157 1776 3396 1831 Christus
3418 1787 3599 1833 monet

2009 1867 2063 1920 in
2093 1877 2371 1923 :eternum.
2407 1867 2542 1939 Ergo
2570 1868 2822 1922 ambulate
2845 1867 2965 1922 dum
2992 1869 3152 1922 lucem
3180 1868 3390 1935 habetis,
3419 1877 3473 1922 ut
3497 1885 3598 1922 non

2011 1961 2221 2014 tenebras
2260 1978 2344 2015 vos
2382 1963 2824 2032 comprehendant.
2870 1962 3186 2030 Ambulate,
3214 1963 3449 2017 accedite
3469 2005 3483 2026 ,
3509 1971 3592 2015 t.o«

2011 2065 2119 2108 tum
2151 2055 2427 2125 intelligite
2446 2098 2461 2126 ,
2496 2065 2549 2110 et
2577 2057 2893 2110 moriturum
2921 2055 3189 2111 Christum
3208 2097 3225 2125 ,
3255 2065 3310 2120 et
3338 2057 3596 2112 victurum

2007 2147 2061 2200 in
2104 2155 2360 2202 aeternum
2383 2190 2397 2213 ,
2440 2157 2492 2202 et
2522 2148 2828 2218 sanguinem
2860 2147 3098 2204 {usurum
3130 2132 3233 2220 quo
3259 2150 3516 2216 redimat,
3545 2166 3598 2204 et

2009 2253 2353 2293 ascensurum
2378 2240 2427 2292 in
2456 2239 2698 2292 sublimia
2721 2256 2824 2309 quo
2851 2239 3122 2310 perducat.
3146 2233 3402 2294 Tenebrae
3419 2249 3596 2295 autem

2009 2345 2108 2386 vos
2151 2331 2631 2401 comprehendent,
2666 2333 2708 2385 si
2747 2348 2812 2386 eo
2850 2331 3010 2387 modo
3043 2331 3375 2387 credideritis
3401 2330 3597 2396 Cbrisd

2009 2425 2358 2478 {aeternitatem
2379 2466 2392 2488 ,
2424 2433 2480 2477 ut
2508 2425 2707 2494 negetis
2735 2424 2786 2477 in
2813 2438 2879 2477 eo
2909 2423 3095 2478 mortis
3126 2423 3499 2480 humilitatem.
3534 2424 3597 2477 Et

2007 2519 2093 2587 qui
2120 2520 2343 2573 ambulat
2371 2520 2421 2572 in
2449 2518 2678 2579 tenebris,
2709 2518 2862 2572 nescit
2886 2536 2984 2590 quo
3011 2520 3179 2572 vadat.
3213 2518 3299 2574 Sir
3325 2528 3498 2590 potest
3519 2519 3599 2573 0f-

2008 2609 2224 2663 fendere
2265 2610 2316 2663 in
2362 2610 2588 2677 lapidem
2630 2609 2974 2673 offensionis,
3014 2618 3067 2663 et
3095 2617 3300 2680 petram
3337 2625 3489 2664 scanc
3506 2609 3592 2677 a‘i,

2006 2701 2147 2769 quod
2179 2701 2272 2754 fuit
2311 2701 2566 2754 Dominus
2605 2701 2762 2754 caecis
2801 2699 3042 2754 Judmis:
3081 2701 3216 2755 sicut
3253 2699 3596 2755 credentil‘us

2009 2790 2143 2859 lapis
2188 2807 2344 2860 quem
2397 2791 2813 2860 reprohavrrunt
2847 2791 3199 2855 atditicantes,
3235 2791 3402 2846 lactus
3430 2801 3512 2847 est
3541 2792 3593 2846 in

2005 2891 2163 2951 caput
2201 2882 2375 2952 anguli
2409 2883 2457 2951 (l
2489 2881 2629 2935 Pclr.
2674 2898 2745 2948 ιι,
2791 2881 2933 2954 6-8).
2975 2882 3109 2937 Hinc
3159 2883 3423 2952 dedignati
3473 2894 3595 2937 sunt

2005 2974 2224 3029 credere
2247 2976 2301 3028 in
2323 2975 2615 3040 Christum,
2645 2975 2765 3044 quia
2793 2991 2977 3030 eorum
3005 2974 3251 3043 impietas
3275 2977 3594 3044 contempsit

2005 3075 2288 3132 mortuum,
2322 3068 2434 3120 risit
2464 3068 2695 3121 occisum
2724 3089 2736 3120 :
2765 3076 2818 3122 et
2843 3067 2955 3136 ipsa
2982 3076 3096 3121 erat
3117 3083 3262 3134 mors
3285 3069 3435 3138 grani
3459 3069 3593 3121 mul-

2005 3158 2274 3227 tiplicandi
2299 3198 2312 3223 ,
2343 3168 2394 3211 et
2425 3159 2672 3212 exultatio
2707 3157 2965 3212 trahentis
2993 3167 3111 3226 post
3139 3174 3196 3211 se
3226 3159 3424 3213 omnia.
3454 3158 3592 3212 Dum

2004 3247 2198 3313 lucem,
2232 3249 2434 3318 inquit,
2468 3249 2657 3302 habetis
2677 3292 2689 3312 ,
2722 3249 2908 3302 credite
2931 3249 2985 3302 in
3014 3249 3201 3315 lucem,
3244 3259 3298 3303 ut
3337 3250 3432 3320 ﬁlii
3465 3252 3592 3312 lucis

2001 3341 2131 3394 sitis.
2170 3338 2303 3394 Cum
2347 3341 2543 3410 aliquid
2586 3341 2699 3395 veri
2743 3341 2978 3395 auditum
3017 3341 3258 3409 habetis,
3307 3334 3510 3396 credite
3539 3343 3592 3396 in

1997 3434 2280 3489 veritatem
2302 3475 2316 3498 ,
2349 3441 2405 3487 ut
2431 3435 2781 3487 renascamini
2810 3434 2861 3488 in
2887 3433 3130 3489 veritate.

2065 3529 2097 3581 ’1
2109 3528 2157 3582 4.
2200 3527 2322 3581 ﬂare
2348 3530 2543 3582 locutus
2568 3537 2639 3582 est
2662 3525 2831 3590 Iesus,
2861 3537 2907 3581 et
2934 3528 3075 3593 abiit,
3103 3538 3148 3581 et
3174 3528 3432 3582 abscondit
3453 3546 3507 3583 se
3530 3531 3591 3584 ab

1999 3620 2091 3671 eis.
2121 3617 2238 3673 Non
2269 3618 2335 3672 ab
2362 3619 2439 3672 eis
2467 3619 2554 3688 qui
2585 3617 2807 3673 credere
2831 3629 2886 3674 et
2910 3619 3125 3688 diligere
3153 3628 3450 3687 etnperant,
3485 3636 3587 3673 non

1998 3713 2065 3766 ‘ab
2090 3711 2169 3766 eis
2203 3711 2293 3781 qui
2322 3727 2440 3765 cum
2474 3711 2634 3764 ramis
2669 3711 2963 3779 palmarum
3004 3719 3057 3763 ct
3096 3709 3338 3763 laudibus
3376 3710 3585 3763 obviam

1992 3810 2254 3854 venerant
2279 3818 2292 3855 :
2315 3801 2409 3855 sed
2437 3801 2502 3855 ab
2526 3802 2601 3855 eis
2629 3801 2718 3870 qui
2745 3799 2993 3854 videbant
3021 3810 3072 3854 et
3100 3800 3436 3863 invidebant;
3465 3800 3587 3868 quia

1998 3909 2098 3948 nec
2121 3893 2400 3962 videbant,
2429 3891 2522 3947 sed
2553 3893 2605 3946 in
2635 3891 2862 3964 lapidem
2900 3891 3046 3945 illum
3078 3892 3314 3945 caecitate
3342 3891 3581 3946 offende-

1999 3986 2144 4038 bant.
2177 3985 2306 4038 Cum
2336 3993 2510 4038 autem
2544 3965 2824 4038 abscondit
2850 3999 2907 4038 se
2936 3982 3092 4039 Jcsus
3122 3985 3186 4037 ab
3223 3986 3300 4038 eis
3337 3985 3422 4052 qui
3459 3999 3582 4038 cum

1998 4078 2243 4132 occidere
2287 4078 2567 4148 cupiebant
2610 4077 2788 4147 (quod
2829 4091 2970 4145 Saepe
3013 4085 3226 4146 propter
3263 4077 3583 4132 oblivionem

1996 4170 2366 4225 conunonendi
2399 4171 2586 4236 estis),
2618 4177 2812 4222 nostrae
2838 4167 3129 4222 infirmitati
3155 4167 3443 4235 consuluit,
3476 4181 3583 4223 non

1997 4278 2107 4317 suae
2136 4260 2383 4332 potestati
2411 4260 2700 4330 derogavit.

2499 4372 2907 4442 TRACTATUS
2945 4371 3073 4427 LIII.

1997 4487 2072 4554 Ab
2098 4504 2156 4544 eo
2180 4487 2314 4557 quod
2336 4487 2575 4558 scriptum
2601 4496 2702 4553 est,
2735 4485 2865 4539 Cum
2891 4494 3066 4550 autem
3093 4493 3235 4540 tanta
3259 4484 3409 4553 signa
3433 4486 3584 4552 fecis-

2068 4589 2149 4640 set
2169 4595 2350 4638 coram
2383 4581 2488 4644 eis,
2519 4595 2624 4640 non
2649 4577 2939 4635 credebant
2971 4578 3019 4631 in
3042 4593 3200 4642 eum;
3232 4595 3385 4648 usque
3414 4577 3578 4645 adid,

2073 4671 2376 4724 Dilexcrunt
2399 4671 2623 4743 gloriam
2655 4668 2924 4728 hominum
2962 4668 3130 4738 magis
3158 4684 3317 4738 quam
3359 4669 3579 4738 gloriam

2068 4763 2184 4818 Dei.
2216 4760 2342 4834 Cap.
2373 4777 2444 4816 xu
2467 4803 2479 4826 ,
2523 4761 2556 4831 ᾖ
2582 4802 2593 4814 .
2618 4761 2808 4820 57:45.

2069 4901 2120 4952 1.
2155 4897 2510 4952 Przennntiata
2549 4897 2804 4953 Dominus
2826 4898 3067 4953 Christus
3095 4901 3336 4969 passione
3371 4914 3462 4952 sna
3484 4941 3496 4964 ,
3527 4908 3578 4954 et

1998 4999 2170 5044 morte
2206 4989 2466 5044 fructuosa
2515 4990 2566 5043 in
2611 4990 2928 5045 exultatione
2974 4992 3178 5054 crucis,
3220 4990 3311 5046 ubi
3356 4990 3486 5044 dixit
3522 5007 3580 5045 se

1998 5083 2174 5136 omnia
2205 5090 2492 5136 tracturum
2521 5097 2639 5136 esse
2669 5091 2787 5151 post
2813 5099 2871 5138 se
2891 5125 2905 5149 ,
2935 5098 3052 5137 cum
3082 5083 3467 5136 intellexissent
3491 5083 3580 5136 Ju-

1998 5174 2096 5228 daei
2128 5174 2266 5243 quod
2300 5173 2366 5228 de
2402 5189 2494 5228 sua
2528 5183 2699 5229 morte
2734 5175 2987 5241 dixisset,
3017 5183 3071 5228 et
3107 5175 3500 5245 proposuissent
3532 5175 3579 5230 ei

1999 5269 2379 5338 qumstionem,
2421 5269 2688 5338 quomodo
2729 5267 2933 5323 diceret
2979 5283 3037 5322 se
3079 5284 3195 5321 esse
3241 5268 3578 5334 moriturtnn,

1997 5373 2118 5413 cum
2148 5374 2210 5413 ex
2239 5359 2379 5430 Lege
2413 5360 2676 5414 audierint
2705 5359 2843 5428 quod
2870 5359 3110 5413 Christus
3146 5369 3322 5412 manet
3351 5356 3402 5411 in
3432 5368 3584 5413 mter-

1999 5467 2122 5506 num
2145 5471 2158 5518 ;
2188 5452 2426 5507 hortatus
2448 5461 2529 5507 est
2553 5467 2666 5513 eos,
2691 5460 2749 5505 ut
2769 5451 2895 5505 dum
2924 5451 3093 5504 adhuc
3115 5450 3377 5503 modicum
3399 5450 3580 5505 lumen

1997 5549 2051 5601 in
2083 5549 2159 5601 eis
2188 5555 2348 5612 esset,
2380 5562 2484 5616 quo
2513 5546 2782 5599 Christum
2811 5553 3068 5598 internum
3098 5557 3219 5597 esse
3247 5542 3578 5607 didicissent,

1993 5639 2351 5700 umlmlarent,
2380 5647 2436 5693 ut
2463 5646 2627 5692 totum
2653 5636 2944 5698 discerent,
2973 5651 3042 5689 ne
3064 5634 3585 5703 comprehenderen-

2002 5739 2087 5786 tur
2115 5747 2143 5784 a
2173 5731 2426 5786 tenebris.
2463 5730 2672 5784 Etcum
2715 5728 2832 5790 haec
2867 5735 3010 5783 esset
3043 5726 3280 5791 locutus,
3309 5722 3589 5782 abscondit

2001 5841 2059 5880 se
2085 5825 2152 5878 ab
2179 5825 2275 5879 eis.
2323 5825 2447 5877 llaec
2475 5824 2527 5876 in
2556 5821 2921 5892 superioribus
2953 5821 3232 5876 dominicis
3271 5818 3583 5875 lectionibus

2005 5917 2288 5987 verbisque
2313 5913 2590 5971 didicistis.
3615 5959 3624 5984 ,

3513 5995 3531 6023 ’δ
