4102 6466
578 408 716 466 1775

642 522 700 577 2.
729 522 928 578 Deinde
954 523 1129 580 intulit
1151 523 1481 594 Evangeiista
1507 522 1648 577 unde
1668 521 1982 578 hodiernum
2010 523 2154 592 capi-

571 613 738 670 tulum
768 614 1046 671 recitatum
1075 626 1175 678 est,
1200 625 1254 671 et
1272 617 1343 670 ait
1372 635 1384 669 :
1414 615 1536 670 Cum
1557 625 1721 669 autem
1748 625 1887 670 tanta
1911 617 2054 687 signa
2078 619 2155 686 {e-

573 705 716 760 cisset
745 723 914 761 coram
941 708 1011 762 eis
1027 748 1042 772 ,
1072 725 1172 762 non
1195 707 1458 762 credebant
1483 709 1536 762 in
1559 725 1671 762 eum
1695 723 1714 763 :
1737 718 1793 761 ut
1817 725 1978 762 sermo
2001 705 2154 762 Isaia:

574 801 833 870 praphetw
855 801 1148 872 impleretur
1173 818 1317 872 quem
1346 801 1500 867 dixit,
1530 800 1762 868 Domine,
1794 802 1904 870 quis
1941 801 2153 854 credidit

571 895 770 949 auditui
797 897 1008 950 nostro?
1034 905 1076 949 et
1104 897 1362 950 brachium
1386 895 1592 949 Domini
1626 897 1707 950 cui
1741 895 2011 949 revelatum
2040 894 2153 948 est?

572 985 674 1042 Ubi
695 988 824 1041 satis
850 986 1078 1042 ostendit
1105 987 1380 1042 brachium
1410 987 1616 1042 Domini
1643 988 1814 1056 ipsum
1839 986 2033 1040 Filium
2060 985 2151 1039 Dei

569 1089 961 1149 nuncupatum;
991 1097 1096 1134 non
1124 1080 1262 1150 quod
1294 1081 1430 1135 Deus
1457 1081 1610 1135 Pater
1639 1079 1807 1150 ﬁgura
1831 1078 2152 1140 determine-

569 1180 656 1227 tur
684 1174 858 1229 carnis
886 1174 1158 1241 humanae,
1187 1175 1338 1244 eique
1373 1173 1535 1228 Filius
1571 1183 1817 1243 tanquam
1851 1171 2147 1226 membrum

568 1264 809 1332 corporis
830 1264 1028 1318 haereat
1051 1282 1064 1318 :
1088 1263 1178 1318 sed
1201 1265 1318 1332 quia
1338 1264 1511 1317 omnia
1536 1279 1630 1332 per
1654 1264 1824 1333 ipsum
1848 1263 1981 1316 facta
2002 1268 2145 1326 sunt,

569 1353 688 1408 ideo
715 1354 990 1409 brachium
1027 1355 1233 1409 Domini
1263 1355 1459 1410 dictum
1498 1365 1600 1408 est.
1642 1353 1789 1410 Sicut
1827 1353 1968 1408 enim
2001 1361 2147 1406 tuum

564 1446 861 1511 brachium,
885 1463 978 1516 per
997 1447 1138 1518 quod
1159 1448 1422 1516 Operaris;
1446 1448 1521 1501 sic
1541 1446 1634 1501 Dei
1655 1445 1926 1501 brachium
1948 1443 2146 1499 dictum

565 1549 649 1595 est
673 1539 786 1609 ejus
814 1541 1064 1608 Verbum,
1093 1541 1213 1611 quia
1243 1557 1334 1610 per
1355 1539 1586 1595 Verbum
1612 1551 1860 1609 operatus
1885 1549 1964 1592 est
1988 1554 2143 1592 mun-

565 1629 710 1684 dum.
743 1628 847 1684 Cur
876 1632 1014 1686 enim
1048 1634 1205 1685 homo
1243 1640 1300 1684 ut
1331 1630 1526 1701 aliquid
1568 1640 1838 1700 operetur,
1872 1630 2146 1684 brachium

564 1722 832 1784 extendit,
868 1723 965 1777 nisi
1001 1723 1121 1794 quia
1157 1739 1262 1778 non
1291 1725 1542 1778 continuo
1571 1723 1628 1777 ﬁt
1663 1724 1801 1792 quod
1831 1723 2057 1777 dixerit?
2088 1722 2144 1778 Si

562 1825 737 1870 autem
779 1824 919 1870 tanta
959 1826 1220 1887 potestate
1264 1819 1603 1887 praevaleret,
1634 1824 1693 1871 ut
1716 1817 1832 1871 sine
1862 1819 1968 1872 ullo
2000 1827 2144 1872 motu

561 1908 801 1973 corporis
830 1909 908 1962 sui
939 1908 1079 1978 quod
1110 1909 1310 1964 diceret
1341 1910 1523 1976 lieret,
1565 1909 1841 1963 brachium
1883 1911 1998 1978 ejus
2029 1925 2147 1963 ver-

559 1999 683 2054 bum
723 2000 838 2068 ejus
869 2009 1011 2056 esset
1034 2002 1072 2053 ί.
1105 2001 1209 2056 Sed
1240 2001 1492 2055 Dominus
1521 2002 1675 2057 Jesus
1713 2000 2015 2069 unigenitus
2047 2002 2140 2056 Dei

560 2091 731 2146 Patris
761 2092 958 2160 Filius,
991 2094 1126 2148 sicut
1167 2109 1270 2148 non
1316 2102 1400 2148 est
1443 2094 1647 2163 paterni
1689 2094 1927 2163 corporis
1969 2110 2141 2148 mem-

559 2185 710 2241 brum
729 2229 742 2253 ,
775 2187 844 2241 ita
873 2203 976 2242 non
1007 2197 1087 2242 est
1115 2187 1395 2259 cogitabile
1421 2189 1504 2244 vel
1534 2189 1768 2244 sonabile
1798 2204 1859 2242 ac
1890 2190 2140 2243 transito-

559 2278 693 2330 rium
720 2279 974 2344 verbum;
1005 2281 1124 2349 quia
1152 2295 1272 2335 cum
1299 2281 1475 2335 omnia
1507 2296 1601 2352 per
1626 2280 1799 2352 ipsum
1827 2279 1962 2335 facta
1990 2288 2135 2348 sunt,

558 2369 651 2424 Dei
674 2369 909 2424 Verbum
935 2380 1068 2426 erat.

631 2465 680 2517 5.
721 2462 853 2518 Cum
877 2481 1006 2535 ergo
1035 2466 1277 2523 audimus
1305 2467 1579 2522 brachium
1600 2468 1692 2524 Dei
1713 2468 1884 2524 Patris
1905 2485 2023 2524 esse
2042 2471 2139 2526 Dei

558 2555 769 2624 Filium,
801 2574 905 2614 non
937 2559 1089 2615 nobis
1114 2561 1385 2630 obstrepat
1405 2561 1730 2617 consuetudo
1755 2563 2016 2620 carnalis:
2046 2563 2141 2618 sed

558 2658 812 2717 quantum
839 2651 928 2705 illo
953 2651 1185 2707 donante
1212 2668 1518 2722 possumus,
1549 2653 1810 2709 Virtutem
1840 2654 1932 2709 Dei
1957 2658 2013 2710 et
2039 2654 2136 2710 Sa—

559 2741 807 2810 pientiam
839 2743 1151 2813 cogitemus,
1181 2758 1275 2813 per
1300 2759 1457 2814 quam
1490 2743 1625 2799 facta
1653 2745 1988 2799 suntomuia.
2013 2745 2140 2802 Tale

555 2833 751 2903 quippe
780 2834 1052 2888 brachium
1084 2851 1181 2890 nec
1219 2843 1519 2904 porrectum
1549 2835 1870 2898 extenditur,
1901 2851 2000 2891 nec
2024 2836 2136 2891 col-

555 2925 752 2980 lectum
778 2928 1124 2982 contrahitur.
1153 2926 1266 2982 Non
1303 2937 1384 2982 est
1407 2929 1550 2982 enim
1576 2929 1690 2996 ipse
1717 2929 1804 2996 qui
1834 2928 2011 2995 Pater,
2044 2927 2139 2983 sed

555 3032 719 3072 unum
747 3028 869 3073 sunt
903 3019 1015 3088 ipse
1040 3027 1094 3074 et
1122 3018 1308 3083 Pater;
1339 3028 1392 3073 et
1415 3019 1633 3090 aequalis
1661 3019 1805 3074 Patri
1832 3019 2026 3089 ubique
2054 3027 2137 3072 to—

557 3117 645 3163 tus
670 3115 752 3163 est
771 3108 910 3164 sicut
924 3108 1081 3165 Pater
1102 3129 1115 3162 :
1140 3125 1206 3164 ne
1226 3109 1397 3179 aliqua
1422 3118 1598 3179 pateat
1613 3109 1821 3164 occasio
1840 3108 2134 3165 detestabili

556 3201 724 3255 errori
750 3217 958 3269 eorum,
982 3202 1068 3271 qui
1097 3201 1281 3256 dicunt
1303 3201 1474 3256 solum
1501 3216 1620 3257 esse
1649 3202 1880 3267 Patrem,
1917 3203 2013 3258 sed
2038 3220 2136 3274 pro

553 3290 865 3356 diversitate
907 3308 1182 3348 causarum
1213 3294 1382 3363 ipsum
1427 3281 1780 3359 dici'Filium,
1815 3294 1989 3363 ipsum
2033 3295 2138 3351 dici

553 3383 806 3454 Spiritum
833 3394 1101 3450 sanctum;
1147 3394 1200 3440 et
1243 3385 1293 3438 iu
1327 3385 1407 3439 his
1437 3384 1612 3440 verbis
1639 3385 1868 3441 audeant
1893 3386 2133 3454 'dicere,

554 3477 692 3532 Ecce
724 3475 906 3532 Videtis
922 3477 1042 3546 quia
1069 3476 1216 3532 solus
1243 3485 1324 3531 est
1348 3477 1525 3543 Pater,
1555 3477 1600 3531 si
1624 3476 1898 3532 brachium
1924 3477 2040 3548 ejus
2056 3487 2139 3533 est

551 3568 748 3632 Filius;
780 3583 880 3622 non
909 3570 1049 3622 enim
1089 3567 1226 3634 dua},
1269 3568 1361 3622 sed
1388 3583 1488 3622 una
1516 3582 1742 3636 persona
1771 3577 1853 3623 est
1895 3567 2054 3623 homo
2083 3576 2138 3624 et

551 3660 823 3716 brachium
854 3661 990 3730 ejus.
1021 3659 1137 3716 Non
1176 3661 1528 3730 intelligentes
1558 3676 1730 3731 neque
1772 3661 2132 3730 advertentes,

550 3750 817 3822 quomodo
843 3753 996 3807 verba
1027 3751 1093 3806 de
1119 3752 1279 3807 rebus
1306 3752 1422 3805 aliis
1451 3751 1516 3805 ad
1545 3767 1631 3807 res
1661 3752 1791 3807 alias
1811 3752 2137 3809 transferan-

549 3857 662 3911 iur,
699 3851 913 3913 propter
949 3843 1180 3913 aliquam
1211 3841 1608 3898 similitudinem
1631 3843 1789 3897 etiam
1827 3844 1876 3897 in
1914 3844 2138 3900 locutio-

553 3938 711 3992 nibus
749 3933 1066 4004 quotidianis
1097 3934 1164 3989 de
1211 3934 1500 3988 visibilibus
1529 3943 1582 3988 et
1611 3935 1898 3989 uotiSsiniis
1941 3937 2130 4003 rebus;

549 4034 747 4094 quanto
776 4026 940 4094 magis
975 4035 1029 4079 ut
1058 4026 1209 4080 nobis
1241 4025 1521 4078 ineil'abilia
1549 4027 2004 4096 qualitercumque
2047 4029 2130 4083 di-

547 4126 756 4185 cantur,
788 4135 903 4190 qua:
933 4118 1036 4174 dici
1068 4119 1219 4172 sicuti
1265 4127 1407 4178 sunt,
1454 4117 1671 4171 omnino
1723 4133 1824 4172 non
1873 4121 2132 4188 possunt?

547 4209 678 4264 Nam
699 4220 751 4265 et
768 4210 926 4265 homo
954 4211 1176 4265 alterum
1207 4209 1470 4263 hominem
1500 4224 1593 4278 per
1622 4224 1776 4277 quem
1809 4210 1942 4264 solet
1976 4226 2132 4280 agere

547 4303 798 4374 quidquid
825 4303 951 4374 agit,
975 4302 1245 4358 brachium
1275 4318 1425 4354 suum
1453 4303 1712 4370 appellat:
1740 4311 1793 4356 et
1829 4303 1873 4356 si
1912 4304 1959 4358 ei
1995 4304 2133 4358 aule-

548 4405 713 4463 ratur,
755 4395 941 4452 dolens
971 4395 1117 4460 dieit,
1151 4393 1426 4447 Brachium
1457 4394 1687 4461 perdidi;
1719 4404 1771 4448 et
1810 4396 1858 4449 ei
1887 4396 1975 4462 qui
2011 4397 2132 4450 abs-

545 4490 746 4555 tulerit,
799 4489 926 4544 dicit
953 4487 1233 4543 Brachiqu
1265 4503 1437 4541 meutn
1471 4488 1594 4540 mihi
1619 4487 1900 4542 abstulisti.
1933 4489 2130 4544 Intelli-

546 4593 673 4653 gant
695 4599 822 4654 ergo
844 4581 1110 4652 quomodo
1139 4581 1309 4634 dictus
1339 4581 1406 4634 sit
1435 4579 1598 4634 Filius
1632 4581 1802 4636 Patris
1833 4581 2125 4648 brachium,

547 4691 641 4744 per
678 4675 818 4744 quod
860 4674 1016 4727 Pater
1041 4682 1291 4741 operatus
1333 4681 1412 4725 est
1458 4673 1664 4738 omnia;
1694 4689 1760 4727 ne
1791 4674 1890 4727 hoc
1919 4689 2022 4728 non
2051 4673 2130 4727 in-

547 4765 853 4835 telligendo,
884 4773 937 4820 et
974 4765 1025 4817 iu
1057 4764 1134 4818 sui
1164 4764 1361 4818 erroris
1381 4763 1615 4818 tenebris
1646 4766 2022 4832 pernianeudo,
2057 4766 2128 4819 si-

545 4859 698 4911 miles
718 4857 821 4912 sint
852 4855 1046 4910 Judaais
1079 4857 1224 4924 ipsis,
1255 4855 1321 4909 de
1350 4856 1540 4924 quibus
1568 4855 1764 4911 dictum
1791 4867 1892 4924 est,
1924 4857 1990 4911 Et
2014 4859 2129 4912 bra-

541 4949 711 5002 chium
744 4947 945 5002 Domini
965 4949 1046 5000 cui
1066 4948 1335 5002 revela-um
1355 4948 1461 5001 est?

618 5041 671 5094 4.
715 5039 811 5094 ilic
851 5039 1080 5094 occurrit
1121 5039 1282 5093 altera
1313 5039 1554 5107 quaestio,
1585 5037 1652 5093 de
1680 5055 1780 5109 qua
1825 5039 2036 5109 quidem
2070 5050 2126 5096 ut

549 5140 914 5202 competenter
960 5132 1154 5201 aliquid
1199 5131 1512 5198 diSputetur,
1557 5139 1611 5185 et
1638 5147 1822 5186 omnes
1851 5131 1964 5201 ejus
1997 5133 2127 5188 late-

551 5224 845 5278 brosissiiui
875 5224 1022 5276 sinus
1048 5232 1446 5292 perscruteutur
1483 5229 1538 5275 et
1590 5223 1920 5276 excutiantur
1963 5231 2018 5276 ut
2046 5223 2125 5276 di-

545 5329 706 5383 gnum
737 5323 836 5377 est,
866 5328 964 5368 nec
991 5327 1228 5367 mearum
1251 5312 1438 5365 virium
1467 5327 1586 5366 esse
1613 5312 1860 5378 arbitror,
1904 5328 2002 5366 nec
2027 5328 2124 5367 an-

548 5407 839 5472 gustiarum
886 5403 1161 5472 temporis,
1210 5417 1308 5456 uec
1338 5409 1528 5457 vestra:
1554 5402 1877 5472 capacitatis.
1924 5402 2122 5458 Tamen

547 5492 669 5561 quia
698 5495 921 5548 transire
945 5493 1009 5548 ad
1031 5494 1130 5548 alia
1155 5501 1330 5547 vestra
1350 5491 1720 5562 expectatione
1746 5506 1851 5547 non
1874 5493 2119 5562 siuimur,

610 5627 628 5657 ί
777 5631 850 5674 Er.
892 5632 946 5689 et
964 5632 1074 5677 Iov.
1099 5625 1296 5689 addunt,
1320 5623 1434 5687 quia
1453 5621 1650 5674 verbum
1681 5629 1752 5674 est
1787 5623 2032 5689 cogitabile
2051 5626 2125 5678 oet

543 5684 756 5738 sonabile
774 5699 792 5738 :
807 5687 938 5799 quod
964 5695 1115 5737 totum
1137 5687 1277 5737 abest
1298 5684 1476 5747 a‘Mss.,
1503 5692 1681 5748 praeter
1704 5684 1899 5757 paucos,
1917 5689 2124 5750 quicum

548 5757 628 5799 Am
674 5756 726 5799 et
746 5756 805 5799 Ba
842 5785 854 5798 .
902 5750 1099 5799 habent.
1124 5747 1237 5799 auia
1258 5747 1454 5798 verbum
1474 5759 1566 5797 non
1598 5753 1667 5798 est
1689 5747 1936 5799 comtabile
1959 5750 2030 5799 vel
2051 5764 2122 5799 so-

548 5757 628 5799 Am
668 5756 726 5812 ct
746 5747 854 5800 Bad.
902 5750 1099 5810 habent,
1124 5747 1237 5812 quia
1258 5747 1454 5798 verbum
1474 5747 1566 5797 non
1598 5753 1667 5798 est
1689 5747 1949 5812 cogitabile
1959 5750 2030 5801 vel
2051 5764 2122 5803 so-

748 5876 797 5924 in
821 5881 924 5924 MSS.
947 5881 1000 5923 Al.
1023 5875 1071 5922 iu
1273 5872 1465 5922 audent.

1516 410 1576 465 IN
1613 375 2397 476 JOANNIS‘EYANGELIUM,
2439 409 2494 465 s.
2537 408 2902 466 annosum

3701 415 3844 474 1776

2262 520 2364 575 nisi
2396 521 2593 592 aliquid
2620 523 2743 577 inde
2771 522 3029 590 dicamus,
3059 523 3279 594 accipite
3300 523 3440 594 quod
3467 527 3797 596 potuerimus
3827 545 3842 582 :

2261 623 2312 666 et
2339 613 2425 667 ubi
2458 624 2646 669 vestrze
2672 616 3051 690 exspectationi
3081 632 3184 671 nou
3216 616 3601 682 sutl‘ecerimus,
3642 620 3709 675 ah
3755 619 3846 676 illo

2258 705 2642 763 incrementum
2662 711 2860 779 poscite
2879 711 3081 779 quinos
3103 711 3342 782 plantare
3367 713 3543 781 posuit
3557 722 3614 768 et
3637 713 3845 784 rigare;

2259 801 2401 870 quia,
2435 811 2569 856 Sicut
2597 803 2724 856 dicit
2749 803 3055 872 Apostolus,
3097 802 3276 874 Neque
3298 805 3385 874 qui
3411 803 3604 875 plantat
3640 816 3713 860 est
3745 807 3846 861 ali-

2258 891 2402 961 quid,
2447 910 2601 962 neque
2639 894 2725 964 qui
2752 896 2916 965 rigat;
2946 895 3032 948 sed
3060 896 3145 964 qui
3182 896 3540 951 incrementum
3575 898 3664 952 dat
3701 897 3845 955 Deus

2259 983 2302 1056 (Ι
2329 982 2445 1038 Cor.
2478 1001 2556 1052 tu,
2585 986 2664 1056 7).
2685 987 2908 1054 Quidam
2935 1003 3065 1057 ergo
3090 988 3228 1043 inter
3256 1003 3315 1044 se
3341 991 3642 1056 mussitant,
3669 1003 3726 1046 et
3752 992 3841 1048 ubi

2257 1088 2478 1148 possunt
2499 1080 2780 1150 aliquando
2812 1082 3159 1150 proclamant,
3176 1091 3228 1136 et
3245 1084 3545 1138 turbulenta
3575 1085 3840 1154 discepta-

2258 1171 2398 1226 tione
2424 1173 2768 1238 contendunt,
2798 1174 3066 1229 dicentes:
3089 1174 3226 1241 Quid
3255 1175 3494 1231 fecerunt
3529 1177 3722 1244 Judaai,
3755 1178 3840 1233 vel

2254 1279 2373 1334 quae
2396 1265 2548 1334 culpa
2594 1281 2777 1320 eorum
2807 1264 2925 1331 fuit,
2955 1267 2997 1320 si
3028 1283 3248 1322 necesse
3272 1277 3386 1322 erat
3415 1278 3465 1321 ut
3488 1286 3651 1324 sermo
3679 1268 3840 1325 Isaiae

2255 1355 2511 1424 prophetae
2536 1356 2828 1426 impleretur
2861 1375 3004 1428 quem
3037 1358 3184 1416 dixit.
3217 1357 3455 1427 Domine,
3486 1362 3596 1430 quis
3624 1363 3838 1418 credidit

2253 1446 2450 1500 auditui
2475 1449 2684 1503 nostro?
2707 1458 2752 1502 et
2777 1448 3036 1503 brachium
3064 1449 3269 1504 Domini
3289 1452 3377 1506 cui
3413 1453 3684 1507 revelatum
3723 1455 3841 1509 est?

2251 1536 2454 1606 Quibus
2474 1540 2877 1608 respondemus,
2908 1541 3185 1596 Dominum
3210 1544 3485 1612 prmium
3513 1545 3833 1608 futurorum,

2251 1643 2346 1698 per
2374 1629 2692 1699 PrOphetam
2739 1632 3046 1702 praedixisse
3075 1634 3437 1692 inﬁdelitatem
3483 1637 3789 1694 Judaeorum
3818 1657 3833 1705 ;

2252 1722 2559 1791 praedixisse
2585 1732 2781 1788 tamen,
2831 1742 2936 1781 non
2980 1726 3192 1783 fecisse.
3233 1728 3350 1784 Non
3379 1731 3522 1786 enim
3552 1741 3832 1802 propterea

2251 1829 2565 1912 quemquam
2592 1818 2733 1873 Deus
2762 1817 2828 1912 ad
2858 1819 3181 1912 peccandum
3211 1821 3370 1892 cogit,
3392 1823 3514 1894 quia
3536 1822 3710 1878 futura
3729 1825 3830 1879 ho-

2251 1907 2451 1960 titiuum
2507 1918 2722 1978 peccata
2761 1910 2870 1979 jam
2903 1912 3066 1965 novit.
3115 1911 3352 1980 Ipsorum
3395 1914 3535 1994 enim
3569 1917 3836 1985 praescivit

2253 2011 2488 2067 peccata,
2516 2017 2620 2054 nou
2656 2019 2779 2068 sua;
2815 2019 2918 2058 uon
2949 2003 3257 2073 cujusquam
3287 2006 3527 2075 alterius,
3569 2009 3663 2063 sed
3689 2010 3835 2080 ipso-

2248 2108 2389 2147 rum.
2413 2094 2742 2163 Quapropter
2767 2095 2811 2149 si
2840 2111 2900 2149 ea
2925 2111 3042 2166 qua:
3059 2095 3148 2152 ille
3167 2098 3698 2169 praescivitipsorum,
3721 2118 3833 2157 non

2249 2193 2370 2238 sunt
2396 2171 2660 2254 ipsorum;
2691 2203 2792 2242 non
2826 2203 2949 2242 vere
2975 2187 3066 2243 ille
3095 2190 3391 2258 praescivit:
3420 2191 3513 2246 sed
3538 2193 3657 2262 quia
3688 2193 3833 2249 illius

2245 2277 2576 2347 prtescieutia
2604 2277 2713 2332 falli
2743 2294 2846 2333 non
2878 2287 3076 2348 potest;
3103 2281 3217 2335 sine
3244 2281 3407 2341 dubio
3426 2298 3532 2338 non
3557 2284 3714 2352 alius,
3734 2285 3833 2341 sed

2247 2368 2345 2436 ipsi
2369 2379 2608 2438 peccant,
2631 2385 2762 2440 quos
2784 2372 2922 2426 Deus
2947 2383 3258 2442 peccaturos
3278 2391 3397 2432 esse
3423 2379 3706 2448 praescivit.
3726 2379 3834 2436 Fe-

2246 2467 2434 2513 cerunt
2462 2475 2590 2531 ergo
2616 2472 2884 2530 peccatum
2916 2462 3106 2530 Judaei,
3135 2464 3275 2536 quod
3303 2481 3398 2522 eos
3425 2482 3531 2523 non
3571 2471 3832 2539 compulit

2246 2550 2438 2616 facere,
2459 2552 2543 2606 cui
2566 2562 2837 2622 peccatum
2864 2569 2966 2609 non
2985 2555 3187 2625 placet;
3205 2557 3297 2613 sed
3311 2559 3541 2614 {acturos
3555 2576 3675 2616 esse
3693 2577 3834 2630 prte-

2245 2642 2397 2710 dixit,
2429 2659 2586 2713 quem
2611 2644 2740 2698 nihil
2763 2645 2909 2700 latet.
2934 2646 3000 2700 Et
3025 2646 3144 2701 ideo
3173 2648 3218 2701 si
3244 2663 3351 2704 non
3376 2649 3592 2716 malum,
3613 2649 3712 2706 sed
3726 2650 3831 2706 bo-

2245 2749 2371 2789 num
2402 2734 2576 2792 facere
2605 2737 2916 2805 voluissent,
2940 2753 3046 2793 non
3073 2740 3511 2809 prohiberentur;
3534 2753 3587 2798 et
3613 2742 3715 2799 hoc
3743 2742 3830 2798 fac

2244 2826 2380 2880 cturi
2425 2827 2842 2897 praeviderentur
2863 2829 2931 2884 ab
2961 2845 3027 2886 eo
3053 2832 3142 2903 qui
3170 2833 3316 2887 novit
3342 2833 3468 2905 quid
3503 2835 3572 2889 sit
3599 2836 3832 2908 quisque

2247 2917 2500 2985 tacturus,
2527 2928 2581 2974 et
2605 2920 2730 2989 quid
2759 2921 2807 2975 ei
2837 2922 2906 2975 sit
2935 2937 3030 2992 pro
3055 2923 3172 2992 ejus
3196 2939 3359 2994 opere
3387 2925 3714 2984 redditurus.

2315 3011 2368 3066 5.
2411 3010 2514 3066 Sed
2557 3020 2611 3066 et
2634 3027 2752 3082 qua:
2777 3024 3071 3082 sequuntur
3091 3014 3365 3086 Evangelii
3396 3018 3552 3073 verba
3581 3021 3702 3090 plus
3730 3037 3829 3075 ur-
3869 3016 3887 3024 ’

2244 3113 2389 3174 gent,
2422 3114 2474 3158 et
2521 3103 2916 3173 profundiorem
2946 3106 3145 3165 faciunt
3179 3110 3559 3178 quaestionem:
3586 3112 3832 3183 adjungit

2243 3197 2407 3262 enim,
2431 3203 2486 3249 et
2506 3195 2653 3260 dicit,
2680 3196 2957 3268 PrOpterea
2982 3215 3084 3253 non
3102 3211 3331 3271 poterant
3355 3202 3573 3270 credere,
3594 3205 3716 3274 quia
3732 3206 3833 3260 ite-

2243 3304 2356 3340 rum
2384 3287 2512 3341 dixit
2537 3287 2740 3343 Isaias:
2763 3288 3046 3344 Excwcavit
3073 3292 3245 3347 oculos
3273 3309 3466 3362 eorum,
3495 3305 3541 3349 et
3568 3296 3831 3352 induravit

2243 3394 2330 3431 cor
2354 3394 2541 3443 eorum,
2565 3388 2618 3432 ut
2639 3397 2738 3434 non
2769 3380 2966 3434 videant
2992 3381 3171 3448 oculis,
3199 3392 3249 3436 et
3276 3383 3559 3456 intelligant
3582 3387 3755 3453 corde,
3778 3398 3831 3442 et

2244 3477 2614 3534 convertantur,
2641 3479 2688 3524 et
2707 3487 2879 3524 sanem
2897 3471 3032 3526 illos.
3061 3471 3262 3528 Dicitur
3276 3474 3418 3528 enim
3434 3474 3587 3531 nobis
3606 3493 3622 3532 :
3641 3476 3695 3532 Si
3715 3493 3830 3533 non

2243 3568 2528 3628 potuerunt
2547 3559 2782 3626 credere,
2801 3560 2941 3631 quod
2960 3571 3234 3633 peccatum
3261 3571 3344 3619 est
3369 3563 3597 3621 hominis
3611 3581 3718 3622 non
3742 3569 3828 3623 fa—

2243 3651 2431 3706 cientis
2456 3651 2594 3721 quod
2616 3668 2720 3706 non
2737 3662 2912 3720 potest
2936 3653 3110 3709 facere
3123 3655 3145 3707 ?
3160 3654 3204 3708 si
3225 3665 3400 3711 autem
3422 3673 3527 3712 non
3553 3657 3828 3716 credendo

2245 3751 2611 3811 peccaverunt,
2641 3751 3066 3815 potueruutergo
3081 3746 3321 3811 credere,
3348 3755 3528 3804 etnon
3557 3748 3825 3806 fecerunt.

2240 3835 2298 3891 Si
2323 3850 2449 3906 ergo
2478 3844 2782 3904 potuerunt,
2810 3837 3075 3906 quomodo
3106 3837 3230 3892 dicit
3268 3838 3635 3911 Evangelium,
3679 3841 3826 3896 Pro-

2242 3937 2408 3996 pterea
2441 3943 2538 3980 non
2573 3937 2801 3999 poterant
2845 3928 3063 3994 credere,
3101 3929 3217 3998 quia
3253 3931 3431 3984 iterum
3473 3932 3600 3987 dixit
3629 3932 3823 4001 Isaias,

2241 4017 2525 4074 Excaecauit
2550 4020 2720 4072 oculos
2763 4036 2955 4087 eorum,
3001 4030 3044 4074 et
3091 4020 3344 4076 induravit
3390 4040 3479 4078 cor
3505 4041 3710 4092 eorum;
3741 4036 3822 4092 ut,

2238 4111 2380 4181 quod
2418 4120 2499 4165 est
2541 4112 2772 4182 gravius,
2812 4112 2878 4166 ad
2909 4113 3070 4167 Deum
3098 4112 3357 4168 referatur
3385 4131 3542 4171 causa
3581 4133 3682 4187 qua
3713 4132 3826 4174 non

2238 4200 2597 4266 crediderunt,
2633 4202 3058 4273 quandoquidem
3087 4203 3200 4273 ipse
3226 4208 3490 4260 excwcavit
3517 4207 3688 4262 oculos
3733 4226 3828 4265 eo-

2237 4309 2372 4358 rum,
2406 4305 2450 4346 et
2472 4294 2723 4348 induravit
2750 4312 2836 4348 cor
2863 4297 3073 4350 eorum?
3090 4297 3205 4352 Non
3233 4299 3376 4352 enim
3407 4301 3594 4356 saltem
3625 4301 3726 4357 hoc
3751 4303 3826 4358 de

2237 4387 2448 4442 diabolo
2470 4387 2680 4454 dicitur,
2703 4388 2797 4444 sed
2821 4389 2889 4444 de
2905 4390 3032 4456 Deo,
3054 4391 3193 4461 quod
3215 4391 3324 4461 ipsa
3348 4395 3652 4463 prophetica
3668 4394 3821 4451 Scri-

2238 4487 2390 4546 ptura
2417 4487 2660 4535 testatur.
2690 4478 2822 4534 Nam
2854 4481 2896 4534 si
2919 4469 3240 4536 arbitremur
3264 4483 3366 4538 hoc
3390 4484 3586 4539 dictum
3613 4486 3679 4540 de
3704 4486 3825 4541 dia-

2237 4571 2380 4638 bolo,
2406 4573 2545 4643 quod
2567 4574 2827 4627 excaecauit
2845 4573 3015 4628 oculos
3035 4591 3223 4640 eorum,
3249 4585 3296 4630 et
3319 4593 3407 4631 cor
3422 4578 3710 4644 induravit;
3741 4579 3823 4636 la-

2237 4663 2529 4719 borandum
2552 4675 2632 4720 est
2654 4666 2920 4736 quomodo
2946 4667 3151 4720 illorum
3174 4667 3403 4737 culpam,
3427 4670 3546 4738 quia
3574 4685 3676 4724 non
3697 4687 3822 4726 cre-

2235 4755 2501 4822 diderunt,
2535 4758 2798 4826 possimus
2823 4758 3124 4822 ostendere,
3161 4759 3227 4813 de
3253 4760 3444 4830 quibus
3473 4761 3682 4827 dicitur,
3714 4780 3822 4818 non

2235 4859 2462 4921 poterant
2492 4850 2708 4904 credere.
2744 4850 2942 4906 Deinde
2971 4851 3095 4922 quid
3122 4853 3560 4922 respondebimus
3597 4855 3665 4909 de
3709 4856 3821 4912 alio

2234 4940 2505 5012 pr0phetae
2536 4943 2699 5012 ipsius
2734 4943 3060 5007 testimonio,
3091 4944 3228 5013 quod
3260 4946 3434 5014 posuit
3459 4945 3655 5000 Paulus
3679 4962 3818 5016 apo-

2234 5035 2402 5089 stolus
2433 5035 2645 5103 dicens;
2679 5034 2826 5100 Quod
2851 5036 3104 5106 qua'rebat
3130 5034 3314 5102 Israel,
3348 5036 3442 5091 hoc
3465 5054 3563 5092 non
3587 5047 3662 5092 est
3689 5054 3816 5094 con-

2232 5139 2463 5191 secutus;
2490 5127 2659 5180 electio
2689 5136 2857 5181 autem
2891 5138 3152 5182 consecuta
3177 5137 3286 5182 est:
3308 5129 3477 5184 centeri
3505 5144 3618 5184 vero
3648 5145 3814 5184 excie-

2235 5221 2336 5274 cati
2361 5230 2498 5285 sunt,
2526 5221 2652 5273 sicut
2680 5220 2919 5288 scriptum
2961 5228 3053 5282 est,
3084 5217 3234 5272 Dedit
3276 5220 3379 5273 illis
3409 5219 3542 5274 Deus
3578 5219 3814 5292 spiritum

2231 5311 2627 5381 compunctionis
2640 5328 2657 5374 ;
2671 5312 2862 5378 oculos,
2877 5319 2930 5364 ut
2951 5327 3050 5364 non
3066 5310 3284 5377 rideant,
3297 5321 3342 5365 et
3358 5328 3524 5376 aures,
3541 5320 3594 5365 ut
3611 5329 3711 5365 non
3729 5329 3816 5368 au-

2231 5403 2394 5471 diant,
2414 5419 2567 5474 usque
2580 5402 2631 5456 in
2648 5402 2941 5455 hodiernum
2951 5402 3082 5456 diem
3099 5400 3270 5474 (Rom.
3296 5418 3372 5469 Il,
3393 5404 3445 5468 7,
3466 5401 3673 5469 Isaim,
3695 5401 3809 5475 10).

2300 5495 2354 5552 6.
2385 5495 2640 5562 Audistis,
2658 5494 2870 5562 fratres,
2888 5496 3212 5566 propositam
3229 5495 3598 5566 quazstionem,
3617 5511 3811 5566 nempe

2229 5603 2385 5660 quam
2411 5587 2672 5658 profunda
2701 5589 2770 5643 sit
2794 5587 3009 5643 cernitis
3029 5606 3042 5643 :
3063 5588 3156 5643 sed
3184 5589 3567 5658 respondemus
3597 5598 3652 5644 ut
3681 5605 3806 5660 pos-

2229 5697 2433 5738 sumus.
2467 5680 2588 5736 Non
2612 5689 2839 5752 poterant
2861 5681 3082 5750 credere,
3105 5682 3226 5751 quia
3247 5679 3350 5737 hoc
3370 5680 3529 5738 Isaias
3550 5681 3808 5753 propheta

2229 5775 2505 5848 prmdixit:
2541 5776 2641 5830 hoc
2685 5784 2860 5830 autem
2906 5774 3169 5844 Propheta
3218 5775 3483 5846 praedixit,
3514 5775 3636 5845 quia
3666 5775 3804 5830 Deus

2230 5870 2331 5927 hoc
2357 5867 2591 5924 futurum
2619 5879 2735 5922 esse
2762 5867 3038 5938 priescivit.
3072 5867 3245 5935 Quare
3286 5876 3462 5924 autem
3504 5882 3609 5923 non
3651 5875 3803 5938 pote-
