4102 6502
344 348 475 405 i777

341 473 475 530 rant,
507 463 554 518 si
593 477 624 518 ι
660 476 748 519 me
789 469 1081 533 queratur,
1112 462 1219 517 cito
1259 461 1578 532 respondeo,
1610 462 1732 533 quia
1773 459 1920 516 nole-

340 561 463 614 bant
483 577 496 613 :
520 558 716 612 malam
735 557 929 626 quippe
946 571 1129 612 eorum
1147 557 1469 612 voluntatem
1491 556 1734 626 prmvidit
1756 557 1917 626 Deus,

335 660 384 706 et
412 666 508 720 per
539 648 857 719 Pmplietam
891 649 1261 717 praenuntiavit
1304 649 1392 703 ille
1438 650 1522 703 cui
1553 649 1804 705 abscondi
1834 650 1920 705 fu-

331 751 451 798 tura
482 757 589 799 non
619 749 861 812 possunt.
916 741 1022 797 Sed
1063 742 1221 797 aliam
1268 756 1502 808 causam,
1554 742 1747 812 inquis,
1794 744 1924 799 dicit

334 833 599 902 Propheta
651 848 756 887 non
784 834 1071 896 voluntatis
1100 848 1305 889 eorum.
1353 834 1520 900 Quam
1550 848 1764 889 causam
1793 836 1921 891 dicit

330 926 636 996 Pmpheta?
664 926 796 994 Quia
813 927 949 981 dedit
968 926 1072 980 illis
1090 926 1223 980 Deus
1239 926 1470 996 spiritum
1489 928 1919 993 compunctionis;

328 1016 523 1080 oculos,
556 1026 609 1070 ut
636 1033 738 1071 non
762 1016 982 1082 videant,
1010 1026 1056 1071 et
1082 1034 1248 1083 aures,
1272 1027 1326 1071 ut
1356 1034 1455 1071 non
1496 1019 1724 1081 audiant,
1756 1028 1800 1073 et
1825 1036 1917 1074 ea:-

328 1112 532 1165 cccavit
554 1112 727 1165 oculos
747 1128 940 1177 eorum,
966 1121 1013 1165 et
1037 1111 1290 1165 induravit
1306 1128 1392 1167 cor
1409 1129 1602 1166 eorum.
1626 1113 1797 1167 Etiam
1818 1114 1919 1169 hoc

326 1220 513 1259 eorum
541 1204 869 1259 voluntatem
906 1206 1162 1259 meruisse
1188 1206 1507 1275 respondeo.
1539 1207 1627 1262 Sic
1656 1209 1794 1261 enim
1824 1224 1919 1263 ex-

325 1308 508 1361 caecat,
540 1299 619 1353 sic
638 1297 864 1352 obdurat
890 1298 1049 1361 Deus,
1072 1297 1367 1352 deserendo
1391 1306 1444 1352 et
1467 1314 1570 1352 non
1594 1298 1914 1368 adjuvando:

325 1390 466 1461 quod
486 1391 700 1445 occulto
716 1382 923 1460 (judicio
944 1392 1113 1446 facere
1144 1399 1363 1461 postest,
1396 1392 1574 1461 iniquo
1594 1408 1698 1446 non
1723 1401 1914 1461 potest.

326 1483 438 1539 Hoc
465 1484 687 1537 omnino
726 1484 896 1553 pietas
927 1483 1295 1553 religiosorum
1346 1484 1718 1539 inconcussum
1758 1485 1918 1539 debet

327 1575 742 1645 inviolatumque
765 1590 1010 1639 servare;
1040 1575 1177 1630 sicut
1196 1575 1498 1644 Apostolus.
1527 1590 1647 1629 cum
1673 1575 1915 1630 eamdem

326 1667 492 1736 ipsam
520 1674 780 1722 tractaret
820 1666 1188 1722 difﬁcillimam
1218 1668 1595 1737 quaestionem,
1636 1666 1770 1732 Quid
1799 1684 1918 1736 ergo

329 1761 569 1824 dicemus,
591 1762 793 1831 inquit?
827 1761 1073 1832 numquid
1100 1762 1339 1831 iniquitas
1367 1762 1506 1831 apud
1532 1761 1732 1815 Deum?
1778 1760 1918 1815 Absit

330 1851 501 1923 (Rom.
520 1868 602 1917 tx,
624 1854 732 1924 14).
748 1851 806 1908 Si
822 1868 949 1923 ergo
966 1853 1103 1907 absit
1130 1862 1184 1907 ut
1205 1855 1274 1907 sit
1293 1853 1543 1923 iniquitas
1560 1852 1697 1922 apud
1726 1853 1914 1926 Deum;

326 1949 432 2001 sive
457 1948 677 2017 quando
697 1948 935 2017 adjuvat,
956 1947 1371 2003 misericorditer
1392 1947 1543 2013 facit;
1568 1946 1678 2002 sive
1704 1947 1918 2017 quando

326 2055 427 2093 non
454 2040 691 2107 adjuvat,
720 2041 863 2109 juste
892 2039 1049 2095 facit:
1078 2043 1197 2110 quia
1227 2041 1406 2095 omnia
1451 2056 1556 2095 non
1593 2041 1913 2107 temeritate,

325 2130 412 2184 sed
437 2130 644 2199 judicio
672 2131 815 2185 facit.
868 2132 1035 2187 Porro
1086 2132 1130 2187 si
1176 2130 1373 2201 judicia
1424 2139 1729 2186 sanctorum
1774 2130 1916 2200 justa

323 2234 463 2290 sunt,
493 2234 695 2295 quanto
722 2226 890 2294 magis
918 2226 1298 2281 sanctiﬁcantis
1328 2234 1381 2280 et
1415 2224 1754 2294 justiﬁcantis
1788 2224 1916 2279 Dei?

323 2317 465 2372 Justa
500 2333 631 2389 ergo
656 2326 800 2385 sunt,
831 2318 924 2373 sed
973 2319 1202 2374 occulta.
1248 2318 1371 2373 Ideo
1418 2333 1539 2373 cum
1594 2319 1916 2388 quaestiones

324 2409 629 2478 bujusmodi
660 2410 714 2464 in
742 2410 974 2466 medium
1004 2412 1265 2476 venerint,
1293 2426 1457 2481 quare
1487 2410 1621 2465 alius
1650 2412 1746 2475 sic,
1782 2410 1916 2465 alius

326 2510 498 2556 autem
533 2516 639 2565 sic;
671 2518 833 2571 quare
878 2502 967 2557 ille
1010 2503 1120 2556 Deo
1149 2501 1429 2557 deserente
1472 2512 1790 2569 excaacetur,
1827 2502 1916 2557 ille

327 2594 432 2647 Deo
463 2594 749 2662 adjuvante
777 2594 1102 2648 illuminetur
1122 2613 1135 2648 :
1158 2609 1264 2648 non
1290 2594 1441 2649 nobis
1463 2593 1718 2663 judicium
1746 2594 1813 2647 de
1829 2594 1917 2663 ju-

326 2684 461 2737 dicio
493 2685 625 2737 tanti
676 2684 872 2753 judicis
920 2700 1254 2754 usurpamus,
1298 2686 1390 2740 sed
1436 2689 1915 2741 contremiscentes

326 2778 686 2832 exclamemus
711 2792 832 2831 cum
865 2778 1134 2846 Apostolo,
1167 2778 1209 2829 0
1244 2778 1455 2831 altitudo
1506 2778 1793 2831 divitiarum
1839 2794 1915 2831 sa-

327 2873 529 2939 pientia:
555 2880 603 2924 et
629 2872 849 2925 scientia:
868 2870 998 2926 Dei!
1017 2888 1167 2941 quam
1210 2872 1556 2926 inscrntabilia
1582 2879 1697 2925 sunt
1715 2872 1914 2943 judicia

323 2965 449 3033 ejus,
480 2974 528 3017 et
548 2965 912 3035 investigabiles
928 2966 1021 3018 via:
1034 2966 1144 3032 eius
1171 2962 1281 3036 (Id.
1303 2980 1376 3028 xt,
1400 2962 1512 3035 55)!
1538 2964 1689 3019 Unde
1712 2965 1909 3019 dictum

323 3068 402 3112 est
437 3060 489 3112 in
525 3058 757 3125 Psalmo,
807 3057 1013 3112 Iudicia
1040 3067 1145 3125 tua,
1174 3059 1300 3113 sicut
1324 3058 1483 3111 multa
1505 3057 1716 3128 abyssus
1738 3059 1911 3132 (Psal.

322 3167 493 3218 xxxv,
522 3151 619 3223 7).

393 3246 445 3297 7.
490 3244 605 3298 Non
645 3258 774 3312 ergo
800 3258 907 3309 me,
935 3242 1147 3306 fratres,
1180 3242 1245 3296 ad
1272 3242 1407 3296 hanc
1429 3242 1781 3311 penetrandat.
1807 3242 1915 3297 ial-

324 3339 628 3403 titudinem,
658 3338 721 3391 ad
748 3338 882 3392 hanc
902 3337 1153 3408 abyssum
1183 3336 1589 3401 discutiendam,
1613 3336 1678 3389 ad
1711 3338 1915 3391 inseru-

322 3433 505 3487 tabilia
535 3429 935 3501 perscrutanda,
963 3430 1263 3499 expectatio
1292 3438 1482 3483 vestrae
1506 3428 1793 3483 Cbaritatis
1814 3429 1914 3482 im-

321 3526 525 3596 pingat.
557 3524 805 3594 Agnosco
832 3522 1103 3577 modulum
1134 3537 1330 3586 meum,
1358 3522 1555 3576 sentire
1581 3520 1708 3574 mihi
1728 3520 1913 3574 videor

323 3620 483 3674 etiam
517 3617 791 3672 modulum
823 3624 1079 3671 vestrum.
1112 3614 1284 3669 Altius
1314 3622 1396 3669 est
1436 3614 1538 3667 hoc
1571 3614 1913 3668 incrementis

324 3714 480 3776 meis,
514 3720 567 3766 et
596 3710 783 3765 fortius
804 3709 1001 3762 viribus
1026 3708 1191 3772 meis;
1226 3715 1352 3776 puto
1370 3707 1491 3776 quia
1523 3715 1576 3759 ct
1599 3706 1808 3760 vestris.
1830 3705 1914 3760 Si-

326 3806 433 3860 mul
464 3821 594 3875 ergo
619 3804 896 3859 audiamus
913 3802 1287 3857 admonentem
1303 3802 1628 3871 Scripturam
1657 3811 1816 3870 atque
1833 3800 1913 3855 di-

327 3908 558 3962 centem,
592 3896 785 3949 Altiora
816 3907 860 3949 te
880 3913 942 3949 ne
964 3896 1244 3964 qua'sieris,
1266 3903 1311 3948 et
1331 3894 1541 3965 fortiora
1569 3902 1616 3947 te
1636 3904 1698 3947 ne
1720 3902 1915 3947 scruta-

330 4000 405 4043 tus
449 3989 608 4059 fueris
653 3988 839 4057 (Eneti.
871 3992 947 4053 tu,
994 3986 1111 4057 2‘2).
1146 3985 1259 4040 Non
1288 3987 1409 4056 quia
1440 3986 1536 4039 ista
1568 3993 1757 4055 negata
1791 3993 1916 4039 sunt

331 4086 502 4151 nobis,
536 4100 657 4139 cum
705 4085 845 4138 Deus
886 4084 1140 4153 magister
1169 4082 1330 4145 dicat,
1366 4079 1514 4135 Nihil
1559 4091 1629 4134 est
1660 4082 1913 4135 occultum

329 4178 460 4246 quod
504 4194 605 4229 non
654 4177 947 4229 revelabitur
991 4174 1201 4246 (Matth.
1239 4190 1295 4238 x,
1334 4174 1458 4244 26):
1484 4174 1575 4228 sed
1607 4175 1650 4228 si
1684 4175 1734 4228 in
1770 4173 1913 4244 quod

332 4269 688 4338 pervenimus,
724 4269 774 4320 in
803 4282 867 4321 co
889 4266 1243 4329 ambulemus,
1280 4265 1416 4320 sicut
1443 4266 1572 4321 dicit
1598 4267 1906 4335 Apostolus,

329 4375 428 4414 non
454 4362 627 4414 solum
650 4360 787 4429 quod
816 4360 1083 4413 nescimus
1098 4368 1151 4413 et
1171 4359 1307 4413 scire
1333 4358 1608 4425 debemus,
1639 4360 1731 4413 sed
1752 4360 1911 4413 etiam

329 4455 368 4508 si
417 4455 544 4524 quid
576 4454 729 4507 aliter
745 4453 1000 4523 sapimus,
1022 4453 1070 4506 id
1101 4468 1311 4522 quoque
1330 4452 1478 4506 nobis
1501 4453 1636 4505 Deus
1658 4452 1914 4506 revelabit

329 4546 585 4618 (Philipp.
610 4564 684 4609 ιιι,
704 4548 769 4601 15
785 4547 951 4615 e116).
976 4546 1315 4600 Pervenitnus
1333 4554 1507 4600 autem
1528 4546 1578 4598 in
1603 4546 1738 4598 viam
1768 4546 1909 4612 ﬁdei,

329 4638 461 4694 banc
502 4639 1030 4710 perseverantissime
1076 4645 1350 4691 teneamus
1377 4656 1391 4691 ε
1417 4638 1526 4705 ipsa
1567 4637 1818 4705 perducet
1848 4636 1912 4691 ad

328 4732 627 4786 cubiculum
652 4732 809 4799 regis,
836 4732 885 4784 in
912 4745 1017 4800 quo
1038 4738 1160 4783 sunt
1179 4728 1613 4784 omnesthesauri
1641 4728 1913 4798 sapientia:

328 4831 379 4877 et
419 4823 661 4876 scientia!
708 4820 1002 4875 absconditi
1045 4820 1258 4893 (Coloss.
1291 4836 1347 4885 ιι,
1380 4820 1455 4891 5).
1485 4820 1600 4875 Νοιι
1632 4823 1773 4875 enim
1803 4821 1914 4891 ipse

329 4914 585 4968 Dominus
611 4912 766 4968 Iesus
791 4913 1036 4967 Christus
1061 4914 1170 4967 suis
1201 4913 1305 4968 illis
1338 4914 1542 4983 magnis
1568 4922 1622 4967 et
1648 4914 1914 4983 praecipue

328 5008 507 5060 electis
538 5005 817 5075 discipulis
834 5005 1119 5067 invidebat,
1140 5004 1355 5075 quando
1373 5003 1601 5069 dicebat,
1626 5002 1792 5056 Multa
1816 5003 1910 5057 ha-

330 5096 410 5151 beo
448 5098 588 5151 vobis
631 5098 812 5163 dicere,
859 5097 947 5151 sed
991 5114 1092 5151 non
1144 5098 1348 5169 potestis
1398 5097 1490 5151 illa
1540 5106 1739 5167 portare
1766 5097 1912 5151 modo

331 5185 503 5259 (Joan.
549 5204 658 5253 xvr,
698 5188 808 5259 12).
837 5186 1227 5243 Ambulandum
1253 5195 1353 5253 est,
1396 5188 1778 5257 proficiendum
1810 5197 1911 5253 est,

326 5280 674 5335 crescendum
700 5289 803 5345 est,
831 5289 887 5334 ut
922 5280 1030 5335 sint
1066 5278 1225 5333 corda
1266 5288 1445 5333 nostra
1490 5279 1702 5349 capacia
1729 5294 1911 5333 earum

326 5388 502 5427 rerum
531 5388 663 5441 quas
689 5388 879 5442 capere
908 5371 1065 5426 modo
1093 5388 1198 5426 non
1230 5366 1541 5442 possumus.
1563 5371 1715 5437 Quod
1741 5371 1785 5425 si
1816 5388 1913 5426 nos

328 5465 545 5520 ultimus
575 5466 693 5520 dies
714 5466 1054 5536 proﬁcientes
1078 5465 1361 5532 invenerit,
1389 5465 1460 5519 ibi
1482 5465 1747 5520 discemus
1773 5466 1911 5537 quod

326 5556 411 5612 hic
437 5574 542 5613 non
573 5561 860 5629 potuimus.

394 5658 445 5713 8.
488 5655 547 5713 St
577 5658 696 5727 quis
714 5666 888 5711 autem
909 5657 1064 5711 istam
1092 5657 1437 5724 qnaastionem
1462 5656 1710 5726 liquidius
1731 5664 1783 5713 et
1803 5672 1914 5712 me-

327 5750 425 5807 lius
454 5752 603 5806 novit
630 5768 689 5807 se
721 5766 873 5821 posse
904 5761 958 5805 ct
991 5750 1212 5805 conlidit
1239 5764 1527 5821 exponere,
1559 5749 1697 5804 absit
1720 5758 1777 5804 ut
1805 5765 1911 5806 non

328 5845 425 5900 sim
453 5845 689 5915 paratior
716 5842 927 5899 discere
945 5856 1103 5913 quam
1125 5842 1336 5898 docere.
1370 5841 1595 5897 Tantum
1627 5858 1694 5897 ne
1722 5843 1913 5900 audeat

1447 341 1858 401 TRACTA'I'US
1898 340 2031 399 LIII.
2088 343 2316 406 CAPUT
2353 346 2470 405 XII.

3479 358 3614 417 I778

2030 466 2309 533 quisquam
2347 465 2571 521 liberum
2609 466 2882 522 arbitrium
2913 468 2991 524 sic
3016 469 3324 534 defendere.
3361 479 3418 527 ut
3464 473 3617 529 nobis

2030 559 2327 613 orationem
2351 575 2454 630 qua
2482 560 2728 625 dicimus,
2764 560 2846 616 Ne
2869 579 2960 616 nos
2984 563 3174 633 inferas
3195 566 3247 619 in
3269 566 3615 637 tentationem,

2027 658 2254 704 conetur
2279 650 2488 708 auferre
2509 669 2521 705 :
2550 669 2753 715 rursus,
2773 670 2840 707 ne
2861 656 3137 725 quisquam
3157 666 3309 727 neget
3326 658 3615 716 voluntatis

2027 742 2327 808 arbitrium,
2358 753 2411 798 et
2435 744 2624 799 audeat
2652 761 2907 801 excusare
2936 758 3228 816 peccatum.
3280 748 3386 804 Sed
3433 750 3618 805 audia-

2027 852 2146 891 mus
2174 837 2475 905 Dominum,
2523 849 2576 893 et
2606 842 3019 910 praecipientem,
3054 852 3106 896 et
3135 843 3517 910 opitulantem;
3561 854 3618 900 et

2022 930 2297 998 jubeutem
2329 931 2449 999 quid
2484 930 2654 987 facere
2671 933 2979 999 debeamus,
3000 944 3053 989 et
3075 935 3410 1003 adjuvantem
3438 944 3495 991 ut
3517 937 3617 993 im-

2026 1021 2174 1089 plere
2225 1022 2503 1090 possimus.
2562 1023 2692 1078 Nam
2733 1036 2786 1078 et
2814 1026 3070 1095 quosdam
3102 1028 3263 1081 nimia
3294 1044 3405 1084 suae
3427 1029 3615 1085 volun-

2026 1115 2148 1167 tatis
2182 1115 2366 1167 liducia
2398 1116 2585 1169 extulit
2620 1118 2670 1170 in
2713 1120 3045 1187 superbiam;
3076 1131 3127 1175 et
3166 1122 3419 1190 quosdam
3450 1123 3613 1179 nimia

2024 1220 2134 1259 suae
2164 1207 2453 1262 voluntatis
2477 1207 2771 1261 difﬁdentia
2803 1210 2997 1279 dejecit
3028 1211 3078 1265 in
3111 1214 3502 1281 negligentiam.
3532 1214 3612 1269 Illi

2023 1298 2205 1354 dicunt
2227 1320 2238 1353 :
2260 1300 2455 1370 thuid
2475 1318 2722 1371 rogamus
2744 1304 2905 1357 Deum
2926 1321 2990 1359 ne
3006 1306 3279 1361 vincamur
3297 1308 3609 1375 tentatione,

1972 1416 1977 1427 -
2024 1391 2163 1459 quod
2190 1392 2237 1444 in
2266 1402 2442 1446 nostra
2465 1403 2543 1446 est
2566 1396 2859 1463 potestate?
2887 1395 2973 1449 Isti
2994 1396 3208 1451 dicunt:
3238 1397 3427 1467 Ulquid
3451 1414 3613 1453 cona-

2024 1498 2143 1537 mur
2174 1484 2309 1538 bene
2338 1485 2536 1547 vivere,
2569 1486 2710 1554 quod
2760 1486 2811 1538 in
2858 1486 2949 1540 Dei
2979 1496 3062 1542 est
3092 1489 3380 1554 potestate?
3428 1489 3472 1543 Ο
3504 1490 3609 1543 Do-

2024 1580 2186 1644 mine,
2216 1595 2248 1629 o
2280 1578 2434 1632 Pater
2460 1580 2551 1648 qui
2579 1595 2637 1634 es
2662 1580 2711 1632 in
2743 1580 2911 1642 caelis,
2935 1596 3002 1635 ne
3019 1596 3115 1636 nos
3136 1581 3331 1636 inferas
3353 1585 3403 1637 in
3425 1599 3612 1653 quam-

2023 1670 2154 1725 libet
2177 1671 2397 1725 istarum
2422 1672 2792 1735 tentationum,
2809 1672 2896 1725 sed
2913 1672 3065 1726 libera
3084 1690 3173 1726 nos
3194 1690 3225 1727 a
3245 1675 3377 1728 malo
3395 1674 3607 1747 (Matth.

2025 1776 2098 1825 vr,
2132 1760 2249 1833 l3)!
2300 1762 2594 1817 Audiamus
2645 1763 2926 1818 Dominum
2956 1763 3243 1831 dicentem,
3296 1765 3487 1835 Rogaui
3518 1784 3606 1837 pro

2022 1861 2087 1919 te,
2122 1851 2291 1919 Petre,
2328 1870 2391 1906 ne
2432 1855 2629 1921 deﬁciat
2669 1855 2794 1923 fides
2824 1864 2909 1907 tua
2937 1853 3085 1926 (Luc.
3120 1871 3254 1921 xxu,
3283 1855 3404 1927 32);
3439 1872 3504 1911 ne
3535 1859 3610 1912 sic

2021 1946 2388 2001 existimemus
2418 1946 2573 2001 ﬁdem
2599 1954 2831 2000 nostram
2863 1962 2981 2002 esse
3012 1947 3063 2000 in
3089 1948 3256 2001 Iihcro
3287 1948 3527 2011 arbitrio,
3551 1957 3611 2002 ut

2022 2038 2203 2093 divino
2229 2053 2331 2093 non
2351 2047 2504 2109 egeat
2522 2038 2805 2108 adjutorio.
2835 2039 3125 2093 Audiamus
3151 2049 3203 2094 et
3220 2041 3609 2110 Evangelistam

2022 2134 2306 2197 dicentem,
2337 2131 2489 2185 Dedit
2520 2135 2589 2187 eis
2612 2142 2901 2202 potestatem
2934 2132 3068 2200 ﬁlios
3096 2131 3189 2185 Dei
3218 2133 3329 2201 ﬁeri
3358 2132 3533 2203 (Joan.
3568 2146 3607 2201 ι,

2024 2226 2145 2295 12);
2177 2241 2242 2280 ne
2267 2226 2484 2279 omnino
2511 2226 2879 2280 existimemus
2912 2225 2967 2278 in
3005 2233 3182 2279 nostra
3212 2233 3471 2294 potestate
3501 2241 3607 2280 non

2022 2333 2141 2374 esse
2170 2317 2310 2388 quod
2342 2317 2607 2373 credimus
2645 2335 2655 2373 :
2691 2325 3059 2371 verumtamen
3105 2318 3156 2369 in
3201 2325 3427 2387 utroque
3470 2318 3608 2373 illius

2022 2412 2276 2467 beneficia
2318 2424 2722 2480 cognoscamus.
2755 2409 2888 2463 Nam
2920 2418 2971 2462 et
3000 2408 3216 2477 agenda:
3257 2417 3380 2463 sunt
3406 2410 3599 2478 gratim,

2020 2507 2140 2576 quia
2168 2506 2287 2559 data
2312 2514 2393 2559 est
2415 2512 2676 2576 potestas;
2706 2512 2760 2557 et
2784 2502 3064 2567 orandum,
3098 2518 3163 2556 ne
3193 2503 3505 2557 succumbat
3530 2503 3609 2556 in—

2021 2572 2244 2651 firmitas
2274 2594 2469 2668 (Galat.
2502 2572 2554 2658 ἦν,
2587 2594 2662 2665 6).
2700 2594 2815 2664 Ipsa
2846 2601 2929 2646 est
2955 2591 3086 2646 ﬁdes
3112 2609 3230 2662 qua:
3258 2608 3353 2662 per
3379 2592 3612 2649 dilectio-

2020 2706 2141 2745 nem
2169 2699 2441 2759 operatur,
2469 2688 2606 2743 sicut
2641 2688 2757 2757 ejus
2789 2700 3093 2741 mensuram
3127 2686 3381 2741 Dominus
3419 2688 3613 2755 cuique

2020 2783 2245 2852 partitus
2269 2789 2352 2836 est
2382 2780 2556 2852 (Rom.
2591 2796 2684 2845 xu,
2730 2779 2817 2847 5);
2864 2786 2919 2831 ut
2959 2778 3046 2847 qui
3100 2778 3377 2846 gloriatur,
3423 2794 3527 2831 non
3558 2778 3609 2832 in

2018 2874 2214 2944 seipso,
2244 2872 2337 2927 sed
2360 2872 2411 2926 in
2443 2871 2668 2926 Domino
2694 2870 2951 2940 glorietur
2983 2868 3176 2939 (lCor.
3209 2886 3246 2932 ι,
3282 2870 3394 2939 5i).

2088 2967 2141 3023 9.
2173 2967 2287 3022 Non
2307 2968 2481 3036 itaque
2510 2966 2700 3019 mirum
2722 2972 2803 3018 est
2823 2963 2945 3033 quia
2970 2977 3073 3017 non
3096 2971 3338 3032 poterant
3366 2962 3608 3025 credere.

2018 3076 2241 3132 quorum
2278 3061 2522 3114 voluntas
2550 3058 2628 3114 sic
2657 3057 2883 3126 superba
2907 3064 3038 3119 erat,
3079 3064 3136 3110 ut
3175 3056 3479 3125 ignorantes
3517 3057 3610 3111 Dei

2014 3154 2292 3223 justitiam,
2316 3168 2461 3207 suam
2492 3152 2689 3205 vellent
2718 3149 3041 3203 constituere
3065 3165 3076 3176 ·
3106 3147 3241 3201 sicut
3269 3147 3396 3201 dicit
3424 3147 3489 3201 de
3512 3148 3611 3202 illis

2020 3246 2326 3316 Apostolus,
2357 3244 2578 3297 Justitiw
2604 3241 2702 3295 Dei
2727 3257 2828 3295 non
2857 3250 2974 3294 sunt
3001 3240 3208 3307 subjecti
3235 3238 3408 3307 (Rom.
3440 3255 3497 3303 x,
3531 3240 3609 3302 ὅ).

2019 3337 2152 3404 Quia
2180 3338 2320 3391 enim
2351 3352 2453 3389 non
2482 3352 2544 3387 ex
2578 3333 2713 3398 ﬁde,
2750 3332 2841 3386 sed
2876 3341 3123 3399 tanquam
3156 3346 3217 3384 ex
3251 3331 3498 3399 cperibus
3526 3339 3612 3384 tu-

2019 3437 2300 3492 muerunt;
2346 3428 2460 3495 ipso
2487 3441 2583 3481 suo
2653 3434 2858 3477 tumore
2903 3424 3119 3485 cmcati,
3167 3420 3503 3476 offenderunt
3562 3421 3613 3475 in

2019 3522 2247 3591 lapidem
2288 3519 2613 3574 oﬁ‘ensionis.
2655 3516 2743 3572 Sic
2775 3525 2951 3571 autem
2993 3515 3193 3568 dictum
3250 3522 3333 3568 est
3375 3531 3474 3566 non
3519 3529 3613 3583 po-

2020 3623 2201 3679 terant,
2232 3613 2321 3666 ubi
2352 3610 2749 3679 intelligendum
2773 3617 2855 3662 est
2880 3607 3019 3677 quod
3049 3606 3328 3669 nolebant;
3360 3605 3614 3674 quemad-

2021 3705 2233 3759 modum
2275 3704 2469 3757 dictum
2517 3710 2598 3755 est
2639 3701 2705 3753 de
2744 3700 2965 3753 Domino
3007 3700 3115 3752 Deo
3160 3707 3361 3761 nostro,
3408 3697 3467 3750 Si
3512 3713 3614 3750 non

2019 3800 2283 3859 credimus,
2314 3799 2402 3851 ille
2427 3796 2592 3865 ﬁdelis
2632 3802 2907 3863 permanet,
2935 3808 3117 3862 negare
3141 3792 3359 3860 seipsum
3384 3806 3483 3842 non
3514 3807 3607 3860 po-

2020 3901 2110 3945 test
2132 3890 2200 3962 (II
2224 3889 2357 3943 Tim.
2392 3906 2447 3947 ιι,
2484 3889 2590 3958 15).
2624 3888 2698 3940 De
2728 3885 3088 3952 omnipotente
3125 3882 3324 3936 dictum
3364 3891 3479 3945 est,
3510 3897 3611 3935 non

2020 3995 2197 4058 potest.
2229 3984 2375 4039 Sicut
2404 3995 2530 4051 ergo
2573 3979 2712 4049 quod
2747 3977 2999 4031 Dominus
3040 3990 3220 4044 negare
3250 3973 3464 4042 seipsum
3509 3987 3608 4025 non

2020 4086 2197 4147 potest,
2245 4076 2356 4127 laus
2383 4082 2465 4127 est
2503 4070 2787 4125 voluntatis
2829 4068 3058 4132 divinae;
3103 4067 3170 4118 ita
3220 4064 3360 4134 quod
3402 4064 3477 4118 illi
3508 4080 3607 4118 non

2022 4179 2249 4241 poterant
2276 4168 2494 4228 credere,
2524 4165 2676 4233 culpa
2708 4171 2791 4215 est
2822 4158 3107 4213 voluntatis
3136 4156 3401 4210 humanae.

2091 4262 2180 4318 10.
2224 4262 2360 4316 Ecce
2387 4259 2506 4312 dico
2528 4266 2580 4311 et
2597 4270 2714 4327 ego,
2740 4253 2878 4323 quod
2902 4252 2989 4321 qui
3012 4260 3117 4303 tam
3134 4247 3361 4318 superbe
3377 4247 3609 4317 sapiunt,

2021 4370 2079 4416 ut
2101 4374 2211 4414 sua:
2246 4356 2530 4413 voluntatis
2574 4352 2771 4406 viribus
2806 4355 3005 4403 tantum
3038 4345 3339 4401 existiment
3367 4359 3485 4398 esse
3513 4342 3611 4397 tri-

2020 4451 2321 4513 buendum,
2364 4456 2420 4501 ut
2457 4453 2652 4515 negent
2686 4442 2784 4496 sibi
2826 4455 2944 4494 esse
2987 4437 3346 4493 necessarium
3373 4435 3610 4489 divinum
3644 4442 3650 4481 τ

2021 4544 2339 4614 adjutorium
2370 4539 2433 4592 ad
2463 4538 2597 4591 bene
2631 4533 2938 4595 vivendum,
2973 4545 3077 4584 non
3125 4537 3351 4599 possunt
3388 4526 3611 4584 credere

2021 4637 2073 4691 in
2101 4635 2391 4691 Christum.
2424 4630 2537 4684 Non
2561 4627 2700 4681 enim
2728 4623 2924 4694 aliquid
2952 4632 3174 4692 prosunt
3198 4620 3413 4692 syllabae
3436 4618 3604 4672 nomi-

2022 4729 2104 4783 nis
2132 4725 2351 4789 Christi,
2378 4730 2431 4777 et
2456 4721 2801 4776 Sacramenta
2832 4714 3049 4780 Christi,
3077 4713 3168 4768 ubi
3194 4712 3461 4767 resistitur
3488 4709 3611 4765 ﬁdei

2020 4820 2236 4878 Christi.
2280 4816 2436 4871 Fides
2473 4824 2649 4868 autem
2678 4809 2872 4865 Christi
2902 4818 3003 4869 est.
3036 4805 3257 4862 credere
3285 4806 3338 4858 in
3366 4817 3488 4858 eum
3518 4802 3611 4871 qui

2016 4911 2268 4984 justiflcat
2294 4909 2510 4977 impium
2533 4904 2706 4977 (Rom.
2730 4919 2803 4969 Iv,
2824 4901 2879 4974 5)
2900 4917 2915 4965 ;
2933 4898 3151 4956 credere
3172 4899 3225 4952 in
3245 4895 3605 4955 Mediatorem,

2022 5006 2137 5060 sine
2163 5018 2268 5073 quo
2298 5000 2610 5069 interposito
2640 5012 2743 5050 non
2763 4993 3176 5055 ,reconciliamur
3217 4991 3356 5053 Deo;
3388 4985 3609 5041 credere

2021 5102 2077 5155 in
2102 5099 2450 5160 Salvatorem,
2479 5094 2567 5163 qui
2600 5090 2743 5146 venit
2767 5089 2907 5159 quod
2937 5088 3169 5157 perierat
3190 5095 3429 5154 qumrere
3452 5089 3608 5149 atque

2022 5195 2227 5248 salvare
2250 5190 2397 5261 (Luc.
2426 5205 2538 5255 xxx,
2564 5186 2690 5255 l0);
2718 5182 2940 5238 credere
2970 5180 3021 5235 in
3047 5194 3170 5235 eum
3192 5175 3280 5247 qui
3302 5174 3455 5241 dixit,
3485 5172 3611 5228 Sine

2023 5305 2102 5343 me
2123 5286 2252 5341 nihil
2278 5284 2479 5354 potestis
2507 5284 2671 5352 facere
2691 5277 2868 5348 (Joan.
2898 5290 2998 5340 xv,
3032 5271 3108 5344 5).
3136 5270 3268 5339 Quia
3297 5282 3426 5339 ergo
3455 5267 3607 5337 igno-

2022 5395 2149 5435 rans
2179 5378 2271 5432 Dei
2300 5374 2552 5446 justitiam
2596 5385 2695 5439 qua
2730 5362 3279 5439 justificaturimpius,
3315 5375 3464 5416 suam
3497 5359 3611 5417 vult

2021 5473 2345 5529 constituere
2383 5482 2482 5536 qua
2526 5465 2869 5520 convincatur
2897 5456 3191 5528 superbus,
3224 5456 3276 5509 in
3324 5454 3466 5510 hunc
3504 5468 3610 5509 non

2021 5572 2199 5636 potest
2237 5561 2475 5616 credere.
2510 5558 2644 5612 Hinc
2670 5564 2724 5609 et
2753 5555 2825 5608 illi
2854 5569 2953 5606 non
2980 5557 3211 5621 poterant
3236 5548 3436 5603 credere
3458 5563 3478 5603 :
3504 5561 3612 5602 non

2022 5659 2143 5729 quia
2193 5655 2383 5710 mutari
2433 5655 2482 5706 in
2532 5649 2720 5705 melius
2770 5645 3012 5700 homines
3053 5658 3157 5698 non
3213 5650 3470 5714 possunt;
3517 5638 3611 5695 sed

2022 5734 2291 5822 quamdiu"
2318 5744 2440 5800 talia
2480 5741 2728 5813 sapiunt,
2779 5753 2884 5794 non
2931 5744 3154 5808 possunt
3191 5735 3428 5791 credere.
3478 5731 3612 5787 Hine

2024 5848 2380 5907 excaecatum,
2424 5845 2480 5893 et
2524 5833 2869 5899 indurantur;
2921 5830 3042 5900 quia
3086 5826 3328 5899 negando
3373 5822 3612 5880 divinum
