4102 6464
325 332 454 392 ενοι

325 446 466 504 Deus
486 447 558 504 de
579 447 710 515 Deo,
739 449 836 507 sed
861 450 1003 506 Deus
1026 449 1184 505 Pater
1208 448 1351 504 Filii.
1379 449 1528 504 Nune
1553 458 1732 505 autem
1759 451 1900 522 quod

324 539 413 607 sit,
441 537 545 608 Qui
570 541 732 604 credit
758 541 812 596 in
837 558 934 606 nte,
968 540 1260 615 non_credit
1288 541 1349 596 in.
1375 558 1474 605 me,
1499 541 1586 596 sed
1613 542 1663 596 tu
1689 557 1804 596 eum
1827 543 1912 612 qui

479 647 582 698 me,
607 632 878 703 quomodo
903 633 1221 688 intellecturi
1246 639 1452 700 simne,
1479 635 1580 688 nisi
1605 635 1728 704 quia
1749 635 1909 691 lim

323 723 610 796 apparebat
637 722 942 784 hominibus
960 767 975 791 ,
1003 736 1124 784 cum
1151 727 1344 782 lateret
1363 727 1540 782 Deus?
1569 727 1636 782 Et
1658 743 1728 784 ne
1753 737 1907 798 puta.

324 822 441 870 rent
463 814 567 876 hoc
593 831 718 872 eum
744 831 864 876 esse
891 818 1257 880 tantummodo
1280 819 1419 889 quml
1445 819 1714 886 videbant,
1746 821 1904 878 talum

323 919 380 957 ac
404 914 604 960 tantum
631 922 686 962 se
707 908 893 963 volens
911 908 1076 973 credi,
1105 909 1273 978 qualis
1299 919 1352 964 et
1375 919 1600 980 quantus
1623 921 1705 967 est
1726 911 1902 979 Pater,

326 996 423 1064 Qui
440 998 598 1069 credit
623 999 674 1052 in
697 1017 796 1067 me,
819 1000 1009 1070 inquit,
1032 1018 1132 1054 non
1151 1001 1308 1054 credit
1331 1003 1384 1056 in
1403 1019 1500 1068 me,
1530 1003 1578 1056 id
1601 1012 1701 1066 est,
1731 1004 1786 1058 in
1807 1003 1908 1060 hoc

321 1089 460 1157 quod
481 1085 659 1154 videt;
685 1092 775 1144 sed
800 1093 851 1145 in
875 1108 985 1144 eum
1009 1093 1096 1161 qui
1120 1093 1250 1146 misit
1271 1109 1369 1158 me,
1397 1092 1448 1147 id
1466 1103 1567 1161 est,
1596 1095 1652 1150 in
1669 1096 1903 1152 Patrem;

319 1180 420 1236 Sed
447 1184 538 1253 qui
568 1182 740 1240 credit
767 1184 817 1238 in
841 1183 1072 1250 Patrem,
1101 1199 1319 1240 necesse
1344 1193 1429 1242 cst
1445 1204 1568 1241 eum
1587 1188 1770 1243 crmlat
1787 1204 1906 1244 esse

322 1271 569 1339 Patrem;
599 1274 686 1343 qui
718 1284 892 1330 autem
933 1276 1103 1330 credit
1140 1292 1265 1332 eum
1294 1278 1540 1346 Patrem,
1579 1290 1798 1335 necesse
1824 1291 1909 1337 est

320 1371 374 1416 ut
399 1363 586 1418 credat
614 1380 732 1420 eum
763 1363 961 1421 habere
987 1367 1178 1422 Filium
1211 1385 1222 1420 :
1252 1383 1316 1423 ac
1345 1386 1438 1438 per
1472 1371 1574 1426 hoc
1609 1372 1696 1441 qui
1735 1372 1906 1432 credit

320 1452 368 1507 in
400 1453 645 1522 Patrem,
684 1471 900 1512 necesse
929 1466 1009 1511 est
1052 1469 1110 1514 ut
1150 1459 1334 1520 credat
1368 1461 1424 1528 in
1457 1460 1670 1516 Filium.
1703 1461 1807 1518 Sed
1835 1477 1903 1518 ne

318 1546 594 1615 quisquam
629 1546 730 1601 hoc
758 1548 939 1603 credat
967 1550 1032 1606 de
1070 1551 1342 1621 unigenito
1375 1552 1539 1619 Filio,
1571 1554 1710 1623 quod
1743 1554 1810 1608 de
1839 1555 1905 1613 iis

319 1639 404 1708 qui
430 1638 557 1694 dicti
589 1650 716 1694 sunt
746 1640 832 1695 lilii
862 1642 955 1697 Dei
983 1644 1276 1700 secundum
1306 1646 1564 1716 gratiam,
1604 1661 1706 1704 non
1749 1657 1906 1704 uotu-

319 1748 424 1787 ram
447 1773 466 1806 ,_
494 1733 634 1794 sicut
661 1736 738 1789 ait
760 1735 1127 1807 Evangelista,
1160 1739 1312 1794 Dedit
1339 1741 1407 1795 eis
1437 1749 1729 1811 potestatem
1767 1743 1904 1812 ﬁlios

317 1824 408 1878 Dei
434 1828 549 1895 ﬁeri
585 1826 764 1900 (Joan.
794 1845 839 1894 1,
870 1829 994 1901 12);
1028 1831 1167 1887 unde
1213 1841 1268 1888 et
1312 1833 1442 1892 illud
1483 1843 1565 1889 est
1605 1835 1745 1904 quod
1787 1835 1902 1906 ipse

317 1916 574 1978 Dominus
613 1925 1054 1988 commemoravit
1086 1926 1138 1978 in
1163 1925 1308 1996 Lege
1343 1925 1574 1993 dictum,
1619 1926 1731 1998 Ego
1770 1929 1896 1995 dixi,

316 2009 398 2065 Dii
425 2014 543 2066 estis
563 2055 577 2076 ,
620 2024 666 2070 et
692 2014 792 2084 ﬁlii
811 2018 991 2070 excelsi
1013 2034 1182 2071 omnes
1222 2017 1332 2090 (Id.
1360 2034 1396 2072 ι
1414 2055 1432 2083 ,
1459 2019 1550 2090 56)
1580 2037 1592 2072 ε
1623 2030 1898 2088 propterea

313 2101 459 2167 dixit,
491 2103 596 2182 Qui
613 2107 770 2158 credit
790 2107 840 2159 in
863 2124 960 2172 me,
983 2125 1084 2172 non
1103 2109 1260 2166 credit
1279 2110 1331 2162 in
1354 2125 1463 2172 me;
1484 2125 1548 2162 ne
1569 2117 1737 2164 totum
1759 2109 1900 2178 quod

310 2193 377 2248 de
402 2192 620 2250 Christo
648 2198 880 2252 creditur
898 2241 912 2262 ,
945 2200 1238 2265 secundum
1270 2199 1544 2266 hominem
1569 2201 1894 2264 crederetur.

313 2285 400 2341 Ille
426 2303 576 2356 ergo,
612 2290 814 2366 inquit,
846 2293 1018 2358 credit
1045 2295 1098 2348 in
1126 2311 1241 2362 me,
1273 2296 1361 2364 qui
1394 2310 1496 2358 non
1526 2294 1696 2350 credit
1734 2297 1784 2350 in
1813 2311 1898 2351 me

311 2381 604 2434 secundum
635 2382 683 2434 id
713 2383 852 2452 quod
875 2402 961 2440 me
982 2385 1142 2450 videt,
1173 2388 1262 2444 sed
1289 2388 1337 2440 in
1361 2403 1486 2446 eum
1504 2389 1590 2460 qui
1616 2405 1701 2443 me
1724 2389 1895 2444 misit:

313 2479 364 2523 ut
392 2486 513 2523 cum
552 2472 724 2526 credit
756 2474 812 2528 iu
832 2474 1043 2530 Patrem
1063 2519 1078 2543 ,
1109 2478 1294 2534 credat
1321 2493 1440 2532 eum
1484 2479 1682 2535 habere
1707 2479 1898 2535 Filium

310 2563 404 2617 sibi
423 2566 706 2634 aequalem,
725 2576 776 2621 et
799 2575 923 2623 tunc
937 2585 1059 2624 vere
1085 2571 1331 2626 credatin
1350 2587 1454 2627 me.
1475 2571 1603 2626 Nam
1622 2573 1666 2626 si
1687 2583 1900 2642 putave-

309 2659 373 2712 rit
409 2675 532 2714 eum
566 2678 674 2718 non
703 2662 897 2721 habere
925 2666 1024 2720 nisi
1052 2665 1188 2722 ﬁlios
1212 2667 1501 2726 secundum
1527 2667 1782 2736 gratiam.
1809 2669 1906 2738 qui-

309 2761 427 2804 sunt
455 2752 577 2820 ejus
607 2754 788 2824 utique
810 2763 1074 2822 creatura,
1105 2771 1214 2822 non,
1245 2757 1491 2820 Verbum,
1524 2757 1618 2812 sed
1645 2758 1777 2814 facta
1806 2775 1900 2830 per

310 2841 564 2911 Verbum,
597 2861 696 2912 nec
724 2846 919 2904 habere
946 2849 1140 2904 Filium
1165 2851 1422 2920 aequalem
1450 2853 1545 2912 siin
1575 2864 1732 2922 atque
1756 2867 1897 2908 com-

309 2945 548 3004 ternum,
578 2955 790 3010 semper
814 2953 1026 3009 natum,
1060 2944 1254 3012 pariter
1285 2945 1801 3010 incommutalnletu,
1832 2961 1895 3001 ex

308 3029 449 3084 nullo
474 3030 963 3105 dissin‘iilematque
983 3037 1260 3108 imparem;
1290 3043 1573 3094 muteraibt
1596 3058 1644 3094 111
1689 3042 1895 3097 l'atreul

306 3121 393 3191 qui
417 3138 538 3176 eum
561 3125 726 3190 misit,
750 3128 871 3196 quia
898 3143 1006 3192 non
1026 3139 1107 3185 est
1141 3130 1242 3186 hoc
1259 3131 1412 3187 Pater
1435 3133 1525 3202 qui
1552 3149 1672 3188 eum
1698 3138 1856 3191 misit.

375 3213 427 3266 '5.
449 3212 519 3267 Et
540 3214 659 3270 ideo
674 3233 793 3272 cum
812 3218 1053 3287 dixisset,
1077 3220 1177 3284 Qui
1192 3223 1418 3280 creditur
1433 3240 1530 3289 tur,
1553 3241 1649 3278 non
1671 3228 1825 3279 credit
1847 3228 1904 3281 in.

305 3318 412 3370 me,
435 3305 524 3358 sed
549 3307 602 3359 in
627 3324 740 3360 eum
763 3309 846 3378 qui
869 3311 1002 3372 misit
1024 3327 1134 3375 inc;
1176 3327 1243 3367 ne
1274 3323 1546 3382 putaretur
1569 3317 1644 3371 sic
1669 3318 1899 3373 voluisse

305 3396 518 3455 Patrem
537 3399 760 3471 intelligi
776 3411 1022 3472 tauquam
1033 3404 1244 3460 Patrem
1263 3408 1549 3462 multorum
1565 3409 1790 3463 filiorum
1807 3425 1900 3480 per

304 3493 529 3560 gratiam
548 3504 979 3564 regeneratorum
998 3537 1012 3560 ,
1038 3513 1144 3551 non
1172 3499 1310 3552 unici
1345 3500 1504 3556 Verbi
1529 3501 1748 3570 turmalis
1777 3501 1896 3569 sibi,

305 3584 564 3638 continuo
593 3585 836 3656 subjecit,
874 3586 935 3641 Et
952 3590 1038 3660 qui
1060 3589 1190 3642 uidet
1219 3607 1298 3644 me
1318 3629 1332 3656 ,
1364 3591 1494 3650 uidet
1519 3594 1736 3662 eumqui
1767 3593 1898 3646 misit

303 3693 403 3730 me.
435 3677 702 3748 Numquid
737 3682 830 3747 ait,
861 3680 961 3747 Qui
991 3682 1133 3736 videt
1158 3698 1274 3749 me,
1311 3699 1416 3738 non
1458 3685 1600 3738 videt
1630 3701 1748 3751 me,
1805 3685 1898 3740 sed

303 3782 425 3821 eum
452 3769 540 3837 qui
572 3771 719 3823 misit
747 3787 868 3838 me;
903 3773 1038 3826 sicut
1075 3773 1316 3840 dixerat,
1361 3775 1462 3840 Qui
1503 3777 1657 3830 credit
1695 3777 1746 3830 in
1798 3794 1896 3847 nte,

303 3875 408 3912 non
437 3862 598 3914 credit
625 3863 675 3914 in
707 3880 803 3927 nte,
832 3864 919 3917 srd
940 3865 991 3917 in
1021 3881 1134 3918 cum
1162 3867 1247 3936 qui
1275 3867 1408 3920 misit
1432 3885 1507 3920 me
1530 3869 1554 3921 ?
1581 3868 1711 3921 llltld
1745 3883 1898 3922 nam-

303 3969 409 4022 que
436 3953 588 4017 dixit,
621 3972 686 4008 ue
715 3961 850 4010 sicut
873 3957 1171 4024 videbatur,
1194 3959 1504 4016 crederetur
1534 3962 1900 4015 tantummodo

305 4045 448 4111 [ilius
479 4047 714 4106 hominis.
739 4069 752 4104 :
777 4050 878 4106 hoc
897 4059 1074 4106 autem
1095 4053 1228 4107 dixit
1249 4095 1262 4116 ,
1295 4063 1350 4107 ut
1391 4055 1535 4109 Patri
1591 4054 1900 4110 crederetur

302 4139 543 4208 aqualis.
576 4140 678 4208 Qui
707 4142 874 4198 credit
903 4143 954 4196 in
981 4159 1086 4210 me,
1119 4145 1318 4214 inquit;
1354 4163 1459 4200 non
1503 4147 1674 4201 credit
1703 4147 1757 4202 in
1797 4145 1898 4201 hoc

302 4231 445 4298 quod
474 4231 622 4287 videt
650 4249 754 4298 nte,
785 4233 879 4288 sed
908 4235 1082 4291 credit
1111 4236 1162 4290 in
1191 4253 1310 4290 eum
1345 4239 1436 4308 qui
1476 4239 1620 4294 misit
1658 4254 1763 4294 me.
1793 4240 1899 4294 Aut

303 4338 427 4376 cum
454 4324 629 4380 credit
657 4326 707 4380 in
734 4326 944 4381 Patrem
985 4329 1074 4397 qui
1105 4328 1205 4382 sibi
1239 4331 1498 4399 aqualem
1539 4333 1723 4401 genuit
1774 4347 1894 4397 me;

300 4428 409 4468 non
439 4416 708 4484 quomodo
742 4434 825 4472 me
853 4419 1012 4482 videt,
1044 4420 1137 4473 sed
1165 4421 1241 4474 sic
1281 4421 1464 4477 credat
1495 4423 1547 4477 in
1585 4440 1669 4477 me
1689 4464 1704 4490 ,
1760 4441 1895 4494 quo-

302 4507 467 4562 modo
497 4510 550 4562 in
575 4525 695 4563 cum
724 4511 811 4580 qui
839 4512 981 4566 misit
1007 4528 1094 4567 me
1126 4530 1138 4565 :
1174 4529 1339 4584 usque
1392 4513 1526 4568 adeo
1580 4513 1721 4568 enim
1770 4514 1897 4569 nihil

300 4600 467 4655 distat
494 4601 636 4657 inter
663 4618 781 4658 eum
807 4613 858 4658 et
882 4621 999 4671 me,
1032 4614 1087 4659 ut
1115 4597 1204 4677 qui
1243 4623 1328 4662 me
1367 4607 1511 4662 videt
1553 4607 1728 4662 videat
1777 4625 1895 4663 eum

301 4693 393 4764 qui
435 4705 524 4750 me
560 4695 724 4750 misit.
782 4695 1064 4767 Apostolos
1121 4715 1246 4754 suos
1291 4708 1434 4755 certe
1480 4699 1590 4770 ipse
1646 4695 1898 4756 Dominus

301 4786 548 4842 Christus
582 4775 757 4854 misit,
788 4789 930 4859 quod
969 4794 1152 4845 θοι-11111
1209 4792 1368 4847 etiam
1415 4797 1608 4849 nomen
1656 4781 1850 4848 indicat
1883 4812 1893 4845 :

300 4891 421 4934 nam
454 4871 596 4934 sient
640 4889 812 4951 grmce
840 4882 1044 4952 angeli,
1086 4873 1247 4938 latine
1284 4885 1452 4938 nuntii
1495 4895 1769 4952 vocantur,
1829 4887 1896 4939 ita

299 4975 473 5040 graece
526 4973 781 5041 apostoli,
829 4961 988 5028 latine
1035 4975 1180 5029 missi
1215 4964 1565 5046 appellantur.
1618 4976 1895 5048 Nunquam

301 5065 476 5115 tamen
509 5057 700 5134 aliquis
755 5061 1120 5132 apestolorum
1148 5059 1327 5119 dicere
1354 5063 1593 5134 audci‘cl,
1623 5064 1720 5132 Qui
1742 5065 1898 5120 credit

299 5157 349 5207 in
381 5165 496 5218 ine,
529 5163 631 5209 non
658 5156 817 5210 t‘r‘édit
859 5145 910 5210 in
947 5169 1055 5222 me,
1092 5157 1180 5211 sed
1229 5159 1280 5212 in
1310 5167 1423 5212 eum
1467 5160 1552 5230 qui
1595 5161 1726 5214 misit
1780 5178 1857 5213 me
1881 5176 1900 5214 :

305 5250 527 5301 omnino
557 5249 700 5302 enim
733 5251 837 5302 hhh
861 5247 1099 5315 diceret,
1131 5247 1230 5314 Qui
1260 5247 1416 5303 credit
1464 5251 1515 5304 in
1563 5269 1658 5303 me.
1707 5247 1893 5305 Credi-

299 5353 416 5392 mus
445 5337 589 5392 enim
615 5334 882 5408 apostolo,
915 5340 1011 5394 sed
1040 5347 1142 5393 11011
1193 5330 1462 5396 credimus
1488 5340 1538 5396 in
1576 5331 1894 5413 apostolum:

305 5445 408 5484 non
442 5432 588 5486 enim
617 5431 890 5501 apostolus
925 5432 1180 5502 justilicat
1219 5431 1459 5504 impltllli.
1505 5434 1754 5490 credenti
1798 5452 1895 5490 au-

306 5528 410 5574 tem
444 5522 496 5575 in
526 5537 652 5576 eum
679 5523 770 5593 qui
789 5522 1044 5592 justilicat
1065 5523 1306 5594 impium,
1331 5526 1614 5596 deputatur
1634 5525 1765 5580 lides
1781 5526 1896 5595 eius

299 5613 363 5666 ad
385 5603 650 5681 justitiam
683 5614 861 5683 (Rom.
900 5631 971 5681 Iv,
1011 5614 1112 5685 Β).
1157 5616 1342 5670 Posset
1383 5599 1561 5670 dicere
1599 5618 1892 5686 apostolus.

300 5704 397 5772 Qui
431 5706 618 5776 recipit
645 5711 751 5773 me,
779 5706 968 5776 recipit
989 5721 1109 5761 eum
1149 5707 1238 5778 qui
1282 5713 1368 5762 me
1413 5705 1585 5772 misit;
1624 5709 1705 5762 vel
1731 5751 1744 5772 ,
1794 5707 1893 5776 Qui

271 5783 274 5790 ί
299 5783 448 5852 audit
470 5815 590 5873 me,
621 5797 770 5855 audit
791 5815 910 5855 eum
934 5798 1022 5874 qui
1053 5814 1139 5855 me
1165 5797 1309 5855 misit
1334 5814 1348 5850 :
1380 5785 1482 5854 hoc
1503 5799 1648 5854 enim
1676 5799 1754 5854 eis
1782 5799 1896 5871 ipse

1434 329 1846 392 TRACTM‘US
1881 329 2016 392 LIV.
2056 333 2286 393 CAPUT
2323 325 2441 393 1111.

3469 351 3606 410 1782

2034 446 2288 505 Dominus
2311 453 2401 518 ait,
2437 453 2536 518 Qui
2564 463 2648 508 vos
2676 455 2884 526 recipit,
2911 473 2992 512 me
3015 461 3219 531 recipit,
3248 467 3297 517 et
3320 465 3405 536 qui
3428 469 3606 538 recipit

2018 555 2116 603 me,
2143 543 2319 614 recipit
2342 557 2452 598 eum
2481 545 2568 615 qui
2588 562 2668 600 me
2684 547 2816 601 misit
2843 548 3052 619 (Matth.
3075 567 3109 606 x
3127 595 3140 620 ,
3173 551 3283 627 40).
3315 555 3445 623 Quia
3490 559 3590 614 do~

2015 632 2193 688 minus
2219 633 2506 690 honoratur
2527 637 2580 690 in
2605 648 2781 706 servo,
2811 645 2869 694 et
2890 644 3042 709 pater
3064 642 3115 696 in
3150 642 3260 699 filio
3287 661 3302 698 :
3330 645 3420 701 Sed
3450 659 3601 719 pater

2017 733 2264 794 tanquam
2287 727 2342 780 in
2380 727 2505 793 ﬁlio,
2536 729 2782 784 dominus
2823 731 3071 803 tanquam
3112 735 3162 790 in
3200 745 3374 792 serito.
3433 739 3599 799 Filius

2012 825 2188 871 autem
2207 821 2506 889 unigenitus
2530 832 2676 878 recte
2697 823 2875 881 dicere
2896 828 3086 896 putuit,
3105 828 3303 885 Credite
3327 832 3381 886 in
3412 831 3598 904 Deum,

2012 909 2134 962 etin
2163 922 2241 963 me
2265 911 2452 965 credite
2484 912 2660 984 (lanna
2691 923 2798 980 xw,
2832 915 2922 988 l);
2954 923 3008 972 et
3035 920 3176 990 quod
3204 932 3344 977 nunc
3374 924 3465 989 ait,
3498 923 3604 992 Qui

2011 999 2165 1052 credit
2193 1001 2366 1064 inme,
2395 1013 2494 1056 non
2523 1005 2678 1058 credit
2695 1003 2753 1058 in
2780 1020 2877 1074 me,
2907 1009 2995 1061 sed
3015 1009 3066 1062 in
3091 1025 3204 1064 eum
3234 1013 3319 1083 qui
3343 1012 3474 1068 misit
3497 1033 3598 1072 me.

2009 1093 2126 1148 Non
2155 1112 2184 1149 a
2209 1109 2268 1153 se
2291 1097 2506 1152 abstulit
2535 1099 2691 1152 [idem
2709 1102 2997 1168 credentis,
3024 1103 3116 1158 sed
3144 1102 3309 1161 noluit
3339 1109 3392 1162 in
3423 1105 3600 1166 forma

2010 1191 2153 1243 servi:
2181 1197 2464 1246 remanere
2496 1193 2800 1248 credentem
2845 1213 2858 1248 :
2907 1199 3155 1266 quoniam
3201 1215 3321 1254 cum
3372 1203 3600 1273 quisque

2008 1282 2177 1336 credit
2201 1284 2252 1336 in
2285 1284 2491 1339 Patrem
2517 1285 2608 1354 qui
2638 1300 2759 1340 eum
2784 1288 2948 1353 misit,
2983 1291 3218 1358 profecto
3246 1293 3483 1348 creditin
3513 1293 3601 1349 Fi-

2009 1376 2156 1442 lium,
2185 1378 2306 1431 sine
2329 1392 2438 1448 quo
2461 1380 2668 1434 Patrem
2699 1395 2804 1434 non
2833 1395 2952 1436 esse
2979 1386 3276 1451 cognoscit;
3300 1395 3352 1441 et
3383 1387 3450 1440 ita
3482 1401 3600 1443 cre-

2007 1469 2084 1524 dit
2111 1479 2168 1524 ut
2195 1472 2374 1526 credat
2405 1473 2681 1543 aequalem,
2715 1476 2967 1544 quoniam
2996 1478 3264 1548 sequitur,
3308 1479 3377 1534 Et
3401 1482 3488 1552 qui
3517 1482 3596 1536 ci-

2006 1561 2087 1614 det
2110 1580 2216 1627 me,
2248 1564 2376 1616 videt
2406 1581 2517 1617 eum
2538 1567 2623 1634 qui
2650 1583 2727 1620 me
2757 1567 2914 1620 misit.
3620 1589 3626 1640 ;

2076 1654 2130 1707 4.
2174 1655 2406 1708 Attende
2444 1663 2636 1711 extera
2670 1674 2686 1710 :
2725 1657 2838 1728 Ego
2865 1658 2956 1712 tua:
2992 1659 3044 1712 in
3079 1660 3322 1715 mundum
3365 1664 3510 1732 veni,
3544 1673 3600 1719 ut

2006 1746 2166 1798 otnnis
2184 1746 2270 1816 qui
2297 1746 2458 1799 credit
2476 1748 2528 1801 in
2549 1761 2656 1815 me,
2694 1749 2748 1803 in
2779 1751 2993 1805 tenebris
3034 1767 3134 1806 non
3185 1765 3400 1808 maneat.
3455 1757 3600 1812 Dixit

2005 1836 2235 1905 quodam
2263 1837 2380 1890 loco
2406 1839 2678 1909 discipulis
2704 1842 2836 1909 suis,
2878 1841 2981 1897 Vos
2998 1845 3117 1898 estis
3141 1847 3233 1900 tua:
3251 1849 3444 1901 mundi.
3474 1847 3596 1904 Non

2006 1915 2164 1995 potest
2184 1929 2362 1982 civitas
2385 1925 2622 1984 abscondi
2662 1943 2814 2003 super
2857 1939 3074 1988 montem
3110 1938 3411 2006 constituta,
3443 1956 3600 2011 neque

2004 2019 2276 2072 accendunt
2303 2014 2580 2087 lucernam,
2612 2031 2658 2076 et
2687 2031 2879 2093 ponunt
2905 2041 3016 2078 eam
3041 2027 3135 2080 sub
3159 2027 3328 2082 modia
3353 2073 3365 2097 ,
3398 2032 3486 2085 sed
3512 2049 3602 2086 su-

2006 2125 2096 2180 per
2115 2110 2473 2165 candelabrum
2498 2149 2511 2178 ,
2543 2122 2597 2166 ut
2621 2115 2783 2169 luceat
2809 2119 3039 2172 omnibus
3065 2121 3222 2189 quiin
3246 2121 3395 2176 domo
3434 2133 3552 2178 sunt
3576 2138 3599 2179 :

2003 2201 2075 2256 sic
2109 2202 2269 2255 taceat
2301 2202 2468 2256 lttnien
2496 2215 2712 2260 vestrum
2753 2223 2922 2261 coram
2959 2209 3244 2265 hominibus
3263 2254 3276 2279 ,
3309 2220 3363 2266 ut
3393 2215 3594 2271 videant

2004 2311 2155 2364 Opera
2182 2305 2343 2349 uestra
2376 2299 2523 2363 bona.
2560 2308 2602 2352 et
2629 2298 2913 2370 gloriﬁcent
2947 2301 3148 2356 Patrem
3171 2313 3386 2359 vestrum
3425 2309 3512 2377 qui
3539 2311 3594 2364 in

2004 2386 2141 2439 cwiis
2167 2397 2236 2440 est
2261 2387 2471 2456 (Matth.
2500 2403 2555 2456 ν,
2585 2389 2778 2462 lli—l6)
2805 2409 2816 2444 :
2843 2405 2954 2445 non
2994 2402 3168 2448 tamen
3199 2397 3277 2450 eis
3301 2396 3463 2463 dixit,
3489 2396 3597 2455 Vos

1989 2477 2096 2530 lux
2125 2478 2346 2532 venistis
2368 2481 2418 2532 in
2451 2480 2706 2534 mundum
2728 2523 2741 2547 ,
2775 2491 2830 2536 ut
2855 2483 3029 2538 omnis
3060 2487 3149 2554 qui
3179 2487 3348 2541 credit
3388 2489 3442 2542 in
3471 2505 3590 2558 vos,

2004 2566 2058 2622 in
2105 2569 2337 2622 tenebris
2387 2585 2490 2624 non
2545 2582 2775 2626 maneat.
2825 2573 3094 2643 Nusquam
3142 2575 3242 2629 hoc
3290 2578 3389 2647 legi
3437 2591 3600 2650 posse

2003 2661 2284 2715 conlirmo.
2317 2661 2540 2715 Lumina
2569 2677 2698 2734 ergo
2725 2672 2849 2718 sunt
2883 2679 3071 2721 omnes
3099 2668 3298 2734 saneti;
3339 2671 3430 2724 sed
3476 2685 3596 2726 cre-

2003 2750 2179 2806 dendo
2199 2751 2266 2804 ab
2291 2767 2356 2807 eo
2383 2754 2768 2820 illumiuautur,
2797 2771 2825 2807 a
2853 2767 2961 2825 quo
2983 2757 3030 2810 si
3051 2758 3169 2827 quis
3201 2762 3484 2815 recesserit
3510 2773 3592 2817 te-

2005 2843 2328 2898 nebrabitur.
2361 2845 2564 2900 Lumen
2607 2857 2782 2902 autem
2815 2847 2940 2902 illud
2977 2863 3084 2918 quo
3130 2849 3512 2920 illuminantur,
3562 2869 3593 2909 a

2003 2950 2061 2991 se
2089 2937 2340 2992 recedere
2368 2953 2473 2991 non
2502 2947 2712 3007 potest;
2741 2940 2863 3009 quia
2899 2942 3330 2997 incommutabile
3371 2945 3592 3000 omnino

2003 3037 2104 3082 ρει.
2151 3026 2429 3082 Credimus
2473 3043 2600 3098 ergo
2651 3030 2838 3084 lumini
2890 3030 3222 3099 llluminato,
3291 3031 3427 3087 sicut
3465 3049 3590 3105 pro-

2005 3121 2214 3189 pltelttf,
2262 3120 2397 3175 sicut
2440 3118 2683 3192 apostolo
2721 3138 2736 3174 :
2775 3122 2869 3177 sed
2903 3123 3022 3177 ideo
3070 3123 3144 3178 illi
3189 3125 3486 3195 credimus,
3533 3139 3596 3182 ut

2005 3230 2110 3269 non
2141 3216 2191 3270 in
2223 3216 2395 3284 ipsum
2434 3217 2714 3273 credamus
2753 3217 2898 3286 quod
2925 3217 3283 3285 illuminatur,
3321 3220 3417 3274 sed
3470 3235 3594 3277 cum

2006 3309 2095 3362 illo
2116 3307 2398 3363 credamus
2425 3310 2476 3362 in
2499 3309 2626 3363 illud
2657 3310 2838 3365 lumen
2863 3321 2892 3364 a
2915 3325 3021 3379 quo
3050 3311 3400 3376 illuminatur;
3439 3323 3495 3367 ut
3536 3325 3590 3369 et

2006 3415 2101 3454 nos
2128 3400 2505 3462 illtnninemur,
2532 3415 2640 3455 non
2669 3401 2738 3454 ab
2767 3402 2880 3468 illo,
2910 3402 3003 3455 sed
3033 3415 3151 3455 cum
3186 3402 3273 3456 illo
3297 3409 3328 3457 a
3357 3417 3462 3474 quo
3480 3403 3591 3460 ille.

2002 3491 2136 3546 Cum
2159 3495 2335 3545 autem
2366 3491 2524 3558 dicit,
2563 3490 2630 3546 Ut
2659 3493 2823 3546 omnis
2845 3492 2932 3562 qui
2950 3493 3108 3546 credit
3127 3494 3179 3546 in
3212 3507 3324 3560 me,
3373 3495 3425 3548 in
3456 3504 3595 3548 tene-

2003 3585 2106 3639 bris
2134 3599 2236 3638 non
2265 3589 2496 3650 nutrierit;
2526 3586 2656 3640 satis
2684 3585 2990 3641 manifestat
3024 3591 3211 3641 omnes
3249 3599 3307 3641 se
3341 3587 3394 3641 in
3442 3595 3594 3643 tene-

2004 3676 2114 3730 bris
2144 3676 2456 3731 invenisse:
2491 3676 2586 3730 sed
2623 3691 2692 3732 ne
2745 3676 2801 3730 in
2833 3676 2915 3732 eis
2964 3677 3199 3732 tenebris
3237 3686 3487 3732 maneant
3536 3680 3590 3734 in

2004 3767 2198 3837 quibus
2229 3767 2428 3820 inventi
2455 3776 2613 3832 sunt,
2658 3767 2854 3823 debent
2897 3767 3117 3822 credere
3162 3767 3215 3821 in
3255 3768 3427 3823 lucem
3471 3781 3591 3839 quae

2004 3861 2148 3914 venit
2174 3862 2224 3915 in
2255 3862 2530 3929 mundum,
2561 3864 2681 3931 quia
2713 3875 2807 3932 per
2832 3863 2975 3917 illam
3021 3862 3188 3918 factus
3212 3868 3294 3916 est
3341 3863 3589 3918 mundus.

2075 3953 2128 4007 ὅ.
2172 3952 2244 4006 Et
2261 3955 2307 4006 si
2335 3953 2446 4024 quis
2472 3955 2708 4022 audierit,
2739 3945 2925 4023 inquit,
2946 3953 3092 4007 verba
3119 3969 3247 4021 mea,
3277 3964 3322 4007 et
3366 3967 3466 4008 non
3492 3969 3581 4007 cu-

2009 4043 2256 4113 stodierit,
2289 4061 2380 4118 ego
2406 4063 2502 4101 non
2515 4048 2698 4118 judico
2723 4061 2855 4102 cum.
2883 4047 3200 4102 Mementote
3225 4057 3344 4117 qua:
3369 4057 3465 4101 vos
3490 4055 3588 4101 au-

2003 4139 2148 4194 disse
2179 4140 2229 4193 111
2266 4141 2627 4208 superioribus
2667 4140 2983 4194 lectionibus
3023 4140 3174 4204 novi;
3205 4148 3260 4193 et
3301 4135 3391 4209 qui
3443 4138 3594 4193 obliti

2004 4227 2144 4286 forte
2172 4231 2318 4296 estis,
2356 4233 2570 4286 ret‘oiile
2593 4248 2606 4295 ;
2639 4237 2693 4286 et
2719 4223 2804 4302 qui
2831 4245 2934 4285 non
2961 4231 3224 4298 adfuistis,
3252 4230 3345 4285 sed
3371 4229 3592 4298 adestis,

2003 4321 2188 4378 audite
2210 4321 2480 4393 quomodo
2502 4323 2628 4377 dicit
2669 4323 2870 4390 Filius,-
2920 4322 3034 4393 Ego
3079 4333 3178 4376 non
3212 4321 3394 4392 judico
3444 4337 3594 4388 eum;

2003 4430 2125 4471 cum
2153 4415 2296 4471 dicat
2314 4413 2417 4468 alio
2442 4415 2580 4482 loco,
2615 4415 2770 4469 Puter
2791 4431 2890 4468 non
2911 4413 3114 4485 judicat
3153 4429 3483 4485 quemquam,
3509 4413 3597 4468 sed

2005 4521 2152 4562 omne
2168 4508 2420 4581 judicium
2443 4507 2580 4561 dedit
2611 4503 2750 4560 Filio
2773 4506 2951 4576 (Joan.
2976 4518 3032 4572 v,
3060 4504 3157 4575 22)
3185 4519 3198 4558 1
3231 4505 3332 4559 nisi
3363 4506 3483 4574 quia
3511 4505 3595 4559 in-

2007 4599 2347 4670 telligendum
2377 4607 2494 4665 est,
2526 4597 2681 4652 Modo
2709 4609 2812 4650 non
2846 4596 3029 4667 judico
3072 4609 3216 4650 eum.
3265 4596 3440 4664 Quare
3488 4609 3594 4649 non

1999 4689 2202 4760 iudicat
2249 4690 2446 4745 modo?
2491 4688 2720 4743 Attende
2777 4687 2904 4758 quid
2947 4688 3188 4759 sequitur
3233 4698 3246 4741 :
3287 4685 3409 4741 Non
3464 4687 3595 4745 enim

2004 4783 2142 4845 veni,
2173 4781 2370 4851 inquit,
2420 4790 2471 4834 ut
2513 4781 2740 4852 judicent
2776 4781 3040 4846 mundum,
3080 4779 3168 4835 sed
3222 4789 3277 4834 ut
3320 4778 3594 4847 salvi/icem

2005 4871 2249 4926 mundum
2277 4872 2368 4926 :id
2406 4880 2488 4927 est
2528 4881 2584 4925 ut
2629 4873 2833 4927 salvum
2878 4873 3063 4926 faciam
3114 4869 3389 4927 mundum.
3443 4869 3594 4924 Nunc

2004 4977 2132 5033 ergo
2157 4971 2239 5017 est
2270 4970 2478 5032 tempus
2508 4963 2907 5027 misericordi-.19,
2937 4972 3055 5032 post
3079 4963 3179 5016 erit
3196 4959 3376 5028 judicii
3405 4975 3419 5013 :
3444 4960 3588 5030 quia,

2007 5054 2450 5123 Misericordiam,
2480 5055 2680 5124 inquit,
2715 5065 2760 5108 et
2783 5055 3038 5126 judicium
3077 5052 3286 5106 cantato
3329 5050 3415 5122 tibi
3437 5091 3452 5116 ,
3485 5051 3593 5106 Do—

2007 5150 2140 5202 mine
2165 5147 2333 5221 (Psai.
2365 5164 2414 5212 c,
2442 5149 2517 5218 1).

2075 5243 2131 5298 θ.
2172 5242 2278 5298 Sed
2299 5243 2368 5297 de
2395 5243 2513 5312 ipso
2538 5241 2697 5297 etiam
2726 5241 2906 5295 futuro
2946 5240 3236 5295 novissimo
3271 5235 3472 5307 iudicio
3514 5238 3592 5292 vi-

2006 5335 2128 5390 dete
2155 5335 2278 5404 quid
2308 5334 2450 5389 dicat
2479 5349 2490 5386 ε
2531 5333 2628 5399 Qui
2663 5334 2853 5402 spernit
2872 5347 2951 5386 me
2982 5341 3029 5385 et
3067 5343 3169 5384 non
3207 5329 3392 5398 accipit
3445 5331 3594 5385 verba

2007 5445 2138 5495 mea,
2169 5427 2314 5482 habet
2337 5429 2422 5498 qui
2443 5428 2640 5498 judicet
2668 5441 2820 5480 eum:
2844 5435 3007 5481 sernto
3031 5440 3180 5496 quem
3215 5425 3409 5478 locutus
3443 5439 3553 5478 sum
3574 5463 3590 5491 ,

2005 5520 2096 5574 ille
2112 5519 2364 5590 judicabit
2394 5533 2510 5573 eum
2535 5520 2588 5572 in
2609 5519 2878 5573 novissimo
2897 5519 2998 5572 die.
3027 5518 3142 5572 Non
3167 5518 3258 5583 ait,
3289 5517 3390 5585 Qui
3437 5529 3592 5586 sper~

2008 5616 2086 5670 nit
2114 5631 2218 5678 me,
2249 5623 2304 5669 et
2331 5626 2438 5668 non
2465 5613 2655 5683 accipit
2679 5614 2838 5667 verba
2863 5619 2999 5678 mea,
3027 5626 3129 5681 ego
3148 5623 3250 5665 non
3266 5611 3446 5681 judico
3469 5617 3590 5664 eum

2009 5708 2061 5762 in
2107 5707 2396 5761 novissimo
2439 5706 2545 5760 die.
2569 5705 2681 5760 Hoc
2718 5705 2860 5760 enim
2905 5705 2948 5760 sl
2998 5705 3238 5770 dixisset,
3277 5720 3382 5758 non
3436 5703 3590 5757 vldeo

2013 5799 2280 5870 quomodo
2310 5807 2490 5869 posset
2518 5813 2622 5851 non
2671 5810 2790 5853 esse
2832 5798 3158 5854 contrarium
3189 5797 3260 5851 illi
3309 5794 3591 5850 sententia;
