4030 6482
473 304 610 364 1783

465 423 556 478 ubi
582 425 674 490 ait,
705 423 864 480 Pater
881 441 982 480 non
1002 426 1202 498 judico!
1237 445 1534 500 quamquam
1553 471 1569 498 ,
1604 429 1692 484 sed
1728 445 1875 484 omne
1907 429 2061 504 judi-

464 515 602 568 cium
634 515 770 570 dedit
797 517 954 574 Filio.
986 521 1116 574 Cum
1139 537 1264 576 vero
1297 521 1457 585 dixit,
1489 521 1588 586 Qui
1619 523 1811 594 spernit
1851 539 1962 588 me,
2009 530 2060 578 et

466 624 568 662 non
595 611 777 680 accipit
798 611 946 666 verba
970 630 1098 678 mea,
1124 615 1272 668 habet
1296 615 1382 684 qui
1391 615 1586 684 judicet
1633 632 1781 682 eum;
1825 631 2054 687 exspec-

465 701 700 754 tantibus
724 712 899 758 autem
923 705 1166 774 quisnam
1205 705 1294 759 ille
1319 715 1491 770 esset,
1533 715 1748 762 secutus
1794 707 2055 778 adiunxit,

463 792 644 849 Sermo
669 811 814 866 quem
843 797 1038 852 locutus
1065 815 1204 864 sum,
1235 799 1324 853 itte
1353 800 1607 869 judicabit
1639 817 1754 855 eum
1789 802 1842 856 in
1883 801 2053 856 uocis-

459 885 586 940 simo
611 887 730 943 die:
755 889 884 943 satis
905 888 1262 945 manifestavit
1303 892 1647 962 semetipsum
1688 893 2050 962 iudicaturum

447 977 512 1032 in
543 979 832 1034 novissimo
861 980 966 1034 die.
996 979 1240 1049 Seipsum
1271 983 1467 1054 quippe
1507 984 1716 1039 locutus
1745 992 1856 1051 est,
1915 985 2052 1054 seip-

460 1083 578 1128 sum
604 1071 970 1136 aununtiavit,
1003 1077 1237 1142 seipsum
1273 1073 1490 1144 januam
1522 1077 1729 1145 posuit,
1782 1092 1885 1147 qua
1933 1079 2049 1147 ipse

456 1160 524 1216 ad
552 1177 678 1216 oves
700 1173 880 1232 pastor
903 1163 1143 1220 intraret.
1177 1167 1540 1238 Aliteritaque
1555 1168 1933 1240 iudicabuntur
1953 1171 2044 1242 qui

460 1269 564 1308 non
596 1255 910 1320 audierunt,
950 1257 1106 1312 aliter
1134 1260 1222 1328 qui
1265 1260 1548 1314 audierunt
1599 1271 1653 1316 et
1706 1270 2048 1332 contempse-

454 1355 596 1400 runt.
635 1347 731 1412 Qui
759 1349 892 1402 enim
917 1349 1026 1404 sine
1061 1349 1192 1422 Lege
1223 1361 1582 1420 peccaverunt,
1623 1353 1698 1408 ait
1733 1353 2045 1423 Apostolus,

453 1439 560 1491 sine
585 1437 718 1509 Lege
750 1451 796 1494 et
832 1441 1104 1512 peribunt:
1133 1454 1182 1497 et
1200 1445 1286 1516 qui
1312 1445 1362 1498 in
1399 1443 1533 1518 Lege
1567 1457 1894 1516 peccaverunt
1914 1489 1928 1512 ,
1959 1465 2048 1518 per

457 1529 640 1602 Legem
651 1535 1019 1604 judicabantur
1046 1537 1223 1606 (Rom.
1249 1553 1305 1602 lt,
1339 1535 1450 1608 12).

523 1623 574 1676 7.
622 1625 756 1692 Quia
799 1643 924 1698 ego,
951 1629 1150 1698 inquit,
1193 1645 1257 1684 ex
1295 1631 1482 1699 meipso
1516 1647 1618 1684 non
1667 1646 1780 1684 sum
1825 1630 2041 1684 locutus.

453 1714 578 1768 Ideo
607 1732 666 1771 se
697 1717 824 1773 dicit
853 1735 955 1774 non
979 1721 1215 1775 locutum
1243 1738 1308 1776 ex
1340 1725 1516 1792 seipso
1539 1765 1551 1786 ,
1581 1723 1703 1794 quia
1734 1737 1838 1778 non
1868 1735 1950 1778 est
1977 1739 2041 1780 ex

453 1809 648 1876 seipso.
675 1810 790 1864 Jam
815 1811 915 1866 hoc
939 1827 1081 1881 saepe
1105 1814 1336 1868 diximus
1359 1831 1374 1880 ;
1397 1814 1508 1884 jam
1537 1814 1636 1870 hoc
1663 1823 1911 1884 tanquam
1941 1831 2040 1868 no-

451 1901 714 1956 tissimum
747 1919 849 1956 non
896 1904 1088 1960 docere
1135 1905 1228 1960 sed
1279 1906 1569 1963 admonere
1608 1907 1886 1962 debemus.
1935 1899 2056 1963 Sed'

449 1993 536 2062 qui
559 1994 690 2047 misit
721 2011 798 2048 me
825 1993 996 2062 Pater,
1030 1998 1136 2064 ipse
1169 1997 1292 2050 mihi
1319 1999 1614 2052 mandatum
1652 1998 1788 2052 dedit
1813 2000 1935 2070 quid
1955 2001 2040 2053 di-

449 2099 562 2136 cam
590 2094 634 2138 et
661 2087 784 2155 quid
805 2087 1000 2156 loquar.
1029 2087 1146 2142 Non
1171 2089 1534 2146 laboraremus
1557 2133 1571 2158 ,
1599 2091 1645 2146 si
1684 2106 1806 2146 cum
1833 2093 1912 2148 eis
1943 2106 2041 2146 nos

447 2175 592 2246 loqui
615 2179 890 2244 sciremus,
921 2197 1038 2235 cum
1071 2183 1258 2252 quibus
1287 2185 1564 2254 superiora
1607 2186 1768 2240 locuti
1809 2201 1996 2241 sumus
2018 2227 2036 2254 ,

448 2278 640 2324 etcum
669 2272 746 2326 eis
767 2272 896 2340 ipsis
925 2288 1032 2328 non
1059 2275 1323 2338 omnibus,
1357 2277 1452 2331 sed
1473 2292 1592 2347 quae
1613 2277 1896 2333 audierunt
1921 2294 2035 2333 me-

447 2363 616 2416 moria
645 2364 1039 2420 retinentibus:
1087 2381 1227 2422 nunc
1269 2383 1395 2423 vero
1433 2370 1554 2438 quia
1595 2369 1819 2426 fortasse
1873 2373 2034 2442 aliqui

446 2453 640 2508 adsunt
677 2455 764 2525 qui
793 2471 897 2510 non
938 2457 1253 2524 audierunt,
1303 2459 1484 2530 eisque
1523 2469 1648 2516 sunt
1693 2462 1894 2516 similes
1944 2463 2034 2532 qui

443 2546 590 2602 obliti
639 2557 764 2602 sunt
791 2549 932 2618 quod
969 2549 1282 2618 audierunt,
1333 2561 1546 2621 propter
1595 2554 1712 2608 illos
1765 2554 2035 2622 perferant

443 2655 622 2696 moras
677 2651 886 2696 nostras
930 2644 1020 2712 qui
1071 2643 1248 2698 audita
1309 2645 1684 2700 meminerunt.
1751 2645 2032 2714 Quomodo

441 2732 532 2786 dat
559 2733 864 2788 mandatum
897 2735 1056 2790 Pater
1084 2735 1241 2790 unico
1269 2736 1444 2791 Filio?
1471 2737 1589 2805 Quo
1609 2739 1772 2792 verbo
1797 2739 2031 2808 loquitur

441 2824 653 2892 Verbo,
711 2841 830 2880 cum
871 2827 938 2882 sit
995 2827 1106 2896 ipse
1161 2827 1324 2882 Filius
1391 2829 1716 2898 unigenitum
1759 2829 2030 2884 Verbum?

439 2919 704 2990 Numquid
735 2935 827 2989 per
851 2921 1096 2990 angelum
1123 2963 1140 2987 ,
1177 2936 1298 2976 cum
1367 2937 1461 2991 per
1495 2923 1664 2991 ipsum
1713 2925 1878 2978 creati
1923 2925 2029 2980 sint

437 3011 626 3081 Angeli
646 3012 668 3064 ?
691 3011 956 3082 Numquid
985 3028 1077 3082 per
1104 3013 1297 3068 nubem
1325 3030 1336 3064 :
1361 3029 1478 3081 qua:
1517 3013 1730 3082 quando
1757 3014 1934 3068 sonuit
1959 3014 2027 3069 ad

435 3101 654 3168 Filium,
685 3118 788 3157 non
821 3112 1038 3172 propter
1071 3105 1242 3173 ipsum
1279 3104 1488 3168 sonuit,
1542 3105 1680 3174 quod
1731 3106 1858 3160 alibi
1900 3106 2028 3162 dicit

433 3196 596 3252 etiam
627 3197 771 3265 ipse;
805 3196 898 3250 sed
926 3205 1141 3266 propter
1166 3197 1298 3252 alios
1337 3213 1472 3267 quos
1503 3197 1782 3267 oportebat
1821 3199 1892 3252 ita
1932 3215 2027 3253 auâ€”

433 3288 584 3344 dire?
613 3287 877 3358 Numquid
903 3305 1002 3356 per
1027 3304 1215 3343 sonum
1257 3289 1410 3343 labiis
1455 3289 1708 3344 emissum
1727 3332 1742 3354 ,
1773 3289 1862 3360 qui
1918 3307 2020 3344 non

431 3379 592 3436 habet
615 3396 846 3450 corpus;
881 3397 978 3434 nec
1009 3383 1184 3452 aliquo
1215 3381 1450 3436 locorum
1493 3383 1770 3437 intervallo
1803 3383 1968 3438 Filius
1993 3399 2021 3437 a

432 3471 592 3527 Patre
616 3483 912 3542 separatur,
941 3482 999 3528 ut
1027 3474 1098 3528 sit
1135 3476 1274 3528 inter
1315 3473 1435 3528 illos
1477 3489 1568 3529 aer
1623 3475 1859 3540 medius,
1915 3491 2022 3546 quo

433 3577 692 3634 percusso
721 3581 820 3618 vox
852 3565 940 3620 tiat
969 3574 1023 3620 et
1052 3566 1104 3619 in
1131 3579 1313 3620 aurem
1340 3565 1554 3619 veniat?
1583 3564 1736 3620 Absit
1789 3575 1849 3620 ut
1897 3567 2020 3621 talia

434 3657 504 3716 de
523 3657 612 3711 illa
638 3658 952 3728 incorporea
984 3667 1040 3713 et
1059 3658 1312 3714 inetTabili
1343 3659 1639 3716 substantia
1661 3661 2016 3730 suspicemur.

431 3748 599 3806 Filius
627 3750 812 3806 unicus
841 3759 922 3806 est
951 3749 1187 3806 Verbum
1219 3751 1410 3818 Patris,
1440 3762 1492 3808 et
1519 3753 1790 3822 Sapientia
1823 3753 2015 3820 Patris;

429 3841 482 3895 in
503 3842 592 3897 illa
619 3853 745 3897 sunt
763 3843 940 3898 omnia
967 3843 1215 3898 mandata
1235 3843 1429 3899 Patris.
1462 3844 1646 3916 Neque
1667 3846 1807 3900 enim
1846 3846 2018 3900 Patris

425 3933 734 3988 mandatum
763 3933 929 3988 Filius
953 3935 1235 4004 aliquando
1258 3936 1548 4000 nesciebat,
1577 3943 1634 3988 ut
1656 3950 1776 3990 eum
1797 3949 2018 3991 necesse

425 4033 568 4078 esset
585 4039 650 4078 ex
677 4033 916 4093 tempore
947 4025 1144 4082 habere
1171 4027 1312 4097 quod
1352 4035 1504 4080 antea
1531 4041 1634 4082 non
1665 4027 1912 4082 habebat.
1941 4028 2016 4082 lta

424 4115 565 4170 enim
595 4130 625 4168 a
651 4115 806 4168 Patre
853 4116 993 4185 quod
1023 4116 1182 4172 habet
1209 4117 1428 4186 accepit,
1477 4126 1534 4170 ut
1577 4118 1842 4172 nascendo
1865 4133 2018 4175 acce-

427 4205 584 4272 perit,
621 4204 933 4276 dedcritqne
957 4206 1034 4260 illi
1053 4206 1336 4276 gignendo.
1365 4207 1496 4260 Nam
1525 4217 1580 4262 et
1609 4209 1713 4263 vita
1739 4217 1841 4276 est,
1859 4218 1914 4265 et
1938 4225 2012 4266 ac-

427 4296 566 4364 cepit
589 4295 749 4349 vitam
773 4297 952 4366 utique
980 4296 1269 4362 nascendo,
1302 4312 1405 4351 non
1439 4298 1586 4367 prius
1606 4298 1722 4354 sine
1745 4302 1850 4356 vita
1875 4303 2015 4356 exis-

423 4389 604 4442 tcndo.
639 4388 770 4454 Quia
794 4400 848 4444 et
877 4389 1032 4446 Pater
1059 4389 1216 4444 habet
1249 4389 1430 4454 vitam,
1459 4399 1514 4446 et
1545 4392 1684 4461 quod
1713 4393 2012 4450 habetest:

425 4499 524 4538 nec
547 4484 750 4554 accepit
765 4493 962 4550 tamen,
983 4485 1107 4554 quia
1130 4499 1232 4540 non
1251 4500 1316 4540 ex
1335 4485 1510 4556 aliquo
1531 4495 1632 4542 est.
1653 4487 1819 4542 Filius
1835 4496 2013 4544 autem

421 4577 628 4644 accepit
655 4576 836 4640 vitam,
871 4575 1030 4630 dante
1057 4577 1214 4631 Patre
1240 4591 1270 4630 a
1301 4593 1405 4646 quo
1419 4586 1536 4632 est:
1559 4588 1613 4634 et
1634 4578 1748 4649 ipse
1763 4580 1906 4648 quod
1928 4579 2017 4634 ha-

424 4667 532 4732 bet,
565 4675 677 4732 est;
703 4666 856 4722 habet
885 4668 1026 4722 enim
1047 4668 1230 4730 vitam,
1259 4678 1312 4722 et
1345 4669 1442 4721 vita
1471 4677 1570 4724 est.
1593 4669 1766 4738 Ipsum
1793 4670 1916 4726 audi
1945 4672 2016 4726 lo-

420 4767 670 4828 quentem
693 4776 703 4810 :
726 4757 869 4814 Sicut
898 4757 1065 4826 habet,
1083 4759 1274 4828 inquit,
1309 4758 1465 4812 Pater
1489 4760 1642 4813 vitam
1657 4761 1708 4814 in
1728 4763 2012 4833 semetipso,

419 4851 489 4903 sic
504 4851 640 4904 dedit
666 4861 711 4904 et
741 4848 878 4904 Filio
901 4851 1052 4904 vitam
1069 4851 1251 4906 habere
1270 4853 1320 4904 in
1336 4853 1603 4921 semetipso
1621 4851 1800 4922 (Joau.
1827 4870 1880 4920 v,
1897 4854 2012 4928 26).

419 4943 680 5014 Numquid
706 4943 978 5010 existenti,
1007 4953 1060 4998 et
1089 4959 1192 4998 non
1223 4943 1438 5000 babenti
1457 4945 1636 5000 dedit?
1657 4945 1764 5002 Sed
1789 4963 1852 5002 eo
1865 4947 2014 5004 dedit

422 5051 526 5106 quo
549 5037 752 5106 genuit,
783 5037 872 5108 qui
899 5038 1060 5092 vitam
1087 5037 1290 5108 genuit,
1322 5046 1376 5092 et
1397 5038 1502 5092 vita
1525 5041 1708 5109 genuit
1735 5042 1914 5097 vitam.
1941 5043 2010 5099 Et

419 5127 544 5196 quia
573 5143 754 5196 parem
794 5129 1011 5199 genuit,
1065 5144 1168 5184 non
1212 5130 1470 5198 imparem
1520 5131 1716 5198 vitam;
1757 5134 1877 5189 ideo
1929 5135 2010 5190 di-

419 5228 564 5274 ctum
591 5229 692 5284 est,
725 5219 869 5276 Sicut
897 5219 1044 5277 habet
1069 5223 1184 5292 ipse
1201 5223 1351 5276 vitam
1376 5223 1428 5276 in
1453 5225 1736 5296 semetipso,
1765 5226 1838 5280 sic
1873 5227 2010 5282 dedit

418 5320 466 5367 et
493 5311 631 5367 Filio
659 5315 810 5368 vitam
839 5315 1020 5370 habere
1045 5315 1098 5369 in
1117 5317 1402 5386 semetipso.
1437 5317 1612 5372 Vitam
1653 5319 1838 5386 dedit,
1885 5322 2006 5391 quia

418 5406 684 5478 gignendo
709 5409 894 5474 vitam,
925 5409 1050 5478 quid
1077 5409 1239 5476 dedit,
1274 5411 1373 5464 nisi
1397 5425 1518 5466 esse
1543 5411 1747 5467 vitam?
1778 5413 1846 5468 Et
1883 5415 2007 5484 quia

419 5507 624 5555 aeterna
648 5507 731 5555 est
757 5501 868 5570 ipsa
893 5502 1160 5568 nativitas,
1183 5517 1454 5574 nunquam
1481 5519 1588 5558 non
1611 5505 1710 5560 luit
1733 5503 1902 5561 Filius
1913 5506 2006 5577 qui

419 5600 504 5648 est
527 5593 656 5659 vita,
689 5608 952 5663 nunquam
985 5593 1080 5648 fuit
1104 5591 1272 5650 Filius
1306 5595 1422 5650 sine
1451 5595 1590 5662 vita;
1635 5605 1687 5652 et
1735 5597 1872 5652 sicut
1925 5605 2008 5654 est

421 5685 667 5740 nativitas
707 5695 924 5754 aeterna,
951 5689 1028 5743 sic
1058 5695 1140 5742 est
1175 5690 1262 5759 qui
1309 5697 1466 5742 natus
1511 5697 1592 5744 est
1636 5689 1741 5742 vita
1783 5698 2002 5745 aeterna.

419 5775 496 5834 Ita
521 5787 576 5834 et
603 5779 905 5836 mandatum
939 5796 1046 5838 non
1067 5781 1209 5851 quod
1239 5779 1402 5836 Filius
1429 5796 1534 5837 non
1561 5779 1812 5849 habebat,
1847 5781 2006 5838 Pater

1393 311 1460 368 IN
1494 310 1774 370 JOANNIS
1812 307 2284 379 EVANGELIUM,
2329 313 2392 371 S.
2433 316 2801 376 AUGUSTINI

2169 429 2346 496 dedit;
2367 433 2484 501 sed,
2513 435 2650 490 sicut
2671 435 2782 492 dixi
2803 481 2817 506 ,
2861 440 2912 494 in
2935 440 3204 511 Sapientia
3225 443 3400 502 Patris
3421 487 3438 514 ,
3485 449 3629 519 quod
3675 463 3758 510 est

2169 523 2404 582 Verbum
2431 529 2623 598 Patris,
2655 533 2830 589 omnia
2877 537 3122 593 mandata
3141 550 3276 596 sunt
3313 542 3506 600 Patris.
3553 545 3758 604 Dicitur

2167 625 2344 672 autem
2373 621 2891 686 mandatum.datum
2914 669 2929 694 ,
2959 630 3079 699 quia
3112 646 3216 686 non
3255 644 3338 688 est
3386 649 3415 688 a
3449 637 3630 708 seipso
3665 643 3754 696 cui

2166 709 2360 766 dicitur
2385 713 2566 770 datum
2594 734 2608 770 :
2638 725 2694 774 et
2719 719 2820 776 hoc
2847 730 2930 776 est
2961 723 3089 780 dare
3127 723 3262 782 Filio
3303 728 3422 785 sine
3463 746 3568 802 quo
3617 749 3758 790 nun-

2165 821 2323 875 quam
2349 809 2516 866 Filius
2543 811 2660 878 fuit,
2687 815 2827 884 quod
2857 826 2940 872 est
2975 819 3194 890 gignere
3235 822 3428 880 Filium
3477 828 3568 898 qui
3615 845 3722 885 nun

2161 913 2322 968 quam
2343 917 2447 955 non
2479 903 2597 958 fuit.

2232 991 2285 1046 8.
2308 992 2556 1062 Sequitur
2579 1006 2755 1053 autem
2791 1015 2803 1052 :
2829 998 2896 1054 Et
2923 1002 3030 1056 scio
3053 1004 3172 1072 quia
3199 1007 3492 1062 mandatum
3517 1012 3624 1083 ejus
3651 1013 3757 1068 uita

2159 1092 2348 1140 aeterna
2371 1097 2459 1141 est.
2495 1087 2551 1144 Si
2579 1105 2708 1160 ergo
2736 1093 2840 1147 vita
2865 1101 3064 1148 :eterna
3091 1105 3174 1150 est
3203 1098 3313 1166 ipse
3340 1098 3503 1155 Filius
3521 1144 3537 1168 ,
3563 1111 3619 1157 et
3643 1105 3753 1160 vita

2157 1185 2356 1233 aeterna
2381 1189 2466 1236 est
2491 1183 2798 1238 mandatum
2825 1185 3036 1252 Patris;
3063 1189 3192 1258 quid
3217 1191 3356 1246 aliud
3386 1192 3585 1250 dictum
3626 1207 3747 1265 est,

2156 1286 2334 1341 quam,
2361 1273 2473 1344 Ego
2491 1290 2610 1330 sum
2635 1277 2941 1332 mandatum
2967 1279 3176 1336 Patris?
3205 1281 3434 1340 Proinde
3459 1294 3514 1340 et
3530 1287 3581 1342 id
3606 1289 3751 1358 quod

2156 1362 2432 1436 adjungit,
2460 1376 2514 1422 et
2561 1367 2723 1436 dicit,
2755 1369 2884 1435 ÏÏ…Ï‰
2919 1389 3010 1443 ego
3039 1375 3252 1446 loquor,
3285 1378 3414 1430 sicut
3457 1379 3586 1434 diaa't
3624 1382 3754 1436 mihi

2157 1453 2315 1510 Pater
2333 1499 2347 1524 ,
2377 1458 2450 1512 sic
2484 1458 2698 1530 loquor;
2729 1477 2834 1517 non
2859 1465 3180 1534 accipiamus
3198 1508 3214 1534 ,
3252 1468 3378 1524 dixit
3407 1472 3564 1536 mihi,
3596 1477 3752 1544 quasi

2155 1549 2316 1605 Pater
2341 1552 2498 1608 verba
2528 1553 2735 1610 locutus
2775 1557 2844 1610 sit
2876 1557 3030 1614 unico
3062 1559 3240 1614 Verbo
3261 1601 3276 1627 ,
3318 1571 3410 1617 aut
3453 1575 3608 1633 egeat
3655 1566 3751 1622 Dei

2151 1642 2328 1697 verbis
2358 1643 2452 1698 Dei
2485 1643 2738 1700 Verbum.
2765 1648 2908 1703 Dixit
2935 1665 3064 1720 ergo
3089 1651 3246 1706 Pater
3263 1651 3419 1722 Filio,
3439 1657 3576 1711 sicut
3599 1657 3749 1716 dedit

2151 1736 2312 1790 vitam
2339 1737 2477 1792 Filio
2507 1757 2521 1793 :
2546 1755 2648 1794 non
2677 1742 2818 1811 quod
2847 1745 3116 1800 nesciebat
3143 1747 3223 1801 vel
3250 1761 3356 1802 non
3381 1747 3631 1815 habebat,
3651 1753 3748 1808 sed

2150 1828 2290 1886 auod
2321 1829 2434 1898 ipse
2461 1829 2625 1885 Filius
2649 1841 2784 1888 erat.
2803 1833 2938 1901 Quid
2963 1843 3048 1891 est
3067 1845 3263 1904 autem,
3291 1839 3420 1892 sicut
3449 1841 3575 1896 dixit
3596 1845 3744 1909 mihi,

2148 1921 2222 1974 sic
2245 1921 2452 1992 loquor,
2483 1923 2581 1977 nisi
2602 1965 2616 1988 ,
2647 1923 2847 1980 Verum
2879 1927 3070 1997 loquor
3095 1929 3160 1983 1?
3189 1930 3262 1984 lta
3289 1930 3376 1985 ille
3398 1931 3534 1987 dixit
3563 1943 3622 1988 ut
3653 1951 3748 1990 ve-

2147 2031 2269 2080 rax,
2305 2016 2376 2070 ita
2399 2017 2498 2071 ista
2535 2019 2774 2089 loquitur
2811 2030 2870 2076 ut
2899 2023 3117 2076 veritas.
3151 2023 3322 2078 Verax
3347 2037 3523 2081 autem
3559 2029 3747 2097 genuit

2147 2110 2446 2164 veritatem.
2474 2109 2610 2178 Quid
2645 2128 2774 2183 ergo
2799 2113 2910 2182 jam
2939 2114 3143 2170 diceret
3167 2117 3377 2172 veritati
3402 2119 3417 2173 Î¹
3451 2117 3566 2173 Non
3595 2121 3744 2178 enim

2147 2201 2462 2271 imperfecta
2483 2212 2598 2257 erat
2629 2205 2856 2271 veritas,
2889 2207 2974 2260 cui
3005 2221 3189 2262 verum
3211 2207 3408 2278 aliquid
3434 2210 3744 2266 adderetur.

2145 2292 2289 2348 Dixit
2308 2309 2435 2363 ergo
2457 2296 2665 2350 veritati
2691 2338 2706 2362 ,
2739 2299 2862 2368 quia
2891 2301 3078 2368 genuit
3096 2301 3395 2356 veritatem.
3425 2301 3596 2358 Porro
3625 2305 3742 2375 ipsa

2143 2386 2340 2440 veritas
2361 2387 2436 2440 sic
2461 2387 2724 2458 loquitur,
2749 2397 2806 2444 ut
2824 2391 2874 2445 ei
2900 2390 3102 2445 dictum
3132 2402 3214 2448 est
3241 2411 3254 2447 :
3279 2393 3372 2448 sed
3401 2395 3744 2466 intelligenti-

2143 2475 2272 2544 bus,
2303 2493 2437 2547 quos
2465 2479 2621 2534 docet
2648 2488 2706 2535 ut
2734 2489 2858 2536 nata
2890 2490 2992 2538 est.
3023 2482 3094 2540 Ut
3127 2492 3303 2540 autem
3329 2485 3613 2542 crederent
3645 2487 3744 2542 bo-

2140 2568 2313 2625 mines
2341 2569 2480 2638 quod
2513 2571 2810 2642 intelligere
2839 2573 3073 2628 nondum
3107 2576 3313 2641 valent,
3340 2591 3405 2632 ex
3427 2591 3522 2633 ore
3559 2581 3744 2636 carnis

2139 2661 2300 2716 verba
2329 2671 2643 2728 sonuerunt,
2661 2673 2718 2718 et
2735 2664 3000 2732 abierunt;
3029 2669 3426 2725 transvolantes
3453 2671 3571 2725 soni
3601 2682 3743 2728 stre-

2137 2764 2386 2826 puerunt,
2417 2758 2646 2826 peractis
2667 2760 2890 2815 moralis
2919 2770 3217 2832 temporum
3242 2777 3458 2818 suorum
3487 2781 3500 2818 :
3524 2765 3618 2820 sed
3649 2781 3740 2822 res

2136 2847 2266 2916 ipsae
2290 2861 2512 2916 quarum
2541 2849 2690 2920 signa
2719 2859 2844 2905 sunt
2869 2852 3022 2920 soni,
3066 2852 3304 2922 trajecta:
3339 2853 3742 2924 quodammodo

2135 2939 2188 2993 in
2211 2953 2394 2994 eorum
2426 2943 2738 2996 memoriam
2763 2944 2854 3013 qui
2882 2943 3203 3011 audierunt,
3249 2947 3407 3000 etiam
3429 2945 3494 3000 ad
3517 2961 3616 3001 nos
3639 2963 3742 3019 per

2135 3029 2338 3085 litteras
2365 3047 2483 3102 qua:
2511 3033 2738 3088 visibilia
2763 3034 2912 3104 signa
2935 3043 3078 3102 sunt,
3107 3045 3484 3104 pervenerunt.
3513 3037 3630 3092 Non
3659 3040 3740 3096 sic

2133 3123 2370 3195 loquitur
2389 3127 2587 3181 veritas
2619 3145 2631 3180 :
2667 3127 3086 3198 intelligentibus
3105 3131 3373 3186 mentibus
3397 3133 3542 3188 intus
3563 3133 3740 3204 loqui-

2135 3225 2240 3282 tur,
2269 3219 2384 3271 sine
2415 3233 2548 3272 sono
2571 3220 2806 3284 instruit,
2831 3221 3146 3291 intelligibili
3171 3221 3286 3278 luce
3307 3223 3594 3292 perfundit.
3629 3227 3734 3294 Qui

2131 3323 2260 3378 ergo
2285 3317 2462 3377 potest
2489 3310 2542 3362 in
2565 3325 2628 3365 ea
2649 3311 2829 3366 videre
2856 3312 2876 3344 Â³
2909 3313 3199 3368 nativitatis
3217 3314 3331 3384 ejus
3351 3318 3732 3387 aeternitatem,

2132 3400 2246 3468 ipse
2275 3400 2416 3454 illam
2453 3401 2530 3456 sic
2555 3402 2702 3457 audit
2749 3403 3093 3474 loquentem,
3137 3407 3274 3462 sicut
3319 3409 3368 3462 ei
3397 3409 3530 3465 dixit
3573 3411 3736 3469 Pater

2130 3493 2270 3562 quod
2315 3494 2640 3562 IOqueretur.
2689 3497 2952 3552 Excitavit
2980 3513 3079 3553 nos
3124 3500 3190 3554 ad
3237 3517 3485 3570 magnum
3513 3503 3734 3560 deside-

2129 3587 2266 3639 rium
2313 3587 2585 3642 interioris
2621 3589 2922 3644 dulcedinis
2947 3605 3058 3644 suae
3088 3609 3101 3645 :
3131 3593 3224 3648 sed
3255 3595 3547 3650 crescendo
3577 3597 3726 3667 capi-

2130 3695 2270 3746 mus,
2293 3681 2613 3736 ambulando
2639 3683 2948 3748 crescimus,
2977 3683 3300 3753 proï¬cicndo
3325 3687 3666 3744 ambulamus
3683 3689 3728 3756 â¸,

2129 3779 2186 3827 ut
2205 3773 2487 3843 pervenire
2515 3774 2800 3844 possimus.

2643 3907 3055 3967 TBACTATUS
3094 3909 3204 3966 LV.

2125 4037 2200 4092 Ab
2235 4054 2292 4093 eo
2317 4039 2460 4104 loco,
2505 4039 2646 4095 Ante
2667 4039 2810 4094 diem
2839 4039 3030 4097 festum
3053 4041 3308 4110 Paschaa,
3349 4041 3526 4099 sciens
3561 4043 3728 4103 Iesus

2195 4133 2318 4202 quia
2341 4133 2486 4188 venit
2515 4133 2643 4187 hora
2673 4134 2823 4202 ejus;
2855 4151 3015 4206 usque
3037 4137 3103 4190 ad
3121 4136 3176 4190 id
3197 4178 3212 4202 ,
3247 4137 3314 4192 Et
3339 4138 3500 4208 carpit
3543 4139 3728 4197 lavare

2197 4223 2358 4293 pedes
2387 4223 2766 4293 discipulorum
2789 4267 2803 4292 ,
2846 4233 2902 4280 et
2943 4236 3218 4297 extergere
3255 4229 3418 4284 linteo
3447 4246 3553 4300 quo
3602 4242 3728 4288 erat

2197 4317 2532 4385 praecinctus.
2567 4317 2697 4388 Cap.
2731 4335 2859 4386 xm,
2907 4321 2942 4390 á¾—
2970 4361 2982 4373 .
3009 4322 3128 4378 1-5.

2196 4453 2246 4506 1.
2281 4449 2445 4507 Coena
2479 4453 2684 4508 Domini
2745 4455 3035 4511 secundum
3085 4457 3382 4525 Joannem,
3434 4461 3725 4530 adjuvante

2122 4543 2240 4614 ipso
2261 4588 2275 4614 ,
2307 4546 2499 4601 debitis
2537 4557 2619 4601 est
2647 4549 2962 4618 explicanda
2994 4553 3302 4608 tractatibus
3327 4595 3342 4620 ,
3377 4563 3429 4608 et
3477 4565 3532 4608 nt
3563 4557 3724 4611 nobis

2123 4655 2280 4708 posse
2305 4641 2622 4709 donaverit,
2651 4643 3004 4714 explananda.
3035 4645 3161 4700 Ante
3183 4646 3316 4700 diem
3337 4657 3501 4702 autem
3531 4653 3724 4721 festum

2123 4729 2340 4786 Pascha:
2358 4774 2372 4798 ,
2394 4735 2554 4789 sciens
2579 4734 2727 4790 Iesus
2751 4738 2868 4808 quia
2897 4740 3029 4792 venit
3057 4739 3182 4794 liora
3203 4742 3310 4813 ejus
3335 4751 3386 4795 ut
3411 4753 3632 4798 transeat
3657 4764 3726 4802 ea:

2121 4824 2215 4877 hoc
2241 4824 2428 4878 mundo
2453 4827 2520 4878 ad
2551 4825 2791 4894 Patrem,
2822 4847 2936 4884 cum
2967 4831 3222 4886 dilexisset
3244 4851 3362 4890 suos
3387 4835 3476 4905 qui
3493 4846 3636 4890 erant
3667 4839 3724 4892 iu

2117 4917 2326 4982 mundo,
2347 4917 2400 4970 in
2427 4919 2576 4986 ï¬nem
2607 4919 2780 4974 dilexit
2811 4939 2912 4975 eos.
2938 4923 3136 4977 Pascha
3158 4965 3172 4990 ,
3203 4923 3414 4993 fratres,
3443 4941 3550 4982 non
3577 4929 3723 4984 sicut

2118 5009 2334 5079 quidam
2349 5011 2675 5078 existimnt,
2694 5029 2925 5084 graecum
2954 5031 3146 5072 nomen
3173 5027 3274 5080 est,
3297 5019 3389 5074 sed
3407 5019 3718 5078 hebrteum:

2119 5105 2568 5174 opportunissime
2601 5116 2776 5162 tamen
2805 5111 3041 5163 occurrit
3085 5109 3136 5164 in
3177 5109 3280 5166 hoc
3327 5113 3540 5170 nomine
3567 5131 3718 5184 quaeâ€”

2117 5195 2238 5250 dam
2278 5199 2621 5267 congruentia
2663 5203 3358 5274 utrarumquelinguarum.
3405 5205 3538 5272 Quia
3567 5208 3716 5264 enim

2117 5291 2224 5358 pati
2251 5307 2422 5362 grzccc
2455 5299 2645 5361 Ï€á½±ÏƒÏ‡ÎµÎ¹Î½
2673 5293 2868 5349 dicitur
2892 5337 2906 5359 ,
2940 5295 3060 5350 ideo
3097 5296 3299 5353 Pascha
3329 5299 3503 5367 passio
3531 5309 3718 5370 putata

2115 5395 2229 5454 est,
2263 5387 2407 5442 velut
2431 5387 2533 5442 hoc
2577 5403 2772 5444 nomen
2817 5405 2844 5443 a
2885 5390 3131 5460 passione
3157 5392 3227 5446 sit
3253 5391 3578 5464 appellatum
3610 5412 3624 5450 :
3662 5396 3718 5450 in

2177 5543 2194 5609 Î¾
2220 5543 2291 5609 sic
2313 5541 2411 5593 duo
2429 5549 2560 5604 Mss;
2579 5545 2886 5609 creterivero
2905 5546 3034 5609 utin
3059 5543 3228 5609 editis,Â»
3245 5545 3444 5596 verbum
3460 5546 3652 5609 loquor.

2174 5607 2194 5637 Â²
2211 5607 2282 5654 sic
2305 5613 2410 5655 Mss.
2429 5611 2483 5656 At
2505 5613 2636 5666 Lov.,
2651 5607 2839 5658 audire.
2861 5607 2978 5657 Editi
2993 5607 3092 5666 alii,
3111 5607 3327 5660 credere.

2176 5667 2353 5734 man,
2394 5670 2485 5734 sed
2505 5669 2751 5734 credendo
2774 5668 3027 5734 capimus,
3047 5677 3174 5732 mss,
3208 5670 3293 5734 sed
3327 5673 3588 5722 crescendo
3617 5685 3637 5722 :
3663 5679 3724 5726 et

2110 5730 2327 5792 quinque
2355 5743 2412 5779 ex
2441 5732 2518 5780 bis
2553 5732 2768 5794 optativa
2791 5730 2933 5782 nimio
2955 5730 3480 5798 babent,capitanus...
3516 5747 3720 5786 cresca-
