4102 6498
318 347 464 407 1785

312 479 414 521 sua
440 477 575 520 vero
599 464 774 537 lingua
791 508 807 533 ,
838 466 938 523 hoc
961 475 1046 524 est
1074 468 1125 523 in
1155 467 1366 523 hebraea
1385 508 1400 534 ,
1425 467 1627 521 Pascha
1654 465 1907 521 transitus

311 553 515 612 dicitur
560 575 573 609 :

309 649 549 719 populus
579 649 709 715 Dei,
746 649 956 718 quando
984 666 1047 705 ex
1077 649 1308 721 Egypto
1340 648 1601 719 fugientes
1620 691 1634 715 ,
1668 647 1905 701 Rubrum

308 756 467 796 mare
507 743 832 797 transierunt
857 740 1049 814 (Exod.
1096 759 1180 798 xw
1203 784 1217 810 ,
1246 742 1360 812 29).
1391 742 1541 797 Nunc
1581 756 1706 810 ergo
1741 741 1903 809 ﬁgura

308 834 399 888 illa
422 834 734 906 prophetica
767 836 817 890 in
838 837 1060 892 veritate
1084 838 1348 908 completa
1365 844 1468 903 est,
1486 852 1605 891 cum
1629 836 1765 889 sicut
1790 834 1905 889 ovis

306 926 377 981 ad
410 928 798 983 immolandum
826 929 1038 985 ducitur
1061 928 1302 985 Christus
1323 930 1475 1001 (Isai.
1510 945 1617 992 un,
1649 927 1723 997 7),
1753 926 1904 997 cujus

305 1021 576 1089 sanguine
606 1022 749 1075 illitis
774 1022 1015 1092 postibus
1047 1023 1244 1077 nostris
1266 1064 1280 1087 ,
1310 1022 1359 1077 id
1407 1032 1521 1087 est,
1563 1021 1713 1089 cujus
1750 1020 1902 1088 signo

304 1113 489 1165 crucis
534 1114 753 1183 signatis
782 1112 1044 1169 frontibus
1091 1115 1287 1169 nostris
1308 1156 1322 1179 ,
1350 1129 1378 1167 a
1406 1113 1705 1184 perditione
1745 1111 1902 1180 hujus

304 1205 493 1260 saeculi
523 1214 774 1275 tanquam
802 1221 832 1259 a
853 1207 1155 1275 captivitate
1185 1207 1265 1260 vel
1298 1206 1708 1274 interemptiune
1734 1203 1898 1274 JEgy-

304 1297 416 1367 ptia
447 1298 737 1353 liberamur
761 1297 952 1370 (Exod.
978 1314 1048 1352 xtt
1069 1340 1082 1362 ,
1122 1298 1249 1363 ‘25);
1278 1306 1332 1353 et
1376 1298 1580 1368 agimus
1618 1296 1902 1350 saluberri—

303 1406 455 1444 mum
496 1394 807 1458 transitum,
846 1408 964 1447 cum
1003 1408 1029 1444 a
1071 1391 1284 1446 diabolo
1316 1392 1601 1445 transimus
1637 1390 1702 1443 ad
1739 1387 1897 1443 Chri-

300 1493 449 1538 stum
471 1527 486 1551 ,
516 1494 572 1540 et
618 1487 686 1540 ab
729 1486 831 1540 isto
875 1486 1102 1541 instabili
1131 1486 1328 1540 szeculo
1354 1485 1420 1539 ad
1449 1485 1563 1555 ejus
1592 1483 1900 1538 fundatissi-

301 1592 453 1629 mttm
492 1591 735 1645 regnum.
776 1576 899 1631 ideo
936 1577 1132 1647 quippe
1175 1577 1240 1631 ad
1287 1578 1453 1632 Deum
1495 1582 1894 1646 permanentem

300 1669 599 1723 transimus
624 1712 637 1733 ,
694 1685 763 1725 ne
806 1685 925 1724 cum
969 1669 1166 1724 mundo
1205 1678 1511 1724 transeunte
1543 1677 1929 1722 transeamus.“

300 1765 376 1818 De
426 1765 528 1819 hac
560 1764 710 1819 nobis
754 1764 946 1819 collata
972 1765 1136 1835 gratia
1169 1764 1333 1820 Deum
1362 1763 1581 1818 laudans
1611 1761 1895 1831 Apostolus

296 1856 433 1910 dicit
464 1875 477 1910 :
507 1856 610 1923 Qui
641 1858 766 1911 eruit
788 1872 878 1910 nos
897 1856 958 1911 de
994 1862 1234 1925 potestate
1270 1853 1583 1909 tenebrarum
1606 1896 1621 1919 ,
1649 1861 1695 1906 et
1725 1861 1893 1905 trans-

297 1948 417 1999 tulit
438 1948 493 2000 in
514 1964 725 2017 regnum
750 1946 876 2000 Filii
897 1947 1158 2000 charitatis
1183 1961 1291 2000 sua:
1317 1944 1533 2017 (Coloss.
1564 1960 1607 2007 l,
1639 1942 1748 2013 l5).
1782 1941 1896 1995 Hoc

295 2038 480 2107 itaque
508 2054 702 2093 nomen
724 2080 736 2101 ,
768 2038 820 2093 id
844 2047 960 2105 est,
993 2038 1226 2104 Pascha,
1259 2036 1399 2107 quod
1428 2036 1621 2100 latine,
1654 2043 1712 2088 ut
1748 2033 1889 2099 dixi,

296 2134 561 2188 transitus
589 2142 939 2204 nuncupatur,
966 2134 1113 2188 velut
1142 2134 1496 2202 interpretans
1526 2132 1678 2185 nobis
1708 2130 1894 2184 beatus

297 2224 641 2295 Evangelista
661 2269 674 2291 ,
706 2227 833 2280 Ante
860 2227 1014 2294 diem,
1044 2227 1233 2297 inquit,
1264 2227 1445 2295 festum
1472 2224 1704 2292 Pass/ue,
1734 2224 1895 2277 sciens

292 2313 325 2367 J
331 2332 449 2369 esus
474 2318 595 2386 quia
634 2319 765 2370 venit
792 2318 917 2370 hora
940 2320 1051 2388 ejus
1075 2327 1126 2370 ut
1158 2327 1377 2371 transeat
1414 2334 1473 2371 ea:
1499 2318 1590 2369 hoc
1616 2316 1803 2369 mundo
1826 2314 1895 2369 ad

294 2405 533 2461 Patrem.
570 2410 707 2463 Ecce
737 2409 937 2464 Pascha
957 2451 971 2475 ,
1005 2425 1131 2464 ecce
1157 2414 1428 2464 transitus.
1460 2410 1612 2464 Unde
1632 2451 1645 2473 ,
1675 2419 1726 2464 et
1748 2409 1894 2479 quo?

295 2498 374 2552 De
415 2502 511 2554 hoc
552 2501 758 2556 scilicet
799 2502 987 2556 mundo
1016 2503 1083 2555 ad
1126 2501 1356 2557 Patrem.
1393 2501 1526 2570 Spes
1558 2501 1810 2557 membris
1839 2505 1892 2557 in

294 2593 472 2661 capite
494 2593 618 2646 data
642 2602 741 2658 est,
770 2594 907 2663 quod
931 2602 1112 2649 essent
1140 2594 1228 2647 illo
1255 2602 1563 2648 transeunte
1590 2592 1706 2647 sine
1730 2593 1893 2648 dubio

292 2690 569 2738 secutura.
597 2682 734 2751 Quid
757 2698 885 2754 ergo
909 2684 1150 2739 inﬁdeles
1169 2725 1183 2749 ,
1220 2692 1275 2738 et
1299 2683 1366 2738 ab
1408 2683 1511 2737 hoc
1535 2682 1707 2751 capite
1732 2691 1893 2753 atque

291 2776 360 2830 ab
388 2776 509 2845 ejus
535 2792 758 2847 corpore
786 2778 985 2832 alieni?
1013 2793 1189 2832 nonne
1210 2787 1262 2832 et
1301 2777 1400 2847 ipsi
1429 2784 1708 2832 transeunt
1726 2818 1741 2842 ,
1768 2775 1890 2845 quia

294 2886 403 2923 non
434 2872 794 2940 permanent?
823 2871 1121 2926 Transeunt
1150 2871 1305 2941 plane
1333 2882 1387 2925 et
1427 2870 1525 2940 ipsi
1574 2888 1588 2924 :
1627 2869 1721 2924 sed
1749 2868 1891 2924 aliud

291 2971 377 3017 est
404 2964 637 3018 transire
666 2964 731 3018 de
757 2964 977 3029 mundo,
1002 2964 1147 3019 aliud
1174 2972 1257 3019 est
1277 2964 1500 3019 transire
1522 2978 1640 3018 cum
1668 2962 1887 3029 mundo;

294 3055 442 3109 aliud
469 3056 537 3109 ad
564 3057 772 3112 Patrem
795 3100 809 3123 ,
840 3058 981 3113 aliud
1007 3058 1071 3112 ad
1112 3058 1340 3113 hostem.
1385 3056 1515 3112 Nam
1557 3067 1611 3113 et
1651 3056 1889 3129 [Egyptii

293 3151 663 3215 transierunt;
696 3165 800 3204 non
842 3160 1017 3204 tamen
1050 3151 1376 3204 transierunt
1403 3164 1495 3219 per
1528 3164 1674 3204 mare
1704 3149 1771 3202 ad
1802 3163 1889 3204 re-

292 3255 482 3311 gnum,
513 3240 608 3295 sed
634 3242 687 3295 in
714 3243 846 3296 mari
874 3242 938 3295 ad
964 3242 1257 3297 interitum.

361 3331 419 3385 2.
454 3332 635 3387 Sciens
663 3348 791 3403 ergo
809 3332 848 3385 ,Ι
851 3350 961 3388 esus
993 3334 1111 3398 quia
1138 3334 1268 3387 venit
1289 3333 1413 3387 hora
1441 3334 1552 3406 ejus
1576 3341 1632 3386 ut
1657 3333 1891 3387 transiret

290 3441 354 3478 ea:
384 3425 480 3479 hoc
508 3427 695 3479 mundo
720 3426 788 3479 ad
816 3426 1037 3490 Patrem,
1062 3442 1175 3480 cum
1206 3426 1459 3479 dilexisset
1486 3443 1604 3479 suos
1633 3425 1721 3495 qui
1745 3434 1891 3479 erant

290 3517 349 3570 in
371 3518 584 3585 mundo,
616 3520 669 3571 in
686 3520 841 3587 ﬁnem
861 3520 1035 3573 dilexit
1059 3536 1159 3573 eos.
1190 3518 1380 3588 Utique
1408 3526 1462 3571 ttt
1492 3528 1545 3572 et
1571 3518 1669 3588 ipsi
1695 3517 1761 3572 de
1785 3517 1890 3595 hoc

291 3609 495 3663 mundo
522 3610 607 3663 ubi
649 3619 833 3676 erant,
864 3610 929 3663 ad
956 3625 1110 3664 suum
1136 3619 1316 3678 caput,
1350 3609 1487 3677 quod
1516 3608 1641 3662 hinc
1663 3607 1889 3662 transis-

292 3710 413 3765 set,
446 3702 562 3769 ejus
601 3700 883 3755 dilectione
924 3702 1229 3755 transirent.
1260 3699 1396 3766 Quid
1432 3709 1512 3753 est
1540 3699 1680 3753 cnim
1706 3740 1720 3763 ,
1747 3697 1802 3751 in
1824 3697 1889 3766 ﬁ-

291 3811 410 3847 nem
434 3837 448 3859 ,
483 3794 582 3848 nisi
609 3837 623 3861 ,
658 3794 710 3848 in
745 3794 1050 3849 Christum?
1082 3793 1227 3848 Finis
1269 3793 1399 3846 enim
1429 3791 1576 3862 Legis
1617 3789 1846 3846 Christus
1868 3832 1885 3859 ,

290 3887 371 3941 ait
398 3888 705 3958 Apostolus,
738 3888 806 3940 ad
815 3889 1070 3958 justitiam
1091 3889 1226 3941 armti
1248 3887 1466 3941 credenti
1496 3886 1668 3958 (Rom.
1705 3902 1737 3939 x
1763 3927 1776 3950 ,
1803 3884 1885 3959 4).

292 3977 445 4033 Finis
479 3980 754 4049 perﬁciens
773 4022 786 4043 ,
813 3996 915 4035 non
939 3981 1263 4035 interﬁciens
1290 3998 1303 4034 :
1333 3980 1450 4033 ﬁnis
1474 3995 1579 4050 quo
1602 3995 1767 4048 usque
1794 3994 1884 4033 ca-

292 4087 416 4126 mus
441 4114 457 4137 ,
491 4088 596 4126 non
624 4072 710 4127 ubi
743 4087 1043 4141 pereamus.
1088 4072 1175 4126 Sic
1223 4071 1439 4125 omnino
1488 4070 1885 4139 intelligendum

294 4172 380 4218 est
403 4206 418 4229 ,
458 4162 657 4217 Pascha
682 4174 906 4218 nostrum
933 4165 1221 4218 immolatus
1250 4173 1320 4217 est
1348 4162 1578 4217 Christus
1608 4162 1651 4230 (Ι
1684 4161 1800 4215 Cor.
1828 4177 1882 4227 v,

298 4255 378 4326 7).
401 4255 518 4327 lpse
543 4266 626 4311 est
652 4257 771 4312 ﬁnis
792 4267 973 4312 noster
992 4300 1005 4322 ,
1035 4259 1085 4311 iu
1116 4259 1260 4311 illum
1288 4266 1370 4311 est
1398 4257 1650 4310 transitus
1680 4263 1881 4311 noster.

295 4345 429 4401 Nam
462 4348 616 4403 video
645 4364 799 4418 posse
848 4350 943 4402 ista
994 4350 1151 4403 verba
1196 4348 1496 4417 evangelica
1526 4348 1758 4418 quodam
1788 4347 1886 4402 bu-

298 4453 458 4494 mano
484 4440 642 4494 modo
671 4441 829 4495 etiam
856 4442 933 4495 sic
960 4441 1159 4511 accipi,
1186 4449 1435 4510 tanquam
1462 4455 1629 4510 usque
1650 4441 1717 4495 ad
1743 4456 1885 4496 mor-

261 4570 269 4607 ε
301 4543 407 4589 tem
436 4533 679 4589 Christus
704 4534 947 4590 dilexerit
976 4549 1102 4589 suos
1122 4576 1134 4598 ,
1169 4543 1226 4588 ut
1249 4533 1351 4588 hoc
1374 4534 1612 4588 videatur
1643 4548 1764 4588 esse
1785 4575 1799 4597 ,
1830 4534 1884 4587 in

254 4619 268 4646 ·’
301 4626 450 4693 ﬁnem
476 4626 650 4679 dilexit
677 4642 781 4680 cos.
813 4625 1050 4680 Humana
1081 4634 1165 4681 est
1196 4626 1308 4680 hmo
1345 4626 1603 4680 sententia
1630 4668 1645 4691 ,
1675 4640 1778 4678 non
1806 4625 1887 4679 di-

264 4770 269 4787 ,
303 4720 458 4773 vina:
490 4734 663 4790 neque
686 4734 825 4773 ctum
851 4734 951 4774 nos
982 4718 1255 4788 hucusque
1279 4718 1366 4772 ille
1396 4718 1599 4782 dilexit,
1628 4718 1717 4788 qui
1739 4734 1883 4773 sem-

301 4824 391 4879 per
412 4818 469 4864 et
493 4810 609 4865 sine
638 4812 742 4865 line
760 4825 856 4864 nos
882 4810 1068 4879 diligit.
1091 4810 1240 4865 Absit
1267 4818 1323 4863 ut
1345 4810 1681 4864 dilectionem
1711 4819 1882 4865 morte

302 4901 523 4968 ﬁnierit,
565 4905 652 4973 qui
686 4919 788 4957 non
831 4912 912 4959 est
953 4912 1122 4958 morte
1153 4904 1349 4957 ﬁnitus.
1381 4905 1548 4957 Etiam
1591 4913 1707 4974 post
1736 4920 1881 4958 mor-

302 5002 401 5047 tem
422 5034 439 5060 ,
466 4994 698 5065 quinque
742 4995 928 5049 fratres
957 5010 1081 5050 suos
1108 4996 1295 5049 dilexit
1333 4995 1480 5049 dives
1506 4996 1591 5049 ille
1622 4997 1881 5065 superbus

300 5097 454 5156 atque
484 5087 680 5157 impius
700 5087 848 5159 (Luc.
873 5104 997 5151 xw,
1026 5087 1117 5155 27,
1140 5088 1256 5157 9.8),
1291 5098 1343 5143 et
1373 5103 1537 5157 usque
1559 5088 1623 5142 ad
1655 5099 1879 5145 mortem

300 5196 391 5235 nos
411 5180 664 5237 dilexisse
688 5182 949 5252 putandus
972 5191 1055 5237 est
1074 5182 1350 5237 Christus?
1367 5183 1533 5247 Absit,
1559 5184 1876 5238 charissimi.

300 5273 638 5347 Nequaquam
660 5277 749 5332 ille
774 5292 871 5331 nos
893 5277 1159 5348 diligendo
1190 5292 1358 5346 usque
1386 5278 1450 5332 ad
1481 5287 1705 5332 mortem
1734 5279 1883 5333 veni-

301 5378 372 5422 tet
393 5410 407 5435 ,
441 5369 484 5422 si
514 5368 851 5423 dilectionem
882 5378 1117 5423 nostram
1163 5379 1335 5425 morte
1375 5369 1567 5425 ﬁniret.
1597 5371 1706 5425 Nisi
1746 5373 1881 5429 forte

302 5458 366 5512 ita
392 5459 461 5513 sit
488 5459 887 5530 intelligendum
909 5502 922 5526 ,
958 5461 1008 5514 in
1036 5461 1185 5529 ﬁnem
1224 5461 1398 5514 dilexit
1433 5479 1515 5516 eos
1552 5462 1725 5529 :Quia
1760 5472 1878 5518 lan-

303 5559 406 5604 tum
428 5550 616 5606 dilexit
646 5566 769 5619 eos,
801 5562 859 5605 ut
884 5562 1180 5607 moreretur
1205 5562 1425 5623 propter
1449 5569 1561 5608 cos.
1592 5555 1702 5609 Hoc
1738 5556 1879 5610 enim

304 5649 522 5696 testatus
548 5652 631 5697 est
656 5640 841 5698 dicens
868 5662 879 5697 :
911 5642 1161 5714 Majorem
1181 5645 1275 5698 hac
1312 5646 1606 5700 cltarilalem
1626 5664 1769 5701 nemo
1790 5648 1882 5702 ha-

305 5733 376 5787 bet
393 5776 409 5802 ,
448 5751 602 5797 quam
628 5744 682 5789 ut
716 5738 940 5790 animum
962 5753 1106 5791 suam
1131 5747 1281 5808 ponat
1306 5738 1416 5807 quis
1444 5756 1536 5809 pro
1575 5740 1749 5793 amicis
1776 5743 1883 5798 suis

305 5823 477 5892 (toan.
506 5842 602 5895 xv,
631 5828 743 5897 l3).
773 5826 849 5884 Ita
875 5843 1005 5886 sane
1028 5845 1134 5887 non
1174 5829 1515 5901 prohibemus
1539 5832 1761 5905 intelligi
1785 5875 1801 5904 ,
1828 5835 1882 5891 in

1462 345 1880 407 TBACTATUS
1915 344 2050 405 ΙιΠ.
2089 349 2316 408 CAPUT
2352 350 2487 408 XIII.

623 566 899 627 propterea
945 568 1071 615 tunc
1123 560 1349 629 primum
1379 558 1581 613 Pascha
1621 553 1911 612 celebravit

3452 354 3591 414 £786

2007 462 2160 534 ﬁnem
2185 469 2388 536 dilexit,
2414 469 2466 524 id
2494 478 2578 525 est
2598 510 2613 536 ,
2645 483 2814 540 usque
2850 466 2918 524 ad
2946 475 3172 526 mortem
3200 469 3348 526 illum
3377 471 3592 529 dilectio

2013 557 2124 627 ipsa
2154 558 2418 628 perduxit.

2082 650 2136 705 ὅ.
2164 668 2184 701 ‹
2204 651 2266 705 Ει
2292 667 2497 721 caena,»
2522 654 2712 724 inquit,
2737 655 2926 722 «facta,
2948 669 3068 709 cum
3092 653 3335 711 diabolus
3355 655 3465 726 jam
3492 656 3593 713 mi-

2008 741 2169 798 sisset
2196 744 2246 797 in
2273 759 2394 810 cor,
2423 755 2481 799 ut
2509 746 2740 802 traderet
2768 762 2889 802 eum
2915 747 3077 803 Judas
3107 747 3340 803 Simonis
3364 748 3590 805 [scario-

2009 841 2092 887 tes
2123 835 2140 865 ί
2169 854 2181 889 :
2211 835 2383 890 sciens
2412 838 2533 906 quia
2563 841 2739 892 omnia
2769 840 2915 895 dedit
2938 841 2982 895 ei
3014 841 3170 895 Pater
3195 841 3249 895 in
3283 856 3505 911 manus,
3533 851 3592 898 et

2008 926 2129 996 quia
2158 941 2186 979 a
2212 926 2319 981 Deo
2348 928 2496 992 exiit,
2524 938 2579 984 et
2598 930 2663 984 ad
2688 932 2850 985 Deum
2879 931 3043 998 vadit,
3065 932 3233 1002 surgit
3255 948 3284 987 a
3309 947 3461 989 caena
3486 974 3504 1001 ,
3535 941 3591 990 et

2006 1020 2156 1088 ponit
2176 1021 2489 1075 vestimenta
2514 1036 2628 1085 sua;
2660 1033 2708 1077 et
2740 1039 2858 1078 cum
2880 1024 3167 1093 accepisset
3191 1025 3428 1089 linteum,
3452 1041 3589 1095 pra-

2005 1111 2169 1166 cinxit
2197 1126 2273 1167 se.
2299 1112 2500 1169 Deinde
2524 1115 2682 1168 mittit
2710 1130 2899 1184 aquam
2927 1116 2979 1169 in
3009 1117 3222 1185 pelvim,
3248 1126 3303 1171 et
3326 1118 3487 1187 capit
3508 1118 3584 1173 la-

2004 1217 2130 1256 vare
2157 1204 2320 1274 pedes
2348 1204 2749 1275 discipulorum,
2772 1216 2827 1262 et
2852 1219 3124 1277 extergere
3146 1207 3310 1262 linteo
3334 1226 3440 1279 quo
3469 1218 3586 1265 erat

2005 1297 2340 1364 praecinctus.
2387 1316 2406 1349 »
2457 1298 2575 1353 Non
2621 1299 2690 1353 ita
2736 1299 2992 1355 debemus
3037 1301 3330 1371 intelligere
3374 1316 3582 1356 etnnam

2003 1385 2194 1443 factam
2225 1390 2384 1445 veluti
2405 1390 2514 1460 jam
2540 1401 2958 1448 consummatam
2989 1402 3146 1463 atque
3174 1403 3490 1448 transactam
3522 1396 3542 1425 ³
3567 1411 3581 1449 :

2002 1480 2175 1537 adhuc
2194 1483 2334 1537 enim
2362 1483 2689 1549 ctenabatur,
2722 1499 2842 1540 cum
2871 1485 3125 1539 Dominus
3152 1487 3385 1541 surrexit
3412 1495 3465 1540 et
3492 1501 3587 1555 pe-

2001 1573 2095 1629 des
2139 1575 2264 1630 lavit
2311 1576 2583 1647 diseipulis
2624 1578 2754 1633 suis.
2802 1576 2935 1632 Nam
2975 1586 3156 1648 postea
3198 1579 3475 1646 recubuit,
3528 1587 3585 1634 et

2000 1667 2288 1724 buccellam
2325 1685 2423 1725 suo
2451 1670 2694 1726 traditori
2735 1680 2917 1742 postea
2965 1669 3148 1735 dedit,
3201 1672 3382 1741 utique
3430 1686 3583 1728 omna

2000 1760 2236 1815 nondum
2268 1760 2413 1816 ﬁnita
2441 1806 2453 1827 ,
2498 1763 2600 1818 hoc
2639 1775 2757 1830 est,
2804 1764 2929 1819 dum
2956 1764 3129 1819 adhuc
3152 1766 3302 1834 panis
3344 1774 3486 1821 esset
3530 1766 3583 1820 in

1999 1867 2203 1907 mensa.
2237 1853 2390 1908 Cama
2415 1870 2542 1925 ergo
2562 1859 2700 1926 facta
2719 1897 2734 1922 ,
2764 1855 2961 1911 dictum
2988 1866 3101 1919 est,
3129 1858 3239 1925 jam
3270 1867 3486 1926 parata,
3529 1863 3587 1912 et

2000 1944 2065 1998 ad
2093 1946 2483 2001 convivantium
2517 1963 2753 2002 mensam
2780 1963 3039 2017 usumque
3071 1947 3343 2017 perducta.

2070 2039 2122 2093 4.
2156 2038 2306 2104 Quod
2353 2049 2528 2095 autem
2556 2040 2660 2106 ait,
2694 2041 2818 2094 Cum
2856 2041 3085 2095 diabolus
3116 2042 3231 2111 jam
3276 2040 3486 2096 misisset
3531 2042 3585 2097 in

1999 2146 2104 2195 cor,
2134 2138 2189 2183 ut
2203 2132 2420 2185 traderet
2450 2150 2564 2186 eum
2581 2132 2749 2188 Iudas
2774 2132 3000 2189 Simonis
3026 2132 3334 2197 Iscariotes;
3362 2133 3407 2187 si
3432 2148 3581 2203 qua:-

1998 2222 2074 2276 ris
2101 2223 2226 2291 quid
2247 2224 2467 2279 missum
2490 2226 2557 2280 sit
2578 2226 2630 2279 in
2652 2242 2745 2281 cor
2763 2225 2791 2281 J
2799 2226 2915 2281 udae
2945 2244 2959 2280 :
2989 2226 3087 2281 hoc
3112 2228 3312 2297 utique,
3335 2236 3390 2280 ut
3416 2226 3585 2281 trade-

1998 2325 2219 2371 reteum.
2243 2317 2421 2372 Missio
2452 2318 2553 2374 ista
2576 2360 2590 2382 ,
2622 2318 2909 2387 spiritualis
2944 2320 3210 2389 suggestio
3234 2328 3318 2374 est
3350 2337 3362 2372 :
3392 2334 3499 2373 non
3527 2319 3586 2374 lit

1999 2423 2095 2478 per
2119 2423 2323 2477 aurem,
2347 2409 2439 2465 sed
2468 2425 2563 2479 per
2586 2412 2981 2480 cogitationem;
3013 2425 3076 2465 ac
3097 2425 3189 2481 per
3214 2410 3446 2469 hocnon
3466 2425 3587 2466 cor-

1999 2505 2252 2573 poraliter
2278 2546 2292 2569 ,
2337 2504 2430 2560 sed
2474 2505 2734 2575 spirituali
2755 2520 2834 2560 er.
2889 2504 3071 2575 Neque
3118 2505 3260 2561 enim
3310 2486 3585 2574 spirituale

1998 2596 2137 2665 quod
2160 2596 2369 2661 dicitur,
2405 2612 2619 2667 semper
2647 2597 2699 2651 in
2723 2596 2879 2651 laude
2902 2595 3267 2665 accipiendum
3295 2605 3397 2652 est.
3423 2595 3584 2653 Novit

1996 2688 2282 2757 Apostolus
2310 2688 2554 2757 quaedam
2582 2688 2875 2757 spiritualia
2901 2688 3149 2757 nequitiac
3179 2688 3231 2741 in
3254 2687 3578 2754 caelestibus,

1995 2779 2250 2835 adversus
2314 2795 2432 2850 quae
2485 2780 2640 2835 nobis
2690 2780 3120 2835 colluctationem
3181 2794 3299 2835 esse
3362 2788 3584 2835 testatur

1997 2870 2211 2943 (Epltes.
2252 2887 2337 2937 vt,
2387 2869 2477 2944 l2)
2523 2889 2537 2927 :
2583 2885 2689 2926 non
2719 2878 2893 2927 autem
2936 2880 3118 2926 essent
3163 2872 3322 2926 etiam
3350 2872 3582 2943 maligna

1994 2964 2285 3034 spiritualia
2312 3007 2328 3031 ,
2367 2965 2409 3018 si
2454 2980 2560 3019 non
2604 2973 2783 3020 essent
2827 2964 2986 3019 etiam
3016 2963 3230 3034 maligni
3268 2964 3506 3034 spiritus.
3537 2968 3582 3020 Α

1995 3058 2185 3126 spiritu
2235 3056 2377 3111 enim
2428 3056 2719 3126 spiritualia
2764 3057 3124 3111 nominantur.
3165 3055 3269 3111 Sed
3311 3058 3581 3126 quomodo

1997 3150 2095 3204 ista
2130 3149 2288 3218 ﬁant,
2320 3160 2378 3231 u‘t
2399 3150 3075 3222 diabolie'esuggestiones
3100 3151 3486 3217 immittantur,
3527 3161 3582 3209 et

1998 3243 2243 3297 humanis
2281 3245 2690 3313 cogitationibus
2719 3245 3046 3299 misceantur
3067 3287 3083 3313 ,
3125 3254 3181 3299 ut
3208 3261 3300 3301 eas
3332 3254 3581 3317 tauquam

1994 3349 2117 3388 suas
2144 3335 2361 3404 deputet
2392 3336 2568 3401 homo,
2598 3337 2738 3391 unde
2763 3337 2863 3392 scit
2883 3338 3082 3393 homo?
3099 3337 3207 3393 Nec
3230 3338 3576 3395 dubitandum

1993 3438 2073 3481 est
2102 3427 2261 3481 etiam
2292 3427 2459 3482 bonas
2486 3429 2852 3498 suggestiones
2875 3444 2906 3484 a
2936 3430 3079 3485 bono
3106 3430 3296 3500 spiritu
3316 3430 3386 3485 ita
3411 3432 3579 3487 laten-

1995 3527 2076 3572 ter
2099 3533 2160 3573 ac
2185 3519 2533 3587 spiritualiter
2556 3520 2671 3575 ﬁeri
2701 3538 2715 3574 :
2744 3521 2838 3577 sed
2870 3521 3089 3577 interest
3126 3523 3442 3592 quibusnam
3486 3539 3581 3579 ea-

1993 3624 2112 3664 rum
2141 3625 2292 3664 mens
2321 3610 2548 3665 humana
2569 3613 2868 3668 consentiat
2890 3656 2905 3681 ,
2935 3614 3113 3668 divino
3141 3614 3338 3669 auxilio
3367 3616 3449 3670 vel
3478 3616 3579 3673 de-

1991 3710 2134 3756 serta
2176 3717 2270 3771 per
2315 3703 2592 3771 meritum,
2626 3704 2704 3758 vel
2741 3705 2917 3773 adjuta
2946 3720 3042 3774 per
3085 3706 3327 3776 gratiam.
3360 3706 3578 3762 Factum

1991 3806 2118 3862 ergo
2144 3793 2252 3861 jam
2280 3792 2452 3848 fuerat
2488 3794 2541 3849 in
2569 3796 2730 3851 corde
2749 3796 2899 3850 Judac
2931 3812 3025 3866 per
3047 3797 3430 3853 immissionem
3460 3798 3577 3852 dia-

1991 3882 2236 3949 bolicam,
2268 3894 2327 3939 ut
2353 3886 2585 3941 traderet
2608 3887 2901 3958 discipulus
2927 3890 3268 3960 magistrum,
3298 3890 3391 3946 sed
3417 3906 3576 3961 quem

1991 3989 2096 4029 non
2121 3974 2379 4031 didicerat
2410 3978 2594 4032 Deum.
2618 3978 2734 4033 Jam
2761 3979 2880 4033 talis
2905 3990 3126 4035 venerat
3154 3982 3220 4036 ad
3250 3984 3571 4050 convivium,

1990 4067 2301 4136 explorator
2346 4068 2580 4124 Pastoris
2603 4112 2615 4133 ,
2648 4071 2925 4126 insidiator
2962 4071 3286 4139 Salvatoris,
3331 4073 3577 4128 venditor

1990 4158 2404 4230 Redemptoris;
2429 4162 2536 4231 jam
2562 4163 2683 4218 talis
2702 4174 2956 4232 venerat,
2984 4175 3037 4220 et
3064 4166 3344 4221 videbatur
3366 4209 3380 4233 ,
3413 4178 3465 4222 et
3490 4178 3575 4222 to-

1990 4252 2295 4317 lerabatur,
2337 4261 2391 4308 et
2433 4268 2493 4309 se
2533 4254 2764 4325 ignorari
2811 4257 3166 4311 arbitrabatur
3203 4274 3218 4312 :
3250 4258 3372 4328 quia
3417 4258 3468 4311 in
3510 4273 3577 4314 eo

1989 4358 2147 4415 quem
2175 4344 2385 4399 volebat
2414 4344 2598 4401 fallere
2621 4387 2637 4412 ,
2668 4346 2959 4401 fallebatur.
3004 4349 3077 4402 At
3104 4348 3193 4403 ille
3223 4348 3324 4402 isto
3368 4348 3420 4402 in
3458 4349 3577 4419 ipso

1989 4436 2151 4491 corde
2176 4437 2319 4491 intus
2344 4435 2606 4507 inspecto,
2637 4438 2908 4494 nesciente
2927 4437 3158 4509 scienter
3180 4440 3443 4494 utebatur.

2062 4529 2115 4584 5.
2142 4528 2321 4583 Sciens
2358 4530 2476 4599 quia
2515 4530 2683 4582 omnia
2708 4530 2845 4582 dedit
2871 4530 2915 4581 ei
2945 4528 3103 4583 Pater
3125 4531 3177 4583 iu
3204 4548 3401 4585 manus.
3434 4532 3575 4603 Ergo

1989 4632 2044 4677 et
2084 4624 2260 4693 ipsum
2301 4622 2611 4677 traditorem
2646 4639 2660 4676 :
2693 4638 2815 4676 nam
2858 4623 2902 4676 si
2947 4638 3067 4678 eum
3099 4626 3150 4678 in
3181 4626 3426 4680 manibus
3465 4640 3571 4680 non

1988 4714 2243 4779 haberet,
2292 4730 2395 4769 non
2442 4716 2622 4784 utique
2659 4714 2748 4768 illo
2790 4724 3027 4770 uteretur
3051 4726 3107 4769 ut
3132 4716 3312 4770 vellet.
3342 4716 3571 4771 Proinde

1984 4807 2092 4877 jam
2130 4806 2351 4861 traditor
2378 4806 2599 4861 traditus
2626 4816 2739 4861 erat
2762 4806 2812 4861 ei
2841 4823 2994 4877 quem
3040 4808 3247 4863 tradere
3286 4808 3568 4877 cupiebat,

1986 4911 2145 4970 atque
2172 4900 2243 4954 ita
2272 4900 2467 4954 malum
2500 4899 2757 4955 tradendo
2783 4899 3040 4967 faciebat,
3072 4909 3129 4954 ut
3155 4900 3224 4955 de
3251 4901 3341 4955 illo
3377 4899 3569 4953 tradito

1986 4991 2183 5046 bonum
2220 4991 2371 5046 ﬁeret
2397 4991 2536 5061 quod
2579 4992 2869 5047 nesciebat.
2909 4990 3119 5047 Sciebat
3141 4992 3285 5046 enim
3315 4991 3569 5045 Dominus

1986 5084 2110 5155 quid
2140 5084 2335 5139 laceret
2366 5101 2462 5154 pro
2485 5085 2670 5139 amicis
2690 5126 2704 5150 ,
2732 5085 2820 5154 qui
2849 5085 3108 5154 patienter
3129 5084 3376 5137 utebatur
3396 5082 3568 5137 inimi-

1985 5179 2062 5233 cis
2095 5195 2107 5231 :
2136 5191 2199 5231 ac
2220 5178 2299 5233 sic
2322 5178 2496 5231 omnia
2523 5177 2738 5231 dederat
2766 5177 2921 5231 Pater
2949 5178 3000 5231 in
3042 5192 3229 5231 manus
3255 5177 3371 5245 ejus
3393 5216 3406 5241 ,
3435 5186 3489 5231 et
3515 5178 3566 5232 in

1986 5284 2140 5324 usum
2164 5268 2300 5322 mala
2320 5309 2336 5335 ,
2373 5278 2427 5323 et
2457 5270 2507 5322 in
2535 5269 2776 5323 eﬁ'ectum
2805 5268 2961 5322 bona.
2994 5268 3171 5322 Sciens
3203 5269 3353 5321 etiam
3376 5268 3495 5337 quia
3536 5285 3569 5323 a

1985 5358 2094 5413 Deo
2122 5359 2245 5413 exiit
2268 5400 2284 5426 ,
2313 5367 2359 5412 et
2385 5360 2452 5410 ad
2496 5358 2657 5412 Deum
2694 5358 2831 5410 vadit
2863 5372 3001 5411 :nec
3032 5357 3195 5411 Deum
3222 5398 3236 5422 ,
3282 5373 3404 5412 cum
3442 5358 3569 5415 inde

1984 5451 2193 5517 exiret;
2222 5465 2321 5506 nec
2340 5465 2437 5504 nos
2464 5450 2721 5507 deserens
2744 5492 2758 5517 ,
2791 5464 2910 5503 cum
2936 5447 3154 5502 rediret.

2056 5546 2109 5601 6.
2151 5546 2276 5601 Haec
2320 5561 2447 5615 ergo
2486 5547 2680 5608 sciens,
2723 5544 2935 5613 surgita
2961 5558 3120 5607 caena,
3162 5551 3209 5596 et
3248 5544 3389 5611 ponit
3428 5544 3568 5598 vesti-

1988 5649 2156 5695 menta
2191 5655 2315 5704 sua;
2354 5649 2399 5694 et
2444 5654 2556 5692 cum
2597 5638 2862 5708 accepisset
2897 5636 3130 5701 linteum,
3177 5636 3442 5707 pracinxit
3492 5653 3565 5691 se.

2052 5779 2067 5810 ¹
2095 5786 2221 5838 Mss,
2243 5782 2518 5828 constanter
2541 5774 2723 5824 habent
2746 5787 2758 5823 :
2785 5771 3150 5825 JudasSimatis
3171 5771 3411 5824 Scariatis.

2049 5841 2071 5873 '
2092 5841 2341 5893 Tredecim
2364 5838 2951 5902 Mss.,jtunconswnptam
2971 5843 3112 5900 atque
3133 5840 3443 5890 unum
