  <div class='ocr_page' id='page_1' title='image "/cluster/home/n/w/nwhite01/storage/ocr_20150623/35/hvd.32044015706302/243.png"; bbox 0 0 4102 6466; ppageno 0'>
   <div class='ocr_carea' id='block_1_1' title="bbox 497 327 632 398">
    <p class='ocr_par' dir='ltr' id='par_1_1' title="bbox 497 327 632 398">
     <span class='ocr_line' id='line_1_1' title="bbox 497 327 632 398; baseline 0 -1"><span class='ocrx_word' id='word_1_1' title='bbox 497 327 632 398; x_wconf 60' lang='lat' dir='ltr'><strong>11F?</strong></span> 
     </span>
    </p>
   </div>
   <div class='ocr_carea' id='block_1_2' title="bbox 489 446 2068 526">
    <p class='ocr_par' dir='ltr' id='par_1_2' title="bbox 489 446 2068 526">
     <span class='ocr_line' id='line_1_2' title="bbox 489 446 2068 526; baseline -0.005 -18"><span class='ocrx_word' id='word_1_2' title='bbox 489 453 688 509; x_wconf 76' lang='lat' dir='ltr'><strong>Deinde</strong></span> <span class='ocrx_word' id='word_1_3' title='bbox 725 452 873 508; x_wconf 84' lang='lat' dir='ltr'><strong>mittit</strong></span> <span class='ocrx_word' id='word_1_4' title='bbox 932 461 1116 526; x_wconf 69' lang='lat' dir='ltr'><strong>aquam</strong></span> <span class='ocrx_word' id='word_1_5' title='bbox 1158 455 1212 509; x_wconf 82' lang='lat' dir='ltr'><strong>iit</strong></span> <span class='ocrx_word' id='word_1_6' title='bbox 1258 452 1437 525; x_wconf 76' lang='lat' dir='ltr'><strong>pelvim</strong></span> <span class='ocrx_word' id='word_1_7' title='bbox 1455 495 1468 518; x_wconf 90' lang='lat'><strong>,</strong></span> <span class='ocrx_word' id='word_1_8' title='bbox 1493 455 1537 505; x_wconf 86' lang='lat' dir='ltr'><strong>et</strong></span> <span class='ocrx_word' id='word_1_9' title='bbox 1561 451 1707 520; x_wconf 67' lang='lat' dir='ltr'><strong>erepit</strong></span> <span class='ocrx_word' id='word_1_10' title='bbox 1727 449 1894 503; x_wconf 76' lang='lat' dir='ltr'><strong>lavare</strong></span> <span class='ocrx_word' id='word_1_11' title='bbox 1918 446 2068 518; x_wconf 74' lang='lat' dir='ltr'><strong>pedes</strong></span> 
     </span>
    </p>
   </div>
   <div class='ocr_carea' id='block_1_3' title="bbox 490 541 2066 619">
    <p class='ocr_par' dir='ltr' id='par_1_3' title="bbox 490 541 2066 619">
     <span class='ocr_line' id='line_1_3' title="bbox 490 541 2066 619; baseline -0.006 -18"><span class='ocrx_word' id='word_1_12' title='bbox 490 547 856 618; x_wconf 75' lang='lat' dir='ltr'><strong>discipulorum</strong></span> <span class='ocrx_word' id='word_1_13' title='bbox 881 589 895 612; x_wconf 92' lang='lat'><strong>,</strong></span> <span class='ocrx_word' id='word_1_14' title='bbox 939 557 986 602; x_wconf 88' lang='lat' dir='ltr'><strong>et</strong></span> <span class='ocrx_word' id='word_1_15' title='bbox 1034 559 1286 619; x_wconf 78' lang='lat' dir='ltr'><strong>extergere</strong></span> <span class='ocrx_word' id='word_1_16' title='bbox 1310 547 1460 600; x_wconf 88' lang='lat' dir='ltr'><strong>linteo</strong></span> <span class='ocrx_word' id='word_1_17' title='bbox 1489 560 1587 615; x_wconf 83' lang='lat' dir='ltr'><strong>quo</strong></span> <span class='ocrx_word' id='word_1_18' title='bbox 1615 551 1719 596; x_wconf 83' lang='lat' dir='ltr'><strong>erat</strong></span> <span class='ocrx_word' id='word_1_19' title='bbox 1747 541 2066 612; x_wconf 62' lang='lat' dir='ltr'><strong>praeiuctus.</strong></span> 
     </span>
    </p>
   </div>
   <div class='ocr_carea' id='block_1_4' title="bbox 488 631 2068 706">
    <p class='ocr_par' dir='ltr' id='par_1_4' title="bbox 488 631 2068 706">
     <span class='ocr_line' id='line_1_4' title="bbox 488 631 2068 706; baseline -0.004 -12"><span class='ocrx_word' id='word_1_20' title='bbox 488 638 780 706; x_wconf 76' lang='lat' dir='ltr'><strong>Debemus,</strong></span> <span class='ocrx_word' id='word_1_21' title='bbox 821 635 1180 706; x_wconf 78' lang='lat' dir='ltr'><strong>dilectissimi,</strong></span> <span class='ocrx_word' id='word_1_22' title='bbox 1219 644 1435 694; x_wconf 82' lang='lat' dir='ltr'><strong>sensum</strong></span> <span class='ocrx_word' id='word_1_23' title='bbox 1470 636 1818 706; x_wconf 69' lang='lat' dir='ltr'><strong>EVangclista:</strong></span> <span class='ocrx_word' id='word_1_24' title='bbox 1843 631 2068 704; x_wconf 69' lang='lat' dir='ltr'><strong>diligen-</strong></span> 
     </span>
    </p>
   </div>
   <div class='ocr_carea' id='block_1_5' title="bbox 489 722 2066 799">
    <p class='ocr_par' dir='ltr' id='par_1_5' title="bbox 489 722 2066 799">
     <span class='ocr_line' id='line_1_5' title="bbox 489 722 2066 799; baseline -0.004 -14"><span class='ocrx_word' id='word_1_25' title='bbox 489 741 569 785; x_wconf 86' lang='lat' dir='ltr'><strong>ter</strong></span> <span class='ocrx_word' id='word_1_26' title='bbox 597 731 887 786; x_wconf 81' lang='lat' dir='ltr'><strong>attendere.</strong></span> <span class='ocrx_word' id='word_1_27' title='bbox 927 722 1220 785; x_wconf 73' lang='lat' dir='ltr'><strong>Locuturus</strong></span> <span class='ocrx_word' id='word_1_28' title='bbox 1249 730 1442 799; x_wconf 78' lang='lat' dir='ltr'><strong>quippe</strong></span> <span class='ocrx_word' id='word_1_29' title='bbox 1465 727 1532 782; x_wconf 84' lang='lat' dir='ltr'><strong>de</strong></span> <span class='ocrx_word' id='word_1_30' title='bbox 1561 733 1707 781; x_wconf 87' lang='lat' dir='ltr'><strong>tanta</strong></span> <span class='ocrx_word' id='word_1_31' title='bbox 1734 727 1942 781; x_wconf 94' lang='lat' dir='ltr'><strong>Domini</strong></span> <span class='ocrx_word' id='word_1_32' title='bbox 1963 725 2066 779; x_wconf 64' lang='grc' dir='ltr'>ιλιι-ι</span> 
     </span>
    </p>
   </div>
   <div class='ocr_carea' id='block_1_6' title="bbox 486 813 2064 891">
    <p class='ocr_par' dir='ltr' id='par_1_6' title="bbox 486 813 2064 891">
     <span class='ocr_line' id='line_1_6' title="bbox 486 813 2064 891; baseline -0.006 -12"><span class='ocrx_word' id='word_1_33' title='bbox 486 823 732 886; x_wconf 71' lang='lat' dir='ltr'><strong>utilitate,</strong></span> <span class='ocrx_word' id='word_1_34' title='bbox 765 823 910 891; x_wconf 77' lang='lat' dir='ltr'><strong>pritis</strong></span> <span class='ocrx_word' id='word_1_35' title='bbox 946 813 1312 877; x_wconf 65' lang='lat' dir='ltr'><strong>celsitudinem</strong></span> <span class='ocrx_word' id='word_1_36' title='bbox 1345 819 1462 890; x_wconf 83' lang='lat' dir='ltr'><strong>ejus</strong></span> <span class='ocrx_word' id='word_1_37' title='bbox 1483 818 2064 873; x_wconf 83' lang='lat' dir='ltr'><strong>voluitcommendare.</strong></span> 
     </span>
    </p>
   </div>
   <div class='ocr_carea' id='block_1_7' title="bbox 484 908 2068 983">
    <p class='ocr_par' dir='ltr' id='par_1_7' title="bbox 484 908 2068 983">
     <span class='ocr_line' id='line_1_7' title="bbox 484 908 2068 983; baseline -0.001 -17"><span class='ocrx_word' id='word_1_38' title='bbox 484 908 563 966; x_wconf 71' lang='lat' dir='ltr'><strong>Ad</strong></span> <span class='ocrx_word' id='word_1_39' title='bbox 592 913 690 967; x_wconf 77' lang='lat' dir='ltr'><strong>hoc</strong></span> <span class='ocrx_word' id='word_1_40' title='bbox 723 913 948 982; x_wconf 74' lang='lat' dir='ltr'><strong>pertinet</strong></span> <span class='ocrx_word' id='word_1_41' title='bbox 970 913 1108 983; x_wconf 86' lang='lat' dir='ltr'><strong>quod</strong></span> <span class='ocrx_word' id='word_1_42' title='bbox 1150 914 1255 979; x_wconf 84' lang='lat' dir='ltr'><strong>ait,</strong></span> <span class='ocrx_word' id='word_1_43' title='bbox 1287 912 1467 968; x_wconf 82' lang='lat' dir='ltr'><strong>Sciens</strong></span> <span class='ocrx_word' id='word_1_44' title='bbox 1503 913 1623 981; x_wconf 71' lang='lat' dir='ltr'><strong>quia</strong></span> <span class='ocrx_word' id='word_1_45' title='bbox 1659 912 1827 965; x_wconf 79' lang='lat' dir='ltr'><strong>munia</strong></span> <span class='ocrx_word' id='word_1_46' title='bbox 1847 910 1985 963; x_wconf 78' lang='lat' dir='ltr'><strong>dedit</strong></span> <span class='ocrx_word' id='word_1_47' title='bbox 2021 911 2068 964; x_wconf 71' lang='lat' dir='ltr'><strong>si</strong></span> 
     </span>
    </p>
   </div>
   <div class='ocr_carea' id='block_1_8' title="bbox 489 1002 2061 1074">
    <p class='ocr_par' dir='ltr' id='par_1_8' title="bbox 489 1002 2061 1074">
     <span class='ocr_line' id='line_1_8' title="bbox 489 1002 2061 1074; baseline -0.002 -17"><span class='ocrx_word' id='word_1_48' title='bbox 489 1003 646 1058; x_wconf 75' lang='lat' dir='ltr'><strong>Pater</strong></span> <span class='ocrx_word' id='word_1_49' title='bbox 669 1005 722 1058; x_wconf 78' lang='lat' dir='ltr'><strong>in</strong></span> <span class='ocrx_word' id='word_1_50' title='bbox 752 1011 931 1059; x_wconf 73' lang='lat' dir='ltr'><strong>manus</strong></span> <span class='ocrx_word' id='word_1_51' title='bbox 947 1045 959 1068; x_wconf 93' lang='lat'><strong>,</strong></span> <span class='ocrx_word' id='word_1_52' title='bbox 986 1005 1171 1074; x_wconf 82' lang='lat' dir='ltr'><strong>etquid</strong></span> <span class='ocrx_word' id='word_1_53' title='bbox 1200 1021 1230 1056; x_wconf 84' lang='grc' dir='ltr'><em>α</em></span> <span class='ocrx_word' id='word_1_54' title='bbox 1253 1003 1364 1058; x_wconf 87' lang='lat' dir='ltr'><strong>Deo</strong></span> <span class='ocrx_word' id='word_1_55' title='bbox 1390 1005 1508 1058; x_wconf 66' lang='lat' dir='ltr'><strong>car-iit</strong></span> <span class='ocrx_word' id='word_1_56' title='bbox 1525 1039 1538 1066; x_wconf 92' lang='lat'><strong>,</strong></span> <span class='ocrx_word' id='word_1_57' title='bbox 1563 1013 1608 1056; x_wconf 87' lang='lat' dir='ltr'><strong>et</strong></span> <span class='ocrx_word' id='word_1_58' title='bbox 1637 1003 1704 1056; x_wconf 84' lang='lat' dir='ltr'><strong>ad</strong></span> <span class='ocrx_word' id='word_1_59' title='bbox 1726 1003 1886 1056; x_wconf 81' lang='lat' dir='ltr'><strong>Deum</strong></span> <span class='ocrx_word' id='word_1_60' title='bbox 1908 1002 2061 1056; x_wconf 59' lang='lat' dir='ltr'><strong>vadit;</strong></span> 
     </span>
    </p>
   </div>
   <div class='ocr_carea' id='block_1_9' title="bbox 480 1095 2068 1167">
    <p class='ocr_par' dir='ltr' id='par_1_9' title="bbox 480 1095 2068 1167">
     <span class='ocr_line' id='line_1_9' title="bbox 480 1095 2068 1167; baseline -0.002 -15"><span class='ocrx_word' id='word_1_61' title='bbox 480 1097 613 1152; x_wconf 86' lang='lat' dir='ltr'><strong>Cum</strong></span> <span class='ocrx_word' id='word_1_62' title='bbox 641 1098 716 1151; x_wconf 86' lang='lat' dir='ltr'><strong>illi</strong></span> <span class='ocrx_word' id='word_1_63' title='bbox 741 1108 868 1167; x_wconf 78' lang='lat' dir='ltr'><strong>ergo</strong></span> <span class='ocrx_word' id='word_1_64' title='bbox 892 1098 1068 1151; x_wconf 81' lang='lat' dir='ltr'><strong>omnia</strong></span> <span class='ocrx_word' id='word_1_65' title='bbox 1091 1097 1246 1152; x_wconf 75' lang='lat' dir='ltr'><strong>Pater</strong></span> <span class='ocrx_word' id='word_1_66' title='bbox 1264 1097 1496 1152; x_wconf 84' lang='lat' dir='ltr'><strong>dedisset</strong></span> <span class='ocrx_word' id='word_1_67' title='bbox 1541 1097 1593 1151; x_wconf 86' lang='lat' dir='ltr'><strong>in</strong></span> <span class='ocrx_word' id='word_1_68' title='bbox 1619 1105 1806 1150; x_wconf 86' lang='lat' dir='ltr'><strong>manus</strong></span> <span class='ocrx_word' id='word_1_69' title='bbox 1825 1136 1840 1161; x_wconf 94' lang='lat'><strong>,</strong></span> <span class='ocrx_word' id='word_1_70' title='bbox 1869 1097 1960 1151; x_wconf 87' lang='lat' dir='ltr'><strong>ille</strong></span> <span class='ocrx_word' id='word_1_71' title='bbox 1987 1095 2068 1149; x_wconf 62' lang='lat' dir='ltr'><strong>dia</strong></span> 
     </span>
    </p>
   </div>
   <div class='ocr_carea' id='block_1_10' title="bbox 481 1189 2067 1259">
    <p class='ocr_par' dir='ltr' id='par_1_10' title="bbox 481 1189 2067 1259">
     <span class='ocr_line' id='line_1_10' title="bbox 481 1189 2067 1259; baseline -0.001 -14"><span class='ocrx_word' id='word_1_72' title='bbox 481 1189 803 1259; x_wconf 83' lang='lat' dir='ltr'><strong>scipuloi-um</strong></span> <span class='ocrx_word' id='word_1_73' title='bbox 853 1203 956 1243; x_wconf 86' lang='lat' dir='ltr'><strong>non</strong></span> <span class='ocrx_word' id='word_1_74' title='bbox 1007 1205 1228 1257; x_wconf 88' lang='lat' dir='ltr'><strong>manus,</strong></span> <span class='ocrx_word' id='word_1_75' title='bbox 1253 1191 1346 1244; x_wconf 85' lang='lat' dir='ltr'><strong>sed</strong></span> <span class='ocrx_word' id='word_1_76' title='bbox 1388 1191 1550 1259; x_wconf 84' lang='lat' dir='ltr'><strong>pedes</strong></span> <span class='ocrx_word' id='word_1_77' title='bbox 1581 1190 1704 1243; x_wconf 82' lang='lat' dir='ltr'><strong>lavit</strong></span> <span class='ocrx_word' id='word_1_78' title='bbox 1729 1207 1740 1242; x_wconf 90' lang='lat'><strong>:</strong></span> <span class='ocrx_word' id='word_1_79' title='bbox 1765 1197 1817 1243; x_wconf 86' lang='lat' dir='ltr'><strong>et</strong></span> <span class='ocrx_word' id='word_1_80' title='bbox 1845 1202 1964 1242; x_wconf 89' lang='lat' dir='ltr'><strong>cum</strong></span> <span class='ocrx_word' id='word_1_81' title='bbox 2005 1202 2067 1243; x_wconf 83' lang='lat' dir='ltr'><strong>se</strong></span> 
     </span>
    </p>
   </div>
   <div class='ocr_carea' id='block_1_11' title="bbox 480 1276 2064 1355">
    <p class='ocr_par' dir='ltr' id='par_1_11' title="bbox 480 1276 2064 1355">
     <span class='ocr_line' id='line_1_11' title="bbox 480 1276 2064 1355; baseline -0.001 -17"><span class='ocrx_word' id='word_1_82' title='bbox 480 1287 640 1340; x_wconf 77' lang='lat' dir='ltr'><strong>sciret</strong></span> <span class='ocrx_word' id='word_1_83' title='bbox 678 1291 707 1338; x_wconf 83' lang='lat' dir='ltr'><strong>a</strong></span> <span class='ocrx_word' id='word_1_84' title='bbox 753 1285 864 1339; x_wconf 83' lang='lat' dir='ltr'><strong>Deo</strong></span> <span class='ocrx_word' id='word_1_85' title='bbox 903 1281 1126 1352; x_wconf 65' lang='lat' dir='ltr'><strong>exiisse,</strong></span> <span class='ocrx_word' id='word_1_86' title='bbox 1182 1294 1236 1341; x_wconf 89' lang='lat' dir='ltr'><strong>et</strong></span> <span class='ocrx_word' id='word_1_87' title='bbox 1266 1276 1332 1339; x_wconf 75' lang='lat' dir='ltr'><strong>ad</strong></span> <span class='ocrx_word' id='word_1_88' title='bbox 1364 1287 1528 1339; x_wconf 86' lang='lat' dir='ltr'><strong>Deum</strong></span> <span class='ocrx_word' id='word_1_89' title='bbox 1549 1293 1801 1355; x_wconf 80' lang='lat' dir='ltr'><strong>pergere,</strong></span> <span class='ocrx_word' id='word_1_90' title='bbox 1831 1295 1935 1337; x_wconf 88' lang='lat' dir='ltr'><strong>non</strong></span> <span class='ocrx_word' id='word_1_91' title='bbox 1971 1282 2064 1336; x_wconf 86' lang='lat' dir='ltr'><strong>Dei</strong></span> 
     </span>
    </p>
   </div>
   <div class='ocr_carea' id='block_1_12' title="bbox 479 1374 2063 1448">
    <p class='ocr_par' dir='ltr' id='par_1_12' title="bbox 479 1374 2063 1448">
     <span class='ocr_line' id='line_1_12' title="bbox 479 1374 2063 1448; baseline -0.002 -17"><span class='ocrx_word' id='word_1_92' title='bbox 479 1377 717 1442; x_wconf 87' lang='lat' dir='ltr'><strong>Domini,</strong></span> <span class='ocrx_word' id='word_1_93' title='bbox 751 1377 844 1431; x_wconf 84' lang='lat' dir='ltr'><strong>sed</strong></span> <span class='ocrx_word' id='word_1_94' title='bbox 877 1377 1106 1432; x_wconf 84' lang='lat' dir='ltr'><strong>hominis</strong></span> <span class='ocrx_word' id='word_1_95' title='bbox 1131 1378 1268 1432; x_wconf 87' lang='lat' dir='ltr'><strong>servi</strong></span> <span class='ocrx_word' id='word_1_96' title='bbox 1302 1378 1539 1448; x_wconf 88' lang='lat' dir='ltr'><strong>implevit</strong></span> <span class='ocrx_word' id='word_1_97' title='bbox 1564 1376 1816 1430; x_wconf 80' lang='lat' dir='ltr'><strong>ofﬁcium.</strong></span> <span class='ocrx_word' id='word_1_98' title='bbox 1853 1374 1934 1428; x_wconf 84' lang='lat' dir='ltr'><strong>Ad</strong></span> <span class='ocrx_word' id='word_1_99' title='bbox 1962 1374 2063 1428; x_wconf 83' lang='lat' dir='ltr'><strong>hoc</strong></span> 
     </span>
    </p>
   </div>
   <div class='ocr_carea' id='block_1_13' title="bbox 477 1461 2061 1540">
    <p class='ocr_par' dir='ltr' id='par_1_13' title="bbox 477 1461 2061 1540">
     <span class='ocr_line' id='line_1_13' title="bbox 477 1461 2061 1540; baseline -0.001 -18"><span class='ocrx_word' id='word_1_100' title='bbox 477 1477 650 1523; x_wconf 86' lang='lat' dir='ltr'><strong>autem</strong></span> <span class='ocrx_word' id='word_1_101' title='bbox 697 1471 920 1538; x_wconf 78' lang='lat' dir='ltr'><strong>pertinet</strong></span> <span class='ocrx_word' id='word_1_102' title='bbox 973 1470 1112 1540; x_wconf 87' lang='lat' dir='ltr'><strong>quod</strong></span> <span class='ocrx_word' id='word_1_103' title='bbox 1141 1467 1298 1523; x_wconf 87' lang='lat' dir='ltr'><strong>etiam</strong></span> <span class='ocrx_word' id='word_1_104' title='bbox 1331 1469 1398 1523; x_wconf 87' lang='lat' dir='ltr'><strong>de</strong></span> <span class='ocrx_word' id='word_1_105' title='bbox 1428 1461 1683 1523; x_wconf 81' lang='lat' dir='ltr'><strong>traditore</strong></span> <span class='ocrx_word' id='word_1_106' title='bbox 1721 1466 1915 1536; x_wconf 77' lang='lat' dir='ltr'><strong>ipsius,</strong></span> <span class='ocrx_word' id='word_1_107' title='bbox 1962 1466 2061 1535; x_wconf 83' lang='lat' dir='ltr'><strong>qui</strong></span> 
     </span>
    </p>
   </div>
   <div class='ocr_carea' id='block_1_14' title="bbox 472 1559 2058 1632">
    <p class='ocr_par' dir='ltr' id='par_1_14' title="bbox 472 1559 2058 1632">
     <span class='ocr_line' id='line_1_14' title="bbox 472 1559 2058 1632; baseline 0.001 -20"><span class='ocrx_word' id='word_1_108' title='bbox 472 1559 580 1629; x_wconf 82' lang='lat' dir='ltr'><strong>jam</strong></span> <span class='ocrx_word' id='word_1_109' title='bbox 608 1561 726 1614; x_wconf 87' lang='lat' dir='ltr'><strong>talis</strong></span> <span class='ocrx_word' id='word_1_110' title='bbox 750 1569 1001 1627; x_wconf 80' lang='lat' dir='ltr'><strong>venerat,</strong></span> <span class='ocrx_word' id='word_1_111' title='bbox 1025 1563 1111 1632; x_wconf 83' lang='lat' dir='ltr'><strong>qui</strong></span> <span class='ocrx_word' id='word_1_112' title='bbox 1142 1573 1238 1615; x_wconf 85' lang='lat' dir='ltr'><strong>nec</strong></span> <span class='ocrx_word' id='word_1_113' title='bbox 1271 1562 1337 1616; x_wconf 89' lang='lat' dir='ltr'><strong>ab</strong></span> <span class='ocrx_word' id='word_1_114' title='bbox 1368 1563 1456 1614; x_wconf 89' lang='lat' dir='ltr'><strong>illo</strong></span> <span class='ocrx_word' id='word_1_115' title='bbox 1481 1561 1848 1632; x_wconf 73' lang='lat' dir='ltr'><strong>ignorabatur,</strong></span> <span class='ocrx_word' id='word_1_116' title='bbox 1873 1560 2058 1629; x_wconf 67' lang='grc' dir='ltr'>ιινίυιοδ</span> 
     </span>
    </p>
   </div>
   <div class='ocr_carea' id='block_1_15' title="bbox 476 1652 2060 1724">
    <p class='ocr_par' dir='ltr' id='par_1_15' title="bbox 476 1652 2060 1724">
     <span class='ocr_line' id='line_1_15' title="bbox 476 1652 2060 1724; baseline -0.001 -20"><span class='ocrx_word' id='word_1_117' title='bbox 476 1653 564 1720; x_wconf 85' lang='lat' dir='ltr'><strong>qui</strong></span> <span class='ocrx_word' id='word_1_118' title='bbox 593 1654 792 1716; x_wconf 84' lang='lat' dir='ltr'><strong>voluit;</strong></span> <span class='ocrx_word' id='word_1_119' title='bbox 822 1657 877 1706; x_wconf 88' lang='lat' dir='ltr'><strong>ut</strong></span> <span class='ocrx_word' id='word_1_120' title='bbox 908 1652 1008 1706; x_wconf 87' lang='lat' dir='ltr'><strong>hoc</strong></span> <span class='ocrx_word' id='word_1_121' title='bbox 1028 1661 1238 1724; x_wconf 75' lang='lat' dir='ltr'><strong>(pioque</strong></span> <span class='ocrx_word' id='word_1_122' title='bbox 1264 1655 1334 1708; x_wconf 78' lang='lat' dir='ltr'><strong>ad</strong></span> <span class='ocrx_word' id='word_1_123' title='bbox 1354 1654 1636 1707; x_wconf 70' lang='lat' dir='ltr'><strong>muluium</strong></span> <span class='ocrx_word' id='word_1_124' title='bbox 1665 1652 1934 1706; x_wconf 85' lang='lat' dir='ltr'><strong>cumulum</strong></span> <span class='ocrx_word' id='word_1_125' title='bbox 1961 1652 2060 1704; x_wconf 57' lang='lat' dir='ltr'><strong>luta</strong></span> 
     </span>
    </p>
   </div>
   <div class='ocr_carea' id='block_1_16' title="bbox 476 1740 2059 1815">
    <p class='ocr_par' dir='ltr' id='par_1_16' title="bbox 476 1740 2059 1815">
     <span class='ocr_line' id='line_1_16' title="bbox 476 1740 2059 1815; baseline -0.001 -19"><span class='ocrx_word' id='word_1_126' title='bbox 476 1743 716 1798; x_wconf 78' lang='lat' dir='ltr'><strong>utilitatis</strong></span> <span class='ocrx_word' id='word_1_127' title='bbox 755 1745 1062 1811; x_wconf 70' lang='lat' dir='ltr'><strong>accederet,</strong></span> <span class='ocrx_word' id='word_1_128' title='bbox 1114 1740 1254 1815; x_wconf 85' lang='lat' dir='ltr'><strong>quod</strong></span> <span class='ocrx_word' id='word_1_129' title='bbox 1302 1745 1459 1799; x_wconf 87' lang='lat' dir='ltr'><strong>etiam</strong></span> <span class='ocrx_word' id='word_1_130' title='bbox 1495 1744 1576 1797; x_wconf 83' lang='lat' dir='ltr'><strong>illi</strong></span> <span class='ocrx_word' id='word_1_131' title='bbox 1600 1759 1707 1796; x_wconf 90' lang='lat' dir='ltr'><strong>non</strong></span> <span class='ocrx_word' id='word_1_132' title='bbox 1745 1742 2059 1812; x_wconf 77' lang='lat' dir='ltr'><strong>dedignatus</strong></span> 
     </span>
    </p>
   </div>
   <div class='ocr_carea' id='block_1_17' title="bbox 477 1833 2057 1905">
    <p class='ocr_par' dir='ltr' id='par_1_17' title="bbox 477 1833 2057 1905">
     <span class='ocr_line' id='line_1_17' title="bbox 477 1833 2057 1905; baseline 0.001 -19"><span class='ocrx_word' id='word_1_133' title='bbox 477 1841 557 1886; x_wconf 88' lang='lat' dir='ltr'><strong>est</strong></span> <span class='ocrx_word' id='word_1_134' title='bbox 589 1834 751 1903; x_wconf 84' lang='lat' dir='ltr'><strong>pedes</strong></span> <span class='ocrx_word' id='word_1_135' title='bbox 779 1834 972 1900; x_wconf 75' lang='lat' dir='ltr'><strong>lavare,</strong></span> <span class='ocrx_word' id='word_1_136' title='bbox 996 1836 1147 1905; x_wconf 86' lang='lat' dir='ltr'><strong>cujus</strong></span> <span class='ocrx_word' id='word_1_137' title='bbox 1177 1849 1363 1889; x_wconf 87' lang='lat' dir='ltr'><strong>manus</strong></span> <span class='ocrx_word' id='word_1_138' title='bbox 1380 1836 1488 1904; x_wconf 83' lang='lat' dir='ltr'><strong>jam</strong></span> <span class='ocrx_word' id='word_1_139' title='bbox 1521 1833 1840 1904; x_wconf 76' lang='lat' dir='ltr'><strong>prmvidebnt</strong></span> <span class='ocrx_word' id='word_1_140' title='bbox 1867 1834 1918 1887; x_wconf 91' lang='lat' dir='ltr'><strong>in</strong></span> <span class='ocrx_word' id='word_1_141' title='bbox 1945 1848 2057 1888; x_wconf 52' lang='lat' dir='ltr'><strong>sed</strong></span> 
     </span>
    </p>
   </div>
   <div class='ocr_carea' id='block_1_18' title="bbox 475 1925 603 1979">
    <p class='ocr_par' dir='ltr' id='par_1_18' title="bbox 475 1925 603 1979">
     <span class='ocr_line' id='line_1_18' title="bbox 475 1925 603 1979; baseline -0.008 -1"><span class='ocrx_word' id='word_1_142' title='bbox 475 1925 603 1979; x_wconf 86' lang='lat' dir='ltr'><strong>lere.</strong></span> 
     </span>
    </p>
   </div>
   <div class='ocr_carea' id='block_1_19' title="bbox 546 2019 2057 2089">
    <p class='ocr_par' dir='ltr' id='par_1_19' title="bbox 546 2019 2057 2089">
     <span class='ocr_line' id='line_1_19' title="bbox 546 2019 2057 2089; baseline 0.003 -19"><span class='ocrx_word' id='word_1_143' title='bbox 546 2019 595 2070; x_wconf 92' lang='lat'><strong>7.</strong></span> <span class='ocrx_word' id='word_1_144' title='bbox 609 2019 746 2085; x_wconf 82' lang='lat' dir='ltr'><strong>Quid</strong></span> <span class='ocrx_word' id='word_1_145' title='bbox 758 2029 932 2075; x_wconf 87' lang='lat' dir='ltr'><strong>autem</strong></span> <span class='ocrx_word' id='word_1_146' title='bbox 947 2021 1135 2074; x_wconf 89' lang='lat' dir='ltr'><strong>mirum</strong></span> <span class='ocrx_word' id='word_1_147' title='bbox 1149 2020 1194 2074; x_wconf 85' lang='lat' dir='ltr'><strong>si</strong></span> <span class='ocrx_word' id='word_1_148' title='bbox 1209 2021 1436 2074; x_wconf 78' lang='lat' dir='ltr'><strong>surreitit</strong></span> <span class='ocrx_word' id='word_1_149' title='bbox 1451 2033 1480 2074; x_wconf 75' lang='grc' dir='ltr'><strong>ιι</strong></span> <span class='ocrx_word' id='word_1_150' title='bbox 1494 2033 1666 2087; x_wconf 79' lang='lat' dir='ltr'><strong>omne,</strong></span> <span class='ocrx_word' id='word_1_151' title='bbox 1682 2028 1735 2074; x_wconf 87' lang='lat' dir='ltr'><strong>et</strong></span> <span class='ocrx_word' id='word_1_152' title='bbox 1767 2019 1940 2089; x_wconf 88' lang='lat' dir='ltr'><strong>posuit</strong></span> <span class='ocrx_word' id='word_1_153' title='bbox 1969 2035 2057 2074; x_wconf 81' lang='lat' dir='ltr'><strong>ve-</strong></span> 
     </span>
    </p>
   </div>
   <div class='ocr_carea' id='block_1_20' title="bbox 473 2110 2054 2182">
    <p class='ocr_par' dir='ltr' id='par_1_20' title="bbox 473 2110 2054 2182">
     <span class='ocr_line' id='line_1_20' title="bbox 473 2110 2054 2182; baseline 0.001 -18"><span class='ocrx_word' id='word_1_154' title='bbox 473 2110 718 2164; x_wconf 82' lang='lat' dir='ltr'><strong>stimenta</strong></span> <span class='ocrx_word' id='word_1_155' title='bbox 739 2113 956 2182; x_wconf 84' lang='lat' dir='ltr'><strong>stta,qui</strong></span> <span class='ocrx_word' id='word_1_156' title='bbox 978 2125 1097 2166; x_wconf 89' lang='lat' dir='ltr'><strong>cum</strong></span> <span class='ocrx_word' id='word_1_157' title='bbox 1127 2113 1176 2165; x_wconf 90' lang='lat' dir='ltr'><strong>in</strong></span> <span class='ocrx_word' id='word_1_158' title='bbox 1208 2111 1374 2166; x_wconf 81' lang='lat' dir='ltr'><strong>forma</strong></span> <span class='ocrx_word' id='word_1_159' title='bbox 1409 2113 1496 2166; x_wconf 87' lang='lat' dir='ltr'><strong>Dei</strong></span> <span class='ocrx_word' id='word_1_160' title='bbox 1519 2122 1680 2178; x_wconf 81' lang='lat' dir='ltr'><strong>esset,</strong></span> <span class='ocrx_word' id='word_1_161' title='bbox 1713 2114 2054 2181; x_wconf 75' lang='lat' dir='ltr'><strong>semetipsum</strong></span> 
     </span>
    </p>
   </div>
   <div class='ocr_carea' id='block_1_21' title="bbox 477 2200 2055 2273">
    <p class='ocr_par' dir='ltr' id='par_1_21' title="bbox 477 2200 2055 2273">
     <span class='ocr_line' id='line_1_21' title="bbox 477 2200 2055 2273; baseline 0.001 -19"><span class='ocrx_word' id='word_1_162' title='bbox 477 2200 800 2255; x_wconf 63' lang='lat' dir='ltr'><strong>exinanivit?</strong></span> <span class='ocrx_word' id='word_1_163' title='bbox 826 2203 890 2256; x_wconf 85' lang='lat' dir='ltr'><strong>Et</strong></span> <span class='ocrx_word' id='word_1_164' title='bbox 915 2203 1043 2272; x_wconf 80' lang='lat' dir='ltr'><strong>quid</strong></span> <span class='ocrx_word' id='word_1_165' title='bbox 1071 2203 1260 2256; x_wconf 88' lang='lat' dir='ltr'><strong>tnirum</strong></span> <span class='ocrx_word' id='word_1_166' title='bbox 1291 2205 1332 2256; x_wconf 97' lang='lat' dir='ltr'><strong>si</strong></span> <span class='ocrx_word' id='word_1_167' title='bbox 1367 2205 1642 2272; x_wconf 68' lang='lat' dir='ltr'><strong>przecinxit</strong></span> <span class='ocrx_word' id='word_1_168' title='bbox 1665 2219 1723 2258; x_wconf 82' lang='lat' dir='ltr'><strong>se</strong></span> <span class='ocrx_word' id='word_1_169' title='bbox 1745 2203 1929 2268; x_wconf 87' lang='lat' dir='ltr'><strong>linteo,</strong></span> <span class='ocrx_word' id='word_1_170' title='bbox 1966 2203 2055 2273; x_wconf 96' lang='lat' dir='ltr'><strong>qui</strong></span> 
     </span>
    </p>
   </div>
   <div class='ocr_carea' id='block_1_22' title="bbox 471 2290 2056 2366">
    <p class='ocr_par' dir='ltr' id='par_1_22' title="bbox 471 2290 2056 2366">
     <span class='ocr_line' id='line_1_22' title="bbox 471 2290 2056 2366; baseline 0.003 -22"><span class='ocrx_word' id='word_1_171' title='bbox 471 2290 694 2346; x_wconf 81' lang='lat' dir='ltr'><strong>formam</strong></span> <span class='ocrx_word' id='word_1_172' title='bbox 736 2295 875 2347; x_wconf 74' lang='lat' dir='ltr'><strong>servi</strong></span> <span class='ocrx_word' id='word_1_173' title='bbox 913 2295 1177 2366; x_wconf 79' lang='lat' dir='ltr'><strong>accipiens</strong></span> <span class='ocrx_word' id='word_1_174' title='bbox 1207 2295 1384 2349; x_wconf 86' lang='lat' dir='ltr'><strong>habitu</strong></span> <span class='ocrx_word' id='word_1_175' title='bbox 1420 2295 1665 2350; x_wconf 74' lang='lat' dir='ltr'><strong>inventus</strong></span> <span class='ocrx_word' id='word_1_176' title='bbox 1687 2305 1768 2352; x_wconf 84' lang='lat' dir='ltr'><strong>est</strong></span> <span class='ocrx_word' id='word_1_177' title='bbox 1805 2305 1862 2350; x_wconf 91' lang='lat' dir='ltr'><strong>ut</strong></span> <span class='ocrx_word' id='word_1_178' title='bbox 1896 2297 2056 2350; x_wconf 84' lang='lat' dir='ltr'><strong>homo</strong></span> 
     </span>
    </p>
   </div>
   <div class='ocr_carea' id='block_1_23' title="bbox 471 2383 2053 2459">
    <p class='ocr_par' dir='ltr' id='par_1_23' title="bbox 471 2383 2053 2459">
     <span class='ocr_line' id='line_1_23' title="bbox 471 2383 2053 2459; baseline 0.004 -23"><span class='ocrx_word' id='word_1_179' title='bbox 471 2383 724 2453; x_wconf 69' lang='lat' dir='ltr'><strong>(Philipp:</strong></span> <span class='ocrx_word' id='word_1_180' title='bbox 739 2390 828 2451; x_wconf 79' lang='lat' dir='ltr'><strong>n,ti</strong></span> <span class='ocrx_word' id='word_1_181' title='bbox 843 2387 1004 2459; x_wconf 83' lang='lat' dir='ltr'><strong>et7.)?</strong></span> <span class='ocrx_word' id='word_1_182' title='bbox 1020 2389 1156 2453; x_wconf 86' lang='lat' dir='ltr'><strong>Quid</strong></span> <span class='ocrx_word' id='word_1_183' title='bbox 1169 2390 1356 2441; x_wconf 88' lang='lat' dir='ltr'><strong>mirum</strong></span> <span class='ocrx_word' id='word_1_184' title='bbox 1370 2389 1414 2443; x_wconf 89' lang='lat' dir='ltr'><strong>si</strong></span> <span class='ocrx_word' id='word_1_185' title='bbox 1432 2390 1575 2442; x_wconf 83' lang='lat' dir='ltr'><strong>misit</strong></span> <span class='ocrx_word' id='word_1_186' title='bbox 1589 2404 1777 2458; x_wconf 83' lang='lat' dir='ltr'><strong>aquam</strong></span> <span class='ocrx_word' id='word_1_187' title='bbox 1792 2390 1842 2442; x_wconf 88' lang='lat' dir='ltr'><strong>itt</strong></span> <span class='ocrx_word' id='word_1_188' title='bbox 1862 2389 2053 2458; x_wconf 64' lang='lat' dir='ltr'><strong>pett-im</strong></span> 
     </span>
    </p>
   </div>
   <div class='ocr_carea' id='block_1_24' title="bbox 469 2475 2055 2550">
    <p class='ocr_par' dir='ltr' id='par_1_24' title="bbox 469 2475 2055 2550">
     <span class='ocr_line' id='line_1_24' title="bbox 469 2475 2055 2550; baseline 0.004 -22"><span class='ocrx_word' id='word_1_189' title='bbox 469 2475 606 2528; x_wconf 78' lang='lat' dir='ltr'><strong>unde</strong></span> <span class='ocrx_word' id='word_1_190' title='bbox 641 2479 836 2531; x_wconf 80' lang='lat' dir='ltr'><strong>Iuvat-ct</strong></span> <span class='ocrx_word' id='word_1_191' title='bbox 852 2479 1010 2546; x_wconf 82' lang='lat' dir='ltr'><strong>pedes</strong></span> <span class='ocrx_word' id='word_1_192' title='bbox 1031 2480 1427 2548; x_wconf 83' lang='lat' dir='ltr'><strong>discipulorum,</strong></span> <span class='ocrx_word' id='word_1_193' title='bbox 1444 2479 1599 2548; x_wconf 87' lang='lat' dir='ltr'><strong>quiin</strong></span> <span class='ocrx_word' id='word_1_194' title='bbox 1624 2491 1815 2534; x_wconf 87' lang='lat' dir='ltr'><strong>terram</strong></span> <span class='ocrx_word' id='word_1_195' title='bbox 1840 2481 2055 2550; x_wconf 56' lang='lat' dir='ltr'><strong>sanguis</strong></span> 
     </span>
    </p>
   </div>
   <div class='ocr_carea' id='block_1_25' title="bbox 470 2563 2054 2640">
    <p class='ocr_par' dir='ltr' id='par_1_25' title="bbox 470 2563 2054 2640">
     <span class='ocr_line' id='line_1_25' title="bbox 470 2563 2054 2640; baseline 0.005 -21"><span class='ocrx_word' id='word_1_196' title='bbox 470 2581 589 2620; x_wconf 87' lang='lat' dir='ltr'><strong>nem</strong></span> <span class='ocrx_word' id='word_1_197' title='bbox 609 2563 757 2632; x_wconf 80' lang='lat' dir='ltr'><strong>ludit,</strong></span> <span class='ocrx_word' id='word_1_198' title='bbox 777 2583 882 2638; x_wconf 90' lang='lat' dir='ltr'><strong>quo</strong></span> <span class='ocrx_word' id='word_1_199' title='bbox 899 2566 1282 2625; x_wconf 85' lang='lat' dir='ltr'><strong>immunditiam</strong></span> <span class='ocrx_word' id='word_1_200' title='bbox 1296 2572 1520 2626; x_wconf 88' lang='lat' dir='ltr'><strong>dilueret</strong></span> <span class='ocrx_word' id='word_1_201' title='bbox 1539 2573 1902 2639; x_wconf 84' lang='lat' dir='ltr'><strong>peccatorum?</strong></span> <span class='ocrx_word' id='word_1_202' title='bbox 1919 2573 2054 2640; x_wconf 86' lang='lat' dir='ltr'><strong>Quid</strong></span> 
     </span>
    </p>
   </div>
   <div class='ocr_carea' id='block_1_26' title="bbox 470 2657 2056 2732">
    <p class='ocr_par' dir='ltr' id='par_1_26' title="bbox 470 2657 2056 2732">
     <span class='ocr_line' id='line_1_26' title="bbox 470 2657 2056 2732; baseline 0.006 -21"><span class='ocrx_word' id='word_1_203' title='bbox 470 2659 661 2713; x_wconf 84' lang='lat' dir='ltr'><strong>mirum</strong></span> <span class='ocrx_word' id='word_1_204' title='bbox 688 2657 730 2714; x_wconf 86' lang='lat' dir='ltr'><strong>si</strong></span> <span class='ocrx_word' id='word_1_205' title='bbox 762 2662 922 2716; x_wconf 79' lang='lat' dir='ltr'><strong>linteo</strong></span> <span class='ocrx_word' id='word_1_206' title='bbox 944 2678 1048 2731; x_wconf 88' lang='lat' dir='ltr'><strong>quo</strong></span> <span class='ocrx_word' id='word_1_207' title='bbox 1073 2671 1187 2716; x_wconf 81' lang='lat' dir='ltr'><strong>erat</strong></span> <span class='ocrx_word' id='word_1_208' title='bbox 1214 2664 1547 2732; x_wconf 58' lang='lat' dir='ltr'><strong>praecinctus,</strong></span> <span class='ocrx_word' id='word_1_209' title='bbox 1577 2665 1736 2732; x_wconf 82' lang='lat' dir='ltr'><strong>pedes</strong></span> <span class='ocrx_word' id='word_1_210' title='bbox 1757 2681 1890 2732; x_wconf 79' lang='lat' dir='ltr'><strong>quos</strong></span> <span class='ocrx_word' id='word_1_211' title='bbox 1913 2666 2056 2720; x_wconf 80' lang='lat' dir='ltr'><strong>lave-</strong></span> 
     </span>
    </p>
   </div>
   <div class='ocr_carea' id='block_1_27' title="bbox 468 2755 2052 2827">
    <p class='ocr_par' dir='ltr' id='par_1_27' title="bbox 468 2755 2052 2827">
     <span class='ocr_line' id='line_1_27' title="bbox 468 2755 2052 2827; baseline 0.004 -23"><span class='ocrx_word' id='word_1_212' title='bbox 468 2761 551 2804; x_wconf 85' lang='lat' dir='ltr'><strong>rat</strong></span> <span class='ocrx_word' id='word_1_213' title='bbox 573 2791 586 2813; x_wconf 88' lang='lat'><strong>,</strong></span> <span class='ocrx_word' id='word_1_214' title='bbox 617 2755 799 2819; x_wconf 79' lang='lat' dir='ltr'><strong>tersit,</strong></span> <span class='ocrx_word' id='word_1_215' title='bbox 830 2755 918 2823; x_wconf 87' lang='lat' dir='ltr'><strong>qui</strong></span> <span class='ocrx_word' id='word_1_216' title='bbox 947 2768 1108 2809; x_wconf 64' lang='grc' dir='ltr'><strong>ρει-ηε</strong></span> <span class='ocrx_word' id='word_1_217' title='bbox 1129 2764 1231 2824; x_wconf 85' lang='lat' dir='ltr'><strong>qua</strong></span> <span class='ocrx_word' id='word_1_218' title='bbox 1260 2765 1374 2809; x_wconf 83' lang='lat' dir='ltr'><strong>erat</strong></span> <span class='ocrx_word' id='word_1_219' title='bbox 1401 2756 1616 2809; x_wconf 85' lang='lat' dir='ltr'><strong>indutus</strong></span> <span class='ocrx_word' id='word_1_220' title='bbox 1638 2798 1652 2819; x_wconf 88' lang='lat'><strong>,</strong></span> <span class='ocrx_word' id='word_1_221' title='bbox 1687 2756 2052 2827; x_wconf 74' lang='lat' dir='ltr'><strong>Evangelista-</strong></span> 
     </span>
    </p>
   </div>
   <div class='ocr_carea' id='block_1_28' title="bbox 469 2846 2056 2916">
    <p class='ocr_par' dir='ltr' id='par_1_28' title="bbox 469 2846 2056 2916">
     <span class='ocr_line' id='line_1_28' title="bbox 469 2846 2056 2916; baseline 0.003 -20"><span class='ocrx_word' id='word_1_222' title='bbox 469 2859 583 2896; x_wconf 89' lang='lat' dir='ltr'><strong>rtnn</strong></span> <span class='ocrx_word' id='word_1_223' title='bbox 606 2846 822 2913; x_wconf 70' lang='lat' dir='ltr'><strong>vestigia</strong></span> <span class='ocrx_word' id='word_1_224' title='bbox 847 2846 1219 2899; x_wconf 78' lang='lat' dir='ltr'><strong>conﬁrmavit?</strong></span> <span class='ocrx_word' id='word_1_225' title='bbox 1246 2847 1306 2900; x_wconf 73' lang='lat' dir='ltr'><strong>Et</strong></span> <span class='ocrx_word' id='word_1_226' title='bbox 1331 2847 1489 2900; x_wconf 84' lang='lat' dir='ltr'><strong>linteo</strong></span> <span class='ocrx_word' id='word_1_227' title='bbox 1515 2846 1727 2916; x_wconf 80' lang='lat' dir='ltr'><strong>quidem</strong></span> <span class='ocrx_word' id='word_1_228' title='bbox 1756 2856 1810 2900; x_wconf 84' lang='lat' dir='ltr'><strong>ut</strong></span> <span class='ocrx_word' id='word_1_229' title='bbox 1831 2863 1889 2901; x_wconf 86' lang='lat' dir='ltr'><strong>se</strong></span> <span class='ocrx_word' id='word_1_230' title='bbox 1918 2857 2056 2916; x_wconf 63' lang='lat' dir='ltr'><strong>prat-</strong></span> 
     </span>
    </p>
   </div>
   <div class='ocr_carea' id='block_1_29' title="bbox 469 2935 2052 3007">
    <p class='ocr_par' dir='ltr' id='par_1_29' title="bbox 469 2935 2052 3007">
     <span class='ocr_line' id='line_1_29' title="bbox 469 2935 2052 3007; baseline 0.003 -17"><span class='ocrx_word' id='word_1_231' title='bbox 469 2935 732 3005; x_wconf 87' lang='lat' dir='ltr'><strong>cingeret,</strong></span> <span class='ocrx_word' id='word_1_232' title='bbox 766 2938 1269 3005; x_wconf 78' lang='lat' dir='ltr'><strong>posuitvestimeuta</strong></span> <span class='ocrx_word' id='word_1_233' title='bbox 1307 2953 1425 3007; x_wconf 77' lang='lat' dir='ltr'><strong>qum</strong></span> <span class='ocrx_word' id='word_1_234' title='bbox 1471 2938 1729 2992; x_wconf 79' lang='lat' dir='ltr'><strong>habebat:</strong></span> <span class='ocrx_word' id='word_1_235' title='bbox 1770 2946 1827 2993; x_wconf 88' lang='lat' dir='ltr'><strong>ut</strong></span> <span class='ocrx_word' id='word_1_236' title='bbox 1876 2951 2052 2994; x_wconf 84' lang='lat' dir='ltr'><strong>autem</strong></span> 
     </span>
    </p>
   </div>
   <div class='ocr_carea' id='block_1_30' title="bbox 470 3023 2052 3098">
    <p class='ocr_par' dir='ltr' id='par_1_30' title="bbox 470 3023 2052 3098">
     <span class='ocr_line' id='line_1_30' title="bbox 470 3023 2052 3098; baseline 0.001 -16"><span class='ocrx_word' id='word_1_237' title='bbox 470 3023 692 3082; x_wconf 77' lang='lat' dir='ltr'><strong>formam</strong></span> <span class='ocrx_word' id='word_1_238' title='bbox 721 3029 858 3082; x_wconf 87' lang='lat' dir='ltr'><strong>servi</strong></span> <span class='ocrx_word' id='word_1_239' title='bbox 891 3030 1153 3098; x_wconf 85' lang='lat' dir='ltr'><strong>acciperet</strong></span> <span class='ocrx_word' id='word_1_240' title='bbox 1179 3031 1391 3098; x_wconf 78' lang='lat' dir='ltr'><strong>quando</strong></span> <span class='ocrx_word' id='word_1_241' title='bbox 1420 3030 1764 3097; x_wconf 83' lang='lat' dir='ltr'><strong>semetipsum</strong></span> <span class='ocrx_word' id='word_1_242' title='bbox 1809 3031 2052 3084; x_wconf 72' lang='lat' dir='ltr'><strong>exinani-</strong></span> 
     </span>
    </p>
   </div>
   <div class='ocr_carea' id='block_1_31' title="bbox 469 3119 2052 3193">
    <p class='ocr_par' dir='ltr' id='par_1_31' title="bbox 469 3119 2052 3193">
     <span class='ocr_line' id='line_1_31' title="bbox 469 3119 2052 3193; baseline 0.004 -22"><span class='ocrx_word' id='word_1_243' title='bbox 469 3120 572 3184; x_wconf 84' lang='lat' dir='ltr'><strong>vit,</strong></span> <span class='ocrx_word' id='word_1_244' title='bbox 607 3134 712 3172; x_wconf 88' lang='lat' dir='ltr'><strong>non</strong></span> <span class='ocrx_word' id='word_1_245' title='bbox 741 3120 882 3188; x_wconf 88' lang='lat' dir='ltr'><strong>quod</strong></span> <span class='ocrx_word' id='word_1_246' title='bbox 911 3119 1141 3174; x_wconf 83' lang='lat' dir='ltr'><strong>habebat</strong></span> <span class='ocrx_word' id='word_1_247' title='bbox 1164 3121 1442 3190; x_wconf 71' lang='lat' dir='ltr'><strong>deposuit,</strong></span> <span class='ocrx_word' id='word_1_248' title='bbox 1465 3123 1557 3176; x_wconf 76' lang='lat' dir='ltr'><strong>Sed</strong></span> <span class='ocrx_word' id='word_1_249' title='bbox 1586 3123 1726 3193; x_wconf 90' lang='lat' dir='ltr'><strong>quod</strong></span> <span class='ocrx_word' id='word_1_250' title='bbox 1755 3138 1857 3177; x_wconf 89' lang='lat' dir='ltr'><strong>non</strong></span> <span class='ocrx_word' id='word_1_251' title='bbox 1887 3123 2052 3178; x_wconf 82' lang='lat' dir='ltr'><strong>hahe-</strong></span> 
     </span>
    </p>
   </div>
   <div class='ocr_carea' id='block_1_32' title="bbox 470 3194 2054 3283">
    <p class='ocr_par' dir='ltr' id='par_1_32' title="bbox 470 3194 2054 3283">
     <span class='ocr_line' id='line_1_32' title="bbox 470 3194 2054 3283; baseline 0.004 -20"><span class='ocrx_word' id='word_1_252' title='bbox 470 3209 559 3263; x_wconf 85' lang='lat' dir='ltr'><strong>bat</strong></span> <span class='ocrx_word' id='word_1_253' title='bbox 587 3212 810 3278; x_wconf 80' lang='lat' dir='ltr'><strong>accepit.</strong></span> <span class='ocrx_word' id='word_1_254' title='bbox 857 3208 1256 3280; x_wconf 69' lang='lat' dir='ltr'><strong>Crucitigendus</strong></span> <span class='ocrx_word' id='word_1_255' title='bbox 1283 3229 1410 3266; x_wconf 75' lang='lat' dir='ltr'><strong>Sitne</strong></span> <span class='ocrx_word' id='word_1_256' title='bbox 1453 3214 1562 3267; x_wconf 86' lang='lat' dir='ltr'><strong>suis</strong></span> <span class='ocrx_word' id='word_1_257' title='bbox 1609 3194 1934 3283; x_wconf 73' lang='lat' dir='ltr'><strong>exspoliatus</strong></span> <span class='ocrx_word' id='word_1_258' title='bbox 1973 3224 2054 3269; x_wconf 81' lang='lat' dir='ltr'><strong>est</strong></span> 
     </span>
    </p>
   </div>
   <div class='ocr_carea' id='block_1_33' title="bbox 480 3303 2053 3368">
    <p class='ocr_par' dir='ltr' id='par_1_33' title="bbox 480 3303 2053 3368">
     <span class='ocr_line' id='line_1_33' title="bbox 480 3303 2053 3368; baseline 0.005 -14"><span class='ocrx_word' id='word_1_259' title='bbox 480 3303 842 3368; x_wconf 81' lang='lat' dir='ltr'><strong>vestimentis,</strong></span> <span class='ocrx_word' id='word_1_260' title='bbox 868 3313 919 3356; x_wconf 88' lang='lat' dir='ltr'><strong>et</strong></span> <span class='ocrx_word' id='word_1_261' title='bbox 950 3313 1188 3357; x_wconf 83' lang='lat' dir='ltr'><strong>mortuus</strong></span> <span class='ocrx_word' id='word_1_262' title='bbox 1219 3305 1484 3359; x_wconf 84' lang='lat' dir='ltr'><strong>involutus</strong></span> <span class='ocrx_word' id='word_1_263' title='bbox 1509 3313 1592 3360; x_wconf 87' lang='lat' dir='ltr'><strong>est</strong></span> <span class='ocrx_word' id='word_1_264' title='bbox 1621 3305 1798 3361; x_wconf 80' lang='lat' dir='ltr'><strong>linteis</strong></span> <span class='ocrx_word' id='word_1_265' title='bbox 1829 3326 1840 3360; x_wconf 87' lang='lat'><strong>:</strong></span> <span class='ocrx_word' id='word_1_266' title='bbox 1864 3315 1917 3360; x_wconf 79' lang='lat' dir='ltr'><strong>ct</strong></span> <span class='ocrx_word' id='word_1_267' title='bbox 1945 3317 2053 3362; x_wconf 83' lang='lat' dir='ltr'><strong>tota</strong></span> 
     </span>
    </p>
   </div>
   <div class='ocr_carea' id='block_1_34' title="bbox 473 3393 2054 3467">
    <p class='ocr_par' dir='ltr' id='par_1_34' title="bbox 473 3393 2054 3467">
     <span class='ocr_line' id='line_1_34' title="bbox 473 3393 2054 3467; baseline 0.004 -21"><span class='ocrx_word' id='word_1_268' title='bbox 473 3393 560 3448; x_wconf 85' lang='lat' dir='ltr'><strong>illa</strong></span> <span class='ocrx_word' id='word_1_269' title='bbox 589 3393 703 3461; x_wconf 71' lang='lat' dir='ltr'><strong>eius</strong></span> <span class='ocrx_word' id='word_1_270' title='bbox 728 3395 928 3462; x_wconf 82' lang='lat' dir='ltr'><strong>passio,</strong></span> <span class='ocrx_word' id='word_1_271' title='bbox 963 3405 1138 3449; x_wconf 82' lang='lat' dir='ltr'><strong>nostra</strong></span> <span class='ocrx_word' id='word_1_272' title='bbox 1185 3397 1424 3465; x_wconf 67' lang='lat' dir='ltr'><strong>purgatio</strong></span> <span class='ocrx_word' id='word_1_273' title='bbox 1463 3405 1564 3451; x_wconf 82' lang='lat' dir='ltr'><strong>est.</strong></span> <span class='ocrx_word' id='word_1_274' title='bbox 1608 3398 1867 3452; x_wconf 79' lang='lat' dir='ltr'><strong>Passurus</strong></span> <span class='ocrx_word' id='word_1_275' title='bbox 1897 3399 2054 3467; x_wconf 74' lang='lat' dir='ltr'><strong>igitur</strong></span> 
     </span>
    </p>
   </div>
   <div class='ocr_carea' id='block_1_35' title="bbox 473 3486 2052 3560">
    <p class='ocr_par' dir='ltr' id='par_1_35' title="bbox 473 3486 2052 3560">
     <span class='ocr_line' id='line_1_35' title="bbox 473 3486 2052 3560; baseline 0.003 -21"><span class='ocrx_word' id='word_1_276' title='bbox 473 3486 628 3539; x_wconf 78' lang='lat' dir='ltr'><strong>exitia</strong></span> <span class='ocrx_word' id='word_1_277' title='bbox 655 3487 940 3554; x_wconf 76' lang='lat' dir='ltr'><strong>,prtemisit</strong></span> <span class='ocrx_word' id='word_1_278' title='bbox 963 3488 1213 3558; x_wconf 79' lang='lat' dir='ltr'><strong>obsequia</strong></span> <span class='ocrx_word' id='word_1_279' title='bbox 1239 3505 1253 3552; x_wconf 71' lang='grc' dir='ltr'>δ</span> <span class='ocrx_word' id='word_1_280' title='bbox 1275 3504 1376 3542; x_wconf 87' lang='lat' dir='ltr'><strong>non</strong></span> <span class='ocrx_word' id='word_1_281' title='bbox 1400 3489 1572 3544; x_wconf 86' lang='lat' dir='ltr'><strong>solum</strong></span> <span class='ocrx_word' id='word_1_282' title='bbox 1605 3491 1682 3544; x_wconf 87' lang='lat' dir='ltr'><strong>eis</strong></span> <span class='ocrx_word' id='word_1_283' title='bbox 1730 3499 1825 3559; x_wconf 84' lang='lat' dir='ltr'><strong>pro</strong></span> <span class='ocrx_word' id='word_1_284' title='bbox 1858 3491 2052 3560; x_wconf 85' lang='lat' dir='ltr'><strong>quibus</strong></span> 
     </span>
    </p>
   </div>
   <div class='ocr_carea' id='block_1_36' title="bbox 472 3579 2055 3650">
    <p class='ocr_par' dir='ltr' id='par_1_36' title="bbox 472 3579 2055 3650">
     <span class='ocr_line' id='line_1_36' title="bbox 472 3579 2055 3650; baseline 0.003 -18"><span class='ocrx_word' id='word_1_285' title='bbox 472 3586 587 3632; x_wconf 78' lang='lat' dir='ltr'><strong>erat</strong></span> <span class='ocrx_word' id='word_1_286' title='bbox 611 3579 879 3632; x_wconf 70' lang='lat' dir='ltr'><strong>subiturus</strong></span> <span class='ocrx_word' id='word_1_287' title='bbox 905 3590 1161 3643; x_wconf 85' lang='lat' dir='ltr'><strong>mortem,</strong></span> <span class='ocrx_word' id='word_1_288' title='bbox 1205 3581 1298 3634; x_wconf 81' lang='lat' dir='ltr'><strong>sed</strong></span> <span class='ocrx_word' id='word_1_289' title='bbox 1325 3582 1482 3635; x_wconf 86' lang='lat' dir='ltr'><strong>etiam</strong></span> <span class='ocrx_word' id='word_1_290' title='bbox 1511 3581 1584 3634; x_wconf 86' lang='lat' dir='ltr'><strong>illi</strong></span> <span class='ocrx_word' id='word_1_291' title='bbox 1612 3582 1698 3650; x_wconf 85' lang='lat' dir='ltr'><strong>qui</strong></span> <span class='ocrx_word' id='word_1_292' title='bbox 1729 3599 1849 3636; x_wconf 86' lang='lat' dir='ltr'><strong>eum</strong></span> <span class='ocrx_word' id='word_1_293' title='bbox 1883 3583 2055 3637; x_wconf 80' lang='lat' dir='ltr'><strong>fuerat</strong></span> 
     </span>
    </p>
   </div>
   <div class='ocr_carea' id='block_1_37' title="bbox 474 3671 2052 3744">
    <p class='ocr_par' dir='ltr' id='par_1_37' title="bbox 474 3671 2052 3744">
     <span class='ocr_line' id='line_1_37' title="bbox 474 3671 2052 3744; baseline 0.003 -20"><span class='ocrx_word' id='word_1_294' title='bbox 474 3671 760 3725; x_wconf 73' lang='lat' dir='ltr'><strong>traditurus</strong></span> <span class='ocrx_word' id='word_1_295' title='bbox 789 3672 854 3724; x_wconf 83' lang='lat' dir='ltr'><strong>ad</strong></span> <span class='ocrx_word' id='word_1_296' title='bbox 880 3680 1127 3726; x_wconf 85' lang='lat' dir='ltr'><strong>mortem.</strong></span> <span class='ocrx_word' id='word_1_297' title='bbox 1155 3673 1319 3726; x_wconf 86' lang='lat' dir='ltr'><strong>Tanta</strong></span> <span class='ocrx_word' id='word_1_298' title='bbox 1344 3683 1424 3728; x_wconf 84' lang='lat' dir='ltr'><strong>est</strong></span> <span class='ocrx_word' id='word_1_299' title='bbox 1454 3676 1651 3744; x_wconf 88' lang='lat' dir='ltr'><strong>quippe</strong></span> <span class='ocrx_word' id='word_1_300' title='bbox 1683 3675 1926 3729; x_wconf 65' lang='lat' dir='ltr'><strong>humana:</strong></span> <span class='ocrx_word' id='word_1_301' title='bbox 1952 3675 2052 3728; x_wconf 68' lang='grc' dir='ltr'>Ιιιιιο</span> 
     </span>
    </p>
   </div>
   <div class='ocr_carea' id='block_1_38' title="bbox 475 3763 2055 3836">
    <p class='ocr_par' dir='ltr' id='par_1_38' title="bbox 475 3763 2055 3836">
     <span class='ocr_line' id='line_1_38' title="bbox 475 3763 2055 3836; baseline 0.002 -20"><span class='ocrx_word' id='word_1_302' title='bbox 475 3763 717 3816; x_wconf 87' lang='lat' dir='ltr'><strong>militatis</strong></span> <span class='ocrx_word' id='word_1_303' title='bbox 746 3765 944 3818; x_wconf 81' lang='lat' dir='ltr'><strong>utititas</strong></span> <span class='ocrx_word' id='word_1_304' title='bbox 963 3806 976 3825; x_wconf 86' lang='lat'><strong>,</strong></span> <span class='ocrx_word' id='word_1_305' title='bbox 1007 3773 1063 3817; x_wconf 91' lang='lat' dir='ltr'><strong>ut</strong></span> <span class='ocrx_word' id='word_1_306' title='bbox 1088 3780 1208 3819; x_wconf 76' lang='lat' dir='ltr'><strong>eam.</strong></span> <span class='ocrx_word' id='word_1_307' title='bbox 1241 3779 1338 3818; x_wconf 87' lang='lat' dir='ltr'><strong>suo</strong></span> <span class='ocrx_word' id='word_1_308' title='bbox 1362 3765 1764 3820; x_wconf 86' lang='lat' dir='ltr'><strong>commendaret</strong></span> <span class='ocrx_word' id='word_1_309' title='bbox 1805 3766 2055 3836; x_wconf 73' lang='lat' dir='ltr'><strong>exetuplo</strong></span> 
     </span>
    </p>
   </div>
   <div class='ocr_carea' id='block_1_39' title="bbox 471 3855 2054 3925">
    <p class='ocr_par' dir='ltr' id='par_1_39' title="bbox 471 3855 2054 3925">
     <span class='ocr_line' id='line_1_39' title="bbox 471 3855 2054 3925; baseline 0.003 -17"><span class='ocrx_word' id='word_1_310' title='bbox 471 3856 630 3909; x_wconf 78' lang='lat' dir='ltr'><strong>etiam</strong></span> <span class='ocrx_word' id='word_1_311' title='bbox 651 3855 827 3910; x_wconf 87' lang='lat' dir='ltr'><strong>divina</strong></span> <span class='ocrx_word' id='word_1_312' title='bbox 856 3856 1182 3910; x_wconf 70' lang='lat' dir='ltr'><strong>sublimitas:</strong></span> <span class='ocrx_word' id='word_1_313' title='bbox 1211 3858 1332 3924; x_wconf 88' lang='lat' dir='ltr'><strong>quia</strong></span> <span class='ocrx_word' id='word_1_314' title='bbox 1358 3855 1517 3910; x_wconf 86' lang='lat' dir='ltr'><strong>homo</strong></span> <span class='ocrx_word' id='word_1_315' title='bbox 1533 3857 1791 3925; x_wconf 77' lang='lat' dir='ltr'><strong>superbus</strong></span> <span class='ocrx_word' id='word_1_316' title='bbox 1819 3857 1868 3910; x_wconf 91' lang='lat' dir='ltr'><strong>in</strong></span> <span class='ocrx_word' id='word_1_317' title='bbox 1899 3866 2054 3912; x_wconf 63' lang='lat' dir='ltr'><strong>ueter-</strong></span> 
     </span>
    </p>
   </div>
   <div class='ocr_carea' id='block_1_40' title="bbox 473 3949 2054 4016">
    <p class='ocr_par' dir='ltr' id='par_1_40' title="bbox 473 3949 2054 4016">
     <span class='ocr_line' id='line_1_40' title="bbox 473 3949 2054 4016; baseline 0.002 -14"><span class='ocrx_word' id='word_1_318' title='bbox 473 3963 600 4002; x_wconf 88' lang='lat' dir='ltr'><strong>num</strong></span> <span class='ocrx_word' id='word_1_319' title='bbox 631 3949 827 4016; x_wconf 84' lang='lat' dir='ltr'><strong>periret</strong></span> <span class='ocrx_word' id='word_1_320' title='bbox 849 3981 861 4011; x_wconf 89' lang='lat'><strong>,</strong></span> <span class='ocrx_word' id='word_1_321' title='bbox 883 3949 980 4000; x_wconf 83' lang='lat' dir='ltr'><strong>nisi</strong></span> <span class='ocrx_word' id='word_1_322' title='bbox 1013 3949 1157 4002; x_wconf 88' lang='lat' dir='ltr'><strong>illum</strong></span> <span class='ocrx_word' id='word_1_323' title='bbox 1186 3950 1328 4003; x_wconf 81' lang='lat' dir='ltr'><strong>Deus</strong></span> <span class='ocrx_word' id='word_1_324' title='bbox 1357 3950 1568 4004; x_wconf 83' lang='lat' dir='ltr'><strong>humilis</strong></span> <span class='ocrx_word' id='word_1_325' title='bbox 1591 3949 1870 4004; x_wconf 80' lang='lat' dir='ltr'><strong>inveniret.</strong></span> <span class='ocrx_word' id='word_1_326' title='bbox 1896 3950 2054 4005; x_wconf 80' lang='lat' dir='ltr'><strong>Venit</strong></span> 
     </span>
    </p>
   </div>
   <div class='ocr_carea' id='block_1_41' title="bbox 475 4038 2054 4110">
    <p class='ocr_par' dir='ltr' id='par_1_41' title="bbox 475 4038 2054 4110">
     <span class='ocr_line' id='line_1_41' title="bbox 475 4038 2054 4110; baseline 0.003 -19"><span class='ocrx_word' id='word_1_327' title='bbox 475 4040 617 4091; x_wconf 87' lang='lat' dir='ltr'><strong>enim</strong></span> <span class='ocrx_word' id='word_1_328' title='bbox 653 4039 817 4094; x_wconf 89' lang='lat' dir='ltr'><strong>Filius</strong></span> <span class='ocrx_word' id='word_1_329' title='bbox 852 4038 1081 4093; x_wconf 83' lang='lat' dir='ltr'><strong>hominis</strong></span> <span class='ocrx_word' id='word_1_330' title='bbox 1110 4055 1347 4108; x_wconf 76' lang='lat' dir='ltr'><strong>qnmrere</strong></span> <span class='ocrx_word' id='word_1_331' title='bbox 1373 4051 1425 4093; x_wconf 90' lang='lat' dir='ltr'><strong>et</strong></span> <span class='ocrx_word' id='word_1_332' title='bbox 1475 4042 1676 4094; x_wconf 78' lang='lat' dir='ltr'><strong>salvum</strong></span> <span class='ocrx_word' id='word_1_333' title='bbox 1708 4041 1883 4096; x_wconf 84' lang='lat' dir='ltr'><strong>facere</strong></span> <span class='ocrx_word' id='word_1_334' title='bbox 1909 4041 2054 4110; x_wconf 79' lang='lat' dir='ltr'><strong>quod</strong></span> 
     </span>
    </p>
   </div>
   <div class='ocr_carea' id='block_1_42' title="bbox 473 4129 2048 4202">
    <p class='ocr_par' dir='ltr' id='par_1_42' title="bbox 473 4129 2048 4202">
     <span class='ocr_line' id='line_1_42' title="bbox 473 4129 2048 4202; baseline 0.003 -19"><span class='ocrx_word' id='word_1_335' title='bbox 473 4131 705 4198; x_wconf 83' lang='lat' dir='ltr'><strong>perierat</strong></span> <span class='ocrx_word' id='word_1_336' title='bbox 751 4129 900 4198; x_wconf 80' lang='lat' dir='ltr'><strong>(Luc.</strong></span> <span class='ocrx_word' id='word_1_337' title='bbox 943 4146 1050 4194; x_wconf 73' lang='grc' dir='ltr'>χιιι,</span> <span class='ocrx_word' id='word_1_338' title='bbox 1098 4131 1206 4200; x_wconf 79' lang='lat' dir='ltr'><strong>l0).</strong></span> <span class='ocrx_word' id='word_1_339' title='bbox 1251 4131 1486 4186; x_wconf 83' lang='lat' dir='ltr'><strong>Perierat</strong></span> <span class='ocrx_word' id='word_1_340' title='bbox 1525 4141 1700 4188; x_wconf 85' lang='lat' dir='ltr'><strong>autem</strong></span> <span class='ocrx_word' id='word_1_341' title='bbox 1745 4133 2048 4202; x_wconf 71' lang='lat' dir='ltr'><strong>superbiam</strong></span> 
     </span>
    </p>
   </div>
   <div class='ocr_carea' id='block_1_43' title="bbox 472 4219 2053 4298">
    <p class='ocr_par' dir='ltr' id='par_1_43' title="bbox 472 4219 2053 4298">
     <span class='ocr_line' id='line_1_43' title="bbox 472 4219 2053 4298; baseline 0.004 -25"><span class='ocrx_word' id='word_1_342' title='bbox 472 4219 770 4288; x_wconf 83' lang='lat' dir='ltr'><strong>deceptoris</strong></span> <span class='ocrx_word' id='word_1_343' title='bbox 812 4232 1062 4287; x_wconf 73' lang='lat' dir='ltr'><strong>secutus,</strong></span> <span class='ocrx_word' id='word_1_344' title='bbox 1106 4235 1231 4292; x_wconf 76' lang='lat' dir='ltr'><strong>ergo</strong></span> <span class='ocrx_word' id='word_1_345' title='bbox 1278 4225 1627 4280; x_wconf 77' lang='lat' dir='ltr'><strong>humilitatem</strong></span> <span class='ocrx_word' id='word_1_346' title='bbox 1679 4226 2053 4298; x_wconf 69' lang='lat' dir='ltr'><strong>Redemptoris</strong></span> 
     </span>
    </p>
   </div>
   <div class='ocr_carea' id='block_1_44' title="bbox 473 4315 1021 4382">
    <p class='ocr_par' dir='ltr' id='par_1_44' title="bbox 473 4315 1021 4382">
     <span class='ocr_line' id='line_1_44' title="bbox 473 4315 1021 4382; baseline 0.009 -16"><span class='ocrx_word' id='word_1_347' title='bbox 473 4323 729 4382; x_wconf 79' lang='lat' dir='ltr'><strong>sequatur</strong></span> <span class='ocrx_word' id='word_1_348' title='bbox 757 4315 1021 4371; x_wconf 68' lang='lat' dir='ltr'><strong>inventus.</strong></span> 
     </span>
    </p>
   </div>
   <div class='ocr_carea' id='block_1_45' title="bbox 965 4439 1538 4508">
    <p class='ocr_par' dir='ltr' id='par_1_45' title="bbox 965 4439 1538 4508">
     <span class='ocr_line' id='line_1_45' title="bbox 965 4439 1538 4508; baseline 0.003 -4"><span class='ocrx_word' id='word_1_349' title='bbox 965 4439 1370 4508; x_wconf 62' lang='lat' dir='ltr'><strong>Tusc’ra’rUs</strong></span> <span class='ocrx_word' id='word_1_350' title='bbox 1409 4439 1538 4506; x_wconf 71' lang='lat' dir='ltr'><strong>LVI.</strong></span> 
     </span>
    </p>
   </div>
   <div class='ocr_carea' id='block_1_46' title="bbox 477 4552 2050 4634">
    <p class='ocr_par' dir='ltr' id='par_1_46' title="bbox 477 4552 2050 4634">
     <span class='ocr_line' id='line_1_46' title="bbox 477 4552 2050 4634; baseline 0.004 -19"><span class='ocrx_word' id='word_1_351' title='bbox 477 4559 549 4615; x_wconf 79' lang='lat' dir='ltr'><strong>Ab</strong></span> <span class='ocrx_word' id='word_1_352' title='bbox 575 4579 632 4615; x_wconf 88' lang='lat' dir='ltr'><strong>eo</strong></span> <span class='ocrx_word' id='word_1_353' title='bbox 653 4563 788 4633; x_wconf 83' lang='lat' dir='ltr'><strong>quod</strong></span> <span class='ocrx_word' id='word_1_354' title='bbox 807 4564 1046 4634; x_wconf 79' lang='lat' dir='ltr'><strong>scriptum</strong></span> <span class='ocrx_word' id='word_1_355' title='bbox 1072 4575 1140 4619; x_wconf 83' lang='lat' dir='ltr'><strong>est</strong></span> <span class='ocrx_word' id='word_1_356' title='bbox 1164 4608 1179 4632; x_wconf 90' lang='lat'><strong>,</strong></span> <span class='ocrx_word' id='word_1_357' title='bbox 1205 4565 1354 4620; x_wconf 79' lang='lat' dir='ltr'><strong>Venit</strong></span> <span class='ocrx_word' id='word_1_358' title='bbox 1377 4581 1502 4634; x_wconf 78' lang='lat' dir='ltr'><strong>ergo</strong></span> <span class='ocrx_word' id='word_1_359' title='bbox 1531 4564 1595 4618; x_wconf 88' lang='lat' dir='ltr'><strong>ad</strong></span> <span class='ocrx_word' id='word_1_360' title='bbox 1643 4562 1911 4620; x_wconf 86' lang='lat' dir='ltr'><strong>Simonem</strong></span> <span class='ocrx_word' id='word_1_361' title='bbox 1950 4552 2050 4622; x_wconf 82' lang='lat' dir='ltr'><strong>Pe-</strong></span> 
     </span>
    </p>
   </div>
   <div class='ocr_carea' id='block_1_47' title="bbox 549 4648 2050 4728">
    <p class='ocr_par' dir='ltr' id='par_1_47' title="bbox 549 4648 2050 4728">
     <span class='ocr_line' id='line_1_47' title="bbox 549 4648 2050 4728; baseline 0.005 -22"><span class='ocrx_word' id='word_1_362' title='bbox 549 4662 708 4715; x_wconf 85' lang='lat' dir='ltr'><strong>trum,</strong></span> <span class='ocrx_word' id='word_1_363' title='bbox 729 4666 842 4719; x_wconf 62' lang='grc' dir='ltr'><strong>(τίει,</strong></span> <span class='ocrx_word' id='word_1_364' title='bbox 879 4673 1034 4725; x_wconf 83' lang='lat' dir='ltr'><strong>usque</strong></span> <span class='ocrx_word' id='word_1_365' title='bbox 1054 4658 1120 4709; x_wconf 85' lang='lat' dir='ltr'><strong>ad</strong></span> <span class='ocrx_word' id='word_1_366' title='bbox 1150 4658 1235 4722; x_wconf 90' lang='lat' dir='ltr'><strong>id,</strong></span> <span class='ocrx_word' id='word_1_367' title='bbox 1268 4657 1365 4724; x_wconf 85' lang='lat' dir='ltr'><strong>Qui</strong></span> <span class='ocrx_word' id='word_1_368' title='bbox 1398 4657 1535 4714; x_wconf 79' lang='lat' dir='ltr'><strong>Intus</strong></span> <span class='ocrx_word' id='word_1_369' title='bbox 1565 4666 1644 4710; x_wconf 77' lang='lat' dir='ltr'><strong>est</strong></span> <span class='ocrx_word' id='word_1_370' title='bbox 1668 4697 1682 4722; x_wconf 93' lang='lat'><strong>,</strong></span> <span class='ocrx_word' id='word_1_371' title='bbox 1717 4673 1821 4710; x_wconf 91' lang='lat' dir='ltr'><strong>non</strong></span> <span class='ocrx_word' id='word_1_372' title='bbox 1852 4648 2050 4728; x_wconf 81' lang='lat' dir='ltr'><strong>indiget</strong></span> 
     </span>
    </p>
   </div>
   <div class='ocr_carea' id='block_1_48' title="bbox 539 4741 2044 4821">
    <p class='ocr_par' dir='ltr' id='par_1_48' title="bbox 539 4741 2044 4821">
     <span class='ocr_line' id='line_1_48' title="bbox 539 4741 2044 4821; baseline 0.003 -23"><span class='ocrx_word' id='word_1_373' title='bbox 539 4747 639 4800; x_wconf 91' lang='lat' dir='ltr'><strong>nisi</strong></span> <span class='ocrx_word' id='word_1_374' title='bbox 663 4756 717 4800; x_wconf 91' lang='lat' dir='ltr'><strong>ut</strong></span> <span class='ocrx_word' id='word_1_375' title='bbox 743 4747 903 4816; x_wconf 82' lang='lat' dir='ltr'><strong>pedes</strong></span> <span class='ocrx_word' id='word_1_376' title='bbox 932 4749 1101 4814; x_wconf 85' lang='lat' dir='ltr'><strong>lavet,</strong></span> <span class='ocrx_word' id='word_1_377' title='bbox 1134 4749 1226 4804; x_wconf 89' lang='lat' dir='ltr'><strong>sed</strong></span> <span class='ocrx_word' id='word_1_378' title='bbox 1254 4757 1334 4802; x_wconf 87' lang='lat' dir='ltr'><strong>est</strong></span> <span class='ocrx_word' id='word_1_379' title='bbox 1353 4746 1578 4804; x_wconf 89' lang='lat' dir='ltr'><strong>mundus</strong></span> <span class='ocrx_word' id='word_1_380' title='bbox 1602 4741 1900 4821; x_wconf 86' lang='lat' dir='ltr'><strong>totus.Cap.</strong></span> <span class='ocrx_word' id='word_1_381' title='bbox 1928 4765 2044 4818; x_wconf 81' lang='lat' dir='ltr'><strong>xm,</strong></span> 
     </span>
    </p>
   </div>
   <div class='ocr_carea' id='block_1_49' title="bbox 554 4837 809 4910">
    <p class='ocr_par' dir='ltr' id='par_1_49' title="bbox 554 4837 809 4910">
     <span class='ocr_line' id='line_1_49' title="bbox 554 4837 809 4910; baseline 0.008 -20"><span class='ocrx_word' id='word_1_382' title='bbox 554 4837 624 4910; x_wconf 51' lang='grc' dir='ltr'><strong>θ.</strong></span> <span class='ocrx_word' id='word_1_383' title='bbox 657 4837 809 4894; x_wconf 82' lang='grc'><strong>6-10.</strong></span> 
     </span>
    </p>
   </div>
   <div class='ocr_carea' id='block_1_50' title="bbox 545 4953 2048 5023">
    <p class='ocr_par' dir='ltr' id='par_1_50' title="bbox 545 4953 2048 5023">
     <span class='ocr_line' id='line_1_50' title="bbox 545 4953 2048 5023; baseline 0.003 -17"><span class='ocrx_word' id='word_1_384' title='bbox 545 4953 594 5006; x_wconf 83' lang='lat' dir='ltr'><strong>l.</strong></span> <span class='ocrx_word' id='word_1_385' title='bbox 615 4954 746 5008; x_wconf 80' lang='lat' dir='ltr'><strong>Cum</strong></span> <span class='ocrx_word' id='word_1_386' title='bbox 778 4955 978 5009; x_wconf 70' lang='lat' dir='ltr'><strong>levaret</strong></span> <span class='ocrx_word' id='word_1_387' title='bbox 999 4953 1162 5023; x_wconf 82' lang='lat' dir='ltr'><strong>pedes</strong></span> <span class='ocrx_word' id='word_1_388' title='bbox 1190 4953 1566 5023; x_wconf 84' lang='lat' dir='ltr'><strong>discipulorum</strong></span> <span class='ocrx_word' id='word_1_389' title='bbox 1611 4955 1865 5016; x_wconf 81' lang='lat' dir='ltr'><strong>Dominus</strong></span> <span class='ocrx_word' id='word_1_390' title='bbox 1886 4991 1904 5023; x_wconf 84' lang='lat'><strong>,</strong></span> <span class='ocrx_word' id='word_1_391' title='bbox 1946 4955 2048 5011; x_wconf 81' lang='lat' dir='ltr'><strong>Ve-</strong></span> 
     </span>
    </p>
   </div>
   <div class='ocr_carea' id='block_1_51' title="bbox 477 5045 2048 5111">
    <p class='ocr_par' dir='ltr' id='par_1_51' title="bbox 477 5045 2048 5111">
     <span class='ocr_line' id='line_1_51' title="bbox 477 5045 2048 5111; baseline 0.006 -15"><span class='ocrx_word' id='word_1_392' title='bbox 477 5045 550 5097; x_wconf 82' lang='lat' dir='ltr'><strong>nit</strong></span> <span class='ocrx_word' id='word_1_393' title='bbox 583 5046 652 5098; x_wconf 82' lang='lat' dir='ltr'><strong>ad</strong></span> <span class='ocrx_word' id='word_1_394' title='bbox 700 5045 957 5101; x_wconf 81' lang='lat' dir='ltr'><strong>Simonem</strong></span> <span class='ocrx_word' id='word_1_395' title='bbox 1005 5047 1253 5111; x_wconf 82' lang='lat' dir='ltr'><strong>Petrum;</strong></span> <span class='ocrx_word' id='word_1_396' title='bbox 1295 5057 1340 5102; x_wconf 88' lang='lat' dir='ltr'><strong>et</strong></span> <span class='ocrx_word' id='word_1_397' title='bbox 1385 5049 1505 5102; x_wconf 80' lang='lat' dir='ltr'><strong>dicit</strong></span> <span class='ocrx_word' id='word_1_398' title='bbox 1543 5050 1589 5102; x_wconf 85' lang='lat' dir='ltr'><strong>ei</strong></span> <span class='ocrx_word' id='word_1_399' title='bbox 1615 5049 1834 5104; x_wconf 75' lang='lat' dir='ltr'><strong>Petrus:</strong></span> <span class='ocrx_word' id='word_1_400' title='bbox 1875 5049 2048 5105; x_wconf 84' lang='lat' dir='ltr'><strong>Domi-</strong></span> 
     </span>
    </p>
   </div>
   <div class='ocr_carea' id='block_1_52' title="bbox 467 5138 2050 5210">
    <p class='ocr_par' dir='ltr' id='par_1_52' title="bbox 467 5138 2050 5210">
     <span class='ocr_line' id='line_1_52' title="bbox 467 5138 2050 5210; baseline 0.007 -19"><span class='ocrx_word' id='word_1_401' title='bbox 467 5153 546 5202; x_wconf 75' lang='lat' dir='ltr'><strong>ne,</strong></span> <span class='ocrx_word' id='word_1_402' title='bbox 573 5147 626 5191; x_wconf 84' lang='lat' dir='ltr'><strong>tu</strong></span> <span class='ocrx_word' id='word_1_403' title='bbox 649 5139 773 5192; x_wconf 82' lang='lat' dir='ltr'><strong>mihi</strong></span> <span class='ocrx_word' id='word_1_404' title='bbox 789 5138 926 5193; x_wconf 77' lang='lat' dir='ltr'><strong>tam</strong></span> <span class='ocrx_word' id='word_1_405' title='bbox 939 5139 1125 5210; x_wconf 78' lang='lat' dir='ltr'><strong>pedes?</strong></span> <span class='ocrx_word' id='word_1_406' title='bbox 1141 5140 1268 5207; x_wconf 82' lang='lat' dir='ltr'><strong>Quis</strong></span> <span class='ocrx_word' id='word_1_407' title='bbox 1289 5142 1430 5196; x_wconf 89' lang='lat' dir='ltr'><strong>enim</strong></span> <span class='ocrx_word' id='word_1_408' title='bbox 1448 5155 1552 5196; x_wconf 90' lang='lat' dir='ltr'><strong>non</strong></span> <span class='ocrx_word' id='word_1_409' title='bbox 1578 5152 1952 5210; x_wconf 72' lang='lat' dir='ltr'><strong>expavescerct</strong></span> <span class='ocrx_word' id='word_1_410' title='bbox 1970 5143 2050 5202; x_wconf 82' lang='lat' dir='ltr'><strong>la-.</strong></span> 
     </span>
    </p>
   </div>
   <div class='ocr_carea' id='block_1_53' title="bbox 469 5221 2044 5303">
    <p class='ocr_par' dir='ltr' id='par_1_53' title="bbox 469 5221 2044 5303">
     <span class='ocr_line' id='line_1_53' title="bbox 469 5221 2044 5303; baseline 0.008 -23"><span class='ocrx_word' id='word_1_411' title='bbox 469 5229 580 5283; x_wconf 85' lang='lat' dir='ltr'><strong>vari</strong></span> <span class='ocrx_word' id='word_1_412' title='bbox 624 5221 744 5286; x_wconf 74' lang='lat' dir='ltr'><strong>sibi</strong></span> <span class='ocrx_word' id='word_1_413' title='bbox 775 5231 936 5298; x_wconf 81' lang='lat' dir='ltr'><strong>pedes</strong></span> <span class='ocrx_word' id='word_1_414' title='bbox 979 5247 1006 5283; x_wconf 70' lang='grc' dir='ltr'>τι</span> <span class='ocrx_word' id='word_1_415' title='bbox 1033 5231 1124 5284; x_wconf 85' lang='lat' dir='ltr'><strong>Dei</strong></span> <span class='ocrx_word' id='word_1_416' title='bbox 1155 5231 1325 5286; x_wconf 76' lang='lat' dir='ltr'><strong>Filio?</strong></span> <span class='ocrx_word' id='word_1_417' title='bbox 1353 5232 1603 5300; x_wconf 81' lang='lat' dir='ltr'><strong>Quamvis</strong></span> <span class='ocrx_word' id='word_1_418' title='bbox 1640 5235 1814 5303; x_wconf 85' lang='lat' dir='ltr'><strong>itaque</strong></span> <span class='ocrx_word' id='word_1_419' title='bbox 1841 5251 2044 5303; x_wconf 70' lang='lat' dir='ltr'><strong>magnae</strong></span> 
     </span>
    </p>
   </div>
   <div class='ocr_carea' id='block_1_54' title="bbox 469 5319 2042 5391">
    <p class='ocr_par' dir='ltr' id='par_1_54' title="bbox 469 5319 2042 5391">
     <span class='ocr_line' id='line_1_54' title="bbox 469 5319 2042 5391; baseline 0.004 -19"><span class='ocrx_word' id='word_1_420' title='bbox 469 5319 651 5376; x_wconf 66' lang='lat' dir='ltr'><strong>inissa</strong></span> <span class='ocrx_word' id='word_1_421' title='bbox 699 5321 932 5376; x_wconf 60' lang='lat' dir='ltr'><strong>audaciai</strong></span> <span class='ocrx_word' id='word_1_422' title='bbox 959 5323 1323 5378; x_wconf 80' lang='lat' dir='ltr'><strong>contradicere</strong></span> <span class='ocrx_word' id='word_1_423' title='bbox 1351 5337 1562 5378; x_wconf 88' lang='lat' dir='ltr'><strong>servum</strong></span> <span class='ocrx_word' id='word_1_424' title='bbox 1595 5325 1840 5391; x_wconf 82' lang='lat' dir='ltr'><strong>Domino,</strong></span> <span class='ocrx_word' id='word_1_425' title='bbox 1870 5325 2042 5379; x_wconf 75' lang='lat' dir='ltr'><strong>homi-</strong></span> 
     </span>
    </p>
   </div>
   <div class='ocr_carea' id='block_1_55' title="bbox 471 5413 2044 5484">
    <p class='ocr_par' dir='ltr' id='par_1_55' title="bbox 471 5413 2044 5484">
     <span class='ocr_line' id='line_1_55' title="bbox 471 5413 2044 5484; baseline 0.004 -20"><span class='ocrx_word' id='word_1_426' title='bbox 471 5427 590 5465; x_wconf 86' lang='lat' dir='ltr'><strong>nem</strong></span> <span class='ocrx_word' id='word_1_427' title='bbox 637 5413 748 5466; x_wconf 83' lang='lat' dir='ltr'><strong>Deo</strong></span> <span class='ocrx_word' id='word_1_428' title='bbox 773 5429 786 5464; x_wconf 89' lang='lat'><strong>:</strong></span> <span class='ocrx_word' id='word_1_429' title='bbox 813 5422 985 5470; x_wconf 87' lang='lat' dir='ltr'><strong>tamen</strong></span> <span class='ocrx_word' id='word_1_430' title='bbox 1031 5413 1132 5468; x_wconf 86' lang='lat' dir='ltr'><strong>hoc</strong></span> <span class='ocrx_word' id='word_1_431' title='bbox 1179 5415 1362 5472; x_wconf 85' lang='lat' dir='ltr'><strong>Petrus</strong></span> <span class='ocrx_word' id='word_1_432' title='bbox 1415 5413 1589 5470; x_wconf 84' lang='lat' dir='ltr'><strong>facere</strong></span> <span class='ocrx_word' id='word_1_433' title='bbox 1640 5416 2044 5484; x_wconf 78' lang='lat' dir='ltr'><strong>Inaluit,quatn</strong></span> 
     </span>
    </p>
   </div>
   <div class='ocr_carea' id='block_1_56' title="bbox 470 5505 2044 5576">
    <p class='ocr_par' dir='ltr' id='par_1_56' title="bbox 470 5505 2044 5576">
     <span class='ocr_line' id='line_1_56' title="bbox 470 5505 2044 5576; baseline 0.004 -20"><span class='ocrx_word' id='word_1_434' title='bbox 470 5506 670 5573; x_wconf 86' lang='lat' dir='ltr'><strong>perpeti</strong></span> <span class='ocrx_word' id='word_1_435' title='bbox 699 5514 753 5558; x_wconf 87' lang='lat' dir='ltr'><strong>ut</strong></span> <span class='ocrx_word' id='word_1_436' title='bbox 777 5505 876 5560; x_wconf 84' lang='lat' dir='ltr'><strong>sibi</strong></span> <span class='ocrx_word' id='word_1_437' title='bbox 901 5507 1059 5576; x_wconf 79' lang='lat' dir='ltr'><strong>pedes</strong></span> <span class='ocrx_word' id='word_1_438' title='bbox 1084 5508 1382 5564; x_wconf 86' lang='lat' dir='ltr'><strong>lavarentur</strong></span> <span class='ocrx_word' id='word_1_439' title='bbox 1403 5524 1430 5560; x_wconf 90' lang='lat' dir='ltr'><strong>a</strong></span> <span class='ocrx_word' id='word_1_440' title='bbox 1460 5508 1683 5565; x_wconf 88' lang='lat' dir='ltr'><strong>Domino</strong></span> <span class='ocrx_word' id='word_1_441' title='bbox 1704 5519 1757 5564; x_wconf 90' lang='lat' dir='ltr'><strong>et</strong></span> <span class='ocrx_word' id='word_1_442' title='bbox 1781 5510 1906 5564; x_wconf 86' lang='lat' dir='ltr'><strong>Deo.</strong></span> <span class='ocrx_word' id='word_1_443' title='bbox 1935 5509 2044 5564; x_wconf 87' lang='lat' dir='ltr'><strong>Nec</strong></span> 
     </span>
    </p>
   </div>
   <div class='ocr_carea' id='block_1_57' title="bbox 469 5597 2044 5667">
    <p class='ocr_par' dir='ltr' id='par_1_57' title="bbox 469 5597 2044 5667">
     <span class='ocr_line' id='line_1_57' title="bbox 469 5597 2044 5667; baseline 0.003 -17"><span class='ocrx_word' id='word_1_444' title='bbox 469 5605 656 5667; x_wconf 86' lang='lat' dir='ltr'><strong>putare</strong></span> <span class='ocrx_word' id='word_1_445' title='bbox 677 5597 938 5654; x_wconf 84' lang='lat' dir='ltr'><strong>debemus</strong></span> <span class='ocrx_word' id='word_1_446' title='bbox 963 5601 1065 5657; x_wconf 84' lang='lat' dir='ltr'><strong>hoc</strong></span> <span class='ocrx_word' id='word_1_447' title='bbox 1079 5601 1292 5658; x_wconf 88' lang='lat' dir='ltr'><strong>Petrum</strong></span> <span class='ocrx_word' id='word_1_448' title='bbox 1315 5602 1452 5656; x_wconf 86' lang='lat' dir='ltr'><strong>inter</strong></span> <span class='ocrx_word' id='word_1_449' title='bbox 1466 5611 1688 5658; x_wconf 69' lang='lat' dir='ltr'><strong>caeteros</strong></span> <span class='ocrx_word' id='word_1_450' title='bbox 1725 5601 2044 5662; x_wconf 75' lang='lat' dir='ltr'><strong>formidasse</strong></span> 
     </span>
    </p>
   </div>
   <div class='ocr_carea' id='block_1_58' title="bbox 470 5695 2043 5766">
    <p class='ocr_par' dir='ltr' id='par_1_58' title="bbox 470 5695 2043 5766">
     <span class='ocr_line' id='line_1_58' title="bbox 470 5695 2043 5766; baseline 0.004 -23"><span class='ocrx_word' id='word_1_451' title='bbox 470 5697 626 5760; x_wconf 86' lang='lat' dir='ltr'><strong>atque</strong></span> <span class='ocrx_word' id='word_1_452' title='bbox 658 5705 955 5761; x_wconf 81' lang='lat' dir='ltr'><strong>recusasse,</strong></span> <span class='ocrx_word' id='word_1_453' title='bbox 1003 5711 1121 5750; x_wconf 89' lang='lat' dir='ltr'><strong>cum</strong></span> <span class='ocrx_word' id='word_1_454' title='bbox 1162 5696 1211 5749; x_wconf 91' lang='lat' dir='ltr'><strong>id</strong></span> <span class='ocrx_word' id='word_1_455' title='bbox 1240 5695 1329 5749; x_wconf 84' lang='lat' dir='ltr'><strong>alii</strong></span> <span class='ocrx_word' id='word_1_456' title='bbox 1355 5705 1476 5749; x_wconf 85' lang='lat' dir='ltr'><strong>ante</strong></span> <span class='ocrx_word' id='word_1_457' title='bbox 1507 5696 1676 5766; x_wconf 82' lang='lat' dir='ltr'><strong>ipsum</strong></span> <span class='ocrx_word' id='word_1_458' title='bbox 1704 5696 1928 5750; x_wconf 81' lang='lat' dir='ltr'><strong>libenter</strong></span> <span class='ocrx_word' id='word_1_459' title='bbox 1958 5695 2043 5750; x_wconf 86' lang='lat' dir='ltr'><strong>vel</strong></span> 
     </span>
    </p>
   </div>
   <div class='ocr_carea' id='block_1_59' title="bbox 469 5773 2044 5860">
    <p class='ocr_par' dir='ltr' id='par_1_59' title="bbox 469 5773 2044 5860">
     <span class='ocr_line' id='line_1_59' title="bbox 469 5773 2044 5860; baseline -0.008 -6"><span class='ocrx_word' id='word_1_460' title='bbox 469 5773 835 5854; x_wconf 62' lang='lat' dir='ltr'><strong>muminito:</strong></span> <span class='ocrx_word' id='word_1_461' title='bbox 860 5773 964 5850; x_wconf 72' lang='lat' dir='ltr'><strong>sibi</strong></span> <span class='ocrx_word' id='word_1_462' title='bbox 1000 5777 1118 5850; x_wconf 63' lang='lat' dir='ltr'><strong>ﬁeri</strong></span> <span class='ocrx_word' id='word_1_463' title='bbox 1163 5779 1545 5860; x_wconf 79' lang='lat' dir='ltr'><strong>permisissent.</strong></span> <span class='ocrx_word' id='word_1_464' title='bbox 1573 5779 1801 5854; x_wconf 77' lang='lat' dir='ltr'><strong>Facilius</strong></span> <span class='ocrx_word' id='word_1_465' title='bbox 1849 5786 2044 5860; x_wconf 74' lang='lat' dir='ltr'><strong>Quippe</strong></span> 
     </span>
    </p>
   </div>
   <div class='ocr_carea' id='block_1_60' title="bbox 1420 327 2812 400">
    <p class='ocr_par' dir='ltr' id='par_1_60' title="bbox 1420 327 2812 400">
     <span class='ocr_line' id='line_1_60' title="bbox 1420 327 2812 400; baseline -0.002 -5"><span class='ocrx_word' id='word_1_466' title='bbox 1420 339 1486 396; x_wconf 88' lang='lat' dir='ltr'><strong>IN</strong></span> <span class='ocrx_word' id='word_1_467' title='bbox 1522 329 1804 394; x_wconf 65' lang='lat' dir='ltr'><strong>JOANIIS</strong></span> <span class='ocrx_word' id='word_1_468' title='bbox 1839 327 2304 400; x_wconf 69' lang='grc' dir='ltr'><strong>ενΑΝαωιιιι,</strong></span> <span class='ocrx_word' id='word_1_469' title='bbox 2346 331 2405 390; x_wconf 88' lang='lat' dir='ltr'><strong>S.</strong></span> <span class='ocrx_word' id='word_1_470' title='bbox 2448 331 2812 392; x_wconf 72' lang='lat' dir='ltr'><strong>AUGUSTINI</strong></span> 
     </span>
    </p>
   </div>
   <div class='ocr_carea' id='block_1_61' title="bbox 2181 445 3770 527">
    <p class='ocr_par' dir='ltr' id='par_1_61' title="bbox 2181 445 3770 527">
     <span class='ocr_line' id='line_1_61' title="bbox 2181 445 3770 527; baseline 0.011 -26"><span class='ocrx_word' id='word_1_471' title='bbox 2181 445 2260 501; x_wconf 80' lang='lat' dir='ltr'><strong>sic</strong></span> <span class='ocrx_word' id='word_1_472' title='bbox 2279 447 2611 515; x_wconf 86' lang='lat' dir='ltr'><strong>accipiuntur</strong></span> <span class='ocrx_word' id='word_1_473' title='bbox 2637 449 2737 506; x_wconf 85' lang='lat' dir='ltr'><strong>ista</strong></span> <span class='ocrx_word' id='word_1_474' title='bbox 2761 452 2919 506; x_wconf 84' lang='lat' dir='ltr'><strong>verba</strong></span> <span class='ocrx_word' id='word_1_475' title='bbox 2945 451 3218 524; x_wconf 64' lang='lat' dir='ltr'><strong>Evangelii</strong></span> <span class='ocrx_word' id='word_1_476' title='bbox 3235 495 3254 523; x_wconf 88' lang='lat'><strong>,</strong></span> <span class='ocrx_word' id='word_1_477' title='bbox 3275 463 3394 527; x_wconf 84' lang='lat' dir='ltr'><strong>quia</strong></span> <span class='ocrx_word' id='word_1_478' title='bbox 3419 473 3546 514; x_wconf 78' lang='lat' dir='ltr'><strong>eum</strong></span> <span class='ocrx_word' id='word_1_479' title='bbox 3563 461 3770 521; x_wconf 77' lang='lat' dir='ltr'><strong>dictum</strong></span> 
     </span>
    </p>
   </div>
   <div class='ocr_carea' id='block_1_62' title="bbox 2175 539 3771 623">
    <p class='ocr_par' dir='ltr' id='par_1_62' title="bbox 2175 539 3771 623">
     <span class='ocr_line' id='line_1_62' title="bbox 2175 539 3771 623; baseline 0.013 -32"><span class='ocrx_word' id='word_1_480' title='bbox 2175 547 2320 592; x_wconf 75' lang='lat' dir='ltr'><strong>esset</strong></span> <span class='ocrx_word' id='word_1_481' title='bbox 2339 577 2352 602; x_wconf 95' lang='lat'><strong>,</strong></span> <span class='ocrx_word' id='word_1_482' title='bbox 2382 539 2540 611; x_wconf 75' lang='lat' dir='ltr'><strong>Ctepit</strong></span> <span class='ocrx_word' id='word_1_483' title='bbox 2564 539 2729 595; x_wconf 72' lang='lat' dir='ltr'><strong>lauare</strong></span> <span class='ocrx_word' id='word_1_484' title='bbox 2751 542 2900 612; x_wconf 72' lang='lat' dir='ltr'><strong>pedes</strong></span> <span class='ocrx_word' id='word_1_485' title='bbox 2920 544 3304 616; x_wconf 72' lang='lat' dir='ltr'><strong>discipulorum,</strong></span> <span class='ocrx_word' id='word_1_486' title='bbox 3325 558 3371 602; x_wconf 78' lang='lat' dir='ltr'><strong>et</strong></span> <span class='ocrx_word' id='word_1_487' title='bbox 3394 560 3647 623; x_wconf 59' lang='lat' dir='ltr'><strong>extergere</strong></span> <span class='ocrx_word' id='word_1_488' title='bbox 3667 555 3771 610; x_wconf 67' lang='grc' dir='ltr'><strong>Ευ-</strong></span> 
     </span>
    </p>
   </div>
   <div class='ocr_carea' id='block_1_63' title="bbox 2178 631 3770 712">
    <p class='ocr_par' dir='ltr' id='par_1_63' title="bbox 2178 631 3770 712">
     <span class='ocr_line' id='line_1_63' title="bbox 2178 631 3770 712; baseline 0.014 -33"><span class='ocrx_word' id='word_1_489' title='bbox 2178 636 2254 680; x_wconf 78' lang='lat' dir='ltr'><strong>tea</strong></span> <span class='ocrx_word' id='word_1_490' title='bbox 2281 631 2389 698; x_wconf 78' lang='lat' dir='ltr'><strong>quo</strong></span> <span class='ocrx_word' id='word_1_491' title='bbox 2415 641 2520 682; x_wconf 84' lang='lat' dir='ltr'><strong>erat</strong></span> <span class='ocrx_word' id='word_1_492' title='bbox 2545 633 2872 701; x_wconf 70' lang='lat' dir='ltr'><strong>praecinctus;</strong></span> <span class='ocrx_word' id='word_1_493' title='bbox 2894 635 3087 692; x_wconf 84' lang='lat' dir='ltr'><strong>deinde</strong></span> <span class='ocrx_word' id='word_1_494' title='bbox 3121 638 3462 708; x_wconf 86' lang='lat' dir='ltr'><strong>subjtmotum</strong></span> <span class='ocrx_word' id='word_1_495' title='bbox 3477 652 3584 712; x_wconf 81' lang='lat' dir='ltr'><strong>est,</strong></span> <span class='ocrx_word' id='word_1_496' title='bbox 3621 645 3770 712; x_wconf 68' lang='lat' dir='ltr'><strong>Venit</strong></span> 
     </span>
    </p>
   </div>
   <div class='ocr_carea' id='block_1_64' title="bbox 2173 719 3764 805">
    <p class='ocr_par' dir='ltr' id='par_1_64' title="bbox 2173 719 3764 805">
     <span class='ocr_line' id='line_1_64' title="bbox 2173 719 3764 805; baseline 0.014 -35"><span class='ocrx_word' id='word_1_497' title='bbox 2173 733 2292 788; x_wconf 79' lang='lat' dir='ltr'><strong>ergo</strong></span> <span class='ocrx_word' id='word_1_498' title='bbox 2313 720 2380 771; x_wconf 90' lang='lat' dir='ltr'><strong>ad</strong></span> <span class='ocrx_word' id='word_1_499' title='bbox 2401 719 2664 775; x_wconf 86' lang='lat' dir='ltr'><strong>Simonem</strong></span> <span class='ocrx_word' id='word_1_500' title='bbox 2675 721 2908 791; x_wconf 78' lang='lat' dir='ltr'><strong>Petrum,</strong></span> <span class='ocrx_word' id='word_1_501' title='bbox 2938 727 3092 795; x_wconf 79' lang='lat' dir='ltr'><strong>quasi</strong></span> <span class='ocrx_word' id='word_1_502' title='bbox 3109 729 3372 798; x_wconf 74' lang='lat' dir='ltr'><strong>aliquist</strong></span> <span class='ocrx_word' id='word_1_503' title='bbox 3387 730 3495 802; x_wconf 80' lang='lat' dir='ltr'><strong>jam</strong></span> <span class='ocrx_word' id='word_1_504' title='bbox 3523 733 3764 805; x_wconf 71' lang='lat' dir='ltr'><strong>lavisset,</strong></span> 
     </span>
    </p>
   </div>
   <div class='ocr_carea' id='block_1_65' title="bbox 2175 813 3766 900">
    <p class='ocr_par' dir='ltr' id='par_1_65' title="bbox 2175 813 3766 900">
     <span class='ocr_line' id='line_1_65' title="bbox 2175 813 3766 900; baseline 0.014 -36"><span class='ocrx_word' id='word_1_505' title='bbox 2175 819 2295 879; x_wconf 83' lang='lat' dir='ltr'><strong>post</strong></span> <span class='ocrx_word' id='word_1_506' title='bbox 2317 827 2410 867; x_wconf 86' lang='lat' dir='ltr'><strong>eos</strong></span> <span class='ocrx_word' id='word_1_507' title='bbox 2430 813 2665 870; x_wconf 84' lang='lat' dir='ltr'><strong>venisset</strong></span> <span class='ocrx_word' id='word_1_508' title='bbox 2687 815 2755 870; x_wconf 85' lang='lat' dir='ltr'><strong>ad</strong></span> <span class='ocrx_word' id='word_1_509' title='bbox 2802 816 3052 884; x_wconf 71' lang='lat' dir='ltr'><strong>primum.</strong></span> <span class='ocrx_word' id='word_1_510' title='bbox 3082 819 3214 887; x_wconf 79' lang='lat' dir='ltr'><strong>Quia</strong></span> <span class='ocrx_word' id='word_1_511' title='bbox 3239 822 3383 877; x_wconf 83' lang='lat' dir='ltr'><strong>enim</strong></span> <span class='ocrx_word' id='word_1_512' title='bbox 3402 825 3606 883; x_wconf 73' lang='lat' dir='ltr'><strong>neseiat</strong></span> <span class='ocrx_word' id='word_1_513' title='bbox 3648 830 3766 900; x_wconf 84' lang='lat' dir='ltr'><strong>prl-</strong></span> 
     </span>
    </p>
   </div>
   <div class='ocr_carea' id='block_1_66' title="bbox 2173 906 3767 978">
    <p class='ocr_par' dir='ltr' id='par_1_66' title="bbox 2173 906 3767 978">
     <span class='ocr_line' id='line_1_66' title="bbox 2173 906 3767 978; baseline 0.014 -22"><span class='ocrx_word' id='word_1_514' title='bbox 2173 919 2317 958; x_wconf 86' lang='lat' dir='ltr'><strong>mum</strong></span> <span class='ocrx_word' id='word_1_515' title='bbox 2376 906 2749 973; x_wconf 84' lang='lat' dir='ltr'><strong>Apostolorum</strong></span> <span class='ocrx_word' id='word_1_516' title='bbox 2796 923 2916 964; x_wconf 84' lang='lat' dir='ltr'><strong>esse</strong></span> <span class='ocrx_word' id='word_1_517' title='bbox 2957 910 3322 970; x_wconf 76' lang='lat' dir='ltr'><strong>beatissimum</strong></span> <span class='ocrx_word' id='word_1_518' title='bbox 3351 914 3610 972; x_wconf 70' lang='lat' dir='ltr'><strong>Petrum?</strong></span> <span class='ocrx_word' id='word_1_519' title='bbox 3652 920 3767 978; x_wconf 78' lang='lat' dir='ltr'><strong>Sed</strong></span> 
     </span>
    </p>
   </div>
   <div class='ocr_carea' id='block_1_67' title="bbox 2171 995 3764 1076">
    <p class='ocr_par' dir='ltr' id='par_1_67' title="bbox 2171 995 3764 1076">
     <span class='ocr_line' id='line_1_67' title="bbox 2171 995 3764 1076; baseline 0.013 -28"><span class='ocrx_word' id='word_1_520' title='bbox 2171 1009 2281 1051; x_wconf 85' lang='lat' dir='ltr'><strong>non</strong></span> <span class='ocrx_word' id='word_1_521' title='bbox 2302 995 2370 1048; x_wconf 88' lang='lat' dir='ltr'><strong>ita</strong></span> <span class='ocrx_word' id='word_1_522' title='bbox 2398 996 2798 1066; x_wconf 81' lang='lat' dir='ltr'><strong>intelligendum</strong></span> <span class='ocrx_word' id='word_1_523' title='bbox 2825 1009 2907 1054; x_wconf 83' lang='lat' dir='ltr'><strong>est</strong></span> <span class='ocrx_word' id='word_1_524' title='bbox 2948 1002 3093 1070; x_wconf 81' lang='lat' dir='ltr'><strong>quod</strong></span> <span class='ocrx_word' id='word_1_525' title='bbox 3118 1013 3238 1072; x_wconf 86' lang='lat' dir='ltr'><strong>post</strong></span> <span class='ocrx_word' id='word_1_526' title='bbox 3278 1006 3485 1076; x_wconf 77' lang='lat' dir='ltr'><strong>aliquos</strong></span> <span class='ocrx_word' id='word_1_527' title='bbox 3509 1009 3574 1065; x_wconf 79' lang='lat' dir='ltr'><strong>ad</strong></span> <span class='ocrx_word' id='word_1_528' title='bbox 3611 1011 3764 1068; x_wconf 73' lang='lat' dir='ltr'><strong>illum</strong></span> 
     </span>
    </p>
   </div>
   <div class='ocr_carea' id='block_1_68' title="bbox 2171 1087 3764 1172">
    <p class='ocr_par' dir='ltr' id='par_1_68' title="bbox 2171 1087 3764 1172">
     <span class='ocr_line' id='line_1_68' title="bbox 2171 1087 3764 1172; baseline 0.011 -32"><span class='ocrx_word' id='word_1_529' title='bbox 2171 1087 2411 1153; x_wconf 79' lang='lat' dir='ltr'><strong>venerit;</strong></span> <span class='ocrx_word' id='word_1_530' title='bbox 2441 1089 2534 1143; x_wconf 90' lang='lat' dir='ltr'><strong>sed</strong></span> <span class='ocrx_word' id='word_1_531' title='bbox 2555 1090 2694 1158; x_wconf 90' lang='lat' dir='ltr'><strong>quod</strong></span> <span class='ocrx_word' id='word_1_532' title='bbox 2719 1089 2786 1144; x_wconf 87' lang='lat' dir='ltr'><strong>ab</strong></span> <span class='ocrx_word' id='word_1_533' title='bbox 2812 1091 2905 1146; x_wconf 88' lang='lat' dir='ltr'><strong>illo</strong></span> <span class='ocrx_word' id='word_1_534' title='bbox 2927 1095 3173 1162; x_wconf 74' lang='lat' dir='ltr'><strong>cmperit.</strong></span> <span class='ocrx_word' id='word_1_535' title='bbox 3203 1096 3428 1164; x_wconf 77' lang='lat' dir='ltr'><strong>Qttando</strong></span> <span class='ocrx_word' id='word_1_536' title='bbox 3446 1115 3574 1170; x_wconf 71' lang='lat' dir='ltr'><strong>ergo</strong></span> <span class='ocrx_word' id='word_1_537' title='bbox 3597 1103 3764 1172; x_wconf 80' lang='lat' dir='ltr'><strong>pedes</strong></span> 
     </span>
    </p>
   </div>
   <div class='ocr_carea' id='block_1_69' title="bbox 2169 1180 3758 1264">
    <p class='ocr_par' dir='ltr' id='par_1_69' title="bbox 2169 1180 3758 1264">
     <span class='ocr_line' id='line_1_69' title="bbox 2169 1180 3758 1264; baseline 0.011 -31"><span class='ocrx_word' id='word_1_538' title='bbox 2169 1180 2551 1251; x_wconf 85' lang='lat' dir='ltr'><strong>discipulorum</strong></span> <span class='ocrx_word' id='word_1_539' title='bbox 2580 1183 2760 1240; x_wconf 86' lang='lat' dir='ltr'><strong>lavare</strong></span> <span class='ocrx_word' id='word_1_540' title='bbox 2775 1185 2970 1255; x_wconf 71' lang='lat' dir='ltr'><strong>cmpit,</strong></span> <span class='ocrx_word' id='word_1_541' title='bbox 2995 1189 3220 1244; x_wconf 82' lang='lat' dir='ltr'><strong>venitad</strong></span> <span class='ocrx_word' id='word_1_542' title='bbox 3241 1205 3361 1246; x_wconf 82' lang='lat' dir='ltr'><strong>eum</strong></span> <span class='ocrx_word' id='word_1_543' title='bbox 3383 1207 3413 1246; x_wconf 88' lang='grc' dir='ltr'><strong>ιι</strong></span> <span class='ocrx_word' id='word_1_544' title='bbox 3440 1207 3547 1262; x_wconf 86' lang='lat' dir='ltr'><strong>quo</strong></span> <span class='ocrx_word' id='word_1_545' title='bbox 3573 1196 3758 1264; x_wconf 75' lang='lat' dir='ltr'><strong>ompit.</strong></span> 
     </span>
    </p>
   </div>
   <div class='ocr_carea' id='block_1_70' title="bbox 2169 1270 3760 1354">
    <p class='ocr_par' dir='ltr' id='par_1_70' title="bbox 2169 1270 3760 1354">
     <span class='ocr_line' id='line_1_70' title="bbox 2169 1270 3760 1354; baseline 0.011 -29"><span class='ocrx_word' id='word_1_546' title='bbox 2169 1270 2222 1325; x_wconf 88' lang='lat' dir='ltr'><strong>id</strong></span> <span class='ocrx_word' id='word_1_547' title='bbox 2247 1281 2329 1326; x_wconf 82' lang='lat' dir='ltr'><strong>est</strong></span> <span class='ocrx_word' id='word_1_548' title='bbox 2346 1313 2361 1337; x_wconf 96' lang='lat'><strong>,</strong></span> <span class='ocrx_word' id='word_1_549' title='bbox 2389 1272 2454 1326; x_wconf 91' lang='lat' dir='ltr'><strong>ad</strong></span> <span class='ocrx_word' id='word_1_550' title='bbox 2477 1273 2689 1328; x_wconf 83' lang='lat' dir='ltr'><strong>Petrum</strong></span> <span class='ocrx_word' id='word_1_551' title='bbox 2725 1292 2737 1327; x_wconf 88' lang='lat'><strong>:</strong></span> <span class='ocrx_word' id='word_1_552' title='bbox 2767 1287 2821 1330; x_wconf 86' lang='lat' dir='ltr'><strong>et</strong></span> <span class='ocrx_word' id='word_1_553' title='bbox 2853 1285 2978 1332; x_wconf 85' lang='lat' dir='ltr'><strong>tunc</strong></span> <span class='ocrx_word' id='word_1_554' title='bbox 3004 1278 3227 1347; x_wconf 84' lang='lat' dir='ltr'><strong>Petrus,</strong></span> <span class='ocrx_word' id='word_1_555' title='bbox 3248 1282 3392 1351; x_wconf 88' lang='lat' dir='ltr'><strong>quod</strong></span> <span class='ocrx_word' id='word_1_556' title='bbox 3411 1283 3570 1338; x_wconf 84' lang='lat' dir='ltr'><strong>etiam</strong></span> <span class='ocrx_word' id='word_1_557' title='bbox 3597 1287 3760 1354; x_wconf 80' lang='lat' dir='ltr'><strong>quili-</strong></span> 
     </span>
    </p>
   </div>
   <div class='ocr_carea' id='block_1_71' title="bbox 2169 1364 3757 1446">
    <p class='ocr_par' dir='ltr' id='par_1_71' title="bbox 2169 1364 3757 1446">
     <span class='ocr_line' id='line_1_71' title="bbox 2169 1364 3757 1446; baseline 0.01 -28"><span class='ocrx_word' id='word_1_558' title='bbox 2169 1364 2258 1420; x_wconf 87' lang='lat' dir='ltr'><strong>bet</strong></span> <span class='ocrx_word' id='word_1_559' title='bbox 2283 1380 2466 1420; x_wconf 87' lang='lat' dir='ltr'><strong>eorum</strong></span> <span class='ocrx_word' id='word_1_560' title='bbox 2503 1369 2839 1437; x_wconf 84' lang='lat' dir='ltr'><strong>expavisset,</strong></span> <span class='ocrx_word' id='word_1_561' title='bbox 2885 1372 3138 1440; x_wconf 77' lang='lat' dir='ltr'><strong>expavit,</strong></span> <span class='ocrx_word' id='word_1_562' title='bbox 3169 1383 3330 1444; x_wconf 81' lang='lat' dir='ltr'><strong>atque</strong></span> <span class='ocrx_word' id='word_1_563' title='bbox 3354 1377 3464 1442; x_wconf 90' lang='lat' dir='ltr'><strong>ait,</strong></span> <span class='ocrx_word' id='word_1_564' title='bbox 3499 1376 3757 1446; x_wconf 73' lang='lat' dir='ltr'><strong>Damius,</strong></span> 
     </span>
    </p>
   </div>
   <div class='ocr_carea' id='block_1_72' title="bbox 2167 1457 3760 1535">
    <p class='ocr_par' dir='ltr' id='par_1_72' title="bbox 2167 1457 3760 1535">
     <span class='ocr_line' id='line_1_72' title="bbox 2167 1457 3760 1535; baseline 0.011 -26"><span class='ocrx_word' id='word_1_565' title='bbox 2167 1465 2222 1510; x_wconf 82' lang='lat' dir='ltr'><strong>tu</strong></span> <span class='ocrx_word' id='word_1_566' title='bbox 2271 1457 2392 1510; x_wconf 82' lang='lat' dir='ltr'><strong>mihi</strong></span> <span class='ocrx_word' id='word_1_567' title='bbox 2437 1458 2575 1512; x_wconf 85' lang='lat' dir='ltr'><strong>lavas</strong></span> <span class='ocrx_word' id='word_1_568' title='bbox 2619 1461 2766 1529; x_wconf 82' lang='lat' dir='ltr'><strong>pedes</strong></span> <span class='ocrx_word' id='word_1_569' title='bbox 2787 1460 2813 1514; x_wconf 74' lang='grc' dir='ltr'><em>γ</em></span> <span class='ocrx_word' id='word_1_570' title='bbox 2841 1459 2976 1526; x_wconf 86' lang='lat' dir='ltr'><strong>Quid</strong></span> <span class='ocrx_word' id='word_1_571' title='bbox 3017 1471 3132 1528; x_wconf 83' lang='lat' dir='ltr'><strong>est,</strong></span> <span class='ocrx_word' id='word_1_572' title='bbox 3155 1464 3256 1518; x_wconf 86' lang='lat' dir='ltr'><strong>tu?</strong></span> <span class='ocrx_word' id='word_1_573' title='bbox 3291 1467 3418 1535; x_wconf 88' lang='lat' dir='ltr'><strong>quid</strong></span> <span class='ocrx_word' id='word_1_574' title='bbox 3443 1476 3562 1535; x_wconf 83' lang='lat' dir='ltr'><strong>est,</strong></span> <span class='ocrx_word' id='word_1_575' title='bbox 3592 1470 3760 1526; x_wconf 78' lang='lat' dir='ltr'><strong>mihi?</strong></span> 
     </span>
    </p>
   </div>
   <div class='ocr_carea' id='block_1_73' title="bbox 2163 1548 3756 1630">
    <p class='ocr_par' dir='ltr' id='par_1_73' title="bbox 2163 1548 3756 1630">
     <span class='ocr_line' id='line_1_73' title="bbox 2163 1548 3756 1630; baseline 0.009 -28"><span class='ocrx_word' id='word_1_576' title='bbox 2163 1548 2453 1617; x_wconf 72' lang='lat' dir='ltr'><strong>Cogitanda</strong></span> <span class='ocrx_word' id='word_1_577' title='bbox 2502 1561 2624 1604; x_wconf 86' lang='lat' dir='ltr'><strong>sunt</strong></span> <span class='ocrx_word' id='word_1_578' title='bbox 2667 1553 2846 1620; x_wconf 87' lang='lat' dir='ltr'><strong>potius</strong></span> <span class='ocrx_word' id='word_1_579' title='bbox 2869 1566 3028 1622; x_wconf 86' lang='lat' dir='ltr'><strong>quam</strong></span> <span class='ocrx_word' id='word_1_580' title='bbox 3071 1555 3328 1624; x_wconf 85' lang='lat' dir='ltr'><strong>dicenda;</strong></span> <span class='ocrx_word' id='word_1_581' title='bbox 3363 1576 3430 1614; x_wconf 84' lang='lat' dir='ltr'><strong>ne</strong></span> <span class='ocrx_word' id='word_1_582' title='bbox 3455 1559 3590 1616; x_wconf 79' lang='lat' dir='ltr'><strong>forte</strong></span> <span class='ocrx_word' id='word_1_583' title='bbox 3609 1561 3756 1630; x_wconf 87' lang='lat' dir='ltr'><strong>quod</strong></span> 
     </span>
    </p>
   </div>
   <div class='ocr_carea' id='block_1_74' title="bbox 2161 1639 3754 1720">
    <p class='ocr_par' dir='ltr' id='par_1_74' title="bbox 2161 1639 3754 1720">
     <span class='ocr_line' id='line_1_74' title="bbox 2161 1639 3754 1720; baseline 0.012 -28"><span class='ocrx_word' id='word_1_584' title='bbox 2161 1653 2229 1692; x_wconf 75' lang='lat' dir='ltr'><strong>ex</strong></span> <span class='ocrx_word' id='word_1_585' title='bbox 2266 1639 2350 1694; x_wconf 82' lang='lat' dir='ltr'><strong>his</strong></span> <span class='ocrx_word' id='word_1_586' title='bbox 2380 1642 2560 1698; x_wconf 83' lang='lat' dir='ltr'><strong>verbis</strong></span> <span class='ocrx_word' id='word_1_587' title='bbox 2581 1643 2915 1712; x_wconf 72' lang='lat' dir='ltr'><strong>aliquatenus</strong></span> <span class='ocrx_word' id='word_1_588' title='bbox 2937 1645 3152 1716; x_wconf 69' lang='lat' dir='ltr'><strong>dignum</strong></span> <span class='ocrx_word' id='word_1_589' title='bbox 3178 1650 3620 1720; x_wconf 82' lang='lat' dir='ltr'><strong>ooncipitanima,</strong></span> <span class='ocrx_word' id='word_1_590' title='bbox 3645 1669 3754 1710; x_wconf 86' lang='lat' dir='ltr'><strong>non</strong></span> 
     </span>
    </p>
   </div>
   <div class='ocr_carea' id='block_1_75' title="bbox 2164 1732 2617 1803">
    <p class='ocr_par' dir='ltr' id='par_1_75' title="bbox 2164 1732 2617 1803">
     <span class='ocr_line' id='line_1_75' title="bbox 2164 1732 2617 1803; baseline 0.007 -19"><span class='ocrx_word' id='word_1_591' title='bbox 2164 1732 2392 1800; x_wconf 83' lang='lat' dir='ltr'><strong>explicet</strong></span> <span class='ocrx_word' id='word_1_592' title='bbox 2420 1734 2617 1803; x_wconf 73' lang='lat' dir='ltr'><strong>lingua.</strong></span> 
     </span>
    </p>
   </div>
   <div class='ocr_carea' id='block_1_76' title="bbox 2233 1823 3746 1907">
    <p class='ocr_par' dir='ltr' id='par_1_76' title="bbox 2233 1823 3746 1907">
     <span class='ocr_line' id='line_1_76' title="bbox 2233 1823 3746 1907; baseline 0.012 -31"><span class='ocrx_word' id='word_1_593' title='bbox 2233 1823 2286 1876; x_wconf 70' lang='grc'><strong>2.</strong></span> <span class='ocrx_word' id='word_1_594' title='bbox 2329 1824 2432 1880; x_wconf 87' lang='lat' dir='ltr'><strong>Sed</strong></span> <span class='ocrx_word' id='word_1_595' title='bbox 2462 1826 2720 1894; x_wconf 78' lang='lat' dir='ltr'><strong>respondit</strong></span> <span class='ocrx_word' id='word_1_596' title='bbox 2743 1825 2926 1896; x_wconf 75' lang='lat' dir='ltr'><strong>Iesus,</strong></span> <span class='ocrx_word' id='word_1_597' title='bbox 2960 1838 3006 1882; x_wconf 88' lang='lat' dir='ltr'><strong>et</strong></span> <span class='ocrx_word' id='word_1_598' title='bbox 3029 1829 3224 1888; x_wconf 64' lang='lat' dir='ltr'><strong>dixitei</strong></span> <span class='ocrx_word' id='word_1_599' title='bbox 3249 1848 3269 1886; x_wconf 90' lang='lat'><strong><em>:</em></strong></span> <span class='ocrx_word' id='word_1_600' title='bbox 3297 1833 3446 1900; x_wconf 77' lang='lat' dir='ltr'><strong>Quod</strong></span> <span class='ocrx_word' id='word_1_601' title='bbox 3464 1851 3556 1907; x_wconf 76' lang='lat' dir='ltr'><strong>ego</strong></span> <span class='ocrx_word' id='word_1_602' title='bbox 3583 1837 3746 1906; x_wconf 78' lang='lat' dir='ltr'><strong>facio,</strong></span> 
     </span>
    </p>
   </div>
   <div class='ocr_carea' id='block_1_77' title="bbox 2164 1917 3751 1989">
    <p class='ocr_par' dir='ltr' id='par_1_77' title="bbox 2164 1917 3751 1989">
     <span class='ocr_line' id='line_1_77' title="bbox 2164 1917 3751 1989; baseline 0.013 -22"><span class='ocrx_word' id='word_1_603' title='bbox 2164 1923 2218 1967; x_wconf 86' lang='lat' dir='ltr'><strong>tu</strong></span> <span class='ocrx_word' id='word_1_604' title='bbox 2240 1917 2400 1969; x_wconf 79' lang='lat' dir='ltr'><strong>nescis</strong></span> <span class='ocrx_word' id='word_1_605' title='bbox 2427 1918 2578 1971; x_wconf 86' lang='lat' dir='ltr'><strong>modo</strong></span> <span class='ocrx_word' id='word_1_606' title='bbox 2592 1959 2606 1982; x_wconf 92' lang='lat'><strong>,</strong></span> <span class='ocrx_word' id='word_1_607' title='bbox 2637 1920 2762 1974; x_wconf 78' lang='lat' dir='ltr'><strong>scies</strong></span> <span class='ocrx_word' id='word_1_608' title='bbox 2783 1930 2952 1976; x_wconf 82' lang='lat' dir='ltr'><strong>autem</strong></span> <span class='ocrx_word' id='word_1_609' title='bbox 2982 1933 3176 1989; x_wconf 81' lang='lat' dir='ltr'><strong>postea.</strong></span> <span class='ocrx_word' id='word_1_610' title='bbox 3198 1924 3306 1980; x_wconf 83' lang='lat' dir='ltr'><strong>Nec</strong></span> <span class='ocrx_word' id='word_1_611' title='bbox 3336 1936 3510 1983; x_wconf 87' lang='lat' dir='ltr'><strong>tamen</strong></span> <span class='ocrx_word' id='word_1_612' title='bbox 3537 1930 3628 1986; x_wconf 82' lang='lat' dir='ltr'><strong>illa</strong></span> <span class='ocrx_word' id='word_1_613' title='bbox 3647 1930 3751 1986; x_wconf 75' lang='lat' dir='ltr'><strong>do-</strong></span> 
     </span>
    </p>
   </div>
   <div class='ocr_carea' id='block_1_78' title="bbox 2167 2007 3750 2092">
    <p class='ocr_par' dir='ltr' id='par_1_78' title="bbox 2167 2007 3750 2092">
     <span class='ocr_line' id='line_1_78' title="bbox 2167 2007 3750 2092; baseline 0.011 -30"><span class='ocrx_word' id='word_1_614' title='bbox 2167 2007 2348 2062; x_wconf 88' lang='lat' dir='ltr'><strong>minici</strong></span> <span class='ocrx_word' id='word_1_615' title='bbox 2371 2009 2493 2064; x_wconf 72' lang='lat' dir='ltr'><strong>lat-ti</strong></span> <span class='ocrx_word' id='word_1_616' title='bbox 2521 2011 2800 2067; x_wconf 79' lang='lat' dir='ltr'><strong>altitudine</strong></span> <span class='ocrx_word' id='word_1_617' title='bbox 2823 2017 3108 2070; x_wconf 79' lang='lat' dir='ltr'><strong>exterritus</strong></span> <span class='ocrx_word' id='word_1_618' title='bbox 3123 2057 3139 2080; x_wconf 90' lang='lat'><strong>,</strong></span> <span class='ocrx_word' id='word_1_619' title='bbox 3186 2019 3448 2086; x_wconf 88' lang='lat' dir='ltr'><strong>permittit</strong></span> <span class='ocrx_word' id='word_1_620' title='bbox 3466 2021 3581 2082; x_wconf 78' lang='lat' dir='ltr'><strong>ﬁeri</strong></span> <span class='ocrx_word' id='word_1_621' title='bbox 3607 2024 3750 2092; x_wconf 86' lang='lat' dir='ltr'><strong>quod</strong></span> 
     </span>
    </p>
   </div>
   <div class='ocr_carea' id='block_1_79' title="bbox 2162 2100 3749 2180">
    <p class='ocr_par' dir='ltr' id='par_1_79' title="bbox 2162 2100 3749 2180">
     <span class='ocr_line' id='line_1_79' title="bbox 2162 2100 3749 2180; baseline 0.012 -30"><span class='ocrx_word' id='word_1_622' title='bbox 2162 2113 2256 2151; x_wconf 90' lang='lat' dir='ltr'><strong>cur</strong></span> <span class='ocrx_word' id='word_1_623' title='bbox 2287 2100 2438 2154; x_wconf 88' lang='lat' dir='ltr'><strong>lieret</strong></span> <span class='ocrx_word' id='word_1_624' title='bbox 2467 2101 2770 2170; x_wconf 74' lang='lat' dir='ltr'><strong>ignorabat;</strong></span> <span class='ocrx_word' id='word_1_625' title='bbox 2799 2104 2896 2160; x_wconf 84' lang='lat' dir='ltr'><strong>sed</strong></span> <span class='ocrx_word' id='word_1_626' title='bbox 2925 2121 3090 2176; x_wconf 85' lang='lat' dir='ltr'><strong>usque</strong></span> <span class='ocrx_word' id='word_1_627' title='bbox 3112 2108 3179 2161; x_wconf 90' lang='lat' dir='ltr'><strong>ad</strong></span> <span class='ocrx_word' id='word_1_628' title='bbox 3227 2125 3352 2164; x_wconf 83' lang='lat' dir='ltr'><strong>suos</strong></span> <span class='ocrx_word' id='word_1_629' title='bbox 3381 2113 3542 2180; x_wconf 82' lang='lat' dir='ltr'><strong>pedes</strong></span> <span class='ocrx_word' id='word_1_630' title='bbox 3572 2115 3749 2170; x_wconf 85' lang='lat' dir='ltr'><strong>humi-</strong></span> 
     </span>
    </p>
   </div>
   <div class='ocr_carea' id='block_1_80' title="bbox 2160 2189 3750 2273">
    <p class='ocr_par' dir='ltr' id='par_1_80' title="bbox 2160 2189 3750 2273">
     <span class='ocr_line' id='line_1_80' title="bbox 2160 2189 3750 2273; baseline 0.012 -29"><span class='ocrx_word' id='word_1_631' title='bbox 2160 2189 2264 2246; x_wconf 81' lang='lat' dir='ltr'><strong>lem</strong></span> <span class='ocrx_word' id='word_1_632' title='bbox 2291 2190 2558 2246; x_wconf 75' lang='lat' dir='ltr'><strong>Christum</strong></span> <span class='ocrx_word' id='word_1_633' title='bbox 2586 2195 2759 2250; x_wconf 90' lang='lat' dir='ltr'><strong>adhuc</strong></span> <span class='ocrx_word' id='word_1_634' title='bbox 2789 2211 2894 2251; x_wconf 94' lang='lat' dir='ltr'><strong>non</strong></span> <span class='ocrx_word' id='word_1_635' title='bbox 2922 2199 3032 2252; x_wconf 91' lang='lat' dir='ltr'><strong>vult</strong></span> <span class='ocrx_word' id='word_1_636' title='bbox 3060 2202 3240 2256; x_wconf 80' lang='lat' dir='ltr'><strong>videre</strong></span> <span class='ocrx_word' id='word_1_637' title='bbox 3258 2240 3275 2267; x_wconf 93' lang='lat'><strong>,</strong></span> <span class='ocrx_word' id='word_1_638' title='bbox 3307 2218 3415 2258; x_wconf 86' lang='lat' dir='ltr'><strong>non</strong></span> <span class='ocrx_word' id='word_1_639' title='bbox 3441 2214 3613 2273; x_wconf 83' lang='lat' dir='ltr'><strong>potest</strong></span> <span class='ocrx_word' id='word_1_640' title='bbox 3631 2221 3750 2263; x_wconf 86' lang='lat' dir='ltr'><strong>sus-</strong></span> 
     </span>
    </p>
   </div>
   <div class='ocr_carea' id='block_1_81' title="bbox 2164 2283 3746 2363">
    <p class='ocr_par' dir='ltr' id='par_1_81' title="bbox 2164 2283 3746 2363">
     <span class='ocr_line' id='line_1_81' title="bbox 2164 2283 3746 2363; baseline 0.013 -27"><span class='ocrx_word' id='word_1_641' title='bbox 2164 2283 2352 2340; x_wconf 77' lang='lat' dir='ltr'><strong>tinere.</strong></span> <span class='ocrx_word' id='word_1_642' title='bbox 2399 2285 2522 2340; x_wconf 73' lang='lat' dir='ltr'><strong>Non</strong></span> <span class='ocrx_word' id='word_1_643' title='bbox 2565 2287 2754 2343; x_wconf 79' lang='lat' dir='ltr'><strong>locabis</strong></span> <span class='ocrx_word' id='word_1_644' title='bbox 2790 2291 2941 2356; x_wconf 84' lang='lat' dir='ltr'><strong>mihi,</strong></span> <span class='ocrx_word' id='word_1_645' title='bbox 2984 2293 3180 2360; x_wconf 81' lang='lat' dir='ltr'><strong>inquit,</strong></span> <span class='ocrx_word' id='word_1_646' title='bbox 3223 2296 3371 2363; x_wconf 80' lang='lat' dir='ltr'><strong>pedes</strong></span> <span class='ocrx_word' id='word_1_647' title='bbox 3404 2298 3455 2350; x_wconf 86' lang='lat' dir='ltr'><strong>in</strong></span> <span class='ocrx_word' id='word_1_648' title='bbox 3484 2310 3746 2358; x_wconf 68' lang='lat' dir='ltr'><strong>atomum.</strong></span> 
     </span>
    </p>
   </div>
   <div class='ocr_carea' id='block_1_82' title="bbox 2159 2373 3754 2462">
    <p class='ocr_par' dir='ltr' id='par_1_82' title="bbox 2159 2373 3754 2462">
     <span class='ocr_line' id='line_1_82' title="bbox 2159 2373 3754 2462; baseline 0.011 -33"><span class='ocrx_word' id='word_1_649' title='bbox 2159 2373 2298 2440; x_wconf 81' lang='lat' dir='ltr'><strong>Quid</strong></span> <span class='ocrx_word' id='word_1_650' title='bbox 2318 2386 2419 2442; x_wconf 85' lang='lat' dir='ltr'><strong>est,</strong></span> <span class='ocrx_word' id='word_1_651' title='bbox 2449 2378 2498 2430; x_wconf 83' lang='lat' dir='ltr'><strong>in</strong></span> <span class='ocrx_word' id='word_1_652' title='bbox 2524 2381 2803 2434; x_wconf 61' lang='lat' dir='ltr'><strong>talentum?</strong></span> <span class='ocrx_word' id='word_1_653' title='bbox 2831 2381 3109 2452; x_wconf 84' lang='lat' dir='ltr'><strong>Nunquam</strong></span> <span class='ocrx_word' id='word_1_654' title='bbox 3130 2383 3232 2440; x_wconf 85' lang='lat' dir='ltr'><strong>hoc</strong></span> <span class='ocrx_word' id='word_1_655' title='bbox 3261 2386 3448 2456; x_wconf 81' lang='lat' dir='ltr'><strong>feram,</strong></span> <span class='ocrx_word' id='word_1_656' title='bbox 3479 2405 3754 2462; x_wconf 83' lang='lat' dir='ltr'><strong>nunquam</strong></span> 
     </span>
    </p>
   </div>
   <div class='ocr_carea' id='block_1_83' title="bbox 2161 2467 3749 2545">
    <p class='ocr_par' dir='ltr' id='par_1_83' title="bbox 2161 2467 3749 2545">
     <span class='ocr_line' id='line_1_83' title="bbox 2161 2467 3749 2545; baseline 0.014 -28"><span class='ocrx_word' id='word_1_657' title='bbox 2161 2467 2332 2534; x_wconf 88' lang='lat' dir='ltr'><strong>patiar</strong></span> <span class='ocrx_word' id='word_1_658' title='bbox 2352 2501 2368 2534; x_wconf 89' lang='lat'><strong>,</strong></span> <span class='ocrx_word' id='word_1_659' title='bbox 2393 2484 2662 2538; x_wconf 89' lang='lat' dir='ltr'><strong>nunquam</strong></span> <span class='ocrx_word' id='word_1_660' title='bbox 2689 2473 2858 2526; x_wconf 87' lang='lat' dir='ltr'><strong>sinam</strong></span> <span class='ocrx_word' id='word_1_661' title='bbox 2888 2490 2900 2525; x_wconf 93' lang='lat'><strong>:</strong></span> <span class='ocrx_word' id='word_1_662' title='bbox 2935 2474 3035 2528; x_wconf 91' lang='lat' dir='ltr'><strong>hoc</strong></span> <span class='ocrx_word' id='word_1_663' title='bbox 3061 2476 3254 2545; x_wconf 87' lang='lat' dir='ltr'><strong>quippe</strong></span> <span class='ocrx_word' id='word_1_664' title='bbox 3274 2478 3327 2531; x_wconf 92' lang='lat' dir='ltr'><strong>in</strong></span> <span class='ocrx_word' id='word_1_665' title='bbox 3357 2487 3614 2536; x_wconf 71' lang='lat' dir='ltr'><strong>aeternum</strong></span> <span class='ocrx_word' id='word_1_666' title='bbox 3640 2499 3749 2539; x_wconf 87' lang='lat' dir='ltr'><strong>non</strong></span> 
     </span>
    </p>
   </div>
   <div class='ocr_carea' id='block_1_84' title="bbox 2161 2556 3747 2637">
    <p class='ocr_par' dir='ltr' id='par_1_84' title="bbox 2161 2556 3747 2637">
     <span class='ocr_line' id='line_1_84' title="bbox 2161 2556 3747 2637; baseline 0.011 -28"><span class='ocrx_word' id='word_1_667' title='bbox 2161 2556 2246 2622; x_wconf 85' lang='lat' dir='ltr'><strong>lit,</strong></span> <span class='ocrx_word' id='word_1_668' title='bbox 2275 2558 2415 2626; x_wconf 88' lang='lat' dir='ltr'><strong>quod</strong></span> <span class='ocrx_word' id='word_1_669' title='bbox 2439 2576 2706 2630; x_wconf 86' lang='lat' dir='ltr'><strong>nunquam</strong></span> <span class='ocrx_word' id='word_1_670' title='bbox 2731 2562 2804 2615; x_wconf 84' lang='lat' dir='ltr'><strong>lit.</strong></span> <span class='ocrx_word' id='word_1_671' title='bbox 2827 2564 2959 2618; x_wconf 85' lang='lat' dir='ltr'><strong>Tum</strong></span> <span class='ocrx_word' id='word_1_672' title='bbox 2987 2563 3230 2620; x_wconf 83' lang='lat' dir='ltr'><strong>Salvator</strong></span> <span class='ocrx_word' id='word_1_673' title='bbox 3254 2583 3453 2637; x_wconf 82' lang='lat' dir='ltr'><strong>aegrum</strong></span> <span class='ocrx_word' id='word_1_674' title='bbox 3479 2571 3747 2628; x_wconf 81' lang='lat' dir='ltr'><strong>reluctan-</strong></span> 
     </span>
    </p>
   </div>
   <div class='ocr_carea' id='block_1_85' title="bbox 2162 2649 3749 2724">
    <p class='ocr_par' dir='ltr' id='par_1_85' title="bbox 2162 2649 3749 2724">
     <span class='ocr_line' id='line_1_85' title="bbox 2162 2649 3749 2724; baseline 0.012 -24"><span class='ocrx_word' id='word_1_675' title='bbox 2162 2655 2266 2702; x_wconf 85' lang='lat' dir='ltr'><strong>tem</strong></span> <span class='ocrx_word' id='word_1_676' title='bbox 2291 2687 2304 2713; x_wconf 89' lang='lat'><strong>,</strong></span> <span class='ocrx_word' id='word_1_677' title='bbox 2330 2649 2398 2703; x_wconf 85' lang='lat' dir='ltr'><strong>de</strong></span> <span class='ocrx_word' id='word_1_678' title='bbox 2433 2649 2598 2719; x_wconf 86' lang='lat' dir='ltr'><strong>ipsius</strong></span> <span class='ocrx_word' id='word_1_679' title='bbox 2626 2653 2811 2708; x_wconf 81' lang='lat' dir='ltr'><strong>salutis</strong></span> <span class='ocrx_word' id='word_1_680' title='bbox 2843 2656 3082 2724; x_wconf 89' lang='lat' dir='ltr'><strong>periculo</strong></span> <span class='ocrx_word' id='word_1_681' title='bbox 3101 2665 3416 2714; x_wconf 78' lang='lat' dir='ltr'><strong>exterrens:</strong></span> <span class='ocrx_word' id='word_1_682' title='bbox 3446 2662 3506 2716; x_wconf 83' lang='lat' dir='ltr'><strong>Si</strong></span> <span class='ocrx_word' id='word_1_683' title='bbox 3543 2679 3644 2720; x_wconf 72' lang='lat' dir='ltr'><strong>non</strong></span> <span class='ocrx_word' id='word_1_684' title='bbox 3669 2664 3749 2718; x_wconf 84' lang='lat' dir='ltr'><strong>la-</strong></span> 
     </span>
    </p>
   </div>
   <div class='ocr_carea' id='block_1_86' title="bbox 2158 2744 3750 2818">
    <p class='ocr_par' dir='ltr' id='par_1_86' title="bbox 2158 2744 3750 2818">
     <span class='ocr_line' id='line_1_86' title="bbox 2158 2744 3750 2818; baseline 0.012 -24"><span class='ocrx_word' id='word_1_685' title='bbox 2158 2756 2273 2796; x_wconf 75' lang='lat' dir='ltr'><strong>vero</strong></span> <span class='ocrx_word' id='word_1_686' title='bbox 2300 2751 2366 2810; x_wconf 89' lang='lat' dir='ltr'><strong>te,</strong></span> <span class='ocrx_word' id='word_1_687' title='bbox 2396 2744 2582 2814; x_wconf 87' lang='lat' dir='ltr'><strong>inquit,</strong></span> <span class='ocrx_word' id='word_1_688' title='bbox 2615 2762 2714 2800; x_wconf 79' lang='lat' dir='ltr'><strong>non</strong></span> <span class='ocrx_word' id='word_1_689' title='bbox 2739 2748 2941 2802; x_wconf 76' lang='lat' dir='ltr'><strong>habebis</strong></span> <span class='ocrx_word' id='word_1_690' title='bbox 2971 2760 3162 2818; x_wconf 79' lang='lat' dir='ltr'><strong>partem</strong></span> <span class='ocrx_word' id='word_1_691' title='bbox 3187 2768 3400 2806; x_wconf 70' lang='lat' dir='ltr'><strong>precum.</strong></span> <span class='ocrx_word' id='word_1_692' title='bbox 3447 2753 3521 2808; x_wconf 83' lang='lat' dir='ltr'><strong>lta</strong></span> <span class='ocrx_word' id='word_1_693' title='bbox 3545 2755 3750 2816; x_wconf 74' lang='lat' dir='ltr'><strong>dictum</strong></span> 
     </span>
    </p>
   </div>
   <div class='ocr_carea' id='block_1_87' title="bbox 2159 2834 3743 2916">
    <p class='ocr_par' dir='ltr' id='par_1_87' title="bbox 2159 2834 3743 2916">
     <span class='ocr_line' id='line_1_87' title="bbox 2159 2834 3743 2916; baseline 0.01 -29"><span class='ocrx_word' id='word_1_694' title='bbox 2159 2840 2240 2887; x_wconf 83' lang='lat' dir='ltr'><strong>est</strong></span> <span class='ocrx_word' id='word_1_695' title='bbox 2259 2873 2274 2896; x_wconf 96' lang='lat'><strong>,</strong></span> <span class='ocrx_word' id='word_1_696' title='bbox 2303 2834 2362 2888; x_wconf 86' lang='lat' dir='ltr'><strong>Si</strong></span> <span class='ocrx_word' id='word_1_697' title='bbox 2394 2850 2495 2889; x_wconf 78' lang='lat' dir='ltr'><strong>tum</strong></span> <span class='ocrx_word' id='word_1_698' title='bbox 2520 2838 2684 2890; x_wconf 85' lang='lat' dir='ltr'><strong>lavero</strong></span> <span class='ocrx_word' id='word_1_699' title='bbox 2708 2847 2754 2892; x_wconf 88' lang='lat' dir='ltr'><strong>te</strong></span> <span class='ocrx_word' id='word_1_700' title='bbox 2771 2879 2788 2904; x_wconf 87' lang='lat'><strong>,</strong></span> <span class='ocrx_word' id='word_1_701' title='bbox 2815 2854 2933 2893; x_wconf 91' lang='lat' dir='ltr'><strong>cum</strong></span> <span class='ocrx_word' id='word_1_702' title='bbox 2961 2841 3029 2895; x_wconf 86' lang='lat' dir='ltr'><strong>de</strong></span> <span class='ocrx_word' id='word_1_703' title='bbox 3056 2842 3186 2896; x_wconf 89' lang='lat' dir='ltr'><strong>solis</strong></span> <span class='ocrx_word' id='word_1_704' title='bbox 3211 2844 3440 2916; x_wconf 82' lang='lat' dir='ltr'><strong>pedibus</strong></span> <span class='ocrx_word' id='word_1_705' title='bbox 3463 2856 3743 2916; x_wconf 68' lang='lat' dir='ltr'><strong>ageretur;</strong></span> 
     </span>
    </p>
   </div>
   <div class='ocr_carea' id='block_1_88' title="bbox 2164 2927 3747 3009">
    <p class='ocr_par' dir='ltr' id='par_1_88' title="bbox 2164 2927 3747 3009">
     <span class='ocr_line' id='line_1_88' title="bbox 2164 2927 3747 3009; baseline 0.012 -32"><span class='ocrx_word' id='word_1_706' title='bbox 2164 2927 2429 2995; x_wconf 89' lang='lat' dir='ltr'><strong>quomodo</strong></span> <span class='ocrx_word' id='word_1_707' title='bbox 2451 2928 2554 2982; x_wconf 90' lang='lat' dir='ltr'><strong>dici</strong></span> <span class='ocrx_word' id='word_1_708' title='bbox 2579 2931 2796 2995; x_wconf 87' lang='lat' dir='ltr'><strong>assolet,</strong></span> <span class='ocrx_word' id='word_1_709' title='bbox 2822 2931 3006 2988; x_wconf 72' lang='lat' dir='ltr'><strong>Caicus</strong></span> <span class='ocrx_word' id='word_1_710' title='bbox 3049 2949 3154 3000; x_wconf 85' lang='lat' dir='ltr'><strong>me,</strong></span> <span class='ocrx_word' id='word_1_711' title='bbox 3186 2936 3398 3004; x_wconf 85' lang='lat' dir='ltr'><strong>quando</strong></span> <span class='ocrx_word' id='word_1_712' title='bbox 3426 2939 3533 2992; x_wconf 86' lang='lat' dir='ltr'><strong>sola</strong></span> <span class='ocrx_word' id='word_1_713' title='bbox 3565 2940 3747 3009; x_wconf 81' lang='lat' dir='ltr'><strong>planta</strong></span> 
     </span>
    </p>
   </div>
   <div class='ocr_carea' id='block_1_89' title="bbox 2159 3017 3748 3102">
    <p class='ocr_par' dir='ltr' id='par_1_89' title="bbox 2159 3017 3748 3102">
     <span class='ocr_line' id='line_1_89' title="bbox 2159 3017 3748 3102; baseline 0.013 -34"><span class='ocrx_word' id='word_1_714' title='bbox 2159 3017 2408 3071; x_wconf 85' lang='lat' dir='ltr'><strong>calcatur.</strong></span> <span class='ocrx_word' id='word_1_715' title='bbox 2446 3021 2513 3074; x_wconf 80' lang='lat' dir='ltr'><strong>At</strong></span> <span class='ocrx_word' id='word_1_716' title='bbox 2541 3021 2627 3074; x_wconf 86' lang='lat' dir='ltr'><strong>ille</strong></span> <span class='ocrx_word' id='word_1_717' title='bbox 2652 3037 2832 3078; x_wconf 84' lang='lat' dir='ltr'><strong>amore</strong></span> <span class='ocrx_word' id='word_1_718' title='bbox 2858 3033 2910 3084; x_wconf 79' lang='lat' dir='ltr'><strong>et</strong></span> <span class='ocrx_word' id='word_1_719' title='bbox 2936 3025 3127 3082; x_wconf 89' lang='lat' dir='ltr'><strong>timore</strong></span> <span class='ocrx_word' id='word_1_720' title='bbox 3149 3029 3520 3096; x_wconf 79' lang='lat' dir='ltr'><strong>perturbatus,</strong></span> <span class='ocrx_word' id='word_1_721' title='bbox 3552 3042 3606 3086; x_wconf 88' lang='lat' dir='ltr'><strong>et</strong></span> <span class='ocrx_word' id='word_1_722' title='bbox 3627 3034 3748 3102; x_wconf 83' lang='lat' dir='ltr'><strong>plus</strong></span> 
     </span>
    </p>
   </div>
   <div class='ocr_carea' id='block_1_90' title="bbox 2160 3110 3746 3194">
    <p class='ocr_par' dir='ltr' id='par_1_90' title="bbox 2160 3110 3746 3194">
     <span class='ocr_line' id='line_1_90' title="bbox 2160 3110 3746 3194; baseline 0.01 -31"><span class='ocrx_word' id='word_1_723' title='bbox 2160 3123 2520 3178; x_wconf 72' lang='lat' dir='ltr'><strong>expavescens</strong></span> <span class='ocrx_word' id='word_1_724' title='bbox 2561 3112 2829 3168; x_wconf 81' lang='lat' dir='ltr'><strong>Christum</strong></span> <span class='ocrx_word' id='word_1_725' title='bbox 2862 3115 2963 3169; x_wconf 89' lang='lat' dir='ltr'><strong>sibi</strong></span> <span class='ocrx_word' id='word_1_726' title='bbox 3007 3118 3223 3187; x_wconf 82' lang='lat' dir='ltr'><strong>negari,</strong></span> <span class='ocrx_word' id='word_1_727' title='bbox 3271 3110 3430 3189; x_wconf 86' lang='lat' dir='ltr'><strong>quam</strong></span> <span class='ocrx_word' id='word_1_728' title='bbox 3461 3138 3627 3194; x_wconf 86' lang='lat' dir='ltr'><strong>usque</strong></span> <span class='ocrx_word' id='word_1_729' title='bbox 3675 3123 3746 3178; x_wconf 83' lang='lat' dir='ltr'><strong>ad</strong></span> 
     </span>
    </p>
   </div>
   <div class='ocr_carea' id='block_1_91' title="bbox 2160 3202 3746 3285">
    <p class='ocr_par' dir='ltr' id='par_1_91' title="bbox 2160 3202 3746 3285">
     <span class='ocr_line' id='line_1_91' title="bbox 2160 3202 3746 3285; baseline 0.011 -33"><span class='ocrx_word' id='word_1_730' title='bbox 2160 3215 2287 3253; x_wconf 91' lang='lat' dir='ltr'><strong>suos</strong></span> <span class='ocrx_word' id='word_1_731' title='bbox 2319 3202 2481 3270; x_wconf 84' lang='lat' dir='ltr'><strong>pedes</strong></span> <span class='ocrx_word' id='word_1_732' title='bbox 2512 3203 2777 3260; x_wconf 86' lang='lat' dir='ltr'><strong>humiliari</strong></span> <span class='ocrx_word' id='word_1_733' title='bbox 2809 3206 3083 3276; x_wconf 85' lang='lat' dir='ltr'><strong>:Domine,</strong></span> <span class='ocrx_word' id='word_1_734' title='bbox 3113 3211 3217 3276; x_wconf 87' lang='lat' dir='ltr'><strong>ait,</strong></span> <span class='ocrx_word' id='word_1_735' title='bbox 3243 3227 3346 3276; x_wconf 84' lang='lat' dir='ltr'><strong>non</strong></span> <span class='ocrx_word' id='word_1_736' title='bbox 3377 3222 3567 3268; x_wconf 80' lang='lat' dir='ltr'><strong>tantum</strong></span> <span class='ocrx_word' id='word_1_737' title='bbox 3593 3214 3746 3285; x_wconf 82' lang='lat' dir='ltr'><strong>pedes</strong></span> 
     </span>
    </p>
   </div>
   <div class='ocr_carea' id='block_1_92' title="bbox 2161 3293 3744 3372">
    <p class='ocr_par' dir='ltr' id='par_1_92' title="bbox 2161 3293 3744 3372">
     <span class='ocr_line' id='line_1_92' title="bbox 2161 3293 3744 3372; baseline 0.011 -29"><span class='ocrx_word' id='word_1_738' title='bbox 2161 3309 2296 3346; x_wconf 85' lang='lat' dir='ltr'><strong>meos</strong></span> <span class='ocrx_word' id='word_1_739' title='bbox 2318 3333 2332 3357; x_wconf 91' lang='lat'><strong>,</strong></span> <span class='ocrx_word' id='word_1_740' title='bbox 2363 3293 2451 3346; x_wconf 85' lang='lat' dir='ltr'><strong>sed</strong></span> <span class='ocrx_word' id='word_1_741' title='bbox 2475 3305 2520 3346; x_wconf 85' lang='lat' dir='ltr'><strong>et</strong></span> <span class='ocrx_word' id='word_1_742' title='bbox 2542 3313 2722 3353; x_wconf 79' lang='lat' dir='ltr'><strong>manus</strong></span> <span class='ocrx_word' id='word_1_743' title='bbox 2746 3308 2790 3350; x_wconf 83' lang='lat' dir='ltr'><strong>et</strong></span> <span class='ocrx_word' id='word_1_744' title='bbox 2807 3311 2981 3370; x_wconf 83' lang='lat' dir='ltr'><strong>caput.</strong></span> <span class='ocrx_word' id='word_1_745' title='bbox 3015 3301 3457 3372; x_wconf 77' lang='lat' dir='ltr'><strong>Quandoquidem</strong></span> <span class='ocrx_word' id='word_1_746' title='bbox 3471 3307 3548 3360; x_wconf 82' lang='lat' dir='ltr'><strong>sic</strong></span> <span class='ocrx_word' id='word_1_747' title='bbox 3570 3306 3744 3360; x_wconf 85' lang='lat' dir='ltr'><strong>mina-</strong></span> 
     </span>
    </p>
   </div>
   <div class='ocr_carea' id='block_1_93' title="bbox 2160 3385 3744 3456">
    <p class='ocr_par' dir='ltr' id='par_1_93' title="bbox 2160 3385 3744 3456">
     <span class='ocr_line' id='line_1_93' title="bbox 2160 3385 3744 3456; baseline 0.011 -19"><span class='ocrx_word' id='word_1_748' title='bbox 2160 3385 2266 3448; x_wconf 86' lang='lat' dir='ltr'><strong>ris,</strong></span> <span class='ocrx_word' id='word_1_749' title='bbox 2301 3386 2522 3442; x_wconf 85' lang='lat' dir='ltr'><strong>lavanda</strong></span> <span class='ocrx_word' id='word_1_750' title='bbox 2556 3389 2646 3442; x_wconf 90' lang='lat' dir='ltr'><strong>tibi</strong></span> <span class='ocrx_word' id='word_1_751' title='bbox 2691 3391 2929 3446; x_wconf 86' lang='lat' dir='ltr'><strong>membra</strong></span> <span class='ocrx_word' id='word_1_752' title='bbox 2954 3408 3109 3456; x_wconf 83' lang='lat' dir='ltr'><strong>mea,</strong></span> <span class='ocrx_word' id='word_1_753' title='bbox 3161 3410 3266 3448; x_wconf 89' lang='lat' dir='ltr'><strong>non</strong></span> <span class='ocrx_word' id='word_1_754' title='bbox 3290 3397 3463 3455; x_wconf 83' lang='lat' dir='ltr'><strong>solum</strong></span> <span class='ocrx_word' id='word_1_755' title='bbox 3501 3397 3604 3452; x_wconf 83' lang='lat' dir='ltr'><strong>ima</strong></span> <span class='ocrx_word' id='word_1_756' title='bbox 3634 3412 3744 3454; x_wconf 85' lang='lat' dir='ltr'><strong>non</strong></span> 
     </span>
    </p>
   </div>
   <div class='ocr_carea' id='block_1_94' title="bbox 2159 3478 3744 3551">
    <p class='ocr_par' dir='ltr' id='par_1_94' title="bbox 2159 3478 3744 3551">
     <span class='ocr_line' id='line_1_94' title="bbox 2159 3478 3744 3551; baseline 0.011 -21"><span class='ocrx_word' id='word_1_757' title='bbox 2159 3478 2440 3547; x_wconf 84' lang='lat' dir='ltr'><strong>subtraho,</strong></span> <span class='ocrx_word' id='word_1_758' title='bbox 2472 3497 2654 3534; x_wconf 87' lang='lat' dir='ltr'><strong>verum</strong></span> <span class='ocrx_word' id='word_1_759' title='bbox 2683 3483 2841 3536; x_wconf 88' lang='lat' dir='ltr'><strong>etiam</strong></span> <span class='ocrx_word' id='word_1_760' title='bbox 2871 3485 3036 3551; x_wconf 88' lang='lat' dir='ltr'><strong>prima</strong></span> <span class='ocrx_word' id='word_1_761' title='bbox 3057 3487 3359 3544; x_wconf 81' lang='lat' dir='ltr'><strong>substerne.</strong></span> <span class='ocrx_word' id='word_1_762' title='bbox 3389 3486 3465 3542; x_wconf 84' lang='lat' dir='ltr'><strong>Ne</strong></span> <span class='ocrx_word' id='word_1_763' title='bbox 3491 3487 3622 3544; x_wconf 88' lang='lat' dir='ltr'><strong>mihi</strong></span> <span class='ocrx_word' id='word_1_764' title='bbox 3643 3505 3744 3546; x_wconf 79' lang='lat' dir='ltr'><strong>ne-</strong></span> 
     </span>
    </p>
   </div>
   <div class='ocr_carea' id='block_1_95' title="bbox 2159 3560 3744 3651">
    <p class='ocr_par' dir='ltr' id='par_1_95' title="bbox 2159 3560 3744 3651">
     <span class='ocr_line' id='line_1_95' title="bbox 2159 3560 3744 3651; baseline 0.008 -28"><span class='ocrx_word' id='word_1_765' title='bbox 2159 3584 2254 3637; x_wconf 77' lang='lat' dir='ltr'><strong>ges</strong></span> <span class='ocrx_word' id='word_1_766' title='bbox 2304 3572 2614 3640; x_wconf 78' lang='lat' dir='ltr'><strong>capiendam</strong></span> <span class='ocrx_word' id='word_1_767' title='bbox 2675 3582 2847 3627; x_wconf 87' lang='lat' dir='ltr'><strong>tecuut</strong></span> <span class='ocrx_word' id='word_1_768' title='bbox 2900 3586 3148 3644; x_wconf 87' lang='lat' dir='ltr'><strong>partem,</strong></span> <span class='ocrx_word' id='word_1_769' title='bbox 3215 3560 3413 3634; x_wconf 80' lang='lat' dir='ltr'><strong>nullam</strong></span> <span class='ocrx_word' id='word_1_770' title='bbox 3463 3579 3557 3636; x_wconf 86' lang='lat' dir='ltr'><strong>tibi</strong></span> <span class='ocrx_word' id='word_1_771' title='bbox 3606 3595 3744 3651; x_wconf 73' lang='lat' dir='ltr'><strong>nego</strong></span> 
     </span>
    </p>
   </div>
   <div class='ocr_carea' id='block_1_96' title="bbox 2157 3663 3116 3737">
    <p class='ocr_par' dir='ltr' id='par_1_96' title="bbox 2157 3663 3116 3737">
     <span class='ocr_line' id='line_1_96' title="bbox 2157 3663 3116 3737; baseline 0.006 -21"><span class='ocrx_word' id='word_1_772' title='bbox 2157 3663 2477 3718; x_wconf 79' lang='lat' dir='ltr'><strong>abluendam</strong></span> <span class='ocrx_word' id='word_1_773' title='bbox 2505 3667 2604 3720; x_wconf 89' lang='lat' dir='ltr'><strong>mei</strong></span> <span class='ocrx_word' id='word_1_774' title='bbox 2623 3671 2861 3735; x_wconf 86' lang='lat' dir='ltr'><strong>corporis</strong></span> <span class='ocrx_word' id='word_1_775' title='bbox 2894 3677 3116 3737; x_wconf 86' lang='lat' dir='ltr'><strong>partem.</strong></span> 
     </span>
    </p>
   </div>
   <div class='ocr_carea' id='block_1_97' title="bbox 2176 3755 3739 3834">
    <p class='ocr_par' dir='ltr' id='par_1_97' title="bbox 2176 3755 3739 3834">
     <span class='ocr_line' id='line_1_97' title="bbox 2176 3755 3739 3834; baseline 0.009 -30"><span class='ocrx_word' id='word_1_776' title='bbox 2176 3821 2178 3824; x_wconf 13' lang='grc' dir='ltr'>ν</span> <span class='ocrx_word' id='word_1_777' title='bbox 2229 3755 2280 3820; x_wconf 64' lang='grc' dir='ltr'><strong>ᾗ.</strong></span> <span class='ocrx_word' id='word_1_778' title='bbox 2309 3755 2446 3820; x_wconf 65' lang='lat' dir='ltr'><strong>Dicit</strong></span> <span class='ocrx_word' id='word_1_779' title='bbox 2471 3757 2515 3810; x_wconf 86' lang='lat' dir='ltr'><strong>ei</strong></span> <span class='ocrx_word' id='word_1_780' title='bbox 2539 3756 2690 3812; x_wconf 85' lang='lat' dir='ltr'><strong>Jestts</strong></span> <span class='ocrx_word' id='word_1_781' title='bbox 2721 3773 2739 3810; x_wconf 91' lang='lat'><strong><em>:</em></strong></span> <span class='ocrx_word' id='word_1_782' title='bbox 2763 3758 2863 3824; x_wconf 84' lang='lat' dir='ltr'><strong>Qui</strong></span> <span class='ocrx_word' id='word_1_783' title='bbox 2903 3759 3036 3814; x_wconf 82' lang='lat' dir='ltr'><strong>lotus</strong></span> <span class='ocrx_word' id='word_1_784' title='bbox 3057 3769 3160 3828; x_wconf 84' lang='lat' dir='ltr'><strong>est,</strong></span> <span class='ocrx_word' id='word_1_785' title='bbox 3191 3778 3292 3814; x_wconf 81' lang='lat' dir='ltr'><strong>non</strong></span> <span class='ocrx_word' id='word_1_786' title='bbox 3317 3761 3463 3818; x_wconf 81' lang='lat' dir='ltr'><strong>habet</strong></span> <span class='ocrx_word' id='word_1_787' title='bbox 3488 3779 3617 3834; x_wconf 83' lang='lat' dir='ltr'><strong>opus</strong></span> <span class='ocrx_word' id='word_1_788' title='bbox 3641 3764 3739 3834; x_wconf 76' lang='lat' dir='ltr'><strong>nisi</strong></span> 
     </span>
    </p>
   </div>
   <div class='ocr_carea' id='block_1_98' title="bbox 2158 3847 3746 3918">
    <p class='ocr_par' dir='ltr' id='par_1_98' title="bbox 2158 3847 3746 3918">
     <span class='ocr_line' id='line_1_98' title="bbox 2158 3847 3746 3918; baseline 0.009 -19"><span class='ocrx_word' id='word_1_789' title='bbox 2158 3847 2308 3918; x_wconf 77' lang='lat' dir='ltr'><strong>pedes</strong></span> <span class='ocrx_word' id='word_1_790' title='bbox 2336 3847 2535 3915; x_wconf 83' lang='lat' dir='ltr'><strong>lavare,</strong></span> <span class='ocrx_word' id='word_1_791' title='bbox 2563 3849 2651 3903; x_wconf 82' lang='lat' dir='ltr'><strong>sed</strong></span> <span class='ocrx_word' id='word_1_792' title='bbox 2680 3860 2749 3903; x_wconf 83' lang='lat' dir='ltr'><strong>est</strong></span> <span class='ocrx_word' id='word_1_793' title='bbox 2777 3853 2992 3906; x_wconf 80' lang='lat' dir='ltr'><strong>mundus</strong></span> <span class='ocrx_word' id='word_1_794' title='bbox 3020 3863 3172 3908; x_wconf 85' lang='lat' dir='ltr'><strong>totus.</strong></span> <span class='ocrx_word' id='word_1_795' title='bbox 3205 3854 3302 3910; x_wconf 86' lang='lat' dir='ltr'><strong>llic</strong></span> <span class='ocrx_word' id='word_1_796' title='bbox 3328 3865 3602 3912; x_wconf 83' lang='lat' dir='ltr'><strong>moveatur</strong></span> <span class='ocrx_word' id='word_1_797' title='bbox 3635 3858 3746 3914; x_wconf 76' lang='lat' dir='ltr'><strong>for-</strong></span> 
     </span>
    </p>
   </div>
   <div class='ocr_carea' id='block_1_99' title="bbox 2162 3940 3748 4022">
    <p class='ocr_par' dir='ltr' id='par_1_99' title="bbox 2162 3940 3748 4022">
     <span class='ocr_line' id='line_1_99' title="bbox 2162 3940 3748 4022; baseline 0.009 -31"><span class='ocrx_word' id='word_1_798' title='bbox 2162 3940 2314 3993; x_wconf 87' lang='lat' dir='ltr'><strong>tassis</strong></span> <span class='ocrx_word' id='word_1_799' title='bbox 2341 3941 2486 4009; x_wconf 87' lang='lat' dir='ltr'><strong>quis,</strong></span> <span class='ocrx_word' id='word_1_800' title='bbox 2537 3951 2591 3996; x_wconf 86' lang='lat' dir='ltr'><strong>et</strong></span> <span class='ocrx_word' id='word_1_801' title='bbox 2626 3943 2765 3997; x_wconf 86' lang='lat' dir='ltr'><strong>dicat</strong></span> <span class='ocrx_word' id='word_1_802' title='bbox 2794 3961 2805 3995; x_wconf 89' lang='lat'><strong>:</strong></span> <span class='ocrx_word' id='word_1_803' title='bbox 2837 3945 2949 3999; x_wconf 89' lang='lat' dir='ltr'><strong>lmo</strong></span> <span class='ocrx_word' id='word_1_804' title='bbox 2977 3947 3021 3999; x_wconf 89' lang='lat' dir='ltr'><strong>si</strong></span> <span class='ocrx_word' id='word_1_805' title='bbox 3053 3947 3279 4001; x_wconf 88' lang='lat' dir='ltr'><strong>mundus</strong></span> <span class='ocrx_word' id='word_1_806' title='bbox 3302 3956 3385 4004; x_wconf 86' lang='lat' dir='ltr'><strong>est</strong></span> <span class='ocrx_word' id='word_1_807' title='bbox 3409 3957 3550 4004; x_wconf 88' lang='lat' dir='ltr'><strong>totus</strong></span> <span class='ocrx_word' id='word_1_808' title='bbox 3569 3991 3582 4013; x_wconf 91' lang='lat'><strong>,</strong></span> <span class='ocrx_word' id='word_1_809' title='bbox 3614 3951 3748 4022; x_wconf 65' lang='lat' dir='ltr'><strong>quid</strong></span> 
     </span>
    </p>
   </div>
   <div class='ocr_carea' id='block_1_100' title="bbox 2157 4033 3745 4104">
    <p class='ocr_par' dir='ltr' id='par_1_100' title="bbox 2157 4033 3745 4104">
     <span class='ocr_line' id='line_1_100' title="bbox 2157 4033 3745 4104; baseline 0.009 -18"><span class='ocrx_word' id='word_1_810' title='bbox 2157 4033 2204 4086; x_wconf 89' lang='lat' dir='ltr'><strong>ei</strong></span> <span class='ocrx_word' id='word_1_811' title='bbox 2227 4047 2359 4101; x_wconf 92' lang='lat' dir='ltr'><strong>opus</strong></span> <span class='ocrx_word' id='word_1_812' title='bbox 2389 4043 2469 4087; x_wconf 83' lang='lat' dir='ltr'><strong>est</strong></span> <span class='ocrx_word' id='word_1_813' title='bbox 2498 4035 2576 4089; x_wconf 78' lang='lat' dir='ltr'><strong>vel</strong></span> <span class='ocrx_word' id='word_1_814' title='bbox 2606 4035 2770 4104; x_wconf 88' lang='lat' dir='ltr'><strong>pedes</strong></span> <span class='ocrx_word' id='word_1_815' title='bbox 2799 4037 2974 4092; x_wconf 82' lang='lat' dir='ltr'><strong>lavare</strong></span> <span class='ocrx_word' id='word_1_816' title='bbox 3000 4041 3023 4091; x_wconf 80' lang='lat' dir='ltr'><strong>‘l</strong></span> <span class='ocrx_word' id='word_1_817' title='bbox 3048 4039 3305 4096; x_wconf 78' lang='lat' dir='ltr'><strong>Dominus</strong></span> <span class='ocrx_word' id='word_1_818' title='bbox 3319 4053 3494 4098; x_wconf 87' lang='lat' dir='ltr'><strong>autem</strong></span> <span class='ocrx_word' id='word_1_819' title='bbox 3523 4053 3745 4100; x_wconf 85' lang='lat' dir='ltr'><strong>noverat</strong></span> 
     </span>
    </p>
   </div>
   <div class='ocr_carea' id='block_1_101' title="bbox 2157 4123 3741 4203">
    <p class='ocr_par' dir='ltr' id='par_1_101' title="bbox 2157 4123 3741 4203">
     <span class='ocr_line' id='line_1_101' title="bbox 2157 4123 3741 4203; baseline 0.009 -27"><span class='ocrx_word' id='word_1_820' title='bbox 2157 4123 2296 4192; x_wconf 86' lang='lat' dir='ltr'><strong>quod</strong></span> <span class='ocrx_word' id='word_1_821' title='bbox 2323 4123 2566 4191; x_wconf 78' lang='lat' dir='ltr'><strong>dicebat,</strong></span> <span class='ocrx_word' id='word_1_822' title='bbox 2607 4127 2816 4180; x_wconf 84' lang='lat' dir='ltr'><strong>etiamsi</strong></span> <span class='ocrx_word' id='word_1_823' title='bbox 2855 4138 3033 4183; x_wconf 85' lang='lat' dir='ltr'><strong>nostra</strong></span> <span class='ocrx_word' id='word_1_824' title='bbox 3063 4130 3340 4187; x_wconf 84' lang='lat' dir='ltr'><strong>inﬁrmitas</strong></span> <span class='ocrx_word' id='word_1_825' title='bbox 3371 4137 3487 4203; x_wconf 68' lang='lat' dir='ltr'><strong>eius</strong></span> <span class='ocrx_word' id='word_1_826' title='bbox 3533 4145 3741 4192; x_wconf 83' lang='lat' dir='ltr'><strong>secreta</strong></span> 
     </span>
    </p>
   </div>
   <div class='ocr_carea' id='block_1_102' title="bbox 2158 4219 3744 4293">
    <p class='ocr_par' dir='ltr' id='par_1_102' title="bbox 2158 4219 3744 4293">
     <span class='ocr_line' id='line_1_102' title="bbox 2158 4219 3744 4293; baseline 0.012 -27"><span class='ocrx_word' id='word_1_827' title='bbox 2158 4230 2264 4278; x_wconf 80' lang='lat' dir='ltr'><strong>non</strong></span> <span class='ocrx_word' id='word_1_828' title='bbox 2291 4227 2554 4284; x_wconf 76' lang='lat' dir='ltr'><strong>penetrat.</strong></span> <span class='ocrx_word' id='word_1_829' title='bbox 2605 4219 2975 4276; x_wconf 68' lang='lat' dir='ltr'><strong>Verumtamen</strong></span> <span class='ocrx_word' id='word_1_830' title='bbox 3005 4234 3260 4293; x_wconf 85' lang='lat' dir='ltr'><strong>quantum</strong></span> <span class='ocrx_word' id='word_1_831' title='bbox 3290 4241 3390 4288; x_wconf 86' lang='lat' dir='ltr'><strong>nos</strong></span> <span class='ocrx_word' id='word_1_832' title='bbox 3433 4227 3646 4284; x_wconf 80' lang='lat' dir='ltr'><strong>erudire</strong></span> <span class='ocrx_word' id='word_1_833' title='bbox 3688 4237 3744 4285; x_wconf 76' lang='lat' dir='ltr'><strong>et</strong></span> 
     </span>
    </p>
   </div>
   <div class='ocr_carea' id='block_1_103' title="bbox 2156 4307 3739 4391">
    <p class='ocr_par' dir='ltr' id='par_1_103' title="bbox 2156 4307 3739 4391">
     <span class='ocr_line' id='line_1_103' title="bbox 2156 4307 3739 4391; baseline 0.011 -31"><span class='ocrx_word' id='word_1_834' title='bbox 2156 4321 2220 4360; x_wconf 81' lang='lat' dir='ltr'><strong>ex</strong></span> <span class='ocrx_word' id='word_1_835' title='bbox 2246 4307 2360 4378; x_wconf 76' lang='lat' dir='ltr'><strong>lege</strong></span> <span class='ocrx_word' id='word_1_836' title='bbox 2390 4323 2485 4363; x_wconf 86' lang='lat' dir='ltr'><strong>sua</strong></span> <span class='ocrx_word' id='word_1_837' title='bbox 2513 4310 2706 4366; x_wconf 87' lang='lat' dir='ltr'><strong>docere</strong></span> <span class='ocrx_word' id='word_1_838' title='bbox 2733 4313 3000 4383; x_wconf 78' lang='lat' dir='ltr'><strong>dignatur,</strong></span> <span class='ocrx_word' id='word_1_839' title='bbox 3025 4331 3120 4384; x_wconf 92' lang='lat' dir='ltr'><strong>pro</strong></span> <span class='ocrx_word' id='word_1_840' title='bbox 3150 4329 3306 4387; x_wconf 83' lang='lat' dir='ltr'><strong>captu</strong></span> <span class='ocrx_word' id='word_1_841' title='bbox 3333 4336 3474 4386; x_wconf 87' lang='lat' dir='ltr'><strong>meo,</strong></span> <span class='ocrx_word' id='word_1_842' title='bbox 3497 4336 3595 4391; x_wconf 89' lang='lat' dir='ltr'><strong>pro</strong></span> <span class='ocrx_word' id='word_1_843' title='bbox 3619 4337 3739 4377; x_wconf 76' lang='lat' dir='ltr'><strong>mo-</strong></span> 
     </span>
    </p>
   </div>
   <div class='ocr_carea' id='block_1_104' title="bbox 2157 4398 3740 4486">
    <p class='ocr_par' dir='ltr' id='par_1_104' title="bbox 2157 4398 3740 4486">
     <span class='ocr_line' id='line_1_104' title="bbox 2157 4398 3740 4486; baseline 0.011 -32"><span class='ocrx_word' id='word_1_844' title='bbox 2157 4398 2283 4456; x_wconf 90' lang='lat' dir='ltr'><strong>dulo</strong></span> <span class='ocrx_word' id='word_1_845' title='bbox 2315 4416 2434 4458; x_wconf 90' lang='lat' dir='ltr'><strong>meo</strong></span> <span class='ocrx_word' id='word_1_846' title='bbox 2453 4443 2467 4469; x_wconf 88' lang='lat'><strong>,</strong></span> <span class='ocrx_word' id='word_1_847' title='bbox 2491 4403 2687 4473; x_wconf 88' lang='lat' dir='ltr'><strong>aliquid</strong></span> <span class='ocrx_word' id='word_1_848' title='bbox 2710 4407 2868 4460; x_wconf 84' lang='lat' dir='ltr'><strong>etiam</strong></span> <span class='ocrx_word' id='word_1_849' title='bbox 2890 4423 2988 4478; x_wconf 73' lang='lat' dir='ltr'><strong>ego</strong></span> <span class='ocrx_word' id='word_1_850' title='bbox 3004 4408 3072 4464; x_wconf 90' lang='lat' dir='ltr'><strong>de</strong></span> <span class='ocrx_word' id='word_1_851' title='bbox 3102 4409 3258 4479; x_wconf 80' lang='lat' dir='ltr'><strong>hujus</strong></span> <span class='ocrx_word' id='word_1_852' title='bbox 3283 4414 3588 4484; x_wconf 65' lang='lat' dir='ltr'><strong>quaestionis</strong></span> <span class='ocrx_word' id='word_1_853' title='bbox 3612 4431 3740 4486; x_wconf 90' lang='lat' dir='ltr'><strong>pro-</strong></span> 
     </span>
    </p>
   </div>
   <div class='ocr_carea' id='block_1_105' title="bbox 2154 4492 3740 4578">
    <p class='ocr_par' dir='ltr' id='par_1_105' title="bbox 2154 4492 3740 4578">
     <span class='ocr_line' id='line_1_105' title="bbox 2154 4492 3740 4578; baseline 0.013 -33"><span class='ocrx_word' id='word_1_854' title='bbox 2154 4492 2446 4559; x_wconf 78' lang='lat' dir='ltr'><strong>funditate,</strong></span> <span class='ocrx_word' id='word_1_855' title='bbox 2493 4496 2583 4549; x_wconf 89' lang='lat' dir='ltr'><strong>illo</strong></span> <span class='ocrx_word' id='word_1_856' title='bbox 2611 4497 2894 4567; x_wconf 85' lang='lat' dir='ltr'><strong>adjuvante</strong></span> <span class='ocrx_word' id='word_1_857' title='bbox 2919 4542 2931 4563; x_wconf 92' lang='lat'><strong>,</strong></span> <span class='ocrx_word' id='word_1_858' title='bbox 2978 4503 3327 4572; x_wconf 84' lang='lat' dir='ltr'><strong>respondeam</strong></span> <span class='ocrx_word' id='word_1_859' title='bbox 3357 4523 3369 4558; x_wconf 94' lang='lat'>:</span> <span class='ocrx_word' id='word_1_860' title='bbox 3402 4523 3462 4562; x_wconf 90' lang='lat' dir='ltr'><strong>ac</strong></span> <span class='ocrx_word' id='word_1_861' title='bbox 3505 4509 3740 4578; x_wconf 79' lang='lat' dir='ltr'><strong>primum</strong></span> 
     </span>
    </p>
   </div>
   <div class='ocr_carea' id='block_1_106' title="bbox 2155 4582 3739 4660">
    <p class='ocr_par' dir='ltr' id='par_1_106' title="bbox 2155 4582 3739 4660">
     <span class='ocr_line' id='line_1_106' title="bbox 2155 4582 3739 4660; baseline 0.013 -23"><span class='ocrx_word' id='word_1_862' title='bbox 2155 4582 2323 4652; x_wconf 85' lang='lat' dir='ltr'><strong>ipsam</strong></span> <span class='ocrx_word' id='word_1_863' title='bbox 2370 4588 2687 4644; x_wconf 88' lang='lat' dir='ltr'><strong>locutionem</strong></span> <span class='ocrx_word' id='word_1_864' title='bbox 2738 4606 2844 4646; x_wconf 93' lang='lat' dir='ltr'><strong>non</strong></span> <span class='ocrx_word' id='word_1_865' title='bbox 2881 4593 2978 4647; x_wconf 91' lang='lat' dir='ltr'><strong>sibi</strong></span> <span class='ocrx_word' id='word_1_866' title='bbox 3004 4609 3123 4650; x_wconf 88' lang='lat' dir='ltr'><strong>esse</strong></span> <span class='ocrx_word' id='word_1_867' title='bbox 3147 4597 3462 4660; x_wconf 86' lang='lat' dir='ltr'><strong>contrariam</strong></span> <span class='ocrx_word' id='word_1_868' title='bbox 3492 4599 3739 4657; x_wconf 80' lang='lat' dir='ltr'><strong>facillime</strong></span> 
     </span>
    </p>
   </div>
   <div class='ocr_carea' id='block_1_107' title="bbox 2157 4680 3738 4764">
    <p class='ocr_par' dir='ltr' id='par_1_107' title="bbox 2157 4680 3738 4764">
     <span class='ocr_line' id='line_1_107' title="bbox 2157 4680 3738 4764; baseline 0.011 -30"><span class='ocrx_word' id='word_1_869' title='bbox 2157 4680 2459 4734; x_wconf 89' lang='lat' dir='ltr'><strong>ostendam.</strong></span> <span class='ocrx_word' id='word_1_870' title='bbox 2491 4680 2620 4748; x_wconf 84' lang='lat' dir='ltr'><strong>Quis</strong></span> <span class='ocrx_word' id='word_1_871' title='bbox 2647 4683 2787 4737; x_wconf 90' lang='lat' dir='ltr'><strong>enim</strong></span> <span class='ocrx_word' id='word_1_872' title='bbox 2819 4701 2922 4744; x_wconf 83' lang='lat' dir='ltr'><strong>non</strong></span> <span class='ocrx_word' id='word_1_873' title='bbox 2947 4686 3018 4756; x_wconf 78' lang='lat' dir='ltr'><strong>ita</strong></span> <span class='ocrx_word' id='word_1_874' title='bbox 3042 4689 3334 4756; x_wconf 74' lang='lat' dir='ltr'><strong>reetissime</strong></span> <span class='ocrx_word' id='word_1_875' title='bbox 3363 4691 3504 4762; x_wconf 90' lang='lat' dir='ltr'><strong>loqui</strong></span> <span class='ocrx_word' id='word_1_876' title='bbox 3533 4695 3738 4764; x_wconf 83' lang='lat' dir='ltr'><strong>possit,</strong></span> 
     </span>
    </p>
   </div>
   <div class='ocr_carea' id='block_1_108' title="bbox 2156 4767 3735 4853">
    <p class='ocr_par' dir='ltr' id='par_1_108' title="bbox 2156 4767 3735 4853">
     <span class='ocr_line' id='line_1_108' title="bbox 2156 4767 3735 4853; baseline 0.013 -31"><span class='ocrx_word' id='word_1_877' title='bbox 2156 4767 2380 4824; x_wconf 80' lang='lat' dir='ltr'><strong>Mundus</strong></span> <span class='ocrx_word' id='word_1_878' title='bbox 2407 4780 2487 4825; x_wconf 89' lang='lat' dir='ltr'><strong>est</strong></span> <span class='ocrx_word' id='word_1_879' title='bbox 2534 4781 2706 4840; x_wconf 90' lang='lat' dir='ltr'><strong>totus,</strong></span> <span class='ocrx_word' id='word_1_880' title='bbox 2751 4785 2944 4844; x_wconf 71' lang='lat' dir='ltr'><strong>prmter</strong></span> <span class='ocrx_word' id='word_1_881' title='bbox 2986 4779 3150 4848; x_wconf 86' lang='lat' dir='ltr'><strong>pedes</strong></span> <span class='ocrx_word' id='word_1_882' title='bbox 3175 4779 3199 4834; x_wconf 92' lang='lat'><strong>?</strong></span> <span class='ocrx_word' id='word_1_883' title='bbox 3226 4782 3532 4853; x_wconf 81' lang='lat' dir='ltr'><strong>Elegantius</strong></span> <span class='ocrx_word' id='word_1_884' title='bbox 3555 4796 3735 4845; x_wconf 84' lang='lat' dir='ltr'><strong>autem</strong></span> 
     </span>
    </p>
   </div>
   <div class='ocr_carea' id='block_1_109' title="bbox 2154 4858 3733 4949">
    <p class='ocr_par' dir='ltr' id='par_1_109' title="bbox 2154 4858 3733 4949">
     <span class='ocr_line' id='line_1_109' title="bbox 2154 4858 3733 4949; baseline 0.015 -38"><span class='ocrx_word' id='word_1_885' title='bbox 2154 4858 2386 4928; x_wconf 85' lang='lat' dir='ltr'><strong>loquitur</strong></span> <span class='ocrx_word' id='word_1_886' title='bbox 2411 4862 2454 4916; x_wconf 91' lang='lat' dir='ltr'><strong>si</strong></span> <span class='ocrx_word' id='word_1_887' title='bbox 2479 4861 2640 4930; x_wconf 89' lang='lat' dir='ltr'><strong>dicit,</strong></span> <span class='ocrx_word' id='word_1_888' title='bbox 2676 4866 2895 4922; x_wconf 83' lang='lat' dir='ltr'><strong>Mundus</strong></span> <span class='ocrx_word' id='word_1_889' title='bbox 2916 4878 2997 4924; x_wconf 88' lang='lat' dir='ltr'><strong>est</strong></span> <span class='ocrx_word' id='word_1_890' title='bbox 3022 4879 3196 4937; x_wconf 82' lang='lat' dir='ltr'><strong>totus,</strong></span> <span class='ocrx_word' id='word_1_891' title='bbox 3240 4874 3346 4929; x_wconf 87' lang='lat' dir='ltr'><strong>nisi</strong></span> <span class='ocrx_word' id='word_1_892' title='bbox 3365 4875 3555 4944; x_wconf 81' lang='lat' dir='ltr'><strong>pedes;</strong></span> <span class='ocrx_word' id='word_1_893' title='bbox 3589 4879 3733 4949; x_wconf 87' lang='lat' dir='ltr'><strong>quod</strong></span> 
     </span>
    </p>
   </div>
   <div class='ocr_carea' id='block_1_110' title="bbox 2153 4953 3735 5034">
    <p class='ocr_par' dir='ltr' id='par_1_110' title="bbox 2153 4953 3735 5034">
     <span class='ocr_line' id='line_1_110' title="bbox 2153 4953 3735 5034; baseline 0.011 -29"><span class='ocrx_word' id='word_1_894' title='bbox 2153 4953 2478 5010; x_wconf 87' lang='lat' dir='ltr'><strong>tantumdem</strong></span> <span class='ocrx_word' id='word_1_895' title='bbox 2509 4957 2648 5012; x_wconf 86' lang='lat' dir='ltr'><strong>valet</strong></span> <span class='ocrx_word' id='word_1_896' title='bbox 2671 4959 2707 5011; x_wconf 78' lang='grc' dir='ltr'><strong>ί.</strong></span> <span class='ocrx_word' id='word_1_897' title='bbox 2742 4959 2851 5014; x_wconf 83' lang='lat' dir='ltr'><strong>Hoc</strong></span> <span class='ocrx_word' id='word_1_898' title='bbox 2879 4976 3007 5032; x_wconf 85' lang='lat' dir='ltr'><strong>ergo</strong></span> <span class='ocrx_word' id='word_1_899' title='bbox 3053 4965 3126 5019; x_wconf 89' lang='lat' dir='ltr'><strong>ait</strong></span> <span class='ocrx_word' id='word_1_900' title='bbox 3163 4965 3418 5022; x_wconf 91' lang='lat' dir='ltr'><strong>Dominus</strong></span> <span class='ocrx_word' id='word_1_901' title='bbox 3438 5011 3453 5034; x_wconf 91' lang='lat'><strong>,</strong></span> <span class='ocrx_word' id='word_1_902' title='bbox 3489 4968 3606 5022; x_wconf 83' lang='lat' dir='ltr'><strong>Non</strong></span> <span class='ocrx_word' id='word_1_903' title='bbox 3635 4971 3735 5023; x_wconf 84' lang='lat' dir='ltr'><strong>Ita-</strong></span> 
     </span>
    </p>
   </div>
   <div class='ocr_carea' id='block_1_111' title="bbox 2153 5043 3738 5122">
    <p class='ocr_par' dir='ltr' id='par_1_111' title="bbox 2153 5043 3738 5122">
     <span class='ocr_line' id='line_1_111' title="bbox 2153 5043 3738 5122; baseline 0.013 -26"><span class='ocrx_word' id='word_1_904' title='bbox 2153 5043 2229 5098; x_wconf 83' lang='lat' dir='ltr'><strong>bet</strong></span> <span class='ocrx_word' id='word_1_905' title='bbox 2268 5060 2395 5116; x_wconf 81' lang='lat' dir='ltr'><strong>Opus</strong></span> <span class='ocrx_word' id='word_1_906' title='bbox 2421 5047 2516 5100; x_wconf 79' lang='lat' dir='ltr'><strong>nisi</strong></span> <span class='ocrx_word' id='word_1_907' title='bbox 2541 5047 2688 5119; x_wconf 73' lang='lat' dir='ltr'><strong>pedes</strong></span> <span class='ocrx_word' id='word_1_908' title='bbox 2713 5049 2881 5104; x_wconf 75' lang='lat' dir='ltr'><strong>lavare</strong></span> <span class='ocrx_word' id='word_1_909' title='bbox 2899 5093 2912 5118; x_wconf 90' lang='lat'><strong>,</strong></span> <span class='ocrx_word' id='word_1_910' title='bbox 2946 5053 3033 5108; x_wconf 74' lang='lat' dir='ltr'><strong>sed</strong></span> <span class='ocrx_word' id='word_1_911' title='bbox 3057 5064 3126 5108; x_wconf 78' lang='lat' dir='ltr'><strong>est</strong></span> <span class='ocrx_word' id='word_1_912' title='bbox 3151 5057 3366 5111; x_wconf 85' lang='lat' dir='ltr'><strong>mundus</strong></span> <span class='ocrx_word' id='word_1_913' title='bbox 3390 5068 3540 5114; x_wconf 82' lang='lat' dir='ltr'><strong>totus.</strong></span> <span class='ocrx_word' id='word_1_914' title='bbox 3567 5059 3738 5122; x_wconf 82' lang='lat' dir='ltr'><strong>Totus</strong></span> 
     </span>
    </p>
   </div>
   <div class='ocr_carea' id='block_1_112' title="bbox 2151 5136 3738 5222">
    <p class='ocr_par' dir='ltr' id='par_1_112' title="bbox 2151 5136 3738 5222">
     <span class='ocr_line' id='line_1_112' title="bbox 2151 5136 3738 5222; baseline 0.013 -37"><span class='ocrx_word' id='word_1_915' title='bbox 2151 5136 2331 5205; x_wconf 87' lang='lat' dir='ltr'><strong>utique</strong></span> <span class='ocrx_word' id='word_1_916' title='bbox 2373 5145 2564 5206; x_wconf 69' lang='lat' dir='ltr'><strong>praeter</strong></span> <span class='ocrx_word' id='word_1_917' title='bbox 2612 5140 2806 5210; x_wconf 84' lang='lat' dir='ltr'><strong>pedes,</strong></span> <span class='ocrx_word' id='word_1_918' title='bbox 2855 5143 2976 5211; x_wconf 85' lang='lat' dir='ltr'><strong>vel,</strong></span> <span class='ocrx_word' id='word_1_919' title='bbox 3026 5147 3127 5200; x_wconf 88' lang='lat' dir='ltr'><strong>nisi</strong></span> <span class='ocrx_word' id='word_1_920' title='bbox 3177 5149 3365 5216; x_wconf 79' lang='lat' dir='ltr'><strong>pedes,</strong></span> <span class='ocrx_word' id='word_1_921' title='bbox 3409 5166 3543 5222; x_wconf 87' lang='lat' dir='ltr'><strong>quos</strong></span> <span class='ocrx_word' id='word_1_922' title='bbox 3574 5151 3738 5206; x_wconf 36' lang='lat' dir='ltr'><strong>habet</strong></span> 
     </span>
    </p>
   </div>
   <div class='ocr_carea' id='block_1_113' title="bbox 2149 5230 2496 5298">
    <p class='ocr_par' dir='ltr' id='par_1_113' title="bbox 2149 5230 2496 5298">
     <span class='ocr_line' id='line_1_113' title="bbox 2149 5230 2496 5298; baseline 0.009 -18"><span class='ocrx_word' id='word_1_923' title='bbox 2149 5244 2279 5298; x_wconf 88' lang='lat' dir='ltr'><strong>opus</strong></span> <span class='ocrx_word' id='word_1_924' title='bbox 2304 5230 2496 5286; x_wconf 82' lang='lat' dir='ltr'><strong>lavare.</strong></span> 
     </span>
    </p>
   </div>
   <div class='ocr_carea' id='block_1_114' title="bbox 2220 5320 3734 5402">
    <p class='ocr_par' dir='ltr' id='par_1_114' title="bbox 2220 5320 3734 5402">
     <span class='ocr_line' id='line_1_114' title="bbox 2220 5320 3734 5402; baseline 0.011 -28"><span class='ocrx_word' id='word_1_925' title='bbox 2220 5320 2271 5374; x_wconf 75' lang='grc'><strong>4.</strong></span> <span class='ocrx_word' id='word_1_926' title='bbox 2296 5320 2398 5375; x_wconf 89' lang='lat' dir='ltr'><strong>Sed</strong></span> <span class='ocrx_word' id='word_1_927' title='bbox 2421 5321 2545 5390; x_wconf 91' lang='lat' dir='ltr'><strong>quid</strong></span> <span class='ocrx_word' id='word_1_928' title='bbox 2572 5334 2652 5378; x_wconf 88' lang='lat' dir='ltr'><strong>est</strong></span> <span class='ocrx_word' id='word_1_929' title='bbox 2677 5322 2779 5380; x_wconf 88' lang='lat' dir='ltr'><strong>hoc</strong></span> <span class='ocrx_word' id='word_1_930' title='bbox 2805 5325 2828 5378; x_wconf 88' lang='lat'><strong>?</strong></span> <span class='ocrx_word' id='word_1_931' title='bbox 2853 5325 2977 5394; x_wconf 87' lang='lat' dir='ltr'><strong>quid</strong></span> <span class='ocrx_word' id='word_1_932' title='bbox 3006 5328 3102 5384; x_wconf 85' lang='lat' dir='ltr'><strong>sibi</strong></span> <span class='ocrx_word' id='word_1_933' title='bbox 3133 5330 3244 5385; x_wconf 76' lang='lat' dir='ltr'><strong>Vult</strong></span> <span class='ocrx_word' id='word_1_934' title='bbox 3268 5331 3291 5371; x_wconf 69' lang='grc'>9</span> <span class='ocrx_word' id='word_1_935' title='bbox 3318 5333 3440 5402; x_wconf 91' lang='lat' dir='ltr'><strong>quid</strong></span> <span class='ocrx_word' id='word_1_936' title='bbox 3473 5334 3572 5392; x_wconf 89' lang='lat' dir='ltr'><strong>hoc</strong></span> <span class='ocrx_word' id='word_1_937' title='bbox 3590 5337 3609 5364; x_wconf 67' lang='grc'><strong>³</strong></span> <span class='ocrx_word' id='word_1_938' title='bbox 3634 5352 3734 5390; x_wconf 83' lang='lat' dir='ltr'><strong>ne~</strong></span> 
     </span>
    </p>
   </div>
   <div class='ocr_carea' id='block_1_115' title="bbox 2149 5413 3738 5502">
    <p class='ocr_par' dir='ltr' id='par_1_115' title="bbox 2149 5413 3738 5502">
     <span class='ocr_line' id='line_1_115' title="bbox 2149 5413 3738 5502; baseline 0.013 -40"><span class='ocrx_word' id='word_1_939' title='bbox 2149 5413 2438 5466; x_wconf 85' lang='lat' dir='ltr'><strong>cessarium</strong></span> <span class='ocrx_word' id='word_1_940' title='bbox 2469 5423 2548 5468; x_wconf 88' lang='lat' dir='ltr'><strong>est</strong></span> <span class='ocrx_word' id='word_1_941' title='bbox 2589 5423 2645 5468; x_wconf 92' lang='lat' dir='ltr'><strong>ut</strong></span> <span class='ocrx_word' id='word_1_942' title='bbox 2685 5418 3025 5484; x_wconf 65' lang='lat' dir='ltr'><strong>quwramus?</strong></span> <span class='ocrx_word' id='word_1_943' title='bbox 3053 5420 3305 5475; x_wconf 85' lang='lat' dir='ltr'><strong>Dominus</strong></span> <span class='ocrx_word' id='word_1_944' title='bbox 3335 5423 3462 5478; x_wconf 90' lang='lat' dir='ltr'><strong>dicit</strong></span> <span class='ocrx_word' id='word_1_945' title='bbox 3484 5467 3504 5502; x_wconf 37' lang='grc' dir='ltr'><strong>,ι</strong></span> <span class='ocrx_word' id='word_1_946' title='bbox 3536 5425 3738 5494; x_wconf 69' lang='lat' dir='ltr'><strong>veritas</strong></span> 
     </span>
    </p>
   </div>
   <div class='ocr_carea' id='block_1_116' title="bbox 2152 5503 3728 5586">
    <p class='ocr_par' dir='ltr' id='par_1_116' title="bbox 2152 5503 3728 5586">
     <span class='ocr_line' id='line_1_116' title="bbox 2152 5503 3728 5586; baseline 0.012 -29"><span class='ocrx_word' id='word_1_947' title='bbox 2152 5503 2411 5574; x_wconf 78' lang='lat' dir='ltr'><strong>loquitur,</strong></span> <span class='ocrx_word' id='word_1_948' title='bbox 2463 5507 2600 5586; x_wconf 84' lang='lat' dir='ltr'><strong>quod</strong></span> <span class='ocrx_word' id='word_1_949' title='bbox 2651 5524 2784 5577; x_wconf 89' lang='lat' dir='ltr'><strong>opus</strong></span> <span class='ocrx_word' id='word_1_950' title='bbox 2833 5509 3023 5568; x_wconf 83' lang='lat' dir='ltr'><strong>habeat</strong></span> <span class='ocrx_word' id='word_1_951' title='bbox 3049 5513 3208 5582; x_wconf 88' lang='lat' dir='ltr'><strong>pedes</strong></span> <span class='ocrx_word' id='word_1_952' title='bbox 3239 5514 3415 5571; x_wconf 84' lang='lat' dir='ltr'><strong>lavare</strong></span> <span class='ocrx_word' id='word_1_953' title='bbox 3445 5518 3604 5574; x_wconf 87' lang='lat' dir='ltr'><strong>etiam</strong></span> <span class='ocrx_word' id='word_1_954' title='bbox 3637 5519 3728 5576; x_wconf 81' lang='lat' dir='ltr'><strong>ille</strong></span> 
     </span>
    </p>
   </div>
   <div class='ocr_carea' id='block_1_117' title="bbox 2152 5598 3719 5681">
    <p class='ocr_par' dir='ltr' id='par_1_117' title="bbox 2152 5598 3719 5681">
     <span class='ocr_line' id='line_1_117' title="bbox 2152 5598 3719 5681; baseline 0.01 -30"><span class='ocrx_word' id='word_1_955' title='bbox 2152 5598 2241 5667; x_wconf 83' lang='lat' dir='ltr'><strong>qui</strong></span> <span class='ocrx_word' id='word_1_956' title='bbox 2272 5599 2410 5653; x_wconf 87' lang='lat' dir='ltr'><strong>lotus</strong></span> <span class='ocrx_word' id='word_1_957' title='bbox 2453 5609 2554 5656; x_wconf 85' lang='lat' dir='ltr'><strong>est.</strong></span> <span class='ocrx_word' id='word_1_958' title='bbox 2583 5601 2718 5668; x_wconf 83' lang='lat' dir='ltr'><strong>Quid</strong></span> <span class='ocrx_word' id='word_1_959' title='bbox 2743 5643 2758 5669; x_wconf 90' lang='lat'><strong>,</strong></span> <span class='ocrx_word' id='word_1_960' title='bbox 2791 5604 2977 5662; x_wconf 75' lang='lat' dir='ltr'><strong>fratres</strong></span> <span class='ocrx_word' id='word_1_961' title='bbox 3003 5606 3145 5673; x_wconf 85' lang='lat' dir='ltr'><strong>mei,</strong></span> <span class='ocrx_word' id='word_1_962' title='bbox 3195 5608 3318 5679; x_wconf 86' lang='lat' dir='ltr'><strong>quid</strong></span> <span class='ocrx_word' id='word_1_963' title='bbox 3346 5610 3543 5681; x_wconf 86' lang='lat' dir='ltr'><strong>putatis</strong></span> <span class='ocrx_word' id='word_1_964' title='bbox 3567 5611 3589 5662; x_wconf 65' lang='grc' dir='ltr'><em>ἲ</em></span> <span class='ocrx_word' id='word_1_965' title='bbox 3620 5613 3719 5666; x_wconf 61' lang='lat' dir='ltr'><strong>nisi</strong></span> 
     </span>
    </p>
   </div>
   <div class='ocr_carea' id='block_1_118' title="bbox 2213 5735 3081 5805">
    <p class='ocr_par' dir='ltr' id='par_1_118' title="bbox 2213 5735 3081 5805">
     <span class='ocr_line' id='line_1_118' title="bbox 2213 5735 3081 5805; baseline 0.008 -25"><span class='ocrx_word' id='word_1_966' title='bbox 2213 5735 2380 5805; x_wconf 52' lang='lat' dir='ltr'><strong>gentis</strong></span> <span class='ocrx_word' id='word_1_967' title='bbox 2401 5740 2584 5805; x_wconf 55' lang='lat' dir='ltr'><strong>ense,</strong></span> <span class='ocrx_word' id='word_1_968' title='bbox 2607 5747 2723 5800; x_wconf 79' lang='lat' dir='ltr'><strong>quos</strong></span> <span class='ocrx_word' id='word_1_969' title='bbox 2739 5741 2921 5805; x_wconf 69' lang='lat' dir='ltr'><strong>tanaim</strong></span> <span class='ocrx_word' id='word_1_970' title='bbox 2943 5737 3081 5790; x_wconf 75' lang='lat' dir='ltr'><strong>lavet.</strong></span> 
     </span>
    </p>
   </div>
   <div class='ocr_carea' id='block_1_119' title="bbox 2211 5793 3322 5880">
    <p class='ocr_par' dir='ltr' id='par_1_119' title="bbox 2211 5793 3322 5880">
     <span class='ocr_line' id='line_1_119' title="bbox 2211 5793 3322 5880; baseline 0.008 -19"><span class='ocrx_word' id='word_1_971' title='bbox 2211 5793 3198 5880; x_wconf 54' lang='grc' dir='ltr'><strong>’ραάαιιὶείιιᾲιέιειοιιμεᾱονεηρωνε</strong></span> <span class='ocrx_word' id='word_1_972' title='bbox 3250 5810 3322 5856; x_wconf 60' lang='grc' dir='ltr'><strong>κω</strong></span> 
     </span>
    </p>
   </div>
  </div>
