4102 6488
336 343 467 414 1³189

331 474 450 544 quia
480 473 642 530 homo
663 473 714 531 in
741 481 925 534 sancto
948 473 1161 549 munem
1191 473 1460 549 Baptismo
1486 487 1627 538 totus
1651 479 1902 550 abluitdr,

331 575 432 623 nun
459 579 658 640 praeter
697 570 894 641 pedes,
940 572 1034 627 sed
1064 573 1203 628 totus
1251 575 1468 631 omnino
1501 596 1512 629 :
1548 581 1909 633 verumtamen

329 665 445 716 cum
476 663 528 717 in
575 664 735 720 rebus
780 659 1024 720 humanis
1053 669 1234 737 po‘stCa
1272 669 1492 739 vivitur,
1537 668 1720 742 utique
1769 681 1909 727 terra

329 754 588 810 calcatur.
618 755 719 827 lpsl
747 757 907 837 igitur
937 749 1150 814 humani
1201 760 1420 817 affectus
1440 805 1453 828 ,
1503 753 1618 818 sine
1643 761 1909 834 quibusin

328 847 427 902 hac
457 839 780 905 mortalitate
809 863 917 906 non
947 852 1161 921 vivitur,
1193 856 1340 926 quasi
1372 855 1532 925 pedes
1560 866 1701 921 sunt,
1731 849 1816 910 ubi
1845 874 1908 912 ex

329 943 576 998 humanis
605 937 762 999 rebus
790 941 1086 1013 afficimur;
1112 958 1164 1003 et
1199 939 1276 1005 sic
1303 937 1592 1014 atticimur,
1625 961 1678 1005 ut
1703 951 1909 1006 sidixe-

325 1036 490 1089 rimus
518 1038 640 1106 quia
682 1047 955 1107 peccatum
1001 1049 1107 1093 non
1136 1039 1422 1108 habemus,
1465 1058 1558 1095 nos
1587 1043 1728 1112 ipsos
1769 1044 1912 1096 deci-

325 1131 616 1196 piamus,et
639 1129 832 1187 veritas
861 1133 910 1186 iu
940 1134 1092 1188 tiobis
1122 1137 1224 1188 non
1253 1136 1319 1190 sit
1345 1136 1388 1206 (Ι
1409 1133 1562 1190 JOan.
1594 1153 1630 1203 ι,
1655 1138 1731 1206 8).
1762 1137 1906 1204 Quo-

325 1213 448 1277 tidie
499 1222 658 1292 igitur
701 1223 860 1292 pedes
903 1225 1042 1280 lavat
1086 1227 1271 1291 nobis,
1322 1228 1409 1298 qui
1466 1219 1765 1298 interpellat
1814 1246 1907 1299 pro

323 1314 476 1369 nobis
503 1315 680 1385 (liam.
713 1331 822 1382 vm,
848 1309 940 1386 Si)
974 1334 986 1369 :
1011 1325 1064 1372 et
1093 1317 1326 1386 quotidie
1347 1334 1441 1372 nos
1465 1323 1598 1388 Opus
1630 1319 1823 1373 habere
1853 1331 1907 1375 ut

321 1407 482 1475 pedes
533 1407 802 1472 lavemus,
853 1410 902 1464 id
935 1415 1044 1476 est,
1096 1411 1207 1465 vias
1253 1412 1600 1480 spirititalinm
1630 1421 1904 1481 gressuum

319 1500 640 1569 dirigamus,
696 1501 746 1554 in
799 1501 910 1571 ipsa
965 1503 1204 1557 oratiune
1248 1504 1511 1558 dominica
1553 1506 1902 1571 conﬁtenmr,

318 1603 435 1643 Cum
469 1589 730 1658 dicimus,
766 1591 968 1647 Dimitte
1003 1595 1142 1647 nobis
1173 1595 1337 1648 debita
1367 1609 1536 1649 nostra
1557 1641 1569 1660 ,
1601 1600 1726 1650 sicut
1750 1608 1795 1652 et
1817 1616 1906 1652 nos

317 1681 612 1736 dimittimus
634 1681 935 1738 debitOribtts
965 1687 1146 1738 nostris
1171 1685 1380 1758 (Matth.
1414 1705 1488 1754 vi,
1525 1687 1634 1758 1‘2).
1663 1689 1722 1743 Si
1762 1691 1903 1743 enim

314 1775 680 1842 conﬁteantur,
727 1778 861 1830 sicut
884 1777 1136 1847 scriptum
1161 1788 1272 1844 cst,
1316 1789 1519 1850 peccata
1542 1791 1747 1849 nostra,
1778 1789 1903 1851 pron

317 1857 451 1921 ferto
484 1870 571 1923 ille
599 1859 689 1940 Qui
721 1863 847 1926 laliit
876 1871 1040 1943 pedes
1072 1873 1446 1943 discipulortuu
1476 1893 1692 1929 suorum
1720 1918 1732 1939 ,
1774 1869 1903 1943 ﬁde-

316 1958 377 2012 tis
406 1972 478 2012 est
503 1972 549 2014 et
584 1965 753 2034 justus
781 1965 867 2030 qui
896 1965 1114 2018 dimittat
1151 1966 1290 2019 nobis
1339 1979 1572 2036 peccata,
1618 1979 1661 2020 et
1703 1969 1904 2022 mandet

313 2056 403 2105 nas
429 2052 492 2106 ab
513 2056 647 2106 omni
676 2055 936 2125 iniquitate
966 2055 1016 2127 (l
1043 2056 1198 2110 Joan.
1233 2074 1267 2119 ι,
1299 2055 1388 2130 9),
1425 2057 1474 2111 id
1506 2065 1614 2124 est,
1645 2063 1809 2129 itsque
1838 2060 1901 2114 ad

312 2145 475 2214 pedes
503 2148 698 2216 quibus
723 2165 1102 2204 conversamur
1122 2151 1171 2203 in
1203 2159 1362 2203 terra.

383 2235 435 2291 5.
465 2233 697 2292 Proinde
727 2237 958 2294 Ecclesia
985 2256 1143 2311 quam
1173 2239 1392 2295 inundat
1419 2239 1660 2297 Christus
1689 2235 1902 2298 lavacro

309 2341 460 2395 aqua:
493 2327 545 2380 in
579 2328 768 2394 verbo,
803 2345 906 2383 non
939 2332 1111 2384 solum
1146 2332 1194 2384 in
1229 2331 1333 2386 Illis
1368 2332 1584 2387 estsine
1616 2337 1818 2389 macula
1850 2344 1902 2390 et

310 2433 437 2488 ruga
465 2419 680 2491 (Ep/ms.
706 2433 761 2488 ν,
785 2421 876 2491 26,
905 2421 996 2495 27)
1016 2465 1028 2486 ,
1057 2424 1145 2493 qui
1177 2435 1294 2493 post
1326 2424 1590 2479 lavacrum
1621 2435 1898 2496 regenera-

309 2512 466 2566 tionis
511 2516 766 2570 continuo
792 2531 858 2569 ex
890 2517 1046 2586 hujus
1076 2519 1196 2571 vita:
1243 2521 1556 2590 contagione
1601 2523 1857 2577 tollmitur
1881 2566 1895 2588 ,

308 2621 404 2661 nec
452 2607 661 2663 calcant
717 2617 911 2664 terram
942 2621 1002 2666 ut
1053 2619 1188 2682 opas
1219 2609 1446 2667 habeant
1496 2609 1658 2684 pedes
1690 2616 1893 2682 lavare;

306 2705 489 2751 verum
512 2700 671 2753 etiam
701 2700 756 2754 in
784 2693 847 2755 iis
885 2702 1080 2772 quibus
1123 2704 1274 2757 istam
1308 2707 1724 2760 misericordiam
1756 2725 1894 2777 pra)-

305 2787 438 2845 bcns
469 2791 730 2846 Dominus
755 2835 767 2856 ,
801 2791 947 2848 ‘t‘ecit
995 2809 1089 2849 eos
1133 2793 1199 2851 de
1227 2789 1424 2850 sarculo
1455 2798 1554 2851 isto
1583 2795 1703 2853 lotis
1733 2799 1892 2852 etiam

307 2883 532 2954 pedibus
570 2886 853 2955 emigrare.
894 2883 948 2941 la
979 2885 1058 2942 his
1087 2887 1262 2943 autem
1290 2891 1379 2959 qui
1409 2890 1490 2944 hic
1517 2887 1889 2956 denmranlur,

303 2973 509 3031 etiamsi
529 2979 725 3031 munda
753 2979 850 3046 sit,
875 2972 1121 3050 qtioniam
1150 2983 1288 3049 juste
1315 2983 1527 3048 vivunt;
1555 2993 1687 3052 opus
1717 2993 1889 3037 tamen

303 3056 502 3125 habent
534 3067 695 3141 pedes
738 3073 940 3138 lavare,
997 3075 1246 3142 (proniam
1303 3076 1417 3129 sine
1462 3083 1679 3144 peccato
1711 3075 1891 3145 utique

302 3165 405 3216 non
435 3172 582 3218 sunt.
625 3159 848 3234 Propter
895 3165 993 3220 hoc
1039 3163 1164 3220 dicit
1191 3167 1242 3220 in
1275 3165 1494 3220 Cantica
1524 3169 1886 3233 canticorum,

302 3253 427 3310 Lavi
453 3257 605 3327 pedes
629 3267 763 3311 lucos
785 3259 1070 3328 ;quomodo
1093 3259 1364 3328 inquinabo
1396 3259 1513 3313 illos
1540 3259 1712 3330 (Cant.
1740 3275 1788 3323 ν,
1810 3261 1890 3330 5)?

300 3346 436 3404 Dicit
464 3349 608 3404 enim
639 3347 740 3404 hoc
769 3366 890 3405 cum
922 3352 1127 3420 cogitur
1155 3350 1220 3403 ad
1251 3350 1521 3405 Christum
1575 3352 1785 3417 venire,
1837 3359 1890 3404 et

302 3447 493 3494 terram
525 3442 732 3496 calcare
762 3449 882 3495 cum
915 3442 1076 3495 venit.
1108 3442 1220 3495 Alia
1249 3443 1470 3512 qtuestio
1493 3451 1676 3496 rursus
1709 3442 1887 3496 exori-

301 3539 403 3588 tur.
435 3533 622 3588 Ntmne
651 3533 892 3589 Christus
937 3541 1148 3589 sursum
1191 3535 1304 3588 est?
1334 3543 1508 3589 nonne
1547 3535 1784 3589 ascendit
1836 3538 1886 3590 in

299 3625 517 3687 cmlnm,
552 3635 604 3681 et
633 3625 780 3682 sedet
812 3623 877 3680 ad
906 3627 1175 3681 dexteram
1220 3625 1426 3681 Patris?
1455 3639 1629 3681 liOllltC
1657 3625 1888 3696 Aposto-

297 3715 376 3771 lus
399 3717 628 3783 clamat,
662 3721 715 3772 et
752 3715 911 3785 dicit,
943 3717 1002 3773 Si
1020 3731 1136 3788 ergo
1163 3721 1501 3772 resurrt'x‘iatts
1524 3725 1638 3772 cuin
1663 3713 1881 3785 Christo,

297 3823 404 3876 qua:
429 3825 630 3864 sursum
653 3813 770 3865 sunt
796 3813 956 3881 sapite
978 3854 992 3880 ,
1041 3813 1125 3866 ubi
1161 3811 1389 3868 Christus
1433 3815 1590 3865 estad
1629 3809 1885 3868 dexteram

296 3900 391 3955 Dei
411 3901 589 3956 sedens
615 3947 626 3964 ,
660 3917 772 3974 qua:
812 3909 1013 3958 sursum
1043 3915 1159 3958 sunt
1180 3906 1388 3977 quad-ite
1408 3947 1421 3968 ,
1456 3921 1554 3959 non
1585 3910 1696 3977 qua!
1735 3922 1888 3975 super

297 4002 477 4047 terram
508 3991 724 4066 (ColoSs.
745 4011 821 4062 ιιι,
851 3991 874 4050 l
905 4005 950 4050 et
971 3995 1073 4067 2)?
1100 3993 1380 4063 Quomodo
1408 4007 1534 4067 ergo
1559 4003 1616 4051 ut
1641 3993 1706 4052 ad
1729 3993 1884 4051 Curi-

294 4094 431 4140 stum
459 4090 663 4148 eamus,
683 4097 876 4142 terram
896 4090 1103 4142 calcare
1134 4085 1534 4158 compellin‘mr;
1565 4105 1681 4142 cum
1712 4090 1886 4166 potius

295 4177 445 4232 nobis
471 4189 682 4233 sursum
710 4185 804 4233 cor
832 4179 1130 4234 habundum
1162 4183 1228 4234 sit
1253 4181 1318 4235 ad
1347 4177 1622 4234 Dominum
1642 4225 1653 4245 ,
1681 4195 1734 4234 ut
1764 4197 1882 4235 cmn

294 4267 386 4323 illo
412 4284 531 4324 esse
559 4269 868 4340 possimus?
891 4269 1090 4326 Videtis
1107 4313 1122 4338 ,
1156 4273 1341 4326 fratres
1366 4315 1380 4339 ,
1412 4271 1651 4326 hodierni
1681 4259 1885 4342 tempo-

295 4362 367 4417 ris
392 4365 666 4432 angustias
689 4364 838 4418 istam
868 4369 1140 4420 coarctare
1161 4369 1527 4436 qu-.estionem.
1553 4367 1704 4431 Quod
1750 4375 1802 4420 et
1839 4369 1884 4421 si

295 4464 384 4505 vos
413 4451 551 4507 forte
582 4455 758 4508 minds
774 4455 963 4508 videtis
983 4497 998 4522 ,
1047 4463 1145 4525 ego
1184 4455 1465 4546 utcumque
1495 4453 1650 4508 video
1673 4459 1884 4525 quantm

298 4545 672 4614 disputationis
699 4548 950 4618 indigeat.
986 4547 1136 4603 Unde
1166 4558 1288 4616 peto
1320 4545 1374 4601 ut
1414 4554 1531 4601 eain
1562 4549 1736 4618 potius
1765 4555 1882 4602 sus-‘-

297 4637 471 4706 pendi,
492 4654 650 4707 quam
680 4640 761 4693 vel
781 4640 1128 4709 negligi-alius
1151 4640 1230 4693 rei
1255 4641 1526 4710 angustius
1549 4639 1879 4710 pertractari,

297 4740 396 4783 non
449 4729 724 4796 fraudata,
785 4731 878 4786 sed
927 4731 1086 4784 dilata
1139 4733 1536 4798 cxslicctatione
1588 4732 1879 4801 patiamini.

300 4821 477 4875 Aderit
505 4823 648 4880 enim
680 4823 936 4878 Dominus
977 4824 1066 4894 qui
1092 4840 1190 4878 nos
1217 4825 1485 4880 debitores
1513 4824 1672 4894 facit,
1713 4835 1770 4882 ut
1800 4825 1880 4878 fa-

295 4911 394 4966 ciat
417 4913 580 4970 etiam
610 4915 926 4973 redditores.

791 5049 1198 5104 TRACTATUS
1234 5037 1389 5103 LV".

296 5161 522 5229 Quonam
540 5163 694 5217 modo
719 5160 949 5216 Ecclesia
971 5164 1144 5218 tangat
1165 5164 1434 5232 inquinare
1449 5163 1618 5232 pedes,
1632 5164 1751 5218 dum
1764 5177 1878 5235 per-

857 5258 928 5326 git
952 5257 1020 5310 ad
1034 5254 1310 5314 Christwm

360 5371 408 5425 l.
442 5359 562 5425 Non
595 5371 875 5425 immemor
899 5371 1000 5425 mei
1033 5363 1218 5436 detriti,
1247 5373 1356 5442 jam‘
1385 5371 1641 5428 reddendi
1669 5383 1877 5443 tempus

292 5471 536 5534 agnosco.
563 5465 738 5519 Donet
765 5463 905 5519 unde
927 5465 1166 5529 reddam,
1195 5467 1282 5534 qui
1305 5461 1520 5520 thna‘til
1545 5477 1604 5520 ut
1630 5467 1873 5522 debeam.

293 5556 511 5611 Donavit
534 5558 678 5611 enim
705 5556 1065 5622 diléctidttcm,
1088 5557 1155 5612 tle
1177 5567 1277 5628 qua
1305 5559 1503 5612 dictum
1531 5560 1633 5625 est,
1668 5559 1876 5613 Nentlitt

291 5649 561 5719 quidquam
587 5648 828 5716 debeatis,
859 5650 955 5703 nisi
980 5653 1033 5702 ut
1055 5649 1264 5703 invicem
1295 5647 1516 5720 diligatis
1546 5651 1718 5723 (Rom.
1755 5659 1871 5719 xm,

291 5741 365 5812 8);
397 5742 563 5797 donet
601 5743 762 5798 etiam
801 5751 1125 5809 sermunem,
1166 5749 1322 5811 quem
1361 5741 1514 5796 vid-co
1549 5757 1634 5797 me
1677 5742 1874 5798 debere

291 5835 509 5895 dilectis.
538 5835 1004 5910 Exspectationem
1029 5839 1260 5893 vestram
1277 5835 1343 5893 ad
1370 5835 1471 5893 hoc
1491 5842 1683 5908 nempe
1703 5835 1873 5892 diam-

1421 351 1831 423 τιιΑοίΑτιιε
1871 361 2026 424 Lm.
2069 361 2296 446 caper
2334 361 2473 429 χιιι.
2553 350 2556 354 ί

3464 367 3602 444 tuo

2017 485 2202 556 ieram,
2248 499 2306 545 ut
2345 492 2664 562 explicarem
2704 495 2839 551 sicut
2887 500 3121 569 posSer'n,
3148 499 3595 571 quemadmodum

2017 579 2176 636 etiam
2208 597 2304 653 per
2331 591 2526 640 terram
2559 585 2799 643 veniatur
2843 581 2909 644 ad
2946 591 3244 661 Christum;
3275 603 3393 651 cum
3421 599 3599 669 potius

2013 671 2294 740 jubcamur
2325 693 2440 746 qua:
2480 693 2688 734 sursum
2727 691 2846 736 sunt
2896 687 3156 753 qhmrere,
3216 702 3321 742 non
3360 702 3479 759 qua:
3504 697 3597 745 su-

2017 779 2112 834 per
2156 772 2351 820 terram
2385 767 2599 839 (Coloss.
2634 773 2709 839 ιιι,
2744 773 2793 836 l,
2819 767 2898 845 Ξ).
2929 775 3148 829 Sursum
3181 779 3320 832 enim
3353 779 3593 838 Christus

2017 855 2097 909 est
2119 855 2310 911 sedens
2337 858 2401 912 ad
2420 859 2689 916 dexteram
2713 861 2912 918 Patris:
2939 867 3030 921 sed
3059 867 3292 936 protecta
3312 877 3365 924 et
3388 872 3472 926 hic
3493 877 3595 938 est;

2017 958 2232 1017 prapter
2259 952 2396 1019 quod
2428 962 2480 1005 et
2525 953 2684 1008 Saulo
2734 958 2782 1010 in
2825 967 2964 1013 terra
3010 961 3246 1015 Steviettti
3278 963 3423 1030 dicit,
3459 963 3596 1032 Quid

2015 1057 2092 1092 me
2123 1045 2427 1112 persequeris
2459 1039 2592 1115 (Act.
2627 1063 2697 1112 lx,
2730 1043 2818 1118 tl)?
2839 1049 2906 1104 Ut
2931 1049 3225 1107 autemhoc
3252 1057 3593 1124 qtnct'endum

2014 1131 2425 1202 snsriln-remus,
2457 1137 2506 1189 id
2540 1135 2858 1194 tractabatur
2883 1141 3019 1212 quod
3053 1146 3210 1214 pedes
3235 1147 3490 1203 Dominus
3515 1151 3588 1203 tti-

2013 1219 2229 1294 s’cipulis
2264 1230 2405 1292 lavit,
2436 1247 2554 1285 cntn
2584 1234 2691 1302 jam
2731 1235 2824 1304 ipsi
2872 1231 3117 1306 discipuli
3148 1241 3236 1294 loti
3268 1243 3464 1309 essent,
3498 1249 3594 1299 nec

2012 1329 2144 1388 opus
2176 1319 2454 1384 haberent,
2490 1325 2586 1378 nisi
2613 1319 2772 1395 pedes
2800 1327 2991 1381 latium.
3019 1329 3116 1385 Ubi
3144 1331 3314 1385 visum
3343 1339 3420 1387 cst
3442 1333 3592 1388 intel-

2013 1403 2275 1482 ligendum
2311 1416 2447 1484 quod
2502 1418 2768 1487 Baptismo
2799 1422 3008 1489 quidem
3055 1419 3214 1476 humo
3252 1424 3391 1479 totus
3420 1428 3592 1480 ablui-

2013 1513 2127 1570 tur;
2159 1509 2250 1562 sed
2279 1507 2400 1563 dum
2434 1512 2530 1564 isto
2555 1519 2735 1580 postea
2770 1514 2900 1567 vivit
2922 1515 2970 1568 in
2998 1517 3211 1582 sarculo,
3245 1518 3486 1572 humanis
3509 1519 3590 1572 at-

2010 1589 2233 1655 fectilitts
2289 1612 2480 1656 terram
2523 1601 2666 1658 velut
2715 1605 2932 1675 pedibus
2974 1609 3206 1686 calcans,
3237 1611 3345 1678 ipsa
3390 1611 3591 1666 scilicet

2009 1693 2412 1748 cnnvcrsatioue
2453 1696 2572 1748 vine
2625 1671 2796 1765 hujus,
2833 1700 3099 1752 contrahit
3143 1671 3281 1755 ιιιίάᾷ
3311 1702 3468 1767 dicat,
3492 1671 3632 1756 Di-i

2009 1784 2146 1835 mitte
2175 1785 2313 1838 nobis
2353 1783 2517 1838 debita
2543 1796 2712 1840 nostra
2740 1788 2948 1860 (Matth.
2974 1803 3045 1855 Vt,
3083 1790 3190 1862 l2).
3225 1791 3300 1846 Ac
3326 1793 3401 1847 sic
3431 1793 3587 1848 etiam

2010 1873 2130 1926 inde
2163 1877 2446 1930 mandatur
2476 1878 2541 1932 ab
2568 1885 2632 1932 eo
2672 1882 2757 1949 qui
2811 1880 2970 1950 pedes
3019 1881 3144 1935 lavit
3185 1882 3456 1958 disq’pulls
3481 1886 3589 1938 suis

2010 1965 2183 2039 (.Ioan.
2234 1986 2346 2034 Xlll,
2397 1972 2484 2040 5),
2530 1977 2626 2026 nec
2672 1959 2864 2027 desiuit
2909 1971 3248 2044 interpellare
3298 1993 3393 2047 pro
3438 1977 3590 2033 notas

2009 2049 2184 2128 (Rom.
2218 2076 2327 2125 vm,
2356 2061 2465 2130 54).
2492 2060 2623 2116 ilim:
2647 2075 2992 2119 occurrerunt
3017 2081 3083 2120 ex
3115 2067 3332 2121 Cantica
3359 2068 3591 2121 cantico-

1913 2210 1918 2212 _
2006 2165 2120 2201 rum
2167 2149 2423 2205 Ecclesizu
2460 2154 2616 2207 verba
2659 2155 2900 2219 dicentis,
2930 2151 3053 2209 Lari
3085 2158 3232 2226 pedes
3261 2167 3394 2212 tneos
3414 2175 3432 2223 ;
3456 2173 3587 2231 quo-

2009 2238 2156 2292 modo
2178 2242 2448 2310 inquinabo
2476 2246 2603 2297 eos?
2633 2260 2751 2299 cunt
2781 2249 2938 2300 vellet
2967 2249 3064 2313 ire,
3099 2256 3151 2301 et
3181 2250 3388 2317 aperire
3417 2252 3464 2303 ei
3497 2253 3590 2319 qdl

2006 2341 2221 2386 venerat
2253 2334 2316 2386 ad
2345 2349 2482 2401 eam,
2515 2333 2568 2390 et
2599 2338 2916 2404 pulsaverat,
2949 2339 3155 2407 sibique
3195 2342 3387 2409 aperiri
3418 2355 3589 2409 popoa

2004 2424 2198 2489 sccrat,
2232 2425 2320 2478 ille
2346 2427 2619 2493 speciosus
2651 2429 2816 2480 forma
2843 2439 2949 2496 pm!
2974 2429 3095 2482 tiliis'
3128 2429 3584 2501 bomiuum(Psat.

2006 2521 2153 2579 xtav,
2187 2514 2262 2587 5).
2297 2514 2431 2570 l'linc
2459 2519 2681 2586 qumstio
2713 2527 2830 2571 nata
2867 2527 2949 2573 est
2991 2527 3148 2588 quam
3188 2529 3458 2576 coarctare
3488 2532 3586 2574 no-

2003 2607 2196 2661 luimus
2245 2610 2502 2678 angustiis
2544 2612 2819 2679 temporis,
2851 2611 3075 2680 ideoque
3101 2612 3422 2679 distulimus,
3451 2628 3587 2684 quo“

2002 2715 2122 2753 nam
2170 2703 2327 2754 tnodo
2403 2701 2638 2756 Ecclesia
2683 2703 2867 2757 timeat
2915 2704 3192 2773 inquinare
3240 2704 3420 2773 pedes,
3458 2706 3585 2760 dum

2001 2791 2169 2861 pergit
2199 2793 2262 2845 ad
2293 2793 2580 2857 Christnm,
2613 2809 2744 2864 quos
2787 2795 3103 2862 baptismate
3134 2797 3335 2851 laverat
3362 2797 3582 2851 Christi.

2069 2884 2120 2936 2.
2151 2883 2237 2937 Sic
2267 2884 2406 2937 enim
2440 2885 2546 2937 ait:
2583 2891 2601 2935 ι
2635 2886 2743 2954 Ego
2769 2882 2995 2951 dormio,
3021 2891 3074 2939 et
3112 2893 3208 2940 cor
3238 2893 3411 2942 medm
3441 2889 3580 2958 vigi-

1996 2975 2096 3038 lat;
2124 2987 2225 3029 vox
2253 2974 2520 3029 fratruelis
2560 2978 2660 3031 mei
2695 2978 2864 3045 pulsat
2889 2978 2954 3030 ad
2979 2979 3193 3046 januam
3235 2998 3253 3029 ι
3279 2979 3476 3034 Deinde
3502 2980 3584 3035 (ιιι

1996 3068 2068 3120 eit
2093 3068 2249 3120 etiam
2296 3069 2407 3138 ipse
2447 3085 2460 3120 :
2505 3075 2523 3119 ι
2572 3069 2731 3139 Aperi
2777 3069 2928 3136 mihi,
2975 3081 3128 3123 soror
3169 3081 3307 3134 mea,
3343 3073 3581 3140 proximi

1995 3169 2135 3221 mea,
2165 3159 2407 3212 columba
2447 3175 2583 3223 mea,
2615 3160 2849 3228 perfecta
2892 3175 3040 3224 mea;
3073 3161 3194 3230 quia
3221 3171 3380 3230 caput
3404 3174 3582 3215 meum

1995 3252 2252 3319 repletum
2317 3260 2396 3304 est
2451 3267 2607 3316 rore,
2650 3261 2702 3304 et
2755 3252 2929 3305 crines
2974 3257 3078 3305 mei
3133 3253 3300 3306 noctis
3341 3255 3522 3322 guttis.
3556 3271 3577 3306 ι

1995 3343 2061 3396 Ει
2087 3343 2373 3410 reSpontlet
2405 3342 2491 3395 illa
2519 3361 2532 3395 :
2561 3359 2580 3392 ‹
2617 3341 2746 3395 Exni
2785 3357 2872 3396 me
2921 3344 3095 3396 tunica
3140 3354 3284 3407 utea;
3317 3345 3583 3413 quomodo

1995 3434 2215 3488 induam
2246 3435 2404 3489 eam?
2429 3434 2558 3489 Lavi
2589 3436 2754 3506 pedes
2783 3442 2964 3502 meus;
2997 3436 3264 3505 quomodo
3296 3438 3583 3506 inquinabo

1994 3529 2112 3583 illos
2150 3548 2169 3581 ι
2205 3529 2376 3599 (Cant.
2407 3535 2460 3595 ν,
2491 3530 2545 3596 2,
2577 3531 2664 3599 3)?
2703 3529 2748 3583 Ο
2795 3529 3106 3608 ιιιιιιιίιηλιιιηθ
3154 3533 3578 3586 sacramentum!

1992 3629 2027 3672 0
2049 3622 2250 3689 grande
2289 3622 2638 3692 mysterium!
2670 3621 2879 3690 Ergone
2909 3621 3058 3674 timet
3089 3622 3364 3690 inquinare
3396 3623 3579 3691 pedes,

1992 3711 2254 3765 veniendo
2281 3712 2344 3763 ad
2384 3717 2504 3763 eum
2541 3711 2629 3780 qui
2672 3711 2800 3763 lavit
2829 3723 3044 3763 suorum
3074 3709 3455 3779 discipulorum
3483 3723 3578 3781 pe-

1991 3804 2124 3856 des?
2151 3803 2324 3855 'l‘imet
2355 3812 2520 3864 certe,
2551 3803 2673 3870 quia
2705 3817 2799 3870 per
2828 3810 3023 3854 terram
3050 3802 3195 3854 Venit
3220 3801 3287 3855 ad
3317 3817 3460 3867 cum,
3490 3800 3580 3870 qui

1992 3896 2150 3949 etiam
2180 3896 2231 3948 in
2261 3902 2396 3946 terra
2426 3901 2527 3959 est,
2553 3893 2675 3962 quia
2725 3903 2851 3947 suos
2892 3891 2977 3946 hic
3007 3893 3325 3947 constitutos
3355 3907 3457 3945 non
3485 3892 3580 3947 de.

1991 3989 2139 4042 serit.
2168 3987 2247 4041 An
2273 4001 2376 4040 non
2408 3987 2520 4055 ipse
2557 3986 2649 4052 ait,
2681 3986 2816 4050 Ecce
2857 3999 2944 4054 ego
2987 3987 3240 4039 vobiscum
3279 3995 3391 4040 sum
3421 3997 3582 4056 usque

1991 4081 2057 4132 ad
2077 4078 2553 4132 consummationem
2575 4078 2748 4130 sternit
2771 4076 2984 4136 (Matth.
3006 4091 3190 4141 xxvm,
3213 4076 3342 4149 90)?
3363 4077 3447 4131 An
3470 4090 3578 4132 non

1993 4171 2104 4241 ipso
2135 4171 2223 4232 ait,
2264 4169 2504 4222 Vitlt’hilis
2532 4170 2682 4222 c'telos
2709 4178 2928 4237 apertos,
2961 4177 3008 4222 et
3037 4168 3254 4239 Angelos
3279 4169 3372 4222 Dei
3396 4183 3576 4224 ascani

1989 4263 2158 4316 dentes
2184 4271 2228 4314 et
2250 4259 2602 4315 descendentes
2628 4261 2694 4313 ad
2718 4259 2911 4313 Ftttam
2941 4260 3154 4312 hominis
3182 4258 3354 4322 (Joan.
3385 4273 3420 4324 ι,
3450 4259 3580 4330 θυι

1989 4353 2044 4412 Si
2077 4355 2373 4411 ascendant
2402 4347 2464 4409 ad
2489 4370 2611 4409 eum
2635 4362 2912 4423 propterea
2936 4355 3056 4423 quia
3087 4369 3294 4406 sursum
3318 4364 3417 4414 est,
3443 4365 3576 4422 qum

1991 4450 2152 4504 modo
2189 4448 2257 4502 ad
2299 4455 2420 4503 eum
2448 4437 2799 4512 desecutlnnt,
2833 4447 2878 4499 sl
2909 4459 3014 4499 non
3042 4447 3200 4499 etiam
3233 4446 3316 4499 hic
3340 4446 3460 4499 est?
3490 4444 3578 4499 Di-

1989 4543 2061 4596 cit
2093 4543 2220 4610 ergo
2251 4540 2484 4595 Ecclesia
2513 4555 2524 4592 :
2551 4539 2676 4592 bavi
2717 4538 2867 4607 pedes
2904 4543 3075 4601 meos;
3115 4537 3363 4608 quomodo
3409 4536 3575 4607 inquis

1988 4635 2117 4687 natm
2139 4633 2262 4686 eos?
2292 4632 2346 4686 ln
2374 4634 2451 4686 eis
2482 4632 2582 4685 hoc
2599 4631 2724 4684 dicit
2745 4631 2834 4699 qui
2861 4637 3081 4698 possunt
3101 4630 3246 4683 omni
3267 4630 3394 4683 faece
3416 4643 3571 4682 inun-

1987 4727 2094 4781 dmi
2126 4726 2302 4780 dicere
2328 4741 2340 4777 τ
2373 4724 2533 4794 Cupio
2559 4723 2763 4776 dissolvi
2787 4731 2834 4776 et
2855 4737 2960 4776 esse
2985 4735 3098 4775 cum
3129 4721 3345 4783 Christo,
3374 4735 3575 4791 ρει-ηεαδ

1988 4828 2104 4871 nere
2140 4824 2307 4870 autem
2350 4817 2401 4869 in
2441 4829 2592 4867 carne
2643 4814 2803 4884 magis
2851 4813 3189 4866 necessarium
3238 4819 3442 4882 propter
3486 4826 3572 4865 vos

1992 4911 2245 4983 (Philipp.
2279 4914 2316 4975 ι,
2347 4905 2418 4964 25
2441 4907 2634 4977 etii)?
2668 4909 2720 4961 lu
2753 4907 2831 4961 eis
2870 4907 2972 4960 hoc
2998 4905 3126 4959 dicit
3166 4905 3252 4974 Qui
3281 4903 3572 4973 pradicant

1987 5005 2256 5060 Christum
2285 5013 2338 5059 et
2367 5004 2612 5075 aperiunt
2647 5002 2720 5056 illi
2751 5003 2964 5065 ostium,
2987 5009 3042 5054 ut
3064 5000 3264 5053 habitet
3292 5011 3384 5068 per
3414 4997 3572 5053 tidem

1988 5100 2038 5152 in
2067 5097 2314 5153 cordibus
2337 5097 2611 5152 hominum
2637 5096 2849 5172 (Ep/tes.
2881 5107 2954 5154 tu,
2981 5093 3088 5167 l7).
3113 5096 3164 5147 In
3194 5094 3276 5147 his
3299 5094 3398 5147 hoc
3420 5094 3568 5159 dicit,

1987 5203 2106 5243 cum
2151 5189 2448 5244 deliberant
2497 5197 2670 5242 utrum
2721 5186 3075 5240 ministerium
3127 5185 3229 5239 tale
3258 5185 3570 5254 suscipiant,

1987 5282 2068 5338 οιιὶ
2101 5298 2156 5338 se
2197 5283 2372 5337 minus
2409 5279 2630 5336 idoneos
2673 5279 2995 5343 existimant,
3026 5281 3083 5331 ut
3120 5278 3236 5330 sine
3277 5277 3430 5347 culpa
3471 5278 3571 5330 ima

1988 5376 2183 5444 pleant,
2216 5383 2279 5428 ne
2325 5375 2458 5428 forte
2500 5369 2615 5426 aliis
2651 5371 3022 5441 praedicantes,
3066 5368 3162 5436 ipsi
3200 5367 3412 5436 reprobi
3443 5367 3585 5432 (lant.

1987 5465 2030 5531 (l
2057 5467 2172 5519 Cor.
2199 5483 2272 5531 ιιι,
2290 5459 2403 5534 2⁸1).
2430 5463 2616 5518 Tutius
2632 5463 2772 5516 enim
2792 5461 2984 5514 veritas
3000 5459 3216 5512 auditur
3239 5473 3396 5528 quam
3429 5469 3568 5528 prm-

1985 5557 2190 5612 dicatnr
2220 5567 2231 5610 ἑ
2259 5557 2506 5627 qutmiam
2538 5567 2658 5609 cum
2691 5553 2920 5618 auditur,
2956 5550 3222 5604 humilitas
3246 5545 3560 5615 custoditur;

1984 5665 2102 5704 cum
2132 5657 2305 5704 autem
2340 5647 2678 5718 praedicator,
2715 5645 2801 5698 vix
2846 5657 2949 5698 non
2995 5643 3234 5712 subrepit
3273 5640 3440 5697 cuivis
3469 5641 3568 5696 lto-

1985 5743 2182 5796 minmn
2227 5740 2708 5812 qliantuiacumque
2733 5737 3008 5810 jactantia,
3039 5737 3093 5794 in
3129 5751 3232 5812 qua
3275 5737 3458 5811 utique
3491 5736 3566 5793 iu-

1984 5837 2268 5910 quinantttr
2294 5833 2477 5906 pedes.
