4030 6480
515 313 651 373 1⁸191

586 431 642 488 5.
672 428 833 500 Ergo,
856 433 916 482 ut
941 421 1216 496 apostolus
1236 421 1465 478 Iacobus
1490 419 1637 486 dicit,
1666 419 1745 476 Sit
1770 421 1932 474 omnis
1952 421 2102 475 homo

513 523 660 579 velox
679 520 746 574 ad
773 517 1084 573 audiendum
1112 559 1126 582 ,
1157 516 1332 570 tardus
1363 523 1528 569 autem
1553 513 1620 566 ad
1651 513 1951 585 loquendum
1981 512 2103 585 (Ja-

513 616 624 672 cobi
653 630 691 681 ι,
723 586 834 684 191).
865 611 1003 666 Dicit
1046 618 1099 665 et
1146 608 1281 664 alius
1313 607 1472 661 homo
1500 607 1612 671 Dei,
1643 605 1850 659 Auditui
1878 622 1985 660 meo
2011 606 2103 659 da-

515 710 589 764 bis
616 708 860 779 gaudium
886 715 936 759 et
965 703 1213 765 lmtitiam,
1243 711 1288 755 et
1316 701 1638 755 exsultabant
1681 716 1795 753 ossa
1839 700 2103 753 humiliata

513 802 686 874 (Psal.
711 817 760 866 ι,
778 799 890 870 10).
919 798 1030 854 Hoc
1056 805 1139 852 est
1162 795 1302 866 quod
1329 794 1462 858 dixi,
1481 794 1615 848 Cum
1646 793 1842 848 veritas
1866 793 2101 858 auditur,

516 893 789 950 humilitas
839 889 1154 945 custoditur.
1210 886 1349 942 Dicit
1395 895 1449 940 et
1493 886 1648 948 alius,
1687 885 1893 939 Amicus
1934 896 2103 940 autem

511 988 684 1058 sponsi
709 994 811 1041 stat
830 994 876 1039 et
900 984 1040 1038 audit
1063 999 1195 1045 eum,
1229 991 1272 1034 et
1297 980 1484 1052 gaudio
1499 980 1685 1051 gaudet
1711 989 1914 1050 prapter
1933 995 2104 1034 vocem

510 1081 683 1152 sponsi
703 1080 879 1150 (Joan.
923 1093 999 1140 ut,
1029 1076 1140 1147 29).
1186 1073 1448 1129 Fruamur
1484 1074 1686 1137 auditu,
1718 1074 1835 1128 sine
1875 1073 2103 1143 strepitu

512 1173 666 1228 nobis
693 1174 939 1242 loquente
970 1171 1290 1225 intrinsecus
1322 1168 1562 1222 veritate.
1591 1167 1906 1235 Quanquam
1939 1166 2101 1222 etiam

507 1281 628 1320 cum
656 1265 950 1319 forinsecus
975 1263 1188 1317 insonat
1217 1278 1312 1332 per
1337 1262 1626 1332 legentem,
1657 1276 1752 1330 per
1784 1261 2103 1315 annuntian-

511 1363 638 1422 tem,
671 1371 768 1426 per
796 1354 1196 1424 prmdicantem,
1240 1367 1337 1423 per
1374 1351 1752 1422 diSputantem,
1794 1367 1888 1422 per
1915 1351 2097 1422 praeci-

510 1450 762 1519 pientem,
815 1463 912 1520 per
966 1447 1355 1512 consolantem,
1411 1461 1507 1516 per
1558 1445 1951 1510 exhortantem,
2001 1460 2100 1516 per

509 1543 684 1612 ipsum
733 1542 894 1597 etiam
938 1549 1239 1596 cantantem
1289 1548 1446 1612 atque
1487 1540 1839 1611 psallentem;
1869 1541 1970 1610 ipsi
2008 1539 2098 1611 qui

508 1637 624 1692 haec
659 1645 841 1708 agunt,
882 1637 1159 1707 inquinare
1197 1638 1362 1707 pedes
1406 1651 1531 1691 suos
1558 1638 1799 1701 timeant,
1830 1652 1950 1692 cum
1977 1637 2095 1706 pla-

508 1742 630 1783 cere
658 1727 964 1782 bominibus
989 1728 1311 1798 subrepente
1335 1743 1516 1782 amore
1540 1727 1784 1781 humana:
1812 1728 1985 1783 laudis
2011 1727 2095 1782 af-

505 1817 725 1874 fectant.
749 1819 1015 1891 Ctgterum
1053 1820 1141 1891 qui
1187 1834 1281 1874 eos
1328 1819 1476 1874 audit
1512 1819 1740 1874 libenter
1769 1827 1822 1874 et
1854 1820 1957 1889 pie,
1989 1834 2095 1875 non

505 1911 666 1966 habet
696 1881 868 1968 loco.m
891 1881 1124 1982 jactandi
1157 1927 1214 1966 se
1243 1911 1296 1965 in
1325 1911 1596 1967 laboribus
1634 1911 1850 1976 alienis;
1894 1919 1949 1967 et
1985 1926 2094 1966 non

509 2003 704 2058 inllatis
729 2004 960 2068 ossibus,
989 2004 1083 2058 sed
1115 2004 1406 2057 humiliatis
1429 2003 1621 2074 gaudio
1648 2004 1843 2073 gaudet
1880 2011 2098 2074 propter

505 2110 689 2150 vocem
720 2094 1005 2150 dominicae
1033 2094 1291 2150 veritatis.
1320 2094 1549 2149 Proinde
1577 2095 1630 2148 in
1658 2096 1733 2149 eis
1755 2096 1842 2165 qui
1865 2096 2096 2152 libenter

501 2194 557 2242 et
598 2186 871 2242 humiliter
913 2185 1101 2241 audire
1145 2195 1426 2251 noverunt,
1455 2195 1510 2240 et
1553 2187 1715 2240 vitam
1759 2187 1992 2268 quietam
2039 2187 2094 2242 in

504 2278 698 2335 studiis
723 2278 968 2334 dulcibus
992 2288 1046 2334 et
1074 2278 1372 2334 salubribus
1397 2288 1578 2350 agunt,
1610 2288 1788 2334 sancta
1817 2281 2094 2337 delicletur

502 2371 765 2436 Ecclesia,
792 2379 846 2427 et
882 2371 1044 2438 dicat,
1075 2367 1185 2443 Ego
1211 2371 1428 2437 dormio,
1466 2379 1513 2425 et
1553 2387 1640 2426 cor
1682 2387 1847 2425 meum
1891 2371 2086 2443 vigilat.

500 2461 638 2529 Quid
667 2472 769 2530 est,
801 2461 912 2534 Ego
953 2462 1170 2528 dormio,
1199 2472 1246 2516 et
1285 2478 1372 2516 cor
1417 2479 1582 2516 meum
1625 2463 1833 2534 vigilat;
1863 2464 1987 2531 nisi,
2018 2465 2091 2520 ita

499 2554 717 2626 quiesco
740 2564 796 2611 ut
823 2555 1070 2610 audiam?
1095 2555 1270 2610 Otium
1305 2570 1482 2610 meum
1504 2571 1607 2610 non
1639 2556 1964 2627 impenditur
1993 2574 2093 2612 nu-

502 2647 724 2703 triendae
749 2647 986 2713 desidiae,
1013 2647 1108 2703 sed
1135 2647 1488 2716 percipienda:
1509 2649 1802 2718 sapienlire.
1836 2649 1949 2720 Ego
1970 2651 2092 2705 dor-

503 2737 625 2803 mio,
659 2747 704 2790 et
723 2753 811 2792 cor
830 2754 992 2792 meum
1012 2738 1186 2809 vigilat
1217 2755 1236 2792 :
1263 2753 1410 2804 vaco,
1427 2748 1481 2793 et
1500 2739 1654 2794 video
1679 2741 1926 2809 quoniam
1957 2751 2010 2795 tu
2031 2758 2092 2798 es

497 2827 754 2884 Dominus
781 2826 954 2898 (Psal.
983 2843 1107 2895 xcv,
1141 2829 1193 2899 1)
1228 2847 1239 2880 :
1273 2829 1396 2899 quia
1423 2831 1674 2900 sapientia
1697 2831 1876 2886 scriba:
1893 2834 1946 2886 in
1967 2842 2092 2888 tem-

497 2936 621 2992 pore
639 2921 731 2974 otii
746 2936 767 2986 ;
793 2930 840 2975 et
858 2922 946 2992 qui
966 2923 1251 2976 minoratur
1276 2930 1412 2988 actu,
1434 2922 1542 2993 ipse
1569 2924 1809 2993 percipiet
1831 2941 1938 2978 eam
1961 2924 2088 2997 (Ec-

495 3014 584 3068 cli.
621 3029 848 3080 xxxvm,
1022 3014 1135 3087 Ego
1172 3016 1387 3080 dormio,
1430 3024 1474 3070 et
1513 3033 1600 3070 eor
1648 3033 1813 3071 meum
1859 3020 2081 3090 vigilat:

493 3121 596 3176 ego
621 3105 902 3176 requiesco
944 3121 974 3161 a
1014 3108 1305 3176 negotiosis
1337 3107 1564 3176 actibus,
1596 3118 1651 3163 et
1693 3110 1902 3165 animus
1937 3127 2088 3167 meus

495 3196 689 3254 divinis
715 3213 775 3254 se
797 3198 1022 3254 intendit
1048 3200 1323 3255 affectibus
1347 3201 1387 3253 ί.

571 3291 623 3344 4.
658 3289 762 3346 Sed
786 3291 838 3346 in
866 3291 930 3346 iis
955 3291 1044 3360 qui
1077 3291 1178 3345 isto
1207 3291 1367 3346 modo
1393 3293 1629 3347 suaviter
1643 3301 1697 3348 et
1713 3291 1984 3351 humiliter
2002 3311 2086 3352 re-

495 3381 779 3452 quiescunt
799 3423 814 3448 ,
836 3381 962 3437 dum
979 3382 1148 3437 otiose
1164 3381 1461 3437 oblectatur
1479 3383 1738 3450 Ecclesia,
1761 3400 1888 3442 ecce
1915 3388 2089 3458 pulsat

496 3474 583 3531 ille
607 3476 696 3546 qui
722 3475 797 3530 ait
821 3491 832 3528 :
863 3493 882 3526 ι
905 3475 1034 3541 Quae
1061 3473 1181 3566 di.co
1205 3474 1355 3529 vobis
1381 3475 1433 3529 in
1458 3476 1712 3541 tenebris,
1738 3476 1900 3532 dicite
1927 3479 1980 3533 in
2001 3479 2084 3533 lu-

493 3567 672 3633 mine;
699 3575 753 3622 et
777 3567 918 3637 quod
950 3567 1002 3622 in
1030 3565 1158 3621 aure
1173 3565 1389 3634 auditis,
1407 3567 1694 3638 praedicate
1711 3583 1872 3641 super
1893 3579 2030 3627 tecta
2059 3591 2078 3626 ι

497 3658 706 3728 (Matth.
731 3675 783 3724 x,
813 3658 928 3729 27).
959 3657 1072 3714 Vox
1101 3673 1229 3729 ergo
1267 3660 1382 3730 ejus
1433 3659 1606 3730 pulsat
1653 3660 1721 3715 ad
1760 3661 1998 3732 januam,
2031 3673 2087 3719 et

490 3749 655 3805 dicit:
686 3769 704 3802 ι
735 3750 894 3820 Aperi
944 3749 1095 3816 mihi,
1135 3766 1288 3806 soror
1333 3766 1476 3819 mea,
1525 3753 1765 3822 proxima
1819 3769 1959 3821 mea,
1991 3770 2084 3811 co-

490 3842 669 3898 lumba
689 3856 828 3908 mea,
855 3843 1085 3911 perfecta
1113 3858 1259 3908 mea;
1290 3842 1411 3913 quia
1434 3853 1594 3916 caput
1620 3860 1796 3901 meum
1818 3848 2080 3917 repletum

491 3941 577 3989 est
605 3946 748 3999 rore,
772 3941 826 3988 et
854 3936 1031 3989 crines
1061 3934 1165 3988 mei
1197 3935 1368 3990 noctis
1395 3935 1576 4004 guttis.
1618 3955 1637 3988 ι
1676 3936 1832 3991 Velut
1857 3939 1900 3991 si
1933 3939 2079 3994 dice-

489 4030 591 4088 ret,
625 4021 703 4076 Tu
735 4036 912 4086 vacas,
940 4033 994 4077 et
1039 4032 1224 4078 contra
1274 4008 1379 4079 me,
1402 4026 1597 4080 ostium
1646 4026 1884 4081 clausum
1919 4031 2075 4083 est':

488 4125 543 4167 tu
576 4112 760 4168 studes
799 4114 910 4167 otio
941 4129 1251 4183 paucorum,
1277 4125 1332 4170 et
1360 4117 1663 4171 abundante
1689 4119 1966 4188 iniquitate
1990 4137 2078 4178 re-

487 4203 725 4275 frigescit
769 4204 1004 4260 charitas
1051 4207 1338 4261 multorum
1395 4207 1515 4279 (Id.
1564 4225 1693 4265 xxiv
1722 4250 1737 4277 ,
1788 4211 1908 4284 12).
1963 4213 2075 4271 Nox

487 4296 707 4367 quippe,
738 4295 990 4366 iniquitas
1015 4306 1098 4352 est
1127 4315 1140 4350 :
1164 4312 1254 4352 ros
1281 4313 1406 4352 vero
1434 4299 1549 4369 ejus
1579 4308 1633 4356 et
1658 4310 1840 4372 guttm,
1872 4304 1922 4358 hi
1954 4314 2078 4362 sunt

486 4386 576 4459 qui
607 4387 960 4458 refrigescunt
981 4399 1037 4446 et
1061 4389 1278 4455 cadunt,
1303 4399 1356 4446 et
1381 4389 1581 4448 faciunt
1605 4393 1952 4466 refrigescere
1981 4414 2074 4455 ca-

486 4490 580 4551 put
605 4481 822 4546 Christi,
853 4482 954 4539 hoc
972 4491 1077 4550 est,
1103 4493 1161 4539 ut
1187 4500 1292 4540 non
1313 4493 1520 4541 ametur
1542 4487 1700 4543 Deus.
1731 4489 1903 4562 Caput
1931 4494 2073 4550 enim

413 4573 422 4580 ’
483 4573 679 4629 Christi
711 4575 849 4630 Deus
875 4574 927 4646 (I
949 4575 1068 4631 Cor.
1101 4593 1174 4642 xi,
1201 4578 1276 4648 ὅ).
1305 4578 1409 4633 Sed
1431 4587 1708 4647 portantur
1731 4582 1784 4639 in
1813 4585 2071 4654 crinibus,

483 4665 534 4722 id
562 4676 665 4734 est,
701 4667 754 4722 in
802 4670 1150 4724 sacramentis
1189 4670 1483 4726 visibilibus
1521 4672 1846 4731 tolerantur:
1874 4692 2074 4748 nequa-

479 4774 638 4830 quam
670 4760 920 4816 interiora
944 4776 1134 4816 sensus
1160 4763 1442 4832 attingunt.
1465 4764 1647 4820 Pulsat
1675 4783 1804 4836 ergo
1825 4778 1882 4822 ut
1909 4785 2070 4825 excu-

481 4851 576 4904 tiat
600 4851 834 4921 quietem
861 4853 1060 4908 sanctis
1089 4854 1297 4920 Otiosis,
1331 4863 1386 4910 et
1405 4855 1620 4918 clamat,
1651 4857 1804 4928 Aperi
1831 4861 1974 4928 mihi,
2003 4862 2071 4918 de

479 4942 736 5012 sanguine
791 4959 911 5000 meo
958 4960 1102 4999 soror
1146 4961 1276 5006 mea,
1306 4945 1372 5001 de
1417 4960 1637 5004 accessu
1676 4963 1796 5004 meo
1837 4953 2070 5021 proxima

483 5049 612 5098 mea,
638 5032 704 5088 de
735 5035 923 5103 spiritu
966 5051 1086 5088 meo
1114 5035 1346 5089 columba
1376 5052 1506 5100 mea,
1543 5038 1611 5093 de
1651 5055 1900 5098 sermone
1946 5061 2068 5102 meo

479 5138 636 5192 quem
681 5124 890 5195 plenius
940 5141 1005 5180 ex
1046 5127 1154 5179 otio
1197 5125 1427 5182 didicisti
1478 5131 1698 5200 perfecta
1746 5150 1893 5200 mea;
1920 5138 2066 5206 aperi

481 5217 628 5280 mihi,
663 5219 886 5288 prtedica
916 5233 1021 5274 me.
1055 5219 1135 5274 Ad
1159 5234 1254 5275 eos
1283 5220 1478 5291 quippe
1497 5223 1585 5293 qui
1611 5223 2064 5284 clauseruntcon-

480 5316 560 5362 tra
592 5323 693 5374 me,
727 5310 994 5379 quomodo
1041 5311 1252 5366 intrabo
1297 5314 1412 5368 sine
1456 5315 1770 5383 aperiente?
1799 5321 2067 5388 quomodo

480 5399 616 5453 enim
647 5401 861 5456 audient
883 5403 999 5457 sine
1030 5404 1346 5473 praedicante
1380 5405 1554 5478 (Rom.
1579 5424 1632 5474 x,
1668 5409 1783 5478 14)?
1819 5407 1829 5414 ’

548 5490 600 5544 5.
633 5489 764 5547 Hinc
791 5493 848 5547 lit
872 5502 930 5548 ut
953 5497 1113 5551 etiam
1142 5495 1307 5566 Iniqui
1344 5508 1524 5553 ainant
1561 5500 1727 5554 otium
1765 5501 2059 5560 studiorum

478 5584 759 5653 houonnu,
787 5596 843 5643 et
889 5592 1076 5647 nolunt
1122 5593 1325 5662 perpeti
1368 5593 1754 5651 laboriosarum
1788 5599 2061 5656 molestias

539 5723 699 5790 fin-es
715 5725 1086 5790 Nss.,aﬂ‘atibus.
1119 5789 1127 5790 ί
1293 5765 1296 5772 .

536 5787 774 5851 'Mss..et
803 5787 1613 5855 caitramedaustanestwmhlsa
1644 5794 1996 5858 νοωνοειὶιοιιλ

1437 304 1508 362 ΙΝ
1541 301 1818 362 JOANNIS
1855 300 2328 375 EVANGELIUM,
2367 307 2427 364 S.
2467 308 2834 371 AUGUSTINI

3658 325 3796 384 1792

2230 422 2498 490 .ctionum,
2525 441 2590 482 eo
2606 430 2744 499 quod
2773 431 2948 489 minus
2967 433 3189 494 idoneos
3208 437 3274 494 ad
3291 438 3406 498 haec
3421 441 3796 517 ministranda,

2212 524 2266 570 et
2290 517 2406 572 sine
2443 519 2860 589 reprehensione
2902 527 3102 596 agenda
3144 545 3203 585 se
3246 534 3516 600 sentiunt;
3547 537 3792 608 mallent,

2211 607 2256 663 si
2287 608 2398 664 fieri
2425 619 2626 680 posset,
2660 623 2872 672 sanctos
2917 621 3188 690 apostolos
3215 635 3268 678 et
3297 626 3676 694 praedicatores
3705 647 3797 688 ve-

2211 700 2385 755 ritatis
2430 703 2676 774 antiquos
2718 708 2936 763 excitari
2977 711 3232 768 adversus
3267 716 3643 777 abundantiam
3689 725 3794 780 iui-

2210 792 2448 861 quitatis,
2482 810 2581 866 qua
2606 797 2783 852 fervor
2831 799 3010 872 friguit
3047 804 3335 861 charitatis.
3366 809 3472 864 Sed
3514 813 3566 866 iu
3604 815 3682 869 eis
3705 817 3797 891 qui

2206 883 2314 952 jam
2345 885 2412 940 de
2431 902 2656 956 corpore
2693 891 2956 954 exierunt,
2978 903 3032 948 et
3053 897 3230 950 carnis
3261 897 3572 956 indumento
3600 883 3798 974 exspo-

2209 978 2316 1033 liati
2343 991 2466 1034 sunt
2487 982 2683 1052 (neque
2705 985 2846 1038 enim
2869 986 2937 1040 ab
2959 1002 3019 1041 ea
3045 992 3280 1059 separati
3313 992 3478 1063 sunt),
3506 997 3797 1064 respondet

2208 1072 2463 1140 Ecclesia,
2495 1073 2634 1130 Επιιὶ
2659 1093 2736 1131 me
2761 1079 2933 1151 tunica
2960 1097 3105 1148 mea;
3134 1085 3384 1154 quomodo
3409 1087 3619 1142 induant
3644 1092 3791 1146 eam?

2207 1163 2512 1235 Recipietur
2532 1169 2747 1239 quidem
2780 1172 2868 1226 illa
2903 1175 3097 1242 tunica,
3127 1187 3180 1232 et
3207 1177 3258 1231 in
3291 1184 3369 1233 eis
3397 1182 3485 1251 qui
3507 1183 3615 1251 jam
3643 1185 3797 1240 exuti

2205 1265 2365 1322 sunt,
2414 1275 2596 1315 rursus
2639 1263 2898 1318 vestietur
2937 1281 3100 1322 carne
3147 1268 3424 1327 Ecclesia:
3453 1290 3558 1328 non
3615 1287 3796 1334 tamen

2207 1366 2347 1406 nunc
2405 1355 2616 1423 quando
2676 1356 3048 1416 fervefaciendi
3095 1374 3219 1418 sunt
3270 1365 3465 1437 frigidi,
3521 1370 3614 1423 sed
3669 1381 3799 1429 tunc

2205 1445 2420 1514 quando
2449 1452 2799 1505 resurrecturi
2824 1462 2948 1508 sunt
2977 1456 3191 1510 mortui.
3221 1457 3384 1514 Passa
3409 1475 3534 1530 ergo
3560 1461 3795 1517 diflicul-

2207 1546 2364 1594 tatem
2407 1551 2622 1611 propter
2666 1545 2898 1615 inepiam
2939 1549 3379 1617 praedicatorum,
3439 1562 3493 1607 ct
3548 1556 3796 1612 recolens

2203 1628 2291 1684 illa
2340 1647 2435 1686 sua
2478 1634 2717 1688 membra
2754 1651 2890 1707 sana
2928 1641 3285 1707 sermonibus,
3312 1653 3492 1700 sancta
3530 1648 3792 1715 moribus,

2201 1721 2295 1776 sed
2336 1724 2445 1792 jam
2486 1735 2646 1780 exuta
2685 1729 3020 1798 corporibus,
3051 1731 3267 1799 ingemit
3295 1743 3349 1788 et
3377 1735 3503 1790 dicit
3532 1737 3792 1807 Ecclesia,

2203 1811 2338 1867 Επιιί
2368 1831 2446 1869 me
2475 1818 2647 1872 tunica
2674 1837 2822 1888 mea;
2846 1823 3098 1892 quomodo
3127 1824 3336 1880 induam
3373 1843 3484 1881 eam
3502 1829 3528 1882 Ρ
3556 1829 3793 1886 Membra

2202 1905 2289 1959 illa
2327 1922 2442 1961 mea
2469 1923 2587 1978 qua:
2611 1909 2827 1966 Christo
2856 1915 3063 1983 aperire
3090 1919 3502 1987 evangelizaudo
3521 1922 3792 1977 excellen-

2203 1998 2405 2055 tissime
2427 2009 2735 2070 poluerunt,
2766 2007 3034 2074 quomodo
3060 2008 3127 2063 ad
3153 2024 3378 2080 corpora
3407 2012 3599 2082 quibus
3629 2023 3792 2070 exuta

2201 2102 2343 2160 sunt,
2376 2094 2555 2150 redire
2581 2112 2721 2152 nunc
2749 2101 3006 2169 possunt?

2271 2187 2324 2241 6.
2357 2187 2556 2244 Deinde
2580 2192 2870 2261 respiciens
2901 2193 2967 2247 ad
3004 2208 3096 2250 eos
3133 2196 3221 2266 qui
3269 2197 3581 2266 praedicare,
3611 2209 3664 2256 et
3692 2217 3820 2282 βοοκ

2198 2280 2351 2349 pulos
2376 2283 2650 2352 acquirere
2678 2299 2740 2339 ac
2766 2300 2971 2355 regere,
3001 2301 3065 2342 ac
3103 2289 3179 2342 sic
3220 2289 3433 2344 Christo
3473 2292 3681 2360 aperire
3709 2301 3793 2346 ut-

2197 2387 2426 2445 cumque
2455 2386 2698 2445 possunt,
2722 2378 2817 2433 sed
2865 2380 2914 2432 in
2964 2379 3048 2435 his
3089 2380 3492 2438 difficultatibus
3517 2385 3793 2441 actionum

2201 2483 2424 2537 peccare
2453 2478 2717 2534 metuunt,
2745 2468 2892 2537 Lavi,
2925 2473 3113 2542 inquit,
3147 2474 3296 2544 pedes
3325 2491 3496 2539 meos;
3534 2478 3794 2546 quomodo

2195 2559 2467 2629 inquinabo
2496 2561 2653 2616 illos?
2677 2561 2926 2633 Quisquis
2957 2565 3100 2619 enim
3134 2566 3186 2620 in
3215 2568 3378 2622 verbo
3410 2584 3513 2622 non
3541 2569 3791 2634 oll‘endit,

2196 2649 2282 2703 hic
2313 2650 2576 2718 perfectus
2605 2661 2689 2706 est
2717 2655 2815 2706 vir.
2853 2653 2918 2708 Et
2954 2656 3073 2724 quis
3099 2665 3180 2710 est
3209 2658 3510 2728 perfectus?
3544 2663 3664 2728 quis
3704 2668 3796 2716 est

2195 2743 2287 2814 qui
2313 2759 2417 2798 non
2449 2743 2671 2799 offendit
2691 2747 2742 2800 in
2776 2756 2919 2802 tanta
2941 2749 3261 2805 abundantia
3293 2752 3601 2822 iniquitatis,
3639 2763 3795 2809 tanto

2195 2833 2390 2905 frigore
2415 2835 2722 2891 cliaritatis?
2750 2837 2876 2893 Lavi
2919 2842 3070 2911 pedes
3110 2859 3284 2907 meos;
3323 2845 3575 2910 quomodo
3614 2847 3793 2915 inqui-

2194 2927 2323 2980 nabo
2346 2929 2924 2999 eos?Quandoquidem
2958 2933 3095 3002 lego,
3123 2943 3176 2988 et
3217 2935 3397 3000 audio,
3432 2935 3605 2991 Nolite
3639 2939 3796 2993 multi

2196 3022 2423 3092 magistri
2444 3023 2576 3091 ﬁeri,
2605 3024 2809 3092 fratres,
2837 3027 3074 3096 quoniam
3101 3029 3267 3098 majus
3286 3029 3538 3097 judicium
3563 3030 3795 3086 sumitis:

2192 3116 2244 3168 in
2261 3116 2432 3170 multis
2460 3118 2593 3170 enim
2623 3117 2927 3185 o/i‘endimus
2951 3136 3123 3175 omnes
3144 3121 3363 3190 (Jacobi.
3389 3138 3465 3188 ιιι,
3492 3124 3541 3188 1,
3557 3123 3635 3195 2).
3657 3123 3794 3180 Lavi

2193 3208 2340 3275 pedes
2365 3225 2500 3262 meos
2520 3225 2539 3273 ;
2562 3211 2813 3278 quomodo
2856 3212 3126 3282 inquinabo
3164 3213 3290 3266 eos?
3316 3214 3421 3269 Sed
3445 3229 3569 3270 ecce
3597 3231 3787 3288 surgo,

2191 3309 2245 3354 et
2284 3303 2488 3370 aperio.
2517 3303 2756 3370 Christe,
2790 3305 2902 3359 lava
2934 3321 3057 3372 eos,
3087 3306 3296 3362 Dimitte
3327 3310 3468 3366 nobis
3495 3312 3662 3365 debita
3689 3330 3791 3368 no-

2192 3402 2317 3459 stra,
2343 3395 2592 3463 quoniam
2623 3411 2725 3450 non
2757 3405 2840 3451 est
2867 3399 3128 3453 exstincta
3155 3400 3386 3454 charitas
3417 3413 3596 3457 nostra
3623 3422 3635 3457 :
3660 3407 3792 3475 quia

2191 3494 2236 3538 et
2273 3501 2365 3538 nos
2405 3486 2702 3542 dimittimus
2748 3489 3052 3544 debitoribus
3090 3493 3274 3547 nostris
3315 3493 3522 3566 (Matth.
3553 3511 3627 3559 v1,
3665 3498 3787 3570 l2).

2189 3575 2414 3643 Quando
2458 3586 2509 3633 te
2551 3579 2816 3646 audimus,
2847 3582 3112 3636 exsultant
3157 3592 3331 3638 tecum
3377 3586 3429 3640 in
3469 3587 3790 3645 coelestibus

2189 3683 2309 3723 ossa
2351 3669 2623 3725 humiliata
2653 3671 2820 3742 (Psal.
2857 3689 2906 3736 ι,
2939 3675 3050 3745 10).
3069 3675 3175 3732 Sed
3202 3677 3414 3747 quando
3443 3687 3495 3733 te
3523 3681 3789 3751 prardica-

2187 3775 2328 3826 mus,
2354 3770 2551 3817 terram
2581 3765 2848 3820 calcamus
2890 3776 2948 3821 ut
2993 3769 3083 3822 tibi
3129 3772 3545 3840 aperiamus:et
3571 3775 3696 3831 ideo
3739 3778 3788 3832 si

2187 3854 2649 3922 reprehendimur,
2676 3858 3079 3925 perturbamur;
3113 3863 3155 3914 si
3177 3862 3472 3927 laudamur,
3506 3865 3784 3938 iullamur.

2187 3944 2326 4001 Lava
2341 3946 2501 4017 pedes
2515 3957 2862 4005 nostrosante
2876 3952 3178 4018 mundatos,
3197 3955 3288 4008 sed
3303 3971 3423 4010 cum
3445 3957 3510 4012 ad
3527 3961 3788 4027 aperien-

2185 4038 2308 4092 dum
2339 4038 2427 4093 tibi
2453 4055 2548 4109 per
2576 4048 2774 4096 terram
2805 4045 3094 4114 pergimus,
3133 4047 3453 4116 inquinatos.
3480 4049 3605 4106 Haec
3625 4053 3787 4109 vobis

2185 4133 2343 4188 hodie
2369 4135 2496 4188 satis
2513 4136 2640 4204 sint,
2657 4136 3010 4194 dilectissimi.
3036 4140 3089 4195 Si
3113 4142 3240 4210 quid
3261 4157 3414 4198 secus
3434 4161 3594 4213 quam
3617 4163 3788 4217 opor-

2184 4227 2283 4280 tuit
2307 4225 2547 4282 dicentes
2571 4227 2816 4286 fortassis
2841 4231 3178 4298 olfendimus,
3205 4235 3287 4290 vel
3309 4235 3554 4290 laudibus
3582 4242 3785 4296 vestris

2183 4317 2583 4373 immoderatius
2628 4336 2788 4390 quam
2839 4325 3075 4392 oportuit
3113 4324 3303 4378 elevati
3349 4343 3566 4392 Stuuus;
3598 4331 3783 4401 impe-

2182 4416 2317 4464 trate
2347 4410 2746 4466 mundationem
2787 4413 3013 4484 pedibus
3056 4418 3274 4481 nostris,
3308 4417 3417 4472 Deo
3441 4420 3786 4488 placentibus

2179 4503 2508 4559 orationibus
2532 4497 2762 4561 vestris.‘

2667 4617 3082 4676 TRACTATUS
3112 4621 3296 4676 LVIII.

2176 4727 2252 4781 Ab
2296 4744 2353 4781 eo
2391 4729 2528 4798 quod
2571 4729 2820 4785 Dominus
2865 4733 3016 4801 dicit,
3060 4734 3125 4788 Et
3149 4749 3245 4789 vos
3270 4735 3449 4790 mundi
3480 4737 3643 4806 estis,
3678 4741 3782 4796 sed

2247 4834 2352 4872 non
2392 4835 2578 4874 omnes
2607 4838 2620 4887 ;
2666 4839 2824 4891 usque
2863 4828 2930 4878 ad
2967 4825 3053 4893 id,
3088 4826 3398 4896 Exemplum
3429 4827 3548 4882 dedi
3579 4831 3741 4885 vcrbis
3763 4874 3781 4898 ,

2247 4921 2302 4965 ut
2328 4912 2772 4982 quemadmodum
2800 4933 2898 4988 ego
2927 4919 3025 4972 feci
3044 4919 3215 4986 vobis,
3240 4920 3313 4975 ita
3337 4930 3391 4976 et
3419 4936 3513 4976 vos
3537 4922 3781 4979 faciatis.

2244 5003 2371 5076 Cap.
2403 5021 2494 5060 xm
2518 5049 2534 5076 ,
2581 5007 2615 5077 ᾗ
2640 5047 2652 5062 .
2687 5008 2875 5066 10-15.

2246 5144 2297 5198 1.
2343 5143 2461 5199 Jam
2506 5143 2592 5198 illa
2633 5145 2792 5200 verba
2832 5145 3142 5218 Evangelii,
3175 5147 3265 5203 ubi
3297 5149 3553 5206 Dominus
3581 5152 3786 5214 lavans

2172 5236 2334 5307 pedes
2376 5237 2652 5308 discipulis
2691 5238 2834 5304 suis,
2879 5241 2982 5308 ait,
3035 5240 3139 5308 Qui
3176 5242 3310 5298 lotus
3345 5253 3420 5300 est
3447 5246 3633 5312 semel,
3669 5265 3788 5305 non

2171 5330 2317 5384 habet
2338 5331 2678 5386 necessitatem
2705 5332 2801 5386 nisi
2830 5334 2980 5404 pedes
3009 5335 3178 5390 lavare
3199 5379 3215 5404 ,
3243 5339 3332 5392 sed
3350 5348 3424 5394 est
3445 5340 3674 5396 mundus
3698 5353 3789 5397 to-

2170 5431 2250 5478 tus
2293 5423 2472 5496 (loan.
2521 5439 2640 5489 xui,
2687 5425 2808 5498 10),
2856 5427 3131 5484 Dilectioni
3169 5439 3389 5499 vestrae,
3426 5443 3482 5487 ut
3508 5433 3790 5494 Dominus

2168 5515 2370 5570 donare
2411 5515 2657 5585 dignatus
2695 5527 2807 5581 est.
2839 5522 3216 5591 exposuimus:
3249 5540 3390 5580 nunc
3417 5526 3556 5596 quod
3582 5529 3792 5598 sequi.

2169 5615 2254 5664 tur
2300 5607 2591 5665 videamus.
2643 5610 2709 5665 Et
2749 5628 2834 5668 vos
2857 5655 2872 5680 ,
2915 5614 3117 5687 inquit,
3157 5619 3335 5672 mundi
3368 5621 3514 5686 estis,
3546 5621 3639 5676 sed
3669 5641 3790 5682 non

2171 5718 2360 5758 omnes.
2391 5702 2502 5758 Hoc
2527 5703 2656 5774 quid
2686 5705 2757 5759 sit
2783 5721 2852 5762 ne
2871 5724 3251 5778 quaereremus,
3279 5711 3392 5780 ipse
3419 5713 3785 5785 Evangelista

2169 5791 2419 5864 patefecit
2443 5834 2459 5862 ,
2501 5793 2797 5867 adiungens
2825 5814 2840 5853 :
2872 5797 3072 5854 Sciebat
3099 5801 3234 5856 enim
3261 5804 3495 5874 quisnam
3522 5816 3655 5862 esset
3683 5811 3788 5880 qui
