4102 6472
341 416 477 473 1798

340 533 555 587 traderet
580 547 717 596 eum;
740 539 1005 601 propterea
1027 544 1147 583 om.
1182 542 1201 581 :
1230 526 1348 582 Non
1380 528 1495 582 estis
1524 528 1701 582 mundi
1728 542 1919 582 omnes.

341 625 470 693 Quid
502 624 603 680 hoc
623 623 899 694 apertius?
927 620 1157 677 Proinde
1184 619 1249 675 ad
1278 620 1551 690 sequentia
1575 628 1923 673 transeamus.

408 717 461 771 2.
492 716 774 785 Postquam
799 732 917 785 ergo
944 715 1063 769 lavit
1090 713 1240 781 pedes
1265 729 1435 766 eorum
1455 754 1469 776 ,
1495 721 1543 765 et
1569 712 1758 780 accepit
1776 710 1925 764 vesti-

339 821 504 865 menta
547 826 678 872 sua;
723 824 835 861 cum
874 806 1176 861 recubuisset
1213 805 1425 869 iterum,
1470 803 1596 856 dixit
1627 802 1697 856 eis
1727 818 1743 855 :
1775 801 1928 855 Scitis

335 904 461 977 quid
494 904 698 975 fecerim
732 900 911 956 vobis?
934 900 1082 954 Nunc
1112 908 1195 954 est
1222 907 1279 951 ut
1308 896 1463 951 beato
1493 895 1648 949 Petro
1678 892 1927 948 reddatur

337 998 425 1053 illa
464 994 749 1066 promissio
788 1012 801 1048 :
833 993 1030 1047 dilatus
1056 990 1197 1046 enim
1231 990 1426 1052 fuerat,
1460 985 1672 1057 quando
1695 999 1925 1054 expave-

337 1088 504 1143 scenti
524 1129 540 1154 ,
574 1095 630 1141 et
654 1086 877 1150 dicenti,
915 1083 1034 1137 Non
1056 1081 1247 1136 lavabis
1268 1080 1390 1133 mihi
1419 1078 1566 1149 pedes
1586 1079 1639 1131 in
1659 1087 1922 1143 wternum,

335 1193 650 1247 responsum
693 1185 775 1231 est
815 1176 895 1242 ei,
942 1174 1091 1242 Quod
1135 1188 1225 1243 ego
1254 1172 1417 1243 facio,
1456 1180 1509 1225 tu
1547 1169 1703 1223 nescis
1740 1168 1920 1233 modo,

331 1270 458 1324 scies
483 1279 651 1323 autent
675 1276 847 1337 postea
876 1263 1035 1334 (Ibid.
1062 1265 1115 1328 8,
1144 1263 1221 1334 7).
1252 1262 1391 1317 Ecce
1411 1270 1492 1316 est
1518 1261 1687 1329 ipsum
1711 1268 1923 1328 postea;

327 1363 439 1433 jam
486 1372 694 1431 tempus
738 1371 816 1415 est
856 1370 911 1414 ut
957 1359 1163 1414 dicatur
1202 1355 1341 1426 quod
1370 1355 1526 1426 paulo
1554 1361 1679 1407 ante
1704 1350 1925 1406 dilatum

330 1467 432 1511 est.
464 1455 668 1510 Memor
693 1452 869 1522 itaque
896 1450 1150 1505 Dominus
1176 1464 1233 1504 se
1267 1445 1571 1517 promisisse
1594 1445 1702 1514 jam
1727 1442 1925 1496 dudum

333 1549 611 1605 scientiam
646 1546 767 1600 facti
798 1544 879 1599 sui
908 1552 1013 1598 tam
1037 1540 1330 1610 inopinati,
1359 1548 1464 1593 tam
1493 1536 1750 1592 mirabilis
1772 1576 1785 1601 ,
1818 1544 1923 1587 tam

330 1641 760 1712 expavescendi,
812 1648 866 1693 et
912 1638 1011 1691 nisi
1060 1636 1173 1705 ipse
1214 1633 1557 1688 vehementer
1604 1629 1921 1693 terruisset,

334 1737 478 1791 nullo
506 1734 668 1791 modo
692 1732 918 1794 sinendi,
945 1739 1002 1785 ut
1030 1730 1283 1799 magister
1307 1744 1411 1781 non
1436 1734 1641 1781 tantum
1665 1723 1921 1793 ipsorum,

332 1828 425 1884 sed
469 1827 826 1897 Angelorum,
875 1833 929 1880 et
974 1822 1229 1878 Dominus
1268 1836 1372 1876 non
1415 1827 1618 1874 tantum
1655 1818 1920 1885 ipsorum,

329 1922 422 1977 sed
472 1937 650 1976 rerum
696 1919 967 1984 omnium,
1020 1916 1222 1971 lavaret
1262 1914 1422 1984 pedes
1461 1912 1841 1983 discipulorum
1871 1916 1925 1963 et

330 2029 607 2069 servorum
653 2027 870 2067 suorum
918 2026 929 2062 :
978 2008 1137 2078 hujus
1179 2022 1305 2077 ergo
1346 2007 1472 2061 tanti
1520 2006 1641 2061 facti
1671 2006 1922 2077 quoniam

328 2106 651 2174 promiserat
702 2102 976 2156 scientiam
1027 2100 1247 2164 dicens,
1300 2098 1440 2153 Scies
1492 2108 1660 2153 autem
1703 2108 1923 2170 postea;

328 2197 451 2267 quid
479 2196 550 2251 sit
579 2194 719 2265 quod
750 2194 875 2249 fecit
896 2234 911 2258 ,
944 2193 1138 2247 docere
1166 2206 1306 2245 nunc
1330 2189 1531 2259 incipit.

396 2292 448 2343 5.
505 2287 602 2341 Vos
624 2330 637 2355 ,
671 2287 874 2356 inquit,
908 2285 1095 2339 vocatis
1121 2300 1199 2337 me
1220 2323 1236 2349 ,
1270 2281 1515 2353 Magister
1536 2323 1550 2349 ,
1584 2291 1630 2335 et
1663 2280 1873 2334 Domine
1903 2296 1923 2334 :

326 2394 371 2438 et
408 2382 533 2436 bene
569 2381 780 2445 dicitis;
816 2396 929 2434 sum
968 2378 1165 2432 etenim.
1204 2375 1341 2429 Bene
1367 2375 1562 2441 dicitis,
1587 2375 1710 2444 quia
1738 2390 1920 2428 verum

327 2475 538 2541 dicitis;
586 2490 703 2528 sum
743 2474 936 2543 quippe
962 2470 1102 2542 quod
1131 2470 1327 2525 dicitis.
1362 2468 1570 2523 Homini
1599 2476 1919 2537 praeceptum

327 2578 407 2622 est
429 2609 440 2627 ,
492 2566 615 2620 Non
651 2576 697 2619 te
736 2566 907 2617 laudet
944 2580 1000 2617 os
1039 2573 1217 2627 tuum,
1244 2561 1331 2616 sed
1357 2560 1526 2615 laudet
1554 2570 1600 2614 te
1626 2577 1680 2615 os
1705 2560 1923 2631 proximi

328 2661 399 2711 tui
442 2658 623 2727 (Prov.
668 2672 815 2711 xxvii
841 2698 855 2721 ,
895 2653 973 2726 2).
1006 2654 1368 2709 Periculosum
1396 2661 1478 2706 est
1503 2654 1643 2707 enim
1673 2651 1774 2707 sibi
1805 2652 1920 2722 pla-

326 2766 475 2815 cere,
510 2750 597 2804 cui
627 2748 923 2804 cavendum
949 2755 1029 2802 est
1056 2746 1351 2817 superbire.
1381 2745 1475 2799 Ille
1506 2753 1682 2799 autem
1710 2746 1798 2815 qui
1828 2761 1919 2800 su-

325 2860 421 2915 per
439 2844 621 2897 omnia
646 2852 723 2899 est
748 2884 762 2907 ,
794 2850 1278 2910 uuantumcumque
1303 2856 1362 2897 se
1390 2840 1599 2905 laudet,
1624 2856 1729 2895 non
1750 2856 1810 2895 se
1831 2857 1922 2895 ex-

327 2937 459 2991 tollit
492 2935 739 2990 excelsus
782 2952 795 2987 :
832 2949 931 2989 nec
958 2941 1135 3003 potest
1163 2940 1308 2986 recte
1333 2930 1437 2985 dici
1470 2946 1725 3001 arrogans
1758 2933 1918 2987 Deus.

327 3026 487 3082 Nobis
512 3041 743 3097 namque
771 3024 983 3094 expedit
1011 3040 1134 3079 eum
1162 3038 1322 3077 nosse
1342 3065 1357 3089 ,
1386 3036 1492 3077 non
1526 3022 1599 3075 illi
1633 3039 1645 3076 :
1682 3036 1778 3077 nec
1798 3038 1921 3077 eum

329 3121 550 3191 quisque
577 3118 883 3188 cognoscit,
915 3117 958 3171 si
989 3131 1095 3171 non
1124 3132 1182 3170 se
1204 3114 1402 3169 indicet
1422 3113 1536 3183 ipse
1558 3114 1645 3183 qui
1675 3115 1840 3168 novit.
1866 3113 1921 3170 Si

328 3226 451 3281 ergo
483 3225 588 3264 non
619 3224 677 3263 se
705 3207 970 3263 laudando
990 3206 1140 3277 quasi
1165 3205 1521 3276 arrogantiam
1543 3205 1711 3259 vitare
1733 3205 1919 3260 volue-

328 3302 433 3367 rit,
482 3300 637 3355 nobis
683 3299 998 3369 sapientiam
1026 3298 1329 3368 denegabit.
1362 3296 1429 3351 Et
1460 3297 1769 3367 magistrum
1800 3296 1920 3367 qui-

327 3394 446 3450 dem
474 3394 621 3464 quod
650 3409 709 3447 se
737 3408 856 3448 esse
882 3392 1053 3459 dicit,
1082 3406 1241 3447 nemo
1270 3390 1728 3460 reprehenderet,
1761 3390 1921 3445 etiam

329 3486 414 3555 qui
458 3500 582 3540 eum
631 3483 761 3538 nihil
808 3498 930 3539 esse
969 3482 1113 3538 aliud
1155 3497 1311 3553 quam
1344 3482 1611 3536 hominem
1638 3481 1921 3547 crederet;

329 3578 578 3647 quoniam
613 3575 664 3630 id
689 3575 965 3646 proﬁtetur
993 3575 1134 3645 quod
1164 3582 1220 3629 et
1240 3574 1340 3643 ipsi
1363 3572 1606 3629 homines
1631 3574 1685 3628 in
1706 3574 1926 3645 quibus-

333 3669 459 3725 libet
501 3669 707 3725 artibus
737 3684 903 3738 usque
934 3666 1069 3722 adeo
1098 3668 1214 3722 sine
1239 3667 1541 3737 arrogantia
1575 3666 1923 3753 proﬁtentur’

332 3770 389 3816 ut
430 3760 764 3831 professores
794 3770 1068 3815 vocentur.
1101 3758 1253 3825 Quod
1280 3773 1407 3813 vero
1432 3757 1704 3812 dominum
1732 3768 1786 3812 et
1811 3758 1925 3827 ipse

333 3869 389 3910 se
414 3855 544 3910 dicit
564 3854 944 3924 discipulorum
976 3867 1229 3917 suorum,
1260 3865 1380 3906 cum
1411 3850 1518 3904 sint
1543 3850 1617 3904 illi
1644 3850 1804 3905 etiam
1833 3865 1923 3906 se-

331 3947 560 4004 cundum
587 3946 841 4001 saeculum
870 3946 1084 4016 ingenui
1109 3986 1124 4011 ,
1150 3944 1270 4014 quis
1297 3942 1429 3998 ferat
1456 3944 1508 3997 in
1534 3943 1791 3997 homine?
1820 3942 1924 3999 Sed

334 4040 473 4095 Deus
500 4040 755 4109 loquitur.
784 4038 935 4093 Nulla
965 4046 1049 4094 est
1076 4038 1161 4092 hic
1189 4037 1348 4091 elatio
1372 4046 1531 4091 tanta:
1558 4035 1887 4091 celsitudinis
1906 4078 1921 4103 ,

332 4132 531 4187 nullum
558 4132 894 4186 mendacium
922 4130 1162 4187 veritatis
1188 4147 1201 4183 :
1226 4130 1379 4184 nobis
1399 4129 1675 4198 subjacere
1701 4128 1775 4182 illi
1799 4116 1924 4183 uiile

334 4232 413 4278 est
450 4222 755 4278 celsitudini
775 4263 788 4287 ,
834 4221 990 4277 nobis
1018 4220 1219 4276 servire
1246 4219 1373 4274 utile
1402 4229 1485 4274 est
1512 4219 1740 4274 veritati.
1772 4218 1924 4285 Quod

335 4328 391 4370 se
422 4314 703 4369 Dominum
730 4313 891 4379 dicit,
924 4328 1031 4367 non
1060 4312 1136 4368 illi
1162 4312 1345 4366 vitium
1377 4321 1496 4375 est,
1522 4311 1615 4365 sed
1643 4311 1795 4365 nobis
1831 4310 1926 4366 be-

336 4407 604 4461 neficium.
635 4405 927 4476 Cujusdam
951 4403 1223 4459 saecularis
1251 4404 1481 4457 auctoris
1512 4403 1673 4456 verba
1700 4402 1921 4458 laudan-

337 4505 452 4562 tur,
491 4499 614 4569 quia
645 4498 814 4563 dixit,
854 4518 873 4551 ι
909 4498 1042 4553 Cum
1072 4498 1246 4551 omnis
1273 4497 1572 4567 arrogantia
1602 4496 1783 4550 odiosa
1811 4505 1920 4561 est,

341 4610 358 4642 ι
397 4601 507 4646 tum
538 4592 627 4646 illa
658 4592 853 4663 ingenii
882 4599 938 4647 et
965 4591 1283 4661 eloquentia:
1313 4590 1481 4644 multo
1508 4589 1879 4643 molestissima
1900 4608 1918 4641 ι

335 4682 459 4754 (Cic.
506 4685 560 4737 in
594 4684 655 4751 ρ.
692 4682 1015 4752 Otacilium):
1049 4693 1102 4737 et
1152 4690 1329 4736 tamen
1377 4679 1516 4735 idem
1558 4681 1671 4749 ipse
1713 4696 1831 4733 cum
1857 4678 1925 4733 de

334 4789 426 4830 sua
471 4777 775 4845 eloquentia
824 4775 1168 4845 loqueretur,
1198 4793 1217 4825 ι
1247 4774 1521 4837 Dicerem,
1572 4774 1771 4842 inquit,
1808 4788 1926 4842 per-

337 4886 355 4917 s
391 4869 579 4923 tectam
600 4911 613 4931 ,
644 4869 687 4921 si
719 4870 786 4921 ita
804 4867 1133 4938 judicarem;
1164 4883 1262 4922 nec
1289 4869 1339 4921 in
1372 4868 1595 4921 veritate
1618 4866 1819 4920 crimen
1841 4880 1927 4919 ar-

336 4979 354 5010 ‹
387 4962 644 5031 τίιεειιιιίεε
670 4962 1097 5030 pertimescerem
1129 4979 1148 5013 ι
1184 4958 1294 5033 (Id.
1321 4960 1373 5013 in
1404 4957 1658 5030 Oratore).
1688 4958 1740 5012 Si
1769 4958 1926 5027 igitur

330 5053 416 5107 ille
444 5053 605 5106 homo
626 5052 1098 5121 eloquentissimus
1125 5054 1176 5105 in
1198 5051 1421 5105 veritate
1441 5050 1795 5119 arrogantiam
1817 5063 1925 5103 non

329 5144 574 5206 timeret,
620 5142 886 5212 quomodo
928 5143 1282 5213 arrogantiam
1334 5141 1445 5212 ipsa
1494 5141 1689 5196 veritas
1729 5139 1925 5194 timet?

327 5234 477 5290 Dicat
504 5250 563 5290 se
590 5235 871 5290 Dominum
901 5236 989 5304 qui
1023 5236 1280 5288 Dominus
1310 5242 1425 5300 est,
1458 5232 1601 5287 dicat
1622 5247 1808 5287 verum
1835 5231 1924 5301 qni

324 5329 521 5382 veritas
546 5336 632 5383 est
653 5346 668 5393 ;
689 5344 756 5383 ne
783 5344 887 5383 non
909 5328 1109 5382 discam
1139 5342 1238 5397 ego
1264 5326 1401 5395 quod
1432 5327 1558 5381 utile
1579 5334 1679 5389 εει,
1700 5325 1823 5379 dum
1847 5334 1926 5379 ta-

323 5430 409 5477 cet
433 5422 527 5478 ille
554 5422 697 5491 quod
724 5431 826 5476 est.
855 5422 1201 5476 Beatissimus
1226 5420 1418 5475 Paulus
1440 5460 1453 5481 ,
1484 5433 1587 5471 non
1610 5418 1789 5487 utique
1809 5418 1926 5471 uni-

324 5514 536 5580 genitus
586 5502 677 5568 Dei
730 5513 896 5568 Filius
917 5553 933 5580 ,
981 5513 1076 5568 sed
1104 5513 1358 5584 unigeniti
1392 5511 1481 5566 Dei
1512 5510 1628 5565 Filii
1658 5524 1845 5567 servus
1872 5518 1925 5566 et

325 5607 642 5676 apostolus;
692 5623 797 5662 non
839 5608 1071 5675 veritas,
1119 5608 1214 5663 sed
1257 5592 1519 5676 particeps
1549 5606 1824 5671 veritatis;
1853 5606 1925 5661 ait

325 5697 495 5753 libere
532 5707 590 5753 et
628 5708 971 5767 constanter,
1014 5699 1077 5753 Et
1113 5700 1155 5753 si
1196 5700 1398 5753 voluero
1438 5698 1680 5769 gloriari,
1711 5715 1808 5752 non
1839 5714 1924 5754 cro

323 5791 609 5863 Ituipicns;
650 5794 905 5848 veritatem
945 5793 1078 5847 enim
1106 5792 1219 5847 dico
1247 5791 1315 5863 (ll
1343 5791 1460 5849 Cor.
1496 5809 1571 5848 xu
1591 5832 1605 5859 ,
1635 5792 1713 5865 6).
1742 5791 1925 5865 Neque

326 5882 471 5939 enim
499 5884 555 5941 in
586 5885 791 5956 seipso,
822 5884 920 5945 sed
947 5884 1003 5943 in
1030 5883 1147 5955 ipsa
1172 5883 1393 5942 veritate
1420 5898 1539 5955 qua:
1565 5883 1808 5956 superior
1832 5890 1920 5941 est

1400 410 1807 472 TRACTATUS
1844 409 2023 469 LVIII.
2062 411 2289 468 CAPUT
2326 411 2467 469 XIII.

3482 420 3621 481 1794

2037 524 2527 595 ipso,ethurailiter
2542 534 2597 580 ει
2612 524 2877 581 veraciter
2902 525 3220 597 gloriaretur
3250 548 3265 585 :
3294 546 3544 602 quoniam
3562 544 3618 592 et

2034 618 2148 689 ipse
2162 621 2415 691 praecepit
2428 628 2486 675 ut
2498 620 2585 690 qui
2602 620 2857 691 gloriatur
2878 620 2929 676 in
2945 622 3169 679 Domino
3184 624 3483 699 glorietur(l
3500 628 3619 684 (tor.

2033 727 2071 779 ι,
2092 710 2205 784 51).
2231 712 2380 769 Itane
2407 728 2510 769 non
2542 715 2752 769 timeret
2779 715 3154 784 insipientiam,
3174 718 3217 772 si
3234 718 3445 788 gloriari
3464 721 3619 778 vellet

2034 816 2243 859 amator
2262 806 2555 875 sapientiae;
2578 816 2630 861 et
2655 807 2707 862 in
2727 808 2891 878 gloria
2904 824 2997 864 sua
3026 810 3234 864 timeret
3260 811 3617 882 insipientiam

2032 898 2145 969 ipsa
2163 900 2445 969 sapientia?
2460 901 2572 957 Non
2592 904 3129 976 timuitarrogantiam
3146 907 3235 976 qui
3254 907 3405 972 dixit,
3428 907 3496 963 In
3511 908 3621 964 Do-

2032 994 2169 1047 mino
2210 994 2501 1048 laudabitur
2551 997 2721 1050 anima
2774 1015 2882 1051 mea
2922 996 3094 1069 (l’sal.
3126 1015 3327 1068 xxxm,
3357 1000 3416 1073 3)
3441 1018 3456 1066 ;
3484 1004 3615 1057 etin

2035 1084 2192 1140 laude
2204 1100 2297 1140 sua
2320 1086 2531 1140 timeret
2548 1089 2902 1157 arrogantiam
2930 1098 3165 1160 potestas
3193 1092 3421 1157 Domini,
3440 1093 3492 1147 in
3517 1109 3618 1163 qua

2032 1177 2279 1233 laudatur
2294 1178 2469 1233 anima
2483 1180 2623 1233 servi
2641 1180 2664 1232 ?
2680 1179 2797 1245 Vos,
2818 1182 3004 1252 inquit,
3023 1184 3210 1238 vocatis
3234 1201 3329 1249 me,
3351 1182 3620 1255 Magister,

2032 1278 2079 1323 et
2103 1268 2322 1325 Domine
2345 1287 2363 1324 .'
2393 1281 2439 1324 et
2467 1271 2587 1326 bene
2616 1272 2805 1337 dicitis;
2824 1291 2935 1328 sunt
2954 1276 3153 1329 etenim.
3179 1277 3301 1333 Ideo
3328 1278 3466 1333 bene
3486 1277 3621 1333 dici-

2034 1361 2100 1415 tis
2118 1403 2133 1427 ,
2176 1362 2295 1430 quia
2324 1376 2440 1417 sum
2473 1381 2487 1418 :
2520 1378 2639 1417 nam
2668 1364 2712 1419 si
2740 1379 2844 1419 non
2872 1380 3044 1421 essem
3073 1367 3215 1436 quod
3243 1367 3452 1434 dicitis,
3485 1368 3622 1423 male

2030 1451 2282 1507 diceretis
2305 1492 2321 1517 ,
2362 1455 2569 1509 etiamsi
2613 1470 2697 1509 me
2737 1456 3038 1511 laudaretis.
3070 1457 3347 1526 Quomodo
3374 1475 3503 1531 ergo
3530 1474 3624 1515 ne-

2031 1552 2178 1613 garet
2224 1545 2453 1612 veritas,
2497 1546 2639 1615 quod
2681 1546 2864 1601 dicunt
2904 1548 3146 1618 discipuli
3190 1552 3622 1621 veritatis?quo-

2031 1634 2189 1689 modo
2233 1636 2373 1705 quod
2412 1636 2594 1691 dicunt
2621 1638 2708 1707 qui
2735 1638 3058 1707 didicerunt,
3092 1651 3309 1710 negaret
3341 1642 3454 1712 ipsa
3481 1642 3623 1699 unde

2030 1727 2371 1783 didicerunt?
2416 1729 2694 1797 Quomodo
2740 1730 2859 1786 fons
2900 1742 3056 1803 negat
3103 1734 3243 1803 quod
3273 1733 3458 1790 bibens
3483 1750 3622 1806 prte-

2029 1820 2210 1875 dicat?
2235 1822 2500 1891 quomodo
2524 1824 2612 1878 lux
2643 1826 2873 1879 occultat
2897 1825 3039 1893 quod
3073 1826 3254 1881 videns
3285 1826 3523 1882 indicat?

2100 1914 2153 1968 4.
2187 1931 2206 1966 ‹
2243 1913 2296 1969 Si
2327 1930 2456 1985 ergo
2481 1956 2494 1981 ,
2522 1915 2718 1986 inquit,
2752 1932 2853 1987 ego
2880 1917 2981 1971 lavi
3012 1917 3175 1987 pedes
3201 1912 3408 1974 vestros
3437 1918 3622 1975 Domi-

2030 2021 2132 2062 nus
2168 2014 2222 2062 et
2259 2007 2534 2079 Magister,
2566 2008 2771 2064 debetis
2813 2018 2866 2064 et
2906 2025 3002 2064 vos
3030 2010 3171 2067 alter
3198 2010 3414 2067 alterius
3442 2011 3622 2067 lavare

2029 2098 2209 2166 pedes.
2238 2097 2553 2169 Exemplum
2576 2100 2715 2155 enim
2738 2099 2860 2155 dedi
2884 2101 3065 2167 vobis,
3094 2111 3149 2156 ut
3172 2102 3617 2173 quemadmodum

2028 2206 2127 2261 ego
2169 2190 2267 2246 feci
2312 2192 2495 2259 vobis.
2541 2203 2595 2249 et
2636 2209 2731 2249 vos
2766 2195 2836 2249 ita
2873 2195 3095 2251 faciatis.
3130 2215 3149 2249 ι
3179 2196 3294 2253 Hoc
3318 2206 3435 2262 est,
3464 2196 3620 2253 beate

2029 2282 2185 2337 Petre
2206 2325 2219 2348 ,
2244 2284 2384 2353 quod
2408 2285 2682 2340 nesciebas
2699 2326 2716 2352 ,
2745 2287 2956 2356 quando
2976 2288 3091 2342 fieri
3118 2304 3224 2344 non
3253 2289 3482 2344 sinehas.
3510 2290 3621 2345 lloc

2028 2378 2123 2432 tibi
2155 2388 2335 2447 postea
2362 2379 2635 2435 sciendum
2658 2381 2901 2450 promisit
2926 2422 2941 2447 ,
2970 2382 3180 2451 quando
3204 2393 3258 2437 ut
3283 2383 3487 2438 sineres
3510 2392 3619 2438 ter-

2028 2472 2136 2524 ruit
2181 2480 2231 2525 te
2274 2472 2520 2542 Magister
2559 2481 2680 2527 tuus
2712 2481 2767 2528 et
2800 2472 3053 2529 Dominus
3078 2483 3223 2537 tuus,
3253 2475 3433 2529 lavans
3456 2474 3620 2547 pedes

2029 2571 2165 2617 tuos.
2193 2564 2478 2619 Didicimus
2498 2606 2513 2631 ,
2541 2564 2732 2621 fratres
2756 2607 2771 2633 ,
2798 2565 3148 2622 humilitatem
3173 2567 3241 2622 ab
3261 2567 3520 2634 Excelsa;
3543 2568 3620 2623 fa-

2027 2655 2231 2709 ciamus
2257 2656 2482 2711 invicem
2511 2657 2737 2712 humiles
2761 2699 2776 2723 ,
2802 2658 2942 2727 quod
2973 2658 3245 2714 humiliter
3274 2658 3398 2714 fecit
3421 2660 3613 2715 Excel-

2028 2760 2137 2801 sus.
2183 2747 2368 2817 Magna
2398 2757 2479 2803 est
2509 2748 2622 2802 haec
2647 2749 3041 2805 commendatio
3070 2750 3382 2807 humilitatis
3411 2768 3426 2805 :
3457 2760 3513 2807 et
3536 2751 3616 2807 fa-

2027 2838 2171 2892 ciunt
2211 2837 2312 2893 sibi
2353 2839 2453 2893 hoc
2479 2839 2700 2895 invicem
2729 2840 2943 2907 fratres,
2977 2841 3137 2897 etiam
3162 2856 3325 2912 opere
3350 2843 3465 2912 ipso
3488 2844 3617 2898 visi-

2027 2929 2141 2995 bili,
2166 2946 2284 2984 cum
2307 2945 2365 2984 se
2387 2930 2611 2985 invicem
2636 2931 2865 3001 hospitio
2893 2931 3183 3003 recipiunt;
3207 2942 3288 2988 est
3316 2935 3455 2989 enim
3477 2935 3617 3005 apud

2029 3021 2311 3091 plerosque
2360 3022 2688 3077 consuetudo
2736 3024 2891 3092 hujus
2935 3023 3247 3080 humilitatis
3276 3067 3291 3091 ,
3338 3042 3505 3097 usque
3549 3028 3616 3083 ad

2026 3110 2223 3166 factum
2266 3128 2370 3183 quo
2414 3124 2662 3168 cernatur
2699 3129 2971 3184 expressa.
3015 3115 3165 3171 Unde
3188 3117 3474 3187 Apostolus
3494 3134 3616 3174 cum

2029 3204 2239 3259 viduam
2286 3204 2422 3259 bene
2460 3206 2702 3260 meritam
2752 3205 3197 3273 commendaret,
3245 3208 3305 3262 Si
3351 3210 3570 3280 hospitio
3600 3251 3615 3276 ,

2029 3296 2220 3365 inquit,
2253 3297 2453 3367 recepit,
2482 3297 2525 3349 si
2553 3306 2844 3350 sanctorum
2875 3297 3025 3367 pedes
3051 3298 3171 3352 lavit
3192 3299 3233 3370 (l
3258 3297 3389 3353 Tim.
3414 3318 3465 3366 ν,
3500 3301 3613 3374 10).

2030 3386 2099 3440 Ει
2118 3387 2255 3456 apud
2282 3396 2494 3442 sanctos
2522 3388 2840 3465 ubicumque
2876 3389 2990 3443 haec
3012 3391 3343 3446 consuetudo
3374 3406 3479 3447 non
3499 3401 3582 3447 est
3600 3434 3614 3458 ,

2029 3479 2171 3548 quod
2213 3495 2373 3533 manu
2408 3495 2512 3533 non
2554 3480 2781 3548 faciunt,
2810 3482 2971 3536 corde
2997 3482 3229 3550 faciunt,
3260 3484 3303 3538 si
3331 3484 3383 3539 in
3407 3485 3619 3541 illorum

2030 3587 2253 3626 numero
2279 3582 2403 3627 sunt
2426 3573 2619 3643 quibus
2646 3574 2837 3629 dicitur
2859 3574 2912 3629 in
2939 3574 3138 3645 hymno
3162 3576 3437 3634 beatorum
3457 3580 3618 3636 trium

2033 3664 2261 3718 virorum
2282 3706 2298 3731 ,
2342 3664 2654 3731 Benedicite,
2694 3666 2856 3719 sancti
2878 3676 2923 3721 et
2949 3667 3160 3722 humiles
3200 3669 3369 3733 corde,
3398 3669 3618 3727 Domino

2034 3756 2209 3828 (Dan.
2254 3772 2332 3822 ιιι,
2378 3758 2491 3827 87).
2520 3757 2684 3812 Multo
2708 3767 2888 3813 autem
2913 3768 2994 3813 est
3019 3760 3207 3816 melius
3226 3801 3241 3826 ,
3267 3772 3321 3817 et
3350 3763 3465 3818 sine
3491 3780 3620 3819 con-

2032 3851 2290 3906 troversia
2312 3853 2486 3906 verius
2504 3893 2518 3916 ,
2545 3860 2605 3907 ιιι
2628 3852 2785 3908 etiam
2808 3854 3052 3910 manibus
3081 3856 3207 3922 fiat;
3239 3872 3337 3913 nec
3364 3856 3620 3929 dedigne-

2033 3950 2117 3996 tur
2142 3941 2282 4011 quod
2304 3942 2425 3997 fecit
2445 3942 2686 3997 Christus
2705 3983 2722 4009 ,
2748 3943 2923 3999 facere
2944 3944 3286 4003 Christianus.
3317 3948 3452 4003 Cum
3474 3949 3616 4003 enim

2031 4032 2097 4088 ad
2137 4032 2298 4103 pedes
2345 4034 2523 4088 fratris
2566 4034 2851 4090 inclinatur
2888 4051 3117 4109 corpus,
3157 4038 3315 4094 etiam
3360 4040 3412 4094 in
3455 4039 3618 4096 corde

2032 4126 2147 4196 ipso
2173 4126 2257 4181 vel
2283 4127 2544 4182 excitatur
2563 4169 2578 4193 ,
2608 4128 2690 4184 vel
2718 4129 2764 4184 si
2788 4128 2901 4200 jam
2927 4130 3135 4199 inerat,
3164 4132 3509 4189 confirmatur
3534 4134 3617 4204 ip-

2029 4219 2142 4274 sius
2164 4219 2474 4274 humilitatis
2493 4220 2732 4277 affectus.

2101 4312 2155 4367 5.
2184 4312 2286 4367 Sed
2316 4323 2537 4383 excepto
2562 4313 2666 4368 isto
2696 4316 2881 4370 morali
2909 4316 3176 4372 intellectu
3195 4359 3210 4385 ,
3242 4318 3314 4374 ita
3334 4332 3434 4375 nos
3457 4318 3617 4390 hujus

2029 4402 2283 4458 dominici
2312 4404 2434 4460 facti
2459 4405 2791 4461 altitudinem
2819 4408 3224 4465 commendasse
3248 4412 3588 4467 meminimus
3616 4462 3617 4465 η

2030 4496 2172 4566 quod
2217 4497 2441 4552 lavando
2484 4498 2644 4567 pedes
2686 4499 2793 4568 jam
2836 4500 3065 4555 lotorum
3105 4512 3265 4574 atque
3299 4504 3618 4561 mundorum

2030 4588 2444 4659 discipulorum,
2484 4589 2861 4659 significaverit
2903 4592 3158 4649 Dominus
3184 4608 3400 4666 propter
3430 4597 3648 4661 huma-_

2030 4694 2129 4734 nos
2172 4680 2363 4749 quibus
2402 4680 2455 4735 in
2484 4688 2624 4736 terra
2647 4697 2924 4738 versamur
2946 4684 3169 4743 affectus
3187 4727 3201 4750 ,
3231 4696 3288 4742 ut
3312 4698 3620 4759 qusmtum-

2032 4771 2163 4827 libet
2189 4772 2567 4842 profecerimus
2592 4773 2647 4828 in
2670 4774 3094 4844 apprehensione
3111 4778 3331 4847 justitize
3348 4820 3366 4845 ,
3388 4780 3619 4835 sciamus

2031 4879 2129 4920 nos
2157 4864 2271 4919 sine
2298 4874 2515 4936 peccato
2540 4881 2645 4921 non
2669 4882 2787 4922 esse
2816 4884 2830 4921 :
2857 4867 2998 4939 quod
3023 4869 3249 4927 subinde
3272 4870 3440 4925 abluit
3460 4872 3621 4926 inter-

2033 4955 2279 5026 pellando
2308 4972 2402 5025 pro
2432 4958 2615 5024 nobis,
2646 4973 2769 5015 cum
2792 4976 3007 5017 oramus
3029 4961 3239 5019 Patrem
3267 4962 3358 5034 qui
3383 4963 3437 5017 in
3465 4963 3616 5019 caelis

2032 5056 2149 5111 est,
2192 5057 2250 5101 ut
2272 5048 2450 5103 debita
2478 5060 2657 5106 nostra
2689 5051 2920 5109 dimittat
2946 5054 3103 5111 nobis
3125 5097 3141 5123 ,
3169 5056 3307 5111 sicut
3331 5064 3385 5111 et
3409 5071 3508 5111 nos
3535 5055 3619 5112 di-

2032 5142 2294 5197 mittimus
2332 5143 2663 5201 debitoribus
2710 5149 2909 5204 nostris
2946 5148 3161 5219 (Matth.
3206 5166 3294 5218 νι,
3336 5147 3449 5221 12).
3475 5150 3620 5219 Quo—

2032 5233 2192 5291 modo
2231 5251 2360 5307 ergo
2398 5237 2465 5292 ad
2493 5238 2631 5294 hunc
2659 5241 2984 5296 intellectum
3011 5241 3203 5313 poterit
3226 5241 3492 5311 pertinere
3516 5241 3620 5298 hoc

2033 5329 2175 5399 quod
2214 5330 2326 5399 ipse
2358 5341 2539 5401 postea
2567 5332 2781 5401 docuit,
2813 5334 2900 5389 ubi
2927 5335 3006 5389 sui
3032 5334 3153 5389 facti
3178 5335 3423 5404 exposuit
3447 5337 3614 5390 ratio-

2032 5437 2154 5475 nem
2179 5423 2363 5478 dicens
2382 5463 2398 5489 ,
2426 5442 2445 5475 ι
2476 5424 2533 5479 Si
2554 5440 2680 5495 ergo
2705 5440 2806 5497 ego
2826 5425 2930 5479 lavi
2948 5433 3153 5480 vestros
3175 5424 3337 5495 mdes
3359 5426 3617 5482 Dominus

2031 5520 2087 5567 et
2106 5512 2354 5584 Magister
2370 5557 2386 5583 ,
2409 5515 2615 5572 debetis
2644 5526 2701 5572 et
2717 5532 2812 5571 vos
2838 5516 2973 5572 alter
2985 5515 3211 5571 alterius
3228 5516 3407 5573 lavare
3430 5517 3613 5589 pedes.

2032 5600 2349 5675 Exemplum
2395 5606 2536 5661 enim
2576 5604 2698 5660 dedi
2738 5604 2885 5660 vobis
2908 5645 2925 5674 ,
2962 5613 3021 5661 ut
3044 5604 3489 5676 quemadmodum
3518 5621 3618 5680 ego

2033 5696 2183 5751 vobis
2208 5696 2329 5765 feci,
2345 5698 2416 5753 ita
2445 5706 2500 5752 et
2525 5712 2618 5753 vos
2644 5697 2877 5752 faciatis!
2905 5715 2925 5750 ι
2946 5697 3212 5770 Numquid
3227 5700 3406 5757 dicere
3428 5713 3620 5771 possu-

2031 5805 2151 5846 mus
2173 5790 2316 5862 quod
2343 5790 2502 5846 etiam
2528 5788 2692 5846 frater
2717 5790 2936 5847 fratrem
2954 5807 2985 5846 a
3008 5791 3185 5849 delicti
3210 5792 3405 5863 poterit
3427 5800 3616 5849 conta-

2032 5882 2189 5954 gione
2216 5882 2514 5941 mundare?
2538 5883 2650 5941 lmo
2678 5898 2806 5943 vero
2829 5883 2883 5941 id
2909 5884 3074 5951 etiam.
3096 5900 3194 5945 nos
3221 5899 3341 5945 esse
3362 5881 3614 5965 editioni:
