4030 6484
509 407 530 464 i
542 404 644 464 τοό

507 541 588 585 tos
617 530 668 583 in
699 526 858 596 huius
883 523 1131 580 dominici
1153 521 1328 592 operis
1355 519 1632 575 altitudine
1660 518 1999 584 noverimus;
2026 527 2085 572 ut

504 625 732 681 confessi
776 621 1002 677 invicem
1047 619 1235 675 delicta
1281 624 1458 671 nostra
1507 630 1718 670 oremus
1763 629 1858 684 pro
1897 613 2085 681 nobis,

503 717 640 772 sicut
668 723 721 770 et
749 714 989 769 Christus
1009 709 1304 779 interpellat
1330 723 1424 777 pro
1455 707 1605 762 nobis
1629 706 1806 776 (Rom.
1833 719 1945 769 vm,
1971 705 2086 777 5i).

503 808 797 863 Audiamus
840 803 1150 873 Apostolum
1188 799 1440 855 Jacobum
1469 798 1570 852 hoc
1599 799 1768 868 ipsum
1799 797 2087 852 evidentis-

502 901 639 955 sime
681 897 1072 969 praecipientem
1111 905 1166 948 et
1200 893 1494 955 dicentem,
1529 891 1853 960 Conﬂictttt'ni
1878 891 2087 944 invicem

502 990 685 1045 deﬁxa
708 999 869 1044 ucstra
888 1029 902 1053 ,
929 996 976 1040 et
999 993 1139 1039 orate
1163 1001 1254 1054 pro
1272 985 1407 1038 vobis
1431 982 1635 1056 (Jacobi
1653 999 1686 1036 v
1705 1024 1719 1049 ,
1749 983 1858 1054 ιϐ).
1877 983 2011 1050 Quia
2036 991 2090 1036 et

504 1084 568 1138 ad
615 1081 716 1135 hoc
758 1079 1011 1133 Dominus
1053 1077 1206 1132 nobis
1231 1076 1376 1130 dedit
1399 1076 1722 1145 exemplum.
1750 1076 1804 1130 Si
1832 1075 1972 1128 enim
1999 1073 2089 1127 ille

503 1174 592 1242 qui
619 1173 781 1228 ullum
805 1177 1078 1240 peceatum
1110 1183 1208 1222 nec
1239 1167 1426 1234 habet,
1453 1182 1551 1220 nec
1575 1166 1774 1228 habuit,
1800 1181 1899 1220 nec
1917 1165 2085 1219 babe-

503 1264 607 1329 bit,
653 1269 770 1316 orat
810 1276 908 1331 pro
949 1260 1176 1329 peccatis
1197 1258 1435 1324 nostris;
1467 1268 1666 1327 quanto
1689 1259 1855 1327 magis
1883 1272 1980 1310 nos
2008 1257 2087 1310 in-

506 1361 679 1411 vicem
723 1371 817 1425 pro
845 1354 1042 1409 nostris
1070 1367 1225 1406 orare
1252 1351 1550 1406 debemus?
1579 1350 1646 1404 Et
1672 1350 1716 1404 si
1743 1349 1962 1404 dimittit
1991 1363 2089 1402 no-

503 1453 582 1507 bis
627 1452 713 1506 ille
753 1450 838 1505 cui
885 1463 990 1503 non
1030 1447 1285 1502 habemus
1323 1445 1464 1515 quod
1502 1444 1865 1508 dimittamus;
1895 1450 2092 1512 quanto

501 1547 668 1614 magis
717 1543 984 1597 dimittere
1035 1539 1187 1594 nobis
1234 1539 1488 1592 debemus
1533 1537 1792 1600 invicem,
1841 1536 1928 1604 qui
1975 1535 2092 1588 sine

503 1644 722 1707 peccato
761 1634 847 1688 hic
888 1634 1068 1686 vivere
1103 1645 1212 1684 non
1242 1629 1522 1684 valemus?
1551 1627 1688 1696 Quid
1712 1628 1854 1682 enim
1885 1626 2093 1681 videtur

499 1729 554 1784 in
585 1729 684 1783 bac
706 1726 983 1781 altitudine
1003 1723 1317 1781 sacramenti
1345 1722 1604 1775 Dominus
1627 1719 1945 1789 signiﬁcare,
1969 1733 2089 1771 cum

499 1821 662 1886 dicit,
697 1837 716 1869 t
756 1817 1065 1885 Exemplum
1108 1815 1248 1868 enim
1289 1812 1411 1867 dedi
1441 1811 1591 1864 vobis
1614 1853 1628 1876 ,
1657 1820 1712 1863 ut
1741 1808 2090 1879 quemadmo-

498 1913 623 1966 dum
637 1926 737 1980 ego
760 1910 856 1962 feci
875 1908 1044 1972 vobis,
1065 1907 1135 1960 ita
1157 1914 1209 1958 et
1230 1920 1324 1960 vos
1347 1903 1582 1966 faciatis;
1609 1921 1628 1954 ι
1654 1902 1754 1958 nisi
1775 1899 1915 1970 quod
1939 1915 2093 1968 aper-

495 2003 702 2058 tissime
743 2001 872 2054 dicit
913 1998 1216 2068 Apostolus,
1243 2015 1262 2046 t
1290 1996 1558 2049 Donantes
1585 1992 1977 2060 vobismetipsis
1999 2031 2015 2055 ,
2045 1993 2090 2046 si

497 2097 616 2164 quis
661 2094 912 2147 adversus
952 2092 1182 2159 aliquem
1213 2088 1371 2142 habet
1397 2087 1667 2156 querelam
1694 2127 1708 2149 ,
1735 2087 1874 2138 sicut
1899 2094 1952 2137 et
1984 2085 2089 2138 Do-

495 2187 670 2240 minus
698 2184 914 2237 donavit
943 2183 1114 2246 vobis,
1141 2181 1212 2233 ita
1240 2187 1292 2233 et
1321 2194 1412 2231 vos
1439 2197 1456 2229 ι
1483 2176 1699 2249 (Colon.
1731 2175 1919 2246 "1,45)
1953 2175 1965 2227 !
1999 2174 2085 2239 ln-

493 2278 664 2330 vicem
710 2276 887 2342 itaque
931 2273 1086 2326 nobis
1129 2271 1321 2325 delicta
1366 2270 1623 2323 donemus
1648 2309 1662 2331 ,
1693 2276 1746 2321 et
1777 2282 1868 2335 pro
1895 2266 2092 2344 nostris

494 2369 703 2423 delictis
749 2367 972 2420 invicem
1022 2377 1237 2422 oreinus
1260 2403 1273 2426 ,
1307 2370 1464 2429 atque
1495 2361 1562 2412 ita
1591 2359 1982 2429 quodammodo
2010 2359 2091 2412 in-

494 2460 664 2523 vicem
711 2457 872 2526 pedes
911 2466 1121 2508 nostros
1150 2453 1408 2506 lavantes.
1439 2450 1686 2505 Nostrum
1716 2460 1830 2516 est,
1859 2451 2091 2506 donante

497 2553 612 2620 ipso
633 2591 647 2616 ,
679 2551 1029 2604 ministerium
1059 2545 1332 2601 charitatis
1363 2554 1415 2598 et
1448 2543 1756 2597 humilitatis
1784 2543 2038 2597 adbibero
2073 2561 2086 2596 :

496 2643 638 2696 illius
667 2649 750 2694 est
775 2637 1027 2692 exaudire
1051 2677 1064 2699 ,
1097 2651 1159 2688 ac
1189 2650 1286 2688 nos
1314 2635 1382 2696 ab
1407 2636 1553 2687 onmi
1588 2644 1923 2702 peccatorum
1952 2649 2088 2688 eon-

498 2734 842 2787 taminatioue
863 2730 1120 2784 mundare
1147 2744 1242 2797 per
1264 2727 1561 2790 Christum,
1596 2737 1646 2781 et
1680 2729 1730 2780 in
1753 2728 1965 2782 Christo
1989 2745 2002 2791 ;
2033 2737 2090 2781 ut

491 2825 634 2895 quod
659 2824 950 2877 aliisetiam
975 2821 1312 2886 dimittimus,
1335 2819 1436 2873 hoc
1461 2819 1614 2873 estin
1641 2828 1780 2874 terra
1806 2821 2083 2884 solvimus,

481 2919 732 2972 solvatur
757 2917 808 2970 in
834 2915 991 2968 coelo.

999 3001 1409 3060 TRACTATUS
1443 3002 1579 3056 LIX.

497 3103 565 3156 Ai
607 3117 663 3154 eo
699 3099 834 3170 quod
863 3097 1110 3152 Dominus
1140 3098 1294 3159 dicit,
1327 3097 1494 3148 Amen
1517 3135 1532 3158 ,
1564 3109 1719 3146 amen
1745 3093 1865 3148 dico
1892 3093 2043 3146 vobis
2069 3111 2082 3156 ;

569 3210 675 3249 non
696 3203 780 3248 est
808 3207 994 3247 servus
1020 3191 1190 3259 major
1217 3188 1432 3242 domino
1457 3202 1557 3241 suo
1581 3203 1595 3250 ξ
1619 3202 1776 3256 usque
1795 3186 1865 3238 ad
1890 3187 1963 3250 id,
1983 3186 2086 3252 Qui

566 3296 744 3340 autem
779 3299 869 3338 me
909 3282 1096 3352 accipit
1122 3323 1136 3348 ,
1166 3281 1357 3350 accipit
1383 3295 1506 3334 eum
1537 3279 1627 3349 qui
1657 3278 1798 3332 misit
1822 3293 1927 3332 me.
1955 3278 2084 3348 Cap.

566 3393 663 3432 xm
683 3417 699 3443 ,
744 3376 778 3447 ᾖ
805 3415 818 3430 .
847 3376 1032 3431 iii-20.

565 3471 617 3526 i.
669 3469 980 3525 Audivimus
1021 3470 1072 3522 in
1119 3475 1303 3521 sancto
1339 3463 1622 3532 Evangelio
1649 3464 1952 3534 loquentem
1984 3466 2087 3520 Do-

489 3563 695 3620 nimtttt
736 3571 895 3632 atque
939 3561 1237 3623 dicentem,
1278 3575 1296 3607 ί
1333 3559 1500 3610 Amen
1523 3598 1536 3622 ,
1568 3571 1722 3610 amen
1749 3557 1869 3612 dico
1897 3558 2083 3623 vobis;

488 3671 599 3712 non
638 3665 717 3711 est
755 3669 946 3710 servus
985 3651 1156 3720 major
1195 3649 1410 3703 domino
1449 3664 1581 3713 suo,
1614 3663 1784 3718 neque
1813 3650 2086 3719 apostolus

491 3750 664 3819 major
691 3765 755 3804 eo
779 3753 869 3817 qui
895 3746 1040 3800 misit
1061 3743 1213 3798 illum
1244 3760 1257 3796 :
1288 3742 1332 3796 si
1359 3742 1472 3795 haec
1491 3740 1670 3806 scitis,
1701 3742 1841 3796 beati
1867 3744 2014 3797 eritis
2040 3744 2083 3797 si

493 3842 730 3906 feceritis
755 3856 872 3894 ea.»
909 3838 1020 3890 Hoc
1046 3836 1166 3889 ideo
1183 3833 1469 3903 dixit,quia
1491 3834 2082 3902 laveratdiscipulorum

492 3936 654 4004 pedes
676 3975 689 3999 ,
713 3932 969 4001 magister
986 3927 1304 3981 humilitatis
1325 3935 1378 3980 et
1408 3925 1572 3980 verbo
1599 3935 1651 3979 et
1672 3927 1918 3995 eaetnplo
1945 3945 1954 3977 :
1989 3927 2082 3980 sed

491 4029 787 4098 poterimus
815 4040 878 4078 ea
908 4041 1026 4092 quae
1055 4030 1178 4085 sunt
1203 4020 1480 4089 operosius
1510 4019 1817 4072 dissi-renda
1846 4019 1959 4087 ipso
1985 4019 2082 4072 ad-

488 4119 706 4191 iuvante
733 4115 1073 4181 disserere,si
1099 4128 1205 4168 non
1232 4111 1286 4168 in
1305 4112 1381 4166 eis
1403 4129 1521 4180 qtae
1535 4112 1813 4165 maniieSta
1835 4122 1957 4165 sunt
1983 4115 2086 4166 im-

491 4226 780 4266 moremur.
799 4209 933 4261 Cum
955 4221 1081 4276 ergo
1103 4205 1215 4258 haec
1237 4204 1491 4257 Dominus
1514 4204 1874 4272 promisisset,
1890 4204 2082 4271 adjun-

491 4303 602 4368 xit,
640 4320 659 4352 ι
694 4300 809 4354 Non
829 4299 895 4353 de
915 4297 1162 4352 omnibus
1192 4293 1342 4348 vobis
1367 4294 1487 4348 dico
1515 4311 1529 4348 :
1555 4309 1654 4363 ego
1674 4295 1785 4348 scio
1811 4309 1945 4363 quos
1965 4295 2080 4349 ele-

489 4395 656 4466 gerint
688 4410 702 4447 :
729 4391 824 4447 sed
851 4401 909 4446 ut
934 4390 1215 4459 impleatur
1235 4387 1536 4457 Scriptura,
1561 4388 1660 4453 Qui
1689 4388 1969 4442 manducet
1992 4403 2082 4458 pa-

490 4504 610 4542 nem
640 4501 870 4550 mecum,
896 4482 1088 4538 levabit
1115 4496 1274 4550 super
1298 4494 1385 4534 me
1411 4480 1716 4533 caleaneum
1730 4495 1903 4533 suum.
1921 4499 1939 4532 δ
1967 4481 2079 4537 Hoc

487 4577 615 4649 quid
647 4586 728 4630 est
752 4575 894 4634 aliud
923 4575 1044 4638 nisi,
1074 4571 1408 4628 eoticuleabit
1428 4572 1552 4626 me?
1574 4570 1764 4624 Notum
1785 4581 1867 4626 est
1890 4572 1958 4628 de
1972 4589 2078 4643 quo

489 4670 774 4738 loquatur;
819 4666 983 4721 ludas
1029 4665 1117 4719 ille
1169 4661 1394 4716 traditur
1444 4662 1557 4731 ejus
1600 4662 1894 4732 attingitur.
1936 4663 2078 4734 Ergo

487 4762 660 4832 ipsum
685 4775 793 4814 non
820 4759 1053 4828 elegerat
1073 4798 1087 4819 ,
1117 4755 1256 4809 unde
1279 4753 1352 4810 ab
1370 4754 1448 4810 eis
1475 4769 1611 4823 quos
1633 4754 1811 4823 elegit,
1843 4756 1943 4809 isto
1962 4771 2076 4811 ser-

489 4869 647 4910 mone
675 4853 922 4908 secernit.
950 4849 1102 4918 Quod
1129 4863 1256 4917 ergo
1285 4847 1430 4911 dico,
1462 4847 1666 4917 inquit,
1698 4846 1842 4904 Beati
1871 4851 2006 4903 eritis
2031 4851 2075 4905 si

489 4949 706 5020 {canitis
745 4962 843 5011 eq,
889 4961 991 4998 non
1019 4944 1082 4996 de
1106 4942 1333 4995 omnibus
1359 4940 1496 4994 nobis
1523 4941 1633 4993 dico
1663 4957 1680 4995 :
1709 4951 1790 4995 est
1817 4943 1957 4998 inter
1978 4959 2074 4998 vos

485 5043 572 5111 qui
617 5055 723 5094 non
768 5039 869 5092 erit
909 5038 1096 5098 beatus
1120 5075 1135 5100 ,
1175 5049 1351 5102 neque
1388 5034 1545 5088 faciet
1573 5049 1655 5088 ea.
1688 5033 1796 5104 Ego
1824 5037 1926 5089 scio
1951 5053 2074 5105 (fatos

485 5133 736 5200 elegerint.
766 5129 912 5196 Quos
931 5171 949 5194 ,
978 5127 1078 5181 nisi
1109 5142 1201 5181 eos
1228 5125 1316 5190 qui
1342 5125 1477 5179 beati
1509 5134 1664 5178 erunt
1691 5126 1928 5181 faciendo
1953 5145 2072 5198 quae

485 5225 739 5295 praecepit
763 5264 777 5287 ,
808 5238 870 5284 ac
893 5219 1132 5275 facienda
1159 5218 1472 5272 monstravit
1489 5259 1502 5284 ,
1531 5219 1621 5287 qui
1647 5219 1862 5273 efﬁcere
1889 5221 2072 5278 beatos

483 5316 704 5386 potest?
731 5314 847 5369 Dion
875 5321 984 5376 est,
1019 5311 1220 5380 inquit,
1245 5309 1470 5366 traditur
1495 5308 1521 5364 ί]
1531 5309 1657 5364 udas
1686 5311 1905 5364 electus.
1935 5313 2071 5377 Quid

487 5416 570 5463 est
595 5421 722 5475 ergo
747 5404 886 5474 quod
912 5404 1016 5459 alio
1044 5404 1159 5457 loco
1181 5401 1310 5456 dicit
1328 5441 1344 5467 ,
1381 5399 1566 5455 Nonne
1583 5415 1674 5468 ego
1701 5416 1784 5454 res
1808 5401 2072 5456 duodecim

487 5502 647 5568 ὠσὶ,
675 5510 723 5553 et
745 5503 878 5552 unus
901 5514 964 5552 ea:
990 5497 1125 5552 vobis
1153 5495 1381 5549 ttiubelus
1400 5504 1478 5548 est
1507 5493 1687 5564 (leas.
1717 5509 1796 5559 Vl,
1826 5495 1964 5565 την
1987 5497 2070 5550 An

485 5601 547 5649 et
565 5593 680 5661 ipse
695 5589 768 5643 ‘ad
787 5588 982 5657 aliquid
1012 5598 1094 5642 est
1117 5587 1320 5642 electus
1341 5626 1354 5646 ,
1386 5587 1453 5638 ad
1476 5584 1618 5653 quod
1639 5589 1820 5654 utique
1837 5596 1955 5640 ent
1977 5601 2074 5642 no-

487 5684 790 5746 oessar'ms;
819 5692 1119 5734 nouantem
1152 5679 1216 5732 ad
1243 5678 1618 5732 beatitudinem
1637 5717 1654 5743 ,
1681 5678 1748 5732 de
1779 5693 1879 5748 qua
1911 5680 2069 5734 modo

487 5772 594 5841 ait,
629 5776 770 5848 Baeti
813 5775 951 5827 eritis
994 5775 1036 5826 si
1082 5773 1293 5844 feceritis
1318 5775 1417 5827 ea?
1461 5773 1572 5827 Hoc
1597 5788 1702 5826 non
1731 5772 1800 5825 de
1825 5773 2070 5828 munibus

481 5870 618 5929 dicit
637 5884 656 5924 ι
674 5866 782 5924 scit
813 5866 964 5924 enim
977 5879 1114 5937 quos
1142 5865 1206 5918 ad
1230 5865 1541 5920 societatem
1556 5864 1897 5922 beatitudinis
1916 5865 2074 5937 hujus

1456 404 1523 462 IN
1557 397 1834 461 JOANNIS
1873 397 2334 470 ΕνΑΝρωυΜ,
2374 402 2432 460 s.
2474 381 2854 464 AUGUSTINI

3639 406 3777 470 HM

2193 517 2430 588 elegerit.
2467 517 2580 573 Non
2617 530 2700 575 est
2726 537 2791 577 ex
2818 521 2898 578 eis
2931 523 3029 578 iste
3059 523 3149 593 qui
3175 535 3367 594 panem
3397 523 3634 578 illiussic
3650 526 3782 580 ede-

2193 610 2313 674 bat,
2355 619 2414 666 ut
2451 627 2614 682 super
2654 629 2774 668 eum
2802 615 3002 670 levaret
3024 616 3352 671 calcatieum.
3385 617 3464 672 Illi
3494 618 3784 674 manduca-

2194 699 2323 757 bant
2351 718 2540 773 panem
2568 705 2847 759 Dominum
2869 747 2882 771 ,
2911 706 2998 761 ille
3025 723 3213 777 panem
3239 708 3444 762 Domini
3464 717 3654 764 contra
3673 710 3782 765 Do-

2193 797 2395 851 minum
2427 815 2439 850 π
2471 799 2545 852 illi
2576 800 2735 853 vitam
2755 841 2770 866 ,
2801 800 2890 854 ille
2927 813 3162 872 pinnam.
3201 817 3221 853 α
3254 801 3350 871 Qui
3381 803 3522 856 enim
3555 803 3784 857 mandu-

2195 900 2277 945 cat
2304 891 2546 962 indigne)
2568 894 2640 946 ait
2666 895 2970 962 Apostolus,
2998 914 3014 944 ι
3035 894 3289 965 judicium
3315 895 3416 949 sibi
3456 898 3779 954 manducet.

2197 982 2238 1053 (Ι
2265 982 2382 1038 Cor.
2413 986 2618 1056 xr,29).
2649 1005 2667 1037 ι
2696 987 2922 1051 Amodo,
2962 989 3184 1058 tinquit,
3220 1006 3239 1039 ε
3263 989 3384 1042 dico
3407 989 3580 1056 vobis,
3611 990 3788 1059 ptius-

2195 1081 2353 1144 quam
2401 1077 2527 1140 tiat;
2570 1085 2632 1131 ut
2669 1093 2789 1132 cum
2841 1078 3035 1133 factum
3065 1080 3262 1145 fuerit,
3289 1079 3517 1134 credatis
3543 1082 3664 1149 quia
3689 1094 3789 1150 ego

2197 1181 2315 1219 sum
2342 1183 2355 1218 τ
2393 1185 2412 1219 ι
2437 1167 2489 1221 id
2521 1177 2602 1222 est
2623 1211 2636 1234 ,
2669 1183 2770 1239 ego
2795 1185 2914 1225 sum
2940 1170 3008 1225 de
3029 1185 3134 1241 quo
3157 1172 3240 1224 illa
3266 1171 3535 1240 Scriptura
3559 1187 3791 1241 praeces-

2198 1260 2306 1325 sit,
2357 1261 2446 1314 ubi
2496 1261 2692 1315 dictum
2743 1271 2856 1327 est,
2914 1263 3014 1331 Qui
3047 1264 3317 1318 manducet
3346 1279 3541 1319 mecum
3567 1279 3787 1334 parum,

2199 1351 2376 1405 levabit
2405 1370 2554 1423 super
2583 1371 2659 1406 me
2684 1355 2995 1409 culcaneum.

2267 1443 2321 1496 2.
2352 1443 2552 1498 Deinde
2573 1448 2830 1516 sequitur,
2870 1447 2922 1501 et
2949 1447 3075 1501 dicit
3106 1446 3296 1500 :Ameu
3317 1488 3330 1511 ,
3368 1464 3511 1501 auten
3557 1449 3670 1500 dico
3699 1463 3788 1501 uo-

2198 1534 2303 1597 bis;
2328 1537 2410 1605 qui
2437 1538 2616 1606 accipit
2647 1539 2688 1590 si
2717 1555 2862 1605 quem
2891 1539 3091 1603 misero,
3133 1555 3212 1592 me
3245 1540 3462 1609 accipit;
3484 1540 3568 1608 qui
3615 1549 3789 1592 autem

2198 1641 2278 1678 me
2304 1628 2508 1696 accipit,
2550 1629 2730 1698 accipit
2766 1645 2876 1682 eum
2916 1631 3003 1700 qui
3044 1646 3123 1682 me
3168 1631 3319 1684 misit.
3355 1630 3654 1685 Tantumne
3703 1630 3789 1684 di-

2197 1727 2341 1773 stare
2365 1720 2588 1789 intelligi
2608 1722 2776 1775 voluit
2803 1723 3068 1777 intersum
3087 1737 3246 1792 quem
3268 1723 3430 1776 mittit
3451 1724 3786 1792 etseipsum,

2199 1819 2454 1879 quantum
2486 1812 2625 1866 inter
2678 1813 2908 1881 seipsum
2958 1825 3011 1868 et
3063 1815 3274 1869 Patrem
3327 1814 3532 1869 Deum?
3590 1815 3704 1869 Hoc
3739 1813 3790 1869 si

2197 1901 2302 1954 isto
2328 1902 2486 1954 modo
2509 1903 2892 1971 acceperimus,
2913 1906 3095 1959 nescio
3119 1921 3253 1974 quos
3274 1905 3487 1974 gradus,
3522 1905 3669 1975 quod
3690 1905 3788 1959 ab-

2195 1991 2284 2053 sit,
2319 1993 2635 2046 Arianorum
2687 2010 2836 2049 more
2856 1995 3129 2052 faciemus.
3162 1995 3239 2050 Illi
3296 1996 3490 2066 quippe
3541 2012 3663 2051 cum
3682 2013 3793 2052 «au-

2200 2082 2350 2135 diunt
2392 2085 2504 2138 haec
2535 2086 2840 2154 evangeliea
2887 2087 3087 2153 verba,
3130 2103 3228 2141 seu
3273 2088 3472 2156 legunt,
3493 2088 3675 2142 statim
3723 2087 3794 2141 ad

2201 2175 2319 2229 illos
2346 2177 2543 2245 gradus
2563 2180 2643 2232 sui
2664 2179 2930 2248 dogmatis
2962 2189 3188 2233 currtmt
3205 2220 3222 2246 ,
3245 2181 3439 2249 quibus
3477 2196 3582 2238 non
3604 2195 3798 2246 ascen-

2199 2267 2332 2320 dunt
2361 2268 2428 2322 ad
2457 2269 2637 2335 vitam,
2671 2272 2761 2323 sed
2791 2272 3191 2340 prmcipitantur
3221 2272 3272 2326 in
3301 2281 3549 2326 mortem.
3602 2269 3794 2325 Conti-

2196 2373 2305 2411 nuo
2322 2361 2518 2430 quippe
2548 2362 2726 2414 dicunt
2757 2379 2770 2411 '.
2813 2365 3078 2427 Quantum
3109 2364 3383 2432 apostolus
3410 2363 3531 2417 Filii
3557 2363 3720 2418 distat
3761 2378 3795 2416 a

2197 2448 2334 2505 Filio
2358 2492 2372 2516 ,
2399 2453 2643 2522 quamvis
2669 2453 2893 2519 dixerit,
2937 2455 3043 2519 Qui
3071 2455 3255 2525 accipit
3300 2456 3344 2508 si
3382 2471 3529 2524 quam
3573 2455 3792 2521 misero,

2197 2562 2278 2598 me
2301 2547 2523 2614 accipit;
2551 2556 2751 2601 tantum
2797 2557 2850 2602 et
2885 2547 3050 2601 Filius
3075 2548 3236 2602 distat
3270 2564 3298 2600 a
3331 2547 3506 2615 Patre,
3547 2549 3798 2618 quamvis

2198 2636 2409 2703 dixerit,
2445 2637 2543 2702 Qui
2592 2649 2759 2692 autem
2787 2656 2866 2693 me
2887 2640 3090 2709 accipit,
3119 2640 3306 2711 accipit
3335 2656 3448 2694 eum
3470 2642 3556 2710 qui
3585 2658 3664 2696 me
3691 2642 3797 2695 mi-

2196 2729 2283 2783 sit.
2316 2728 2425 2783 Sed
2449 2731 2493 2782 si
2529 2729 2630 2782 hoc
2681 2729 2841 2797 dicis,
2886 2730 3084 2784 oblitus
3123 2747 3204 2798 es,
3249 2731 3505 2786 baretiee
3530 2772 3546 2798 ,
3594 2732 3798 2802 gradus

2200 2829 2338 2874 tuos.
2369 2819 2424 2874 Si
2462 2821 2605 2875 enim
2643 2829 2792 2877 tanto
2849 2821 3131 2876 intervallo
3161 2833 3380 2892 propter
3423 2823 3540 2878 haec
3579 2823 3797 2890 Domini

2197 2913 2356 2966 verba
2385 2912 2576 2967 Filium
2603 2928 2634 2966 a
2660 2914 2836 2978 Patre,
2879 2923 3137 2984 quantum
3176 2915 3476 2984 apostolum
3505 2914 3798 2983 distinguis

2195 3002 2408 3071 aFilio,
2447 3005 2537 3059 ubi
2581 3007 2848 3074 positurus
2893 3021 2955 3062 es
2999 3007 3256 3076 Spiritum
3295 3007 3580 3062 sanctum?
3633 3005 3798 3063 Emi-

2195 3093 2347 3148 ditne
2371 3094 2468 3148 tibi
2487 3136 2501 3158 ,
2533 3111 2656 3149 cum
2689 3111 2780 3150 tos
2803 3112 3005 3166 ponere
3032 3098 3211 3152 solere
3243 3107 3363 3168 post
3381 3097 3614 3154 Filium?
3672 3099 3793 3156 Erit

2195 3203 2323 3256 ergo
2345 3189 2460 3256 ipse
2483 3188 2622 3242 inter
2642 3191 2940 3258 apostolum
2961 3199 3016 3245 et
3035 3189 3226 3244 Filium
3249 3206 3264 3255 ;
3285 3202 3341 3244 et
3367 3191 3534 3245 multo
3560 3192 3798 3260 atnplius

2195 3277 2415 3332 distabit
2468 3278 2632 3333 Filius
2665 3281 2733 3333 ab
2770 3282 3015 3350 apostolo
3051 3297 3210 3350 quam
3249 3282 3408 3347 Pater
3435 3299 3465 3335 a
3505 3281 3665 3336 Filio.
3709 3281 3796 3337 Au

2195 3369 2354 3433 forte,
2381 3377 2437 3422 ut
2463 3369 2602 3424 inter
2632 3370 2822 3426 Filium
2859 3382 2914 3427 et
2951 3373 3285 3442 apostolum,
3321 3385 3481 3442 atque
3505 3373 3650 3430 inter
3685 3374 3796 3432 Pa-

2196 3469 2334 3514 trem
2365 3471 2418 3515 et
2444 3460 2633 3516 Filium
2661 3474 2875 3517 maneat
2922 3465 3139 3535 paribus
3161 3464 3453 3519 intervallis
3481 3465 3582 3520 ista
3602 3466 3797 3532 distiu-

2195 3554 2304 3607 ctio
2321 3595 2338 3619 ,
2365 3554 2584 3623 aequalis
2599 3555 2702 3608 erit
2727 3554 2956 3624 Spiritus
2977 3566 3193 3610 satietas
3219 3555 3358 3610 Filio
3378 3556 3401 3605 ?
3424 3554 3532 3611 Sed
3559 3572 3665 3612 nec
3689 3557 3797 3614 hoc

2197 3646 2377 3699 vultis.
2413 3643 2512 3699 Ubi
2547 3660 2674 3713 ergo
2695 3663 2816 3700 eum
2861 3648 3082 3716 posituri
3109 3647 3258 3710 estis,
3298 3647 3343 3699 si
3377 3657 3571 3714 quanta
3595 3647 3794 3704 Filium

2197 3737 2361 3805 Patri,
2393 3749 2539 3792 tanta
2577 3740 2878 3808 apostolum
2924 3738 3059 3794 Filio
3095 3739 3795 3807 discretione-sappinum?

2194 3830 2454 3886 Cohibete
2479 3833 2662 3902 itaque
2685 3841 2875 3886 vestra:
2915 3831 3349 3902 praesumptionis
3370 3831 3683 3896 audaciam;
3737 3841 3796 3888 et

2197 3923 2250 3976 in
2276 3923 2356 3976 bis
2388 3924 2563 3977 verbis
2611 3923 2775 3978 nolite
2814 3939 3056 3992 qumrere
3100 3933 3352 3993 quantum
3383 3922 3501 3978 Filii
3547 3932 3601 3978 et
3627 3939 3795 3992 opos-

2196 4019 2287 4070 toli
2309 4058 2323 4084 ,
2345 4027 2546 4071 mutam
2577 4018 2748 4071 Patris
2777 4017 3002 4086 Filiique
3030 4017 3362 4072 distantiam.
3397 4017 3573 4086 Ipsum
3591 4017 3794 4074 Filium

2194 4111 2371 4164 audite
2407 4112 2579 4180 potius
2630 4109 2895 4163 dicentem
2925 4151 2938 4172 ,
2973 4109 3087 4178 Ego
3127 4121 3173 4162 at
3208 4109 3360 4164 Pater
3395 4126 3556 4165 um:
3611 4127 3795 4168 suum

2195 4201 2395 4272 (Joan.
2421 4218 2454 4254 ι
2472 4243 2486 4266 ,
2515 4201 2582 4256 50
2601 4200 2639 4270 ).
2677 4200 2774 4255 Ubi
2814 4201 3007 4254 vetitas
3029 4201 3180 4254 vobis
3207 4203 3345 4255 inter
3369 4200 3682 4256 Genitorem
3739 4212 3797 4258 et

2194 4294 2530 4364 Unigenitum
2571 4294 2769 4349 nullam
2821 4293 3084 4347 distantias
3123 4294 3483 4362 suspicionem
3533 4294 3793 4364 reliquit,

2193 4387 2282 4443 ubi
2311 4389 2508 4458 gradus
2533 4397 2742 4442 vestros
2765 4386 3011 4441 Christus
3041 4388 3202 4452 elisit,
3252 4388 3342 4442 ubi
3373 4390 3544 4444 scalas
3571 4400 3793 4444 vestras

2193 4490 2342 4549 petra
2370 4481 2646 4548 confregit.

2265 4573 2319 4624 5.
2360 4573 2462 4626 Sed
2509 4571 2878 4626 lia-reticentia
2931 4572 3196 4626 calumnia
3240 4574 3502 4639 refutatu,
3550 4593 3792 4644 quonam

2192 4664 2354 4718 modo
2402 4679 2502 4718 nos
2561 4663 2827 4735 accepturi
2871 4679 3054 4718 sumus
3105 4665 3220 4720 haec
3265 4665 3532 4720 dominica
3579 4672 3748 4722 verba
3776 4712 3792 4735 ,

2195 4755 2300 4822 Qui
2319 4756 2494 4825 accipit
2540 4756 2583 4808 si
2615 4773 2761 4825 quem
2786 4757 2989 4822 misero,
3031 4773 3114 4810 me
3145 4757 3367 4827 accipit;
3405 4759 3496 4831 qui
3513 4771 3687 4813 autem
3715 4780 3797 4816 me

2189 4850 2394 4918 accipit,
2419 4849 2599 4918 accipit
2619 4865 2733 4902 cum
2757 4851 2848 4918 qui
2865 4866 2944 4902 me
2973 4850 3150 4904 misit?
3175 4849 3234 4904 Si
3264 4851 3408 4904 enim
3454 4853 3796 4908 voluerimus

2190 4942 2488 5011 intelligere
2525 4941 2649 4996 ideo
2675 4942 2874 4996 dictum
2901 4984 2916 5009 ,
2945 4941 3154 5008 Quinte
3193 4944 3396 5014 accipit,
3439 4946 3621 5014 accipit
3673 4964 3795 5000 eum

2186 5039 2272 5107 qui
2297 5055 2374 5090 me
2402 5039 2567 5104 misit,
2611 5039 2750 5108 quod
2775 5039 2931 5092 unius
2953 5048 3154 5093 naturae
3183 5040 3292 5092 sint
3323 5039 3481 5092 Pater
3503 5051 3560 5094 et
3579 5041 3793 5107 Filius;

2188 5145 2522 5201 consequens
2543 5131 2812 5186 videbitur
2835 5146 2902 5186 ex
2935 5132 3246 5186 earumdem
3269 5131 3553 5190 verborum
3575 5136 3792 5203 regula,

2185 5238 2288 5292 qua
2309 5222 2507 5276 dictum
2533 5230 2636 5289 est,
2667 5223 2771 5288 Qui
2796 5223 2979 5293 accipit
3004 5224 3211 5294 siquem
3235 5223 3435 5288 στήσει-ο,
3457 5239 3535 5276 me
3557 5228 3754 5296 accipit
3775 5269 3793 5295 ,

2187 5325 2246 5368 ut
2277 5313 2436 5369 unius
2487 5323 2689 5369 natura:
2713 5316 2784 5369 sit
2811 5315 2977 5369 Filius
2999 5324 3061 5370 et
3095 5318 3390 5384 apostolus.
3423 5318 3613 5372 “isset
3657 5320 3795 5388 qui-

2185 5407 2306 5462 dem
2335 5421 2447 5460 nen
2502 5407 2935 5462 inconvenienter
2981 5417 3037 5464 et
3091 5408 3194 5462 hoc
3225 5408 3473 5478 intelligi,
3521 5412 3792 5478 quoniam

2171 5501 2411 5570 «geminae
2437 5509 2520 5556 est
2573 5500 2660 5557 ille
2707 5503 2856 5572 gigas
2877 5502 3212 5567 substantia,
3240 5502 3331 5571 qui
3383 5491 3673 5557 exsultavit
3714 5505 3792 5559 od

2183 5594 2502 5649 currendum
2521 5593 2662 5648 viam
2715 5593 2888 5667 (Paul.
2913 5611 3045 5652 xvtu
3062 5635 3093 5663 ,.
3120 5595 3210 5667 *6):
3235 5595 3465 5650 lVerbum
3488 5599 3796 5658 animum

2183 5686 2380 5741 factum
2406 5697 2488 5743 est
2526 5686 2707 5762 (Joan.
2737 5690 2762 5743 1
2791 5731 2804 5753 ,
2835 5689 2950 5760 tt),
2981 5689 3082 5744 hoc
3105 5699 3205 5752 est,
3239 5691 3377 5745 Deus
3395 5690 3559 5744 homo
3603 5691 3791 5749 Paetus

2179 5788 2284 5836 est.
2319 5779 2549 5836 Proinde
2576 5783 2647 5837 ita
2693 5781 2892 5838 dixisse
2939 5795 3119 5852 posset
3152 5783 3335 5849 videri,
3367 5784 3478 5852 Qui
3521 5789 3716 5850 arripit
3748 5789 3795 5841 εἰ

2175 5885 2331 5941 quem
2355 5874 2558 5943 etiam,
2582 5889 2665 5934 me
2692 5875 2874 5945 accipit
2894 5877 3189 5932 secundum
3214 5876 3519 5933 hominem:
3551 5879 3655 5946 Qui
3691 5887 3798 5934 ttu-
