4102 6466
292 379 433 449 WB?

297 506 398 560 tuo
422 509 501 547 me
527 489 823 559 secundm
877 490 1047 557 neum
1096 489 1300 565 accipit.
1326 487 1511 560 accipit
1537 503 1649 553 eum
1666 486 1753 558 qui
1805 501 1886 551 me

295 587 447 647 εὐεξίη
473 584 582 651 Sed
609 600 729 647 (mm
773 585 874 651 ista
897 584 1130 651 dicebat.
1155 599 1259 643 non
1291 583 1360 643 ab
1381 582 1471 641 illo
1513 590 1716 643 natura:
1766 580 1885 645 Iuti-

293 688 405 751 tas;
431 676 531 733 sed
558 676 612 739 in
639 691 709 733 eo
741 676 825 749 qui
856 676 1099 745 mittitur.
1128 674 1386 739 mittentis
1410 672 1885 739 commendabatur

295 771 606 837 auctoritas.
638 768 731 827 Sic
760 769 938 845 itaque
965 784 1085 831 eum
1114 768 1204 839 qui
1230 766 1426 831 missus
1467 774 1551 835 est
1596 765 1882 839 unusquis-

295 877 400 937 que
434 862 685 935 accipiat,
729 867 785 925 ut
836 860 889 925 in
928 860 1019 915 illo
1040 874 1168 923 euut
1207 859 1295 931 qui
1332 858 1471 919 misit
1518 856 1778 919 attendat.
1826 855 1885 917 Si

301 969 431 1025 ergo
452 953 702 1021 attendas
728 951 998 1019 Christum
1039 952 1095 1011 in
1123 951 1281 1015 Petro
1301 993 1317 1018 ,
1372 950 1610 1017 invenies
1641 948 1882 1023 discipuli

289 1055 706 1129 prmtttowm;
760 1044 807 1102 si
856 1053 1033 1111 autem
1070 1038 1316 1115 attendas
1368 1042 1576 1109 Patrem
1612 1042 1663 1107 in
1710 1040 1881 1107 Filio,

289 1138 535 1203 invenies
558 1136 824 1209 Uniseniti
848 1135 1158 1201 Genitorem
1179 1151 1192 1199 ς
1223 1149 1286 1189 ac
1308 1134 1456 1199 sicin
1474 1149 1542 1199 eo
1565 1150 1655 1211 qui
1686 1133 1885 1195 missus

288 1237 391 1301 est,
420 1230 539 1297 sine
564 1230 670 1303 ullo
710 1228 914 1301 accipis
952 1241 1137 1287 errore
1166 1228 1487 1293 mittentem,
1520 1226 1593 1285 Ea
1624 1242 1742 1301 tuta:
1788 1241 1878 1289 se-

282 1332 527 1395 quuntur
554 1320 611 1393 in
648 1320 941 1397 Evangelia
966 1361 983 1393 ,
1024 1333 1130 1383 non
1160 1328 1283 1387 sunt
1312 1319 1572 1395 temporis
1624 1318 1884 1387 brevitate

286 1412 632 1479 αοειΐοιόηίιόο
682 1412 755 1475 Et
801 1411 919 1483 ideo
968 1425 1147 1479 sermo
1185 1411 1306 1478 iste.
1360 1410 1690 1477 citarissitni.
1739 1409 1887 1479 velut

286 1505 470 1571 ovium
500 1516 806 1579 sanctarum
842 1504 1015 1571 cibus.
1057 1503 1102 1563 si
1132 1503 1347 1579 sufﬁcit,
1394 1503 1681 1569 salubriter
1710 1504 1884 1580 capia-

287 1602 371 1649 tur
394 1612 413 1662 ;
455 1596 504 1651 si
532 1597 752 1671 exiguus
770 1604 873 1673 est,
901 1594 1327 1663 desiderabiliter
1351 1596 1668 1663 τυωὶηβιω,

800 1725 1217 1783 “MCTATUS
1250 1726 1365 1782 LX.

287 1837 353 1894 In
379 1836 520 1896 illud
542 1884 556 1908 ,
584 1836 719 1895 Cum
759 1838 871 1893 hzec
899 1836 1119 1893 dixisset
1140 1837 1294 1892 Jesus
1312 1834 1551 1893 turbatus
1576 1843 1657 1893 est
1672 1835 1881 1908 spiritu.

817 1929 944 2015 Cap.
976 1934 1103 1995 itm,
1143 1929 1180 2000 7
1205 1968 1218 1981 .
1243 1929 1335 1986 21.

359 2043 413 2098 ι.
454 2040 571 2109 Non
591 2048 790 2121 parva,
825 2038 1040 2110 fratres,
1074 2056 1139 2095 ex
1170 2037 1455 2115 Evangelio
1492 2037 1632 2093 beati
1662 2037 1885 2095 Joannis

283 2134 446 2192 nobis
473 2136 786 2206 proponitur
826 2136 1050 2206 quaestio
1072 2177 1087 2205 ,
1116 2134 1203 2188 ubi
1228 2134 1302 2187 ait
1334 2152 1345 2186 :
1374 2132 1499 2187 Cum
1528 2133 1634 2188 htec
1677 2133 1885 2188 dixisset

282 2227 463 2301 Iesus,
504 2228 729 2293 turbatus
774 2238 843 2282 est
876 2228 1077 2303 spiritu,
1106 2237 1150 2281 et
1180 2237 1480 2296 protestatus
1516 2237 1608 2292 est,
1640 2235 1684 2279 et
1723 2225 1847 2279 dixit
1869 2243 1887 2280 :

285 2321 472 2387 Amen,
506 2337 652 2385 atnen
684 2319 795 2375 dico
817 2319 974 2395 uobis,
999 2320 1114 2391 quia
1151 2336 1279 2373 unus
1323 2335 1383 2371 ex
1423 2317 1556 2371 vobis
1596 2319 1756 2372 tradet
1788 2335 1884 2372 me.

283 2410 499 2468 Biucne
550 2396 789 2479 turbatus
834 2423 913 2477 est
942 2413 1119 2479 Jesus,
1171 2429 1273 2478 non
1320 2427 1501 2481 carne,
1532 2411 1623 2466 sed
1662 2412 1884 2485 spiritu,

286 2505 410 2577 quia
441 2505 680 2569 dicturus
714 2505 917 2573 fuerat,
950 2504 1097 2560 Unus
1128 2523 1188 2560 ea:
1217 2505 1349 2561 vobis
1384 2505 1545 2558 tradet
1570 2507 1692 2559 me?
1722 2503 1887 2558 Num-

285 2599 541 2675 quidnam
571 2600 647 2657 illi
677 2599 781 2654 hoc
828 2608 952 2653 ιιυιο
981 2600 1205 2674 primum
1229 2599 1370 2655 venit
1402 2594 1462 2652 in
1503 2605 1734 2665 tuentem
1754 2639 1769 2663 ,
1802 2611 1889 2667 vel

291 2698 419 2745 tunc
461 2690 694 2760 primum
723 2692 772 2746 ei
799 2678 987 2747 subito
1006 2692 1296 2749 revelatum
1327 2702 1429 2757 est,
1458 2705 1684 2761 eumque
1699 2705 1890 2758 repen-

288 2780 398 2836 tina
431 2781 560 2849 tanti
593 2781 716 2837 mali
748 2785 954 2845 novitas
1000 2781 1278 2841 turbavit?
1332 2781 1519 2837 Nonne
1570 2781 1695 2839 hinc
1724 2781 1887 2852 paulo

289 2885 413 2929 ante
440 2874 758 2951 loquebatur
790 2874 994 2943 dicens,
1030 2874 1129 2951 Qui
1148 2874 1421 2927 manducat
1445 2890 1637 2927 mecum
1681 2888 1885 2944 panem,

291 2966 468 3025 levabit
510 2948 667 3047 super
708 2984 787 3025 me
817 2948 1156 3033 caleaneum?
1196 2965 1381 3019 Nonne
1407 2965 1563 3031 etiam
1593 2964 1700 3034 jam
1729 2979 1889 3045 supe-

290 3060 402 3117 rius
430 3059 677 3139 dixerat,
708 3058 777 3113 Et
805 3076 889 3127 vos
919 3057 1094 3117 mundi
1120 3058 1260 3125 estis,
1294 3056 1381 3111 sed
1416 3073 1515 3110 non
1541 3055 1758 3110 omnes?
1788 3054 1890 3111 Ubi

301 3154 648 3226 Evangelista
665 3154 954 3237 subiunxit,
981 3152 1182 3208 Sciebat
1212 3153 1341 3217 enim
1367 3152 1598 3223 quisnam
1626 3158 1750 3204 esset
1797 3150 1886 3218 qui

294 3247 650 3307 tradereteum
702 3245 893 3317 (Joan.
931 3261 1060 3309 xm,
1117 3242 1511 3319 18,10,11):
1564 3257 1721 3323 quem
1770 3239 1880 3313 jam

296 3349 351 3405 et
376 3353 527 3421 ante.
556 3342 943 3419 signiﬁcaverat
970 3340 1151 3394 dicens
1175 3381 1187 3404 ,
1229 3336 1414 3405 Nonne
1438 3354 1527 3408 ego
1582 3353 1666 3390 vos
1697 3333 1888 3388 duode-

294 3436 390 3501 pim
416 3434 564 3506 elegi,
593 3444 635 3499 et
662 3450 793 3495 unus
817 3450 878 3487 ex
893 3431 1029 3486 vobis
1082 3429 1311 3484 diabolus
1337 3439 1408 3484 est
1483 3424 1588 3502 (Id.
1616 3444 1672 3482 vr
1693 3470 1707 3495 ,
1742 3424 1831 3495 7i)
1868 3425 1894 3479 .9

298 3506 529 3602 Quidest
544 3540 675 3595 ergo
697 3506 836 3611 quod
864 3539 1008 3593 nunc
1041 3524 1274 3583 turbatus
1300 3531 1370 3576 cst
1392 3519 1597 3603 spiritu,
1626 3534 1746 3573 cum
1774 3534 1893 3590 pro-

306 3626 518 3681 testatus
557 3626 650 3683 est,
680 3628 727 3683 et
782 3616 955 3681 dixit:
998 3613 1187 3681 Amen,
1232 3631 1378 3667 amen
1425 3613 1536 3679 dico
1566 3610 1731 3678 vobis,
1773 3610 1894 3681 quia

299 3726 427 3775 unus
446 3726 513 3773 ex
534 3709 667 3775 vobis
697 3698 856 3775 unde;
884 3725 960 3767 me
985 3709 1008 3761 ?
1032 3710 1114 3773 An
1141 3705 1264 3777 quia
1294 3722 1416 3771 eum
1437 3702 1547 3785 jam
1596 3700 1765 3761 fuerat
1802 3718 1895 3767 cs-

300 3817 586 3879 pressurus
606 3843 620 3867 ,
654 3812 712 3865 ut
741 3818 844 3868 non
870 3800 1065 3867 lateret
1088 3801 1137 3853 in
1168 3800 1398 3863 caeteris.
1432 3796 1525 3851 sed
1549 3794 1891 3850 discernere-

274 3892 385 3953 ἰω
419 3910 451 3953 a
489 3895 721 3962 caeteris,
753 3894 871 3959 ideo
901 3893 1126 3951 turbatus
1154 3902 1226 3953 est
1252 3891 1474 3967 spiritu?
1500 3891 1585 3951 An
1629 3887 1751 3958 quia
1778 3886 1893 3957 ipse

307 3989 537 4067 traditur
556 3990 665 4071 iam
697 3990 869 4057 iuerat
896 3988 1162 4057 exiturus,
1187 3995 1242 4051 ut
1282 3983 1512 4055 iudicas,
1542 3982 1733 4061 quibus
1782 3979 1890 4034 Do-

300 4084 477 4147 minus
508 4080 578 4147 ab
599 4097 664 4147 eo
690 4080 1014 4155 traderetur.
1044 4078 1355 4141 adduceret,
1385 4075 1615 4145 turbavit
1654 4089 1775 4139 eum
1804 4072 1898 4127 im-

302 4173 513 4239 minens
532 4174 746 4255 passio,
778 4183 832 4239 et
852 4171 1145 4257 periculurn
1177 4169 1476 4251 proximum
1499 4209 1513 4234 ,
1543 4175 1596 4223 et
1624 4166 1895 4221 traditoris

303 4265 620 4338 impendens
636 4281 847 4333 manus,
877 4263 1029 4345 cujus
1058 4262 1230 4318 fuerat
1254 4261 1610 4335 pra-cognitus
1640 4259 1892 4319 animus?

302 4355 428 4414 Tale
453 4357 653 4435 quippe
698 4357 799 4423 hoc
819 4350 901 4411 est
927 4355 1068 4429 quod
1113 4353 1270 4411 Jesus
1310 4352 1537 4407 turbatus
1579 4363 1649 4407 est
1677 4352 1892 4422 spiritu,

303 4450 455 4521 quale
486 4450 647 4509 etiam
680 4448 808 4503 illud
837 4448 980 4520 quod
1002 4448 1075 4501 ait
1100 4488 1113 4521 ,
1144 4445 1297 4500 Nunc
1317 4446 1487 4503 anima
1537 4461 1648 4511 mea
1698 4444 1897 4511 turbata

306 4553 409 4607 est;
435 4550 483 4597 et
507 4542 632 4613 quid
657 4541 861 4617 dicam?
895 4540 1070 4608 Pater,
1104 4538 1241 4592 salva
1269 4554 1347 4593 me
1372 4554 1434 4591 ex
1464 4536 1589 4590 liora
1632 4535 1763 4602 hac;
1810 4535 1897 4588 sed

308 4644 572 4707 propterea
614 4634 724 4689 veni
753 4635 804 4699 in
846 4634 1021 4691 horam
1068 4631 1197 4685 hanc
1243 4628 1367 4702 (Id.
1414 4646 1525 4697 xu,
1566 4628 1683 4701 27).
1749 4628 1897 4683 Sicut

313 4740 437 4796 ergo
478 4734 607 4781 tunc
651 4725 765 4793 ejus
792 4724 968 4787 anima
1001 4723 1207 4777 turbata
1244 4730 1327 4779 est
1358 4721 1485 4774 hora
1511 4720 1896 4793 prepinquante

312 4818 610 4897 passionis;
641 4816 713 4879 ita
737 4818 895 4873 etiam
913 4831 1056 4883 nunc
1084 4814 1291 4882 exituro
1314 4810 1447 4868 Juda
1469 4820 1628 4885 atque
1650 4820 1893 4877 venturo,

309 4919 359 4963 et
378 4909 773 4993 propinquante
797 4916 942 4973 tanto
965 4908 1173 4963 scelere
1204 4903 1476 4961 traditoris
1495 4945 1510 4969 ,
1555 4902 1781 4959 turbatus
1819 4912 1891 4957 est

309 5002 511 5069 spiritu.

375 5093 430 5145 2.
462 5090 732 5147 Turbatus
783 5099 866 5146 est
912 5106 1037 5160 ergo
1079 5084 1394 5160 poteStatem
1430 5085 1631 5142 habens
1667 5085 1899 5157 ponendi

310 5184 540 5251 ultimam
566 5198 718 5249 suam
740 5223 759 5253 ,
787 5192 839 5251 et
864 5189 1181 5269 potestatein
1206 5178 1410 5248 habens
1429 5178 1620 5235 iterum
1648 5176 1895 5234 sumendi

311 5290 425 5332 eam
512 5272 636 5348 (Id.
688 5292 746 5344 ξ,
778 5275 844 5343 18
873 5280 915 5348 ).
965 5274 1229 5341 Turbatur
1270 5280 1379 5328 tam
1410 5273 1597 5342 ingens
1630 5280 1896 5345 potestas,

310 5367 554 5435 turbatur
570 5377 738 5455 pctrze
766 5367 992 5435 ﬁrmitas
1021 5384 1033 5420 :
1067 5382 1133 5425 an
1178 5366 1353 5438 potius
1394 5382 1448 5431 in
1473 5380 1539 5421 eo
1568 5375 1745 5418 nostra
1788 5373 1901 5421 tur-

311 5457 467 5516 batur
516 5456 851 5525 inﬁrmitas?
901 5458 973 5515 Ita
1002 5476 1167 5515 vero:
1226 5457 1649 5529 nihilindignum
1677 5456 1900 5521 credant

310 5554 452 5608 servi
483 5552 552 5608 de
584 5552 811 5617 Domino
835 5568 967 5623 suo,
1011 5551 1109 5608 sed
1153 5560 1443 5623 agnoscant
1473 5568 1530 5607 se
1579 5552 1813 5605 membra
1849 5550 1903 5606 in

311 5645 487 5716 capite
514 5660 631 5701 suo.
660 5640 760 5713 Qui
796 5654 1037 5723 mortuus
1066 5653 1149 5700 cst
1184 5660 1281 5723 pro
1317 5645 1470 5699 nobis
1490 5686 1505 5713 ,
1537 5642 1778 5699 turbatus
1820 5656 1903 5700 est

312 5734 455 5793 idem
484 5737 602 5819 ipse
629 5752 727 5809 pro
755 5737 929 5794 nobis.
952 5738 1053 5806 Qui
1083 5752 1213 5808 ergo
1242 5744 1504 5821 potestate
1529 5746 1771 5792 mortuus
1796 5747 1897 5802 est,

312 5840 580 5919 potestate
607 5830 849 5890 turbatus
870 5840 958 5907 est
990 5830 1119 5917 :qui
1140 5828 1535 5917 transﬁguravit
1566 5847 1761 5904 corpus
1802 5830 1903 5888 hu-

1394 367 1804 441 TBACTATUS
1840 366 1953 441 LX.
1988 363 2218 434 CAPUT
2256 359 2394 433 XIII.

3432 368 3574 441 1⁸138

1992 481 2229 549 utilitatis
2252 490 2449 549 nostrae
2476 479 2751 549 contortae.
2777 481 2987 563 corpori
3012 482 3195 553 gloriae
3244 497 3354 540 suae
3395 483 3562 569 (Phi-

1992 573 2121 646 lipp,
2176 590 2265 653 tu,
2310 574 2431 655 21),
2478 573 2869 657 transﬁguravit
2920 575 3079 645 etiam
3126 577 3178 646 in
3218 592 3278 633 se
3326 576 3570 637 aﬂeetum

1994 669 2312 751 inﬁrmitatis
2341 678 2561 739 nostra},
2591 670 2922 740 cotnpaticns
2963 670 3115 740 nobis
3153 671 3342 741 adectu
3380 674 3574 730 animas

1992 777 2123 827 sure,
2144 759 2372 827 Proinde
2396 761 2611 835 quando
2638 763 2877 827 turbatur
2900 778 3144 843 magnus,
3172 762 3344 831 fortis,
3372 775 3570 834 certus,

1992 854 2240 925 invictus,
2284 868 2387 919 non
2409 854 2459 913 ei
2492 854 2777 915 timeamus
2806 857 2960 929 quasi
2994 856 3239 925 deliciat;
3263 872 3370 913 non
3398 859 3567 937 perit,

1991 947 2084 1015 sed
2108 962 2208 1017 nos
2245 948 2459 1029 quaerit.
2489 949 2633 1021 Nos,
2672 950 2917 1033 inquam,
2948 967 3044 1011 nos
3068 952 3287 1017 omnino
3316 953 3394 1017 sic
3417 968 3571 1029 qua:-

1991 1042 2062 1107 ιιι
2132 1057 2231 1099 nos
2258 1040 2400 1115 ipsos
2445 1039 2497 1109 in
2546 1040 2687 1105 illius
2718 1041 3113 1117 perturbatione
3162 1043 3456 1113 rideamus,
3509 1053 3566 1100 ut

1990 1143 2203 1213 quando
2229 1132 2525 1209 turbamur,
2558 1147 2661 1195 non
2683 1132 3056 1215 desperatione
3077 1150 3376 1216 pereamus,
3404 1122 3578 1215 Quan-

1990 1221 2060 1289 do
2082 1223 2328 1291 turbatur
2352 1223 2444 1297 qui
2473 1240 2577 1285 non
2602 1223 2905 1291 turbaretur
2926 1224 3025 1281 nisi
3065 1226 3271 1297 volens,
3296 1244 3418 1295 eum
3445 1244 3575 1284 con-

1991 1314 2192 1375 solatur
2221 1314 2312 1385 qui
2334 1313 2577 1379 turbatur
2606 1322 2659 1367 ct
2682 1313 2887 1371 uolens.

2063 1406 2116 1473 3,
2147 1406 2375 1471 Peream
2411 1416 2723 1479 argumenta
2752 1405 3219 1483 pliilOSOphorum,
3260 1409 3345 1489 qui
3381 1420 3577 1485 negant

1991 1496 2043 1551 in
2065 1497 2358 1575 sapientem
2392 1496 2586 1559 cadere
2616 1496 3041 1571 perturbationes
3068 1499 3387 1561 animorum.
3427 1502 3573 1557 Stul-

1992 1597 2097 1657 tatn
2127 1589 2248 1643 fecit
2282 1590 2419 1647 Deus
2482 1589 2794 1663 sapientiam
2838 1589 2997 1659 hujus
3023 1591 3206 1644 tuundi
3253 1590 3312 1657 (Ι
3352 1591 3469 1647 Cor.
3523 1609 3576 1660 t,

1989 1682 2080 1741 20.
2107 1683 2125 1752 )
2151 1698 2167 1747 ;
2192 1692 2244 1737 et
2274 1684 2531 1738 Dominus
2558 1683 2702 1743 novit
2721 1683 3067 1757 cogitationes
3112 1682 3416 1754 hominum,
3447 1703 3580 1763 quo-

1992 1774 2132 1831 niam
2154 1790 2303 1831 vanaa
2328 1783 2453 1839 sunt
2532 1772 2716 1847 (Psal.
2750 1792 2881 1831 xcnt
2903 1819 2917 1843 ,
2944 1776 3004 1831 Η
3038 1776 3079 1848 ).
3110 1774 3377 1831 Turbetur
3428 1778 3582 1849 plane

1991 1866 2201 1929 animus
2228 1850 2580 1934 christianus,
2607 1882 2710 1923 non
2762 1868 2997 1935 miseria,
3031 1866 3123 1931 sed
3173 1867 3533 1923 misericordia
3568 1894 3574 1923 λ

1992 1959 2171 2021 timeat
2204 1973 2271 2013 ne
2297 1969 2515 2035 pereant
2539 1958 2780 2014 homines
2804 1959 3044 2026 Christo,
3088 1962 3435 2023 contristetur
3455 1976 3578 2015 cum

1993 2052 2131 2121 perit
2180 2052 2370 2122 aliquis
2405 2050 2655 2119 Christo;
2710 2053 3049 2122 concupiscat
3093 2054 3294 2127 acquiri
3335 2051 3579 2107 homines

1990 2141 2208 2205 Christo
2230 2183 2245 2209 ,
2280 2142 2484 2196 laetetur
2514 2158 2633 2209 cum
2666 2144 3012 2214 acquiruntur
3041 2142 3289 2200 homines
3331 2143 3579 2207 Christo:

2004 2236 2189 2291 timeat
2235 2243 2289 2290 et
2346 2234 2446 2289 sibi
2493 2251 2560 2288 ne
2589 2243 2771 2309 pereat
2797 2234 3032 2305 Christo,
3088 2238 3433 2291 contristetur
3461 2252 3582 2319 pcr-

1994 2327 2224 2397 egriuari
2251 2342 2308 2381 se
2329 2342 2361 2381 a
2387 2320 2627 2395 Christo;
2660 2327 3001 2398 concupiscat
3032 2344 3258 2399 regnare
3282 2346 3402 2384 cum
3425 2328 3581 2383 Chri-

1992 2431 2107 2487 sto,
2175 2420 2390 2487 lauetur
2438 2420 2562 2475 dum
2622 2428 2800 2491 sperat
2827 2434 2883 2474 se
2909 2430 3248 2490 regnaturum
3296 2425 3431 2477 esse'
3465 2436 3588 2477 cum

1994 2513 2226 2567 Christo.
2262 2501 2387 2566 Iste
2406 2522 2531 2566 sunt
2556 2522 2700 2577 certe
2726 2522 2953 2582 quatuor
2972 2526 3105 2584 quas
3155 2513 3585 2589 perturbationes

1995 2613 2205 2667 vocant,
2243 2604 2401 2657 timor
2442 2613 2493 2658 et
2522 2603 2755 2671 tristitia,
2803 2618 2954 2657 amor
2991 2610 3046 2657 et
3088 2602 3289 2656 laetitia.
3347 2602 3589 2657 Habeant

1995 2712 2089 2752 eas
2119 2697 2279 2764 justis
2305 2696 2371 2750 de
2388 2696 2563 2751 causis
2591 2695 2752 2749 animi
2786 2694 3092 2760 christiani,
3119 2709 3216 2749 nec
3243 2693 3588 2763 philosopho-

1992 2804 2112 2846 rum
2154 2787 2457 2842 Stoicorum
2481 2829 2495 2853 ,
2528 2786 2612 2841 vel
2654 2798 3113 2856 quorumcumque
3141 2785 3394 2843 similium
3447 2798 3581 2843 coa-

1994 2882 2256 2937 se'ntiatur
2276 2880 2446 2936 errori
2483 2879 2614 2950 :qui
2652 2877 2891 2949 profecto
2942 2862 3390 2948 quemadmodum
3434 2876 3586 2933 vani-

1998 2983 2161 3030 tatem
2195 2974 2502 3033 esistimant
2542 2972 2843 3037 veritatem,
2883 2972 2963 3026 sic
3007 2981 3282 3041 stuporem
3324 2971 3591 3039 demutant

1996 3068 2277 3131 sanitatem
2300 3081 2316 3132 ;
2342 3066 2648 3136 ignorantes
2669 3064 2747 3119 sic
2770 3063 3001 3129 hominis
3019 3064 3289 3127 animum,
3330 3061 3588 3133 quemad-

1996 3159 2215 3225 modum
2264 3157 2507 3227 corporis
2552 3155 2884 3221 membrum,
2940 3154 3273 3231 desperatius
3296 3161 3586 3225 aegrotare,

1998 3250 2213 3333 quando
2237 3257 2290 3304 et
2314 3249 2516 3307 doloris
2535 3247 2774 3305 amiserit
2803 3261 3042 3302 sensum.

2068 3346 2121 3403 4.
2154 3344 2258 3411 Sed
2305 3343 2436 3409 dicit
2484 3342 2722 3417 aliquis;
2768 3339 3031 3413 Numquid
3058 3338 3265 3393 animus
3314 3335 3591 3393 christiani

1998 3439 2157 3505 debet
2176 3438 2335 3497 etiam
2354 3443 2529 3501 morte
2557 3434 2899 3509 impendente
2925 3432 3127 3487 turbari
3152 3432 3175 3493 ?
3221 3426 3321 3501 Ubi
3343 3437 3425 3489 est
3449 3431 3591 3486 enim

1997 3532 2139 3603 quod
2165 3532 2237 3586 ait
2259 3531 2567 3603 Apostolus,
2604 3527 3088 3598 concupiscentiam
3132 3541 3190 3581 se
3226 3525 3427 3591 habere
3478 3524 3591 3579 dis-

1998 3623 2134 3689 solvi
2187 3630 2242 3677 et
2291 3636 2411 3681 esse
2456 3636 2578 3676 cum
2620 3617 2837 3677 Christo
2906 3615 3191 3695 (Philipp.
3241 3632 3279 3681 ι,
3333 3614 3492 3697 25);
3544 3613 3591 3670 si

2000 3714 2127 3780 illud
2155 3712 2295 3782 quod
2320 3711 2670 3787 concupiscit,
2691 3718 2863 3779 potest
2893 3723 3017 3763 eum
3050 3706 3264 3761 turbare
3291 3721 3411 3760 cum
3434 3721 3596 3760 reue-

2000 3804 2111 3867 rit?
2141 3803 2315 3857 Facile
2341 3810 2426 3856 est
2446 3799 2658 3870 quidem
2684 3800 2797 3863 istis
2819 3798 2883 3853 ad
2908 3798 3021 3855 lucc
3050 3795 3395 3866 reSpondere,
3426 3795 3516 3866 qui
3540 3803 3596 3852 et

2000 3896 2168 3973 ipsam
2196 3894 2431 3961 Iatitiam
2472 3892 2922 3963 perturbationem
2953 3898 3159 3955 vocant.
3188 3887 3324 3955 Quid
3368 3887 3412 3942 si
3452 3887 3595 3943 enim

2002 3998 2280 4063 propterea
2310 3995 2485 4057 marte
2522 3987 2833 4051 imminente
2860 3983 3120 4051 turbatur,
3148 3982 3268 4052 quia
3302 3990 3473 4036 morte
3498 3980 3598 4034 im-

2004 4084 2241 4153 minente
2268 4080 2513 4137 laetatur?
2543 4078 2645 4145 Sed
2677 4078 2800 4145 hoc.
2824 4077 3100 4147 inquiunt,
3151 4075 3399 4160 gaudium
3422 4117 3437 4144 ,
3485 4088 3593 4130 non

2002 4176 2184 4245 laetitia
2216 4171 2536 4241 nominanda
2566 4178 2667 4235 est.
2698 4169 2833 4246 Quid
2868 4177 2950 4224 est
2976 4168 3078 4227 hoc
3102 4209 3117 4235 ,
3147 4168 3246 4227 nisi
3276 4165 3490 4231 easdem
3509 4180 3596 4222 res

2005 4266 2227 4333 sentire,
2256 4275 2309 4331 et
2339 4278 2517 4329 rerum
2544 4260 2755 4327 nomina
2789 4258 2926 4314 velle
2966 4257 3207 4322 mutare?
3254 4255 3448 4319 Verum
3498 4268 3596 4310 nos

2005 4357 2172 4415 sacris
2187 4355 2403 4419 Litteris
2423 4351 2890 4419 accommodemus
2919 4349 3153 4417 auditum
3174 4391 3189 4415 ,
3231 4356 3286 4403 et
3305 4347 3597 4404 secundum

2006 4448 2152 4519 ipsas
2209 4447 2385 4518 potius
2426 4445 2581 4511 istam
2635 4442 2985 4516 quaestionem
3031 4441 3257 4496 Domino
3312 4439 3596 4512 adjuvante

2004 4541 2309 4607 solvamus:
2341 4553 2443 4594 nec
2463 4538 2711 4608 quoniam
2733 4536 2988 4606 scriptum
3020 4543 3118 4601 cst,
3154 4534 3278 4589 Cum
3307 4534 3413 4589 haec
3437 4534 3597 4588 dixis-

2007 4641 2079 4709 set
2112 4631 2284 4696 Iesus,
2337 4630 2564 4696 turbatus
2612 4637 2682 4697 est
2730 4629 2944 4705 spiritu,
2996 4627 3234 4691 dicamus
3263 4642 3382 4681 eum
3413 4623 3595 4681 lretitia

2007 4726 2169 4781 fuisse
2222 4726 2519 4789 turbatum;
2570 4738 2637 4781 ne
2666 4723 2840 4779 verbis
2876 4723 3004 4789 suis
3035 4737 3133 4777 nos
3162 4722 3274 4795 ipse
3321 4719 3599 4775 convincat

2006 4818 2099 4877 ubi
2134 4816 2299 4883 dicit,
2353 4814 2535 4869 Tristis
2574 4825 2644 4870 est
2696 4815 2865 4868 anima
2911 4831 3019 4868 mea
3070 4831 3224 4887 usque
3266 4812 3333 4879 ad
3392 4802 3617 4865 mortem

2010 4908 2237 4991 (Matth.
2273 4924 2439 4974 xxvi,
2472 4905 2604 4978 58.)
2636 4907 2765 4973 Tale
2786 4907 2984 4977 aliquid
3014 4910 3173 4964 etiam
3196 4907 3281 4961 hic
3302 4905 3604 4977 intelligen—

2010 5001 2136 5071 dum
2166 5010 2249 5056 est
2272 5044 2285 5068 ,
2312 5000 2525 5073 quando
2552 5016 2651 5057 suo
2677 5001 3058 5071 traditorejarn
3077 5012 3201 5069 tunc
3227 5000 3341 5055 solo
3363 5000 3600 5068 exituro,

2009 5102 2063 5148 et
2089 5109 2210 5149 cum
2226 5094 2337 5147 suis
2356 5093 2512 5147 sociis
2539 5093 2791 5148 continuo
2816 5093 3053 5148 redituro
3068 5134 3081 5158 ,
3103 5091 3254 5145 Jesus
3278 5088 3505 5145 turbatus
3533 5097 3605 5144 est

2010 5188 2214 5258 spiritu.
2522 5246 2525 5247 ν

2085 5282 2134 5338 5.
2172 5278 2487 5349 Firmissimi
2518 5278 2731 5352 quidem
2769 5289 2893 5334 sunt
2917 5272 3227 5345 christiani,
3272 5274 3316 5329 si
3342 5274 3429 5345 qui
3458 5282 3602 5340 sunt,

2015 5374 2106 5445 qui
2156 5388 2488 5451 nequaquam
2540 5384 2712 5429 morte
2765 5373 3075 5439 imtnincnte
3125 5368 3406 5437 turbantur
3450 5387 3463 5437 ς
3511 5368 3607 5441 sed

2018 5465 2271 5539 numquid
2312 5466 2526 5523 Christo
2570 5462 2871 5527 ﬁrmiores?
2927 5463 3054 5545 Quis
3098 5458 3200 5525 hoc
3240 5461 3606 5519 insanissimus

2019 5558 2248 5621 dixerit?
2296 5557 2434 5633 Quid
2479 5567 2561 5613 est
2585 5573 2715 5629 ergo
2750 5556 2889 5641 quod
2931 5557 3023 5625 ille
3063 5556 3303 5623 turbatus
3342 5562 3425 5621 est
3450 5597 3463 5620 ,
3496 5552 3601 5623 nisi

2021 5652 2143 5725 quia
2173 5651 2412 5719 inﬁrmos
2439 5652 2493 5708 in
2521 5666 2618 5706 suo
2633 5666 2879 5721 corpore,
2907 5650 3010 5719 hoc
3035 5659 3115 5704 est
3142 5650 3194 5705 in
3222 5664 3313 5703 Sua
3348 5646 3603 5719 Ecclesia,

2022 5762 2133 5801 sua:
2190 5745 2517 5803 inﬁrmitatis
2565 5745 2861 5811 voluntaria
2910 5743 3253 5813 similitudine
3304 5741 3609 5805 consolatus

1986 5843 2150 5935 ⁸«θδιε
2184 5844 2242 5903 ut
2264 5834 2310 5892 si
2335 5835 2426 5919 qui.
2470 5850 2687 5911 suorum
2718 5835 2891 5909 adhuc
2919 5846 3090 5911 moris
3134 5834 3445 5917 imminente
3487 5842 3605 5925 tit;-
