4030 6480
541 387 684 450 1799

539 514 736 572 bantur
765 510 818 565 in
862 507 1072 579 spiritu,
1118 506 1292 578 ipsum
1331 513 1669 570 intueantur,
1695 491 1761 558 ne
1793 502 1896 556 hoc
1921 501 2037 570 ipso
2065 513 2125 554 se

542 614 787 677 putantes
827 601 1083 674 reprobos
1105 641 1120 666 ,
1168 598 1348 668 pejore
1388 596 1774 668 desperationis
1805 604 1976 650 morte
2003 606 2124 647 sor-

543 697 809 754 beantur?
851 695 1119 762 Quantum
1158 693 1335 762 itaque
1372 691 1566 746 bonum
1610 689 1677 744 de
1721 686 2125 759 participatione

540 790 834 847 divinitatis
865 787 982 858 ejus
1003 795 1312 857 exspectare
1338 791 1391 839 et
1415 797 1634 853 sperare
1663 780 1939 846 debemus,
1969 777 2122 847 cujus

539 899 636 938 nos
657 893 714 939 et
755 881 1083 953 perturbatio
1120 877 1424 948 tranquillat
1447 919 1462 944 ,
1504 884 1560 932 et
1593 873 1871 931 infirmitas
1909 871 2124 927 ﬁrmat?

534 975 658 1032 Sive
691 990 820 1044 ergo
861 974 967 1028 isto
1015 973 1132 1026 loco
1173 969 1345 1040 ipsum
1384 968 1576 1025 Iudam
1626 975 1934 1038 pereuntem
1963 965 2125 1019 mise-

534 1067 706 1124 rando
750 1065 989 1120 turbatus
1026 1072 1142 1128 est,
1195 1063 1309 1117 sive
1355 1076 1451 1116 sua
1509 1069 1682 1116 morte
1736 1059 2122 1128 propinquante

535 1159 774 1214 turbatus
801 1163 882 1212 est
911 1174 923 1210 :
959 1170 1065 1210 non
1090 1164 1170 1209 est
1201 1163 1376 1209 tamen
1415 1152 1526 1207 ullo
1565 1151 1725 1206 modo
1749 1147 2118 1214 dubitandum,

434 1273 442 1282 ·
537 1267 642 1307 non
674 1267 796 1306 eum
820 1249 984 1305 animi
1013 1247 1318 1302 infirmitate
1339 1288 1354 1313 ,
1395 1244 1489 1301 sed
1521 1252 1783 1316 potestate
1811 1242 2077 1298 turbatum
2103 1257 2118 1308 ;

535 1361 604 1400 ne
650 1344 804 1399 nobis
837 1341 1139 1412 desperatio
1167 1339 1354 1394 salutis
1382 1341 1587 1394 oriatur
1606 1378 1619 1402 ,
1651 1335 1860 1407 quando
1892 1349 1998 1389 non
2023 1348 2121 1403 po-

533 1446 725 1494 testate
749 1480 764 1505 ,
792 1437 886 1492 sed
912 1435 1220 1490 infirmitate
1251 1432 1544 1488 turbamur.
1591 1430 1778 1485 Carnis
1806 1429 2002 1500 quippe
2033 1427 2120 1482 ille

531 1529 750 1601 gerebat
795 1527 1154 1584 infirmitatem
1181 1567 1194 1589 ,
1242 1539 1360 1594 quae
1399 1522 1681 1578 infirmitas
1729 1519 2118 1576 resurrectione

527 1629 844 1691 consumpta
886 1628 989 1676 est.
1043 1617 1150 1674 Sed
1191 1617 1280 1688 qui
1322 1630 1428 1670 non
1480 1613 1652 1668 solum
1698 1612 1890 1678 homo,
1931 1625 2116 1665 verum

531 1715 690 1771 etiam
719 1713 858 1769 Deus
889 1721 1028 1778 erat,
1061 1709 1312 1766 ineffabili
1335 1706 1588 1763 distantia
1615 1705 1920 1768 universum
1948 1717 2118 1775 genus

530 1806 821 1862 humanum
848 1805 1013 1859 animi
1044 1801 1358 1859 fortitudine
1383 1798 1688 1870 superabat.
1723 1797 1836 1852 Non
1868 1810 1994 1866 ergo
2022 1795 2116 1849 ali-

531 1915 638 1970 quo
663 1907 746 1954 est
787 1906 1013 1968 cogente
1043 1876 1283 1949 turba’tus
1305 1935 1318 1957 ,
1351 1891 1446 1948 sed
1483 1889 1712 1946 turbavit
1736 1888 2113 1956 semetipsum;

530 1992 672 2064 quod
703 1991 768 2046 de
803 1991 894 2044 illo
923 1989 1197 2045 evidenter
1220 2000 1534 2057 expressum
1557 1992 1639 2038 est
1665 2025 1678 2047 ,
1711 1980 1926 2053 quando
1954 1980 2116 2033 Laza-

529 2100 648 2140 rum
678 2083 951 2138 suscitavit
979 2099 992 2135 :
1022 2097 1143 2136 nam
1175 2080 1245 2135 ibi
1294 2079 1551 2147 scriptum
1580 2085 1662 2131 est
1699 2073 1838 2146 quod
1868 2072 2119 2127 turbave-

526 2179 597 2234 rit
623 2177 967 2247 semetipsum
997 2173 1174 2241 (Ioan.
1208 2189 1260 2228 χι
1282 2213 1295 2236 ,
1323 2170 1414 2243 55)
1438 2213 1450 2235 ,
1497 2177 1555 2224 ιιι
1580 2169 1681 2222 hoc
1711 2165 2034 2236 intelligatur
2062 2173 2117 2219 et

531 2271 619 2326 ubi
645 2287 750 2326 non
773 2270 1027 2338 scriptum
1054 2267 1245 2337 legitur
1262 2307 1277 2330 ,
1311 2272 1364 2319 et
1391 2272 1567 2318 tamen
1594 2275 1714 2315 eum
1738 2258 1929 2328 legitur
1955 2255 2116 2311 fuisse

528 2364 814 2422 turbatum.
847 2361 1108 2416 Affectum
1139 2357 1335 2428 quippe
1361 2354 1681 2415 humanum,
1713 2348 1925 2420 quando
1950 2361 2113 2418 opor-

529 2455 695 2511 tuisse
728 2453 1016 2524 judicavit,
1063 2451 1116 2505 in
1163 2448 1342 2519 seipso
1373 2452 1633 2517 potestate
1655 2439 1983 2509 commovit,
2023 2439 2113 2510 qui

528 2545 800 2603 hominem
828 2554 995 2601 totum
1031 2550 1291 2614 potestate
1320 2537 1572 2608 suscepit.

1026 2651 1436 2712 TRACTATUS
1477 2649 1615 2706 LXI.

527 2773 604 2830 Ab
631 2789 689 2828 eo
703 2771 838 2844 quod
866 2770 1111 2825 Dominus
1136 2770 1226 2836 ait,
1255 2741 1448 2833 Amen,
1471 2781 1624 2820 amen
1648 2765 1768 2820 dico
1789 2763 1957 2850 vobis,
1989 2762 2110 2834 quia

598 2881 736 2922 unus
765 2881 829 2922 ex
857 2863 1009 2920 vobis
1034 2863 1208 2918 tradet
1235 2877 1351 2928 me;
1384 2877 1542 2931 usque
1566 2860 1633 2914 ad
1658 2859 1713 2914 id
1734 2902 1748 2925 ,
1799 2858 1891 2914 Ille
1921 2857 2111 2912 est‘cui

599 2974 698 3031 ego
726 2959 948 3016 tinctum
977 2971 1169 3028 panem
1192 2968 1496 3025 poi-rexere.
1525 2951 1653 3024 Cap.
1683 2966 1798 3018 xui,
1828 2951 1863 3021 ᾖ
1887 2949 2108 3006 ,ῆι-26.

599 3095 652 3150 1.
683 3093 796 3150 Hoc
819 3091 1088 3162 Evangelii
1126 3087 1410 3159 capitulum
1437 3127 1452 3154 ,
1481 3085 1673 3141 fratres
1693 3127 1707 3151 ,
1733 3085 1807 3140 ita
1835 3085 1987 3140 nobis
2013 3099 2110 3139 ex-

523 3186 826 3259 ponendum
849 3185 948 3240 hac
972 3185 1201 3241 lectione
1232 3180 1558 3252 propositum
1588 3187 1690 3244 est,
1723 3186 1780 3232 ut
1804 3177 1917 3248 jam
1947 3179 2108 3232 etiam

522 3278 592 3335 de
619 3278 874 3335 traditore
905 3275 1114 3330 Domini
1144 3290 1240 3345 per
1287 3287 1476 3343 panem
1523 3271 1748 3326 tinctum
1793 3271 1949 3340 eique
1979 3284 2108 3340 por-

525 3378 729 3425 rectum
760 3368 890 3424 satis
911 3365 1190 3422 evidenter
1215 3378 1469 3433 expresso
1494 3361 1692 3432 aliquid
1707 3361 1885 3416 dicere
1909 3360 2108 3417 debea—

522 3476 664 3517 mus.
693 3461 759 3515 Et
785 3459 851 3514 de
875 3459 964 3512 illo
993 3456 1228 3528 quidem,
1261 3453 1402 3524 quod
1430 3469 1552 3509 eum
1579 3452 1688 3522 jam
1719 3450 2110 3507 demonstratu-

521 3568 611 3608 rus
662 3551 817 3608 Iesus
865 3551 1104 3605 turbatus
1144 3555 1226 3601 est
1267 3546 1494 3615 spiritu,
1543 3544 1810 3614 praeterito
1863 3558 2110 3599 sermone

522 3643 751 3700 tisserui
781 3661 793 3698 :
824 3642 918 3698 sed
955 3639 1207 3696 fortassis
1249 3636 1390 3708 quod
1431 3635 1504 3692 ibi
1531 3651 1635 3690 non
1665 3635 1792 3701 dixi,
1821 3636 1981 3690 etiam
2009 3633 2110 3690 hoc

521 3736 677 3792 nobis
727 3735 982 3791 Dominus
1023 3731 1326 3803 significare
1373 3744 1467 3784 sua
1506 3728 1900 3799 perturbatione
1925 3726 2110 3798 digna-

521 3839 606 3885 tus
632 3837 752 3894 est,
783 3826 925 3898 quod
955 3825 1161 3882 scilicet
1189 3822 1352 3878 falsos
1380 3821 1574 3876 fratres
1594 3862 1608 3886 ,
1640 3828 1694 3874 et
1715 3818 1969 3874 dominici
1995 3817 2109 3888 agri

519 3922 606 3978 illa
645 3921 844 3976 zizania
883 3919 956 3975 ita
999 3933 1220 3972 necesse
1249 3924 1331 3970 est
1369 3929 1538 3983 usque
1570 3913 1634 3966 ad
1669 3913 1855 3966 messis
1899 3921 2107 3979 tempus

520 4012 659 4066 inter
682 4011 940 4065 frumenta
960 4007 1174 4062 tolerari
1197 4004 1411 4074 (Matth.
1429 4018 1548 4068 xm,
1571 4001 1662 4065 29,
1678 4000 1792 4070 50),
1817 4011 1873 4054 ιιι
1892 3999 2106 4070 quando

521 4114 584 4154 ex
635 4097 716 4154 eis
759 4099 935 4167 aliqua
978 4095 1212 4166 separari
1261 4093 1419 4148 etiam
1468 4101 1592 4146 ante
1638 4106 1865 4145 messem
1913 4105 2105 4160 urgens

523 4203 682 4246 causa
712 4189 1002 4259 compellit,
1033 4186 1146 4241 fieri
1168 4186 1283 4240 sine
1306 4183 1562 4240 Ecclesiae
1583 4183 1977 4254 perturbatione
1997 4199 2102 4238 non

524 4284 710 4354 possit.
761 4283 906 4337 Hanc
936 4279 1384 4351 perturbationem
1430 4289 1732 4333 sanctorum
1763 4292 1978 4332 suorum
2011 4293 2104 4347 per

520 4375 889 4431 schismaticos
911 4382 964 4427 et
983 4371 1262 4427 haereticos
1283 4370 1531 4436 futuram,
1552 4369 1943 4440 quodammodo
1967 4385 2101 4439 prae-

526 4466 772 4520 mmtians
804 4463 1060 4518 Dominus
1083 4503 1097 4527 ,
1131 4459 1486 4532 praefiguravit
1516 4461 1566 4514 in
1598 4462 1775 4530 seipso
1795 4504 1808 4525 ,
1838 4477 1960 4515 cum
1991 4460 2102 4515 exi-

523 4570 642 4613 llil‘u
667 4557 801 4612 .lrdi
828 4555 1046 4612 homine
1081 4555 1220 4610 malo
1240 4595 1257 4622 ,
1285 4565 1338 4610 et
1363 4554 1796 4609 commixtionetn
1824 4554 2098 4620 frumenti,

519 4654 574 4708 in
601 4669 703 4723 qua
742 4651 831 4706 diu
861 4651 1031 4706 fuerat
1073 4648 1366 4713 toleratus,
1405 4651 1743 4718 separatione
1770 4648 2100 4717 apertissima

516 4746 795 4810 relicturo,
829 4743 1066 4798 turbatus
1093 4750 1174 4797 est
1201 4756 1306 4796 non
1335 4756 1494 4796 carne
1514 4783 1529 4806 ,
1575 4741 1666 4796 Sed
1693 4742 1901 4810 Spiritu.
1931 4741 2102 4811 Spiri-

521 4839 688 4894 tuales
714 4837 856 4893 enim
885 4837 1003 4908 ejus
1031 4838 1081 4892 in
1113 4836 1416 4906 bujusmodi
1461 4837 1723 4892 scaudalis
1755 4853 1857 4891 non
1887 4853 2102 4907 perver-

515 4933 671 4986 sitate
694 4974 710 4997 ,
741 4931 835 4987 sed
882 4930 1141 4986 (.haritate
1175 4930 1488 4996 turbantur;
1529 4946 1595 4985 ne
1641 4930 1774 4987 forte
1799 4931 1852 4985 in
1880 4946 2099 5002 separa-

513 5027 657 5081 tione
685 5025 984 5094 aliquomm
1009 5023 1354 5090 zizaniorum,
1384 5024 1542 5080 simul
1563 5025 1773 5095 aliquod
1803 5016 2102 5081 eradi'cetur

514 5126 569 5173 et
598 5117 853 5174 triticum.

582 5209 636 5263 2.
671 5209 920 5264 Turbatus
958 5212 1134 5280 itaque
1159 5218 1231 5263 est
1254 5208 1405 5263 Iesus
1443 5211 1661 5280 spiritu,
1715 5221 1760 5264 et
1798 5218 2100 5283 protestatus

513 5311 605 5365 est,
638 5312 684 5355 et
708 5303 836 5356 dixit
868 5318 887 5358 :
916 5302 1074 5357 Amen
1094 5343 1110 5368 ,
1137 5319 1282 5356 amen
1309 5302 1420 5356 dico
1443 5302 1605 5369 vobis,
1633 5303 1750 5374 quia
1777 5319 1906 5357 unus
1927 5319 1990 5358 ea:
2006 5319 2098 5358 vo—

515 5392 588 5446 bis
615 5394 774 5448 tradet
797 5411 895 5448 me.
952 5393 1098 5450 Unus
1127 5412 1188 5449 ea;
1210 5392 1346 5449 vobis
1371 5437 1384 5460 ,
1436 5410 1660 5450 numero
1690 5438 1703 5462 ,
1735 5412 1838 5449 non
1870 5398 2094 5463 merito;

509 5483 710 5554 specie,
739 5500 844 5540 non
875 5486 1068 5542 virtute
1094 5503 1108 5554 ;
1132 5485 1509 5542 commixtione
1532 5487 1816 5558 corporali,
1845 5503 1949 5542 non
1979 5488 2095 5542 vin-

513 5577 636 5634 culo
663 5577 956 5646 spirituali;
986 5582 1160 5635 carnis
1187 5579 1525 5648 adjunetione
1543 5621 1556 5645 ,
1586 5595 1693 5634 non
1721 5581 1897 5635 cordis
1919 5582 2098 5637 socius

511 5671 716 5726 unitate
744 5690 757 5725 :
788 5672 1007 5740 proinde
1035 5686 1138 5728 n0n
1167 5674 1255 5743 qui
1276 5688 1338 5726 ex
1369 5672 1522 5728 vobis
1549 5683 1650 5739 est,
1683 5673 1774 5728 sed
1796 5673 1886 5744 qui
1907 5691 1972 5730 ex
2002 5689 2098 5729 vo-

511 5761 595 5818 bis
618 5763 858 5822 exiturus
889 5775 992 5821 est.
1019 5765 1149 5820 Nam
1170 5767 1436 5837 quomodo
1459 5767 1560 5822 erit
1589 5782 1776 5823 verum
1801 5768 1939 5838 quod
1968 5784 2096 5840 pro-

505 5863 739 5944 me.-
773 5859 1188 5952 e'tPsmeus»
1227 5868 1284 5952 et
1311 5859 1498 5952 dixit»
1545 5859 1783 5953 "cura
1827 5863 2007 5953 νοιξσε
2049 5866 2098 5926 εί

459 5963 514 5990 εί

1471 381 1540 440 IN
1582 380 1862 440 IOANNIS
1901 377 2370 450 EVANGELIUM,
2411 381 2468 437 S.
2508 382 2876 443 AUGUSTINI

3673 390 3814 448 1800

2235 513 2418 553 verum
2448 509 2529 555 est
2567 501 2708 570 quod
2743 503 2818 557 ait
2845 501 2984 557 idem
3011 502 3126 572 ipse
3155 502 3207 557 in
3235 501 3466 572 Epistola
3495 517 3589 558 sua
3613 545 3630 571 ,
3661 507 3814 574 cujus

2231 599 2314 645 est
2339 590 2439 646 hoc
2461 593 2802 663 Evangelium
2829 635 2843 658 ,
2880 593 2962 649 Ex
2980 593 3120 650 nobis
3147 595 3372 651 ederunt
3392 638 3405 658 .
3433 597 3522 651 sed
3549 613 3650 652 non
3672 610 3814 653 erant

2229 699 2294 738 ea:
2315 683 2456 738 nobis
2484 700 2502 739 :
2525 702 2643 740 nam
2670 687 2716 741 si
2743 688 2955 758 fuissent
2981 705 3046 744 ea:
3073 690 3216 744 nobis
3235 731 3250 756 ,
3299 691 3602 745 mansissent
3643 692 3812 763 utique

2229 775 2483 832 nobiscum
2504 777 2554 848 (Ι
2581 778 2736 833 Ioan.
2769 795 2840 844 ιι,
2875 781 3006 850 i9)?
3047 781 3162 837 Non
3189 791 3298 836 erat
3328 783 3485 852 igitur
3503 799 3568 838 ex
3597 783 3700 838 illis
3718 783 3813 840 Iu-

2227 868 2322 924 das
2357 888 2371 924 :
2402 871 2686 927 mansisset
2710 873 2855 928 enim
2886 889 3005 929 cum
3037 875 3163 942 illis,
3195 875 3237 929 si
3267 885 3412 930 esset
3431 892 3494 930 ex
3522 877 3645 932 illis.
3674 877 3810 944 Quid

2227 970 2309 1017 est
2333 979 2492 1034 ergo,
2541 963 2687 1020 Unus
2716 983 2778 1020 ea:
2800 965 2934 1022 vobis
2963 968 3124 1022 tradet
3145 984 3259 1035 me;
3287 969 3386 1024 uisi
3409 1009 3423 1033 ,
3454 984 3591 1024 unus
3620 985 3686 1024 ex
3720 985 3811 1025 ro-

2228 1053 2307 1109 bis
2328 1057 2566 1112 exiturus
2589 1067 2701 1123 est,
2739 1059 2831 1129 qui
2855 1073 2942 1115 me
2967 1059 3182 1114 tradet?
3227 1060 3362 1128 Quia
3387 1068 3442 1116 et
3468 1060 3558 1116 ille
3583 1062 3678 1132 qui
3707 1062 3801 1127 ait,

2229 1144 2292 1201 Si
2314 1145 2528 1215 fuissent
2553 1165 2619 1203 ea:
2643 1150 2786 1204 nobis
2809 1191 2823 1214 ,
2855 1152 3153 1206 mansissent
3187 1154 3356 1216 utique
3381 1153 3678 1219 nobiscum;
3701 1155 3812 1224 jam

2227 1236 2452 1303 dixerat,
2472 1237 2556 1294 Ea:
2569 1240 2708 1294 nobis
2727 1242 2971 1296 exierunt.
2991 1243 3068 1297 Ac
3090 1258 3184 1312 per
3208 1242 3310 1298 hoc
3326 1253 3608 1315 utrumque
3630 1261 3811 1300 verum

2227 1335 2312 1385 est
2334 1370 2348 1393 ,
2377 1338 2432 1385 et
2455 1346 2520 1385 ea:
2541 1331 2683 1387 nobis
2705 1373 2721 1400 ,
2749 1342 2802 1387 et
2831 1349 2931 1387 non
2958 1349 3020 1388 ea:
3039 1333 3182 1388 nobis
3213 1349 3232 1388 :
3257 1335 3549 1390 secundum
3580 1335 3722 1390 aliud
3751 1351 3815 1390 ea:

2227 1419 2389 1488 nobis,
2419 1422 2709 1477 secundum
2735 1423 2876 1479 aliud
2905 1441 3007 1479 non
3035 1441 3099 1480 ea:
3124 1424 3266 1480 nobis
3287 1444 3309 1492 ;
3333 1426 3625 1482 secundum
3657 1442 3808 1482 eom-

2227 1514 2532 1570 munionem
2566 1514 3032 1572 Sacramentorum
3061 1535 3123 1573 es:
3156 1517 3317 1585 nobis,
3349 1520 3641 1574 secundum
3679 1533 3810 1574 suo-

2224 1623 2343 1665 rum
2375 1611 2750 1680 proprietatem
2781 1612 3061 1667 criminum
3086 1652 3101 1677 ,
3131 1629 3230 1667 non
3255 1629 3319 1667 ea:
3347 1612 3505 1668 nobis.

2297 1703 2350 1758 3.
2380 1703 2697 1775 Aspiciebant
2723 1721 2840 1776 ergo
2863 1706 2931 1759 ad
2962 1705 3174 1760 invicem
3213 1705 3486 1777 discipuli,
3517 1706 3807 1762 [imitantes

2225 1794 2288 1848 de
2310 1811 2408 1864 quo
2431 1797 2634 1851 diceret.
2664 1796 2752 1853 Sic
2779 1798 2974 1868 quippe
3010 1798 3063 1852 iu
3090 1799 3170 1853 eis
3197 1809 3310 1852 erat
3346 1814 3469 1870 erga
3501 1799 3808 1869 Magistrum

2223 1902 2375 1940 suum
2409 1888 2490 1956 pia
2519 1887 2751 1944 cbaritas
2777 1928 2792 1955 ,
2838 1900 2894 1945 ut
2930 1901 3105 1946 tamen
3147 1905 3242 1947 eos
3298 1890 3528 1947 humana
3575 1893 3809 1948 alterum

2223 1979 2290 2034 de
2316 1980 2483 2051 altero
2511 1982 2807 2037 stimularet
2835 1981 3134 2038 infirmitas.
3166 1982 3300 2038 Nota
3329 1983 3543 2056 quidem
3572 1985 3673 2040 sibi
3695 1993 3814 2039 erat

2223 2069 2477 2140 cujusque
2504 2071 2856 2137 conscientia;
2889 2085 3253 2129 verumtamen
3281 2074 3400 2145 quia
3442 2075 3667 2143 proximi
3693 2083 3814 2130 erat

2223 2160 2420 2230 ignota,
2466 2162 2536 2216 ita
2585 2164 2684 2218 sibi
2726 2165 3088 2235 unusquisque
3111 2174 3227 2221 erat
3270 2175 3477 2229 certus,
3525 2176 3582 2221 ut
3618 2166 3813 2222 incerti

2221 2261 2402 2306 essent
2423 2238 2482 2308 et
2509 2253 2561 2308 iu
2586 2255 2795 2310 caeteris
2822 2256 3012 2326 singuli
3037 2297 3052 2322 ,
3084 2265 3138 2312 et
3161 2257 3212 2311 in
3245 2258 3467 2328 singulis
3496 2258 3696 2314 caeteri.

2291 2345 2343 2399 4.
2377 2343 2508 2398 Erat
2549 2362 2667 2417 ergo
2704 2347 2995 2402 recumbens
3035 2364 3167 2402 unus
3207 2364 3272 2404 ea:
3306 2349 3566 2419 discipulis
3603 2349 3715 2420 ejus
3759 2351 3814 2403 in

2219 2438 2333 2492 sinu
2361 2437 2484 2492 Iesu
2507 2481 2520 2505 ,
2545 2456 2694 2506 quem
2717 2439 2957 2510 diligebat
2981 2439 3151 2496 Iesus.
3185 2441 3321 2508 Quid
3345 2441 3556 2505 dixerit,
3589 2443 3642 2496 in
3665 2444 3810 2510 sinu,

2221 2532 2377 2602 paulo
2417 2541 2536 2603 post
2578 2534 2684 2598 ait,
2717 2535 2802 2588 ubi
2833 2534 2998 2600 dicit,
3025 2551 3182 2605 supra
3212 2544 3385 2604 pectus
3407 2533 3550 2589 Iesu.
3583 2535 3701 2603 Ipse
3727 2542 3815 2589 est

2217 2623 2453 2680 Joannes
2479 2625 2631 2694 cujus
2657 2633 2738 2680 est
2767 2626 2867 2680 hoc
2906 2625 3248 2696 Evangelium
3273 2667 3285 2690 ,
3319 2627 3454 2681 sicut
3481 2633 3666 2696 postea
3694 2640 3814 2680 ma-

2219 2715 2432 2771 nifestat
2463 2716 2639 2789 (Joan.
2670 2733 2796 2782 χχι,
2845 2717 3061 2789 20-24).
3111 2719 3238 2774 Erat
3275 2718 3417 2774 enim
3462 2733 3648 2774 eorum
3689 2717 3815 2773 hace

2219 2808 2547 2863 consuetudo
2587 2809 2675 2878 qui
2717 2824 2896 2864 sacras
2933 2808 3166 2864 Litteras
3208 2809 3363 2864 nobis
3413 2808 3812 2874 ministrarunt,

2220 2910 2278 2955 ut
2296 2901 2510 2972 quando
2527 2901 2594 2956 ab
2616 2902 2792 2972 aliquo
2813 2917 2997 2957 eorum
3018 2901 3196 2958 divina
3219 2903 3532 2958 narrabatur
3560 2901 3812 2968 historia,

2219 3008 2343 3048 cum
2381 2992 2447 3048 ad
2497 2993 2733 3064 seipsum
2779 2994 3023 3061 veniret,
3057 3004 3305 3065 tanquam
3337 2995 3404 3050 de
3429 2994 3536 3049 alio
3560 2994 3817 3064 loquere-

2218 3094 2337 3152 tur;
2366 3097 2419 3142 et
2461 3089 2536 3142 sic
2571 3103 2630 3142 se
2656 3088 2919 3142 insereret
2945 3087 3117 3142 ordini
3153 3087 3476 3144 narrationis
3503 3103 3612 3143 sua:
3634 3129 3648 3152 ,
3683 3096 3814 3142 lano

2217 3196 2375 3250 quam
2427 3197 2604 3237 rerum
2646 3193 2916 3254 gestarum
2961 3183 3228 3252 scriptor,
3271 3199 3377 3240 non
3425 3192 3671 3253 tanquam
3729 3180 3819 3237 sui

2217 3273 2384 3344 ipsius
2412 3273 2744 3344 praedicator.
2777 3275 2909 3331 Nam
2945 3285 3000 3332 et
3041 3275 3142 3331 hoc
3172 3285 3390 3331 sanctus
3419 3276 3697 3330 Matthaeus
3731 3274 3816 3331 fe-

2215 3365 2322 3430 cit,
2367 3364 2460 3434 qui
2502 3380 2624 3420 cum
2655 3367 2708 3420 in
2749 3375 2898 3422 textu
2948 3367 3265 3422 narrationis
3309 3381 3418 3421 sum
3462 3368 3696 3421 venisset
3749 3366 3818 3421 ad

2215 3459 2448 3526 seipsum
2477 3499 2491 3525 ,
2530 3455 2695 3520 Vidit,
2729 3458 2930 3528 inquit,
2964 3458 3015 3511 in
3046 3459 3229 3512 telonio
3257 3458 3508 3513 sedentem
3535 3459 3820 3527 quemdam

2218 3545 2562 3617 publicanum,
2595 3549 2797 3602 nomine
2826 3548 3149 3616 Matthwum,
3175 3559 3221 3604 et
3245 3549 3316 3602 ait
3343 3549 3441 3611 illi,
3474 3547 3703 3618 Sequere
3737 3563 3820 3601 me

2219 3637 2428 3708 (Matth.
2461 3655 2511 3695 ix
2535 3680 2552 3708 ,
2584 3639 2640 3712 9)
2675 3659 2688 3694 :
2714 3656 2818 3695 non
2849 3640 2944 3706 ait,
2979 3641 3120 3695 Vidit
3146 3656 3254 3709 me,
3283 3641 3489 3696 etdixit
3515 3627 3667 3694 milii.
3695 3641 3819 3695 Hoc

2217 3725 2341 3783 fecit
2365 3739 2417 3784 et
2445 3731 2632 3786 beatus
2652 3730 2893 3804 Moyses,
2928 3732 2999 3786 ita
3021 3732 3086 3786 de
3115 3733 3293 3804 seipso
3330 3741 3577 3803 tanquam
3605 3732 3678 3786 de
3704 3732 3820 3785 alio

2215 3830 2404 3875 cuncta
2444 3825 2719 3889 narravit,
2769 3833 2819 3878 et
2846 3824 2921 3878 ait
2953 3842 2966 3878 :
2998 3823 3142 3879 Dixit
3187 3823 3434 3878 Dominus
3472 3823 3541 3876 ad
3586 3822 3817 3894 Moysen

2216 3913 2407 3984 (Exod.
2434 3931 2488 3970 vi
2512 3957 2528 3981 ,
2563 3916 2638 3987 ι).
2687 3915 2994 3973 lnusitatius
3032 3916 3304 3987 apostolus
3337 3916 3533 3970 Paulus
3557 3957 3574 3982 ,
3618 3932 3732 3970 non
3763 3916 3819 3970 in

2214 4005 2431 4060 historia
2456 4049 2470 4073 ,
2513 4006 2602 4062 ubi
2644 4023 2821 4063 rerum
2867 4019 3136 4080 gestarum
3168 4008 3453 4079 suscipitur
3489 4007 3820 4078 explicanda

2213 4099 2482 4163 narratio,
2523 4098 2615 4154 sed
2661 4100 2713 4154 in
2752 4099 2991 4170 Epistola
3023 4101 3126 4158 hoc
3165 4101 3304 4156 fecit.
3351 4099 3484 4156 Nam
3521 4101 3713 4171 utique
3749 4100 3823 4156 de

2211 4192 2387 4260 seipso
2431 4193 2502 4245 ait
2534 4208 2548 4243 :
2578 4191 2700 4246 Scio
2737 4193 2988 4248 hominem
3031 4195 3083 4248 in
3109 4192 3309 4249 Christo
3335 4203 3450 4247 ante
3485 4209 3653 4247 annos
3682 4212 3825 4265 qua-

2210 4287 2487 4341 tuordecim
2517 4288 2655 4358 (sive
2674 4289 2729 4342 in
2757 4305 2964 4360 corpore
2983 4333 2998 4355 ,
3043 4290 3145 4343 sive
3179 4300 3319 4344 atra
3344 4304 3528 4360 corpus
3546 4329 3562 4355 ,
3596 4291 3822 4355 nescio;

2214 4378 2355 4434 Deus
2381 4377 2533 4452 scit),
2562 4391 2767 4450 raptum
2803 4382 3099 4452 bujusmodi
3126 4397 3284 4450 usque
3308 4382 3360 4435 in
3389 4383 3591 4435 tertium
3622 4384 3826 4434 cer/unt

2211 4470 2277 4540 (ll
2310 4470 2428 4527 Cor.
2459 4489 2550 4540 xu,
2579 4472 2656 4545 2).
2688 4473 2944 4541 Quocirca
2967 4475 3106 4543 quod
3127 4474 3284 4527 etiam
3307 4474 3390 4526 hic
3417 4473 3603 4527 beatus
3633 4473 3826 4528 Evan-

2207 4565 2394 4634 gelista
2427 4581 2530 4619 non
2559 4566 2666 4630 ait,
2717 4565 2874 4620 Eram
2924 4566 3238 4621 recumbens
3264 4566 3316 4619 in
3359 4566 3481 4621 sinu
3509 4564 3640 4620 Iesu
3667 4609 3686 4632 ,
3720 4565 3825 4621 sed

2210 4656 2323 4722 ait,
2369 4654 2496 4708 Erat
2538 4656 2833 4710 recumbens
2880 4673 3008 4708 unus
3053 4672 3114 4710 ea:
3149 4656 3450 4727 discipulis;
3494 4670 3826 4711 n05trorum

2210 4755 2487 4801 auctorum
2537 4748 2976 4802 consuetudinem
3027 4763 3380 4818 agnoscamus
3422 4749 3595 4817 potius
3642 4764 3826 4818 quam

2209 4837 2483 4891 miremur.
2534 4837 2667 4904 Quid
2696 4838 2836 4891 enim
2859 4837 3067 4907 deperit
3096 4839 3302 4892 veritati
3326 4880 3340 4902 ,
3386 4836 3594 4907 quando
3620 4847 3686 4891 et
3732 4853 3830 4894 res

2209 4927 2322 4998 ipsa
2350 4929 2560 4996 dicitur,
2602 4939 2654 4984 et
2683 4930 2843 4984 modo
2876 4930 3104 4998 quodam
3135 4929 3346 4986 dicendi
3373 4928 3629 4999 jactantia
3666 4930 3830 4986 devi-

2211 5025 2387 5079 tatur?
2437 5023 2548 5078 Hoc
2594 5024 2788 5094 quippe
2831 5025 3081 5079 narrabat
3121 5025 3263 5095 quod
3310 5024 3375 5080 ad
3423 5023 3537 5096 ejus
3587 5023 3829 5080 laudem

2211 5119 2494 5171 maximam
2528 5116 2843 5187 pertinebat.

2279 5209 2332 5264 5.
2355 5207 2489 5276 Quid
2512 5217 2594 5263 est
2612 5217 2810 5272 autem,
2835 5224 2981 5277 quem
2998 5206 3236 5279 diligebat
3260 5206 3413 5263 Iesus
3433 5208 3459 5263 7
3483 5207 3647 5278 Quasi
3674 5209 3834 5265 alios

2208 5319 2315 5359 non
2343 5303 2622 5374 diligeret,
2655 5303 2721 5358 de
2765 5302 2958 5373 quibus
2989 5302 3126 5357 idem
3157 5305 3268 5371 ipse
3292 5301 3524 5358 Ioannes
3548 5305 3831 5372 superius

2208 5397 2300 5462 ait,
2333 5395 2396 5451 In
2429 5398 2579 5466 ﬁnem
2611 5395 2786 5451 dilexit
2811 5413 2894 5450 eos
2922 5393 3098 5465 (Ioan.
3131 5413 3242 5464 XIII,
3275 5395 3350 5466 1).
3385 5398 3447 5451 Et
3475 5398 3585 5468 ipse
3617 5396 3835 5453 Domi-

2208 5504 2338 5557 nus,
2373 5488 2623 5560 Majorem
2649 5489 2742 5541 hac
2762 5488 3054 5541 charitatem
3076 5504 3218 5541 nemo
3239 5488 3404 5554 habet,
3436 5505 3583 5560 quam
3613 5499 3682 5541 ut
3713 5491 3839 5543 ani-

2207 5601 2340 5639 mam
2365 5600 2507 5638 suam
2527 5591 2682 5655 ponat
2710 5599 2802 5651 pro
2829 5581 3005 5636 amicis
3033 5582 3136 5635 suis
3166 5580 3273 5652 (Id.
3307 5597 3402 5647 xv,
3431 5581 3537 5651 i5).
3587 5579 3665 5634 Et
3696 5584 3836 5651 quis

2208 5685 2485 5733 enumeret
2541 5675 2716 5728 omnia
2775 5673 3070 5728 divinarum
3116 5675 3413 5728 testimonia
3463 5672 3836 5744 paginarum,

2207 5773 2399 5844 quibus
2432 5773 2685 5828 Dominus
2726 5770 2884 5827 Iesus
2905 5812 2920 5840 ,
2952 5786 3058 5827 non
3090 5772 3232 5829 illius
3259 5786 3430 5842 neque
3460 5785 3656 5824 eorum
3693 5787 3839 5842 qua:

2207 5877 2332 5926 tunc
2361 5877 2512 5927 erant
2547 5873 2783 5953 tantum,
2941 5865 3104 5925 etiam
3141 5873 3262 5940 post
3289 5866 3579 5923 futurorum
3619 5877 3838 5952 meme
