4102 6474
257 432 468 488 brorum
496 437 738 490 suorum,
758 428 812 479 et
832 418 989 476 totius
1010 416 1262 474 Ecclesia:
1274 430 1385 472 suae
1403 416 1628 471 dilector
1650 421 1833 470 osten-

253 517 435 575 ditur?
473 514 581 573 Sed
613 513 851 587 profecto
889 512 1018 566 latet
1044 510 1130 565 hic
1153 507 1352 581 aliquid
1373 549 1388 575 ,
1434 516 1488 564 et
1507 506 1742 578 pertinet
1766 501 1834 560 ad

253 615 423 667 sinum
446 612 501 667 in
530 626 636 681 quo
660 604 1004 665 recumbebat
1033 605 1120 677 qui
1152 605 1249 660 ista
1279 602 1507 659 dicebat.
1538 602 1640 657 Per
1658 600 1832 656 sinum

250 706 444 775 quippe
488 702 611 773 quid
658 699 982 773 signiﬁcatur
1009 696 1152 753 aliud
1190 711 1348 768 quam
1377 693 1684 749 secretum?
1728 690 1833 747 Sed

247 795 384 850 alius
433 805 518 850 est
568 792 919 865 opportunior
969 790 1154 857 locus,
1222 788 1309 844 ubi
1373 786 1527 841 nobis
1581 782 1835 838 Dominus

249 886 445 958 aliquid
493 885 658 943 donet
703 885 772 942 de
817 884 921 941 hoc
967 891 1211 950 secreto,
1263 887 1520 952 quantum
1571 874 1832 943 sufﬁciat,

246 979 443 1034 dicere.
1800 1012 1803 1013 ν

316 1070 369 1125 6.
408 1069 589 1126 Innuit
615 1087 733 1143 ergo
762 1069 943 1126 Simon
974 1067 1194 1133 Petrus,
1234 1074 1283 1121 et
1324 1064 1445 1120 dicit
1484 1063 1551 1118 ei.
1593 1060 1833 1118 Notanda

246 1162 444 1219 locutio
471 1173 570 1231 est,
595 1163 702 1220 dici
731 1162 928 1233 aliquid
947 1178 1052 1217 non
1071 1159 1331 1224 sonando,
1352 1156 1445 1214 sed
1464 1152 1834 1212 tantummodo

245 1257 523 1313 innuendo
552 1276 564 1312 :
597 1256 777 1311 lnnuit
799 1299 815 1323 ,
849 1256 1051 1326 inquit,
1083 1264 1130 1308 et
1160 1254 1321 1316 dicit;
1351 1252 1532 1321 utique
1564 1247 1835 1304 innuendo

244 1351 393 1405 dicit.
440 1349 496 1406 Si
537 1350 677 1405 enim
716 1348 999 1419 cogitando
1044 1344 1242 1417 aliquid
1270 1344 1497 1408 dicitur,
1530 1342 1666 1397 sicut
1691 1341 1837 1397 Scri-

243 1452 397 1511 ptura
428 1442 659 1512 loquitur
677 1481 692 1507 ,
721 1438 974 1494 Dixerunt
1000 1438 1139 1510 apud
1156 1438 1445 1509 semetipsos
1474 1434 1627 1509 (Sap.
1655 1449 1711 1498 Il,
1745 1432 1831 1504 I);

242 1542 444 1602 quanto
496 1532 665 1603 magis
720 1531 1023 1596 innuendo,
1082 1530 1172 1585 ubi
1213 1528 1324 1600 jam
1378 1527 1522 1582 foras
1564 1526 1835 1597 qualibus-

242 1640 473 1695 cumque
493 1625 660 1695 signis
676 1625 936 1695 promitur
950 1622 1092 1694 quod
1110 1622 1281 1677 fuerat
1299 1620 1462 1676 corde
1483 1618 1833 1689 conceptum?

243 1715 379 1782 Quid
404 1731 535 1786 ergo
563 1716 695 1770 dixit
726 1715 1030 1770 innuendo?
1055 1712 1188 1781 Quid
1217 1754 1231 1780 ,
1262 1711 1361 1766 nisi
1387 1709 1527 1782 quod
1558 1709 1833 1779 sequitur?

245 1807 371 1874 Quis
396 1818 469 1863 est
495 1808 557 1861 de
575 1825 675 1877 quo
702 1807 869 1861 dicit?
912 1806 1038 1861 Haec
1063 1805 1222 1860 verba
1250 1805 1437 1859 Petrus
1462 1803 1667 1866 innuit;
1708 1801 1833 1871 quia

242 1914 345 1954 non
378 1914 515 1954 sono
538 1900 685 1955 vocis
708 1940 724 1964 ,
757 1899 850 1954 sed
878 1908 1026 1953 motu
1063 1898 1305 1969 corporis
1329 1895 1481 1951 dixit.
1514 1892 1695 1965 Itaque
1718 1910 1834 1947 cum

242 1993 547 2047 recubuisset
572 1992 659 2046 ille
677 2009 833 2062 supra
856 2001 1031 2062 pectus
1060 1988 1205 2044 Jesu.
1236 1989 1333 2045 llic
1352 1999 1435 2044 est
1449 1989 1628 2059 utique
1652 1997 1834 2058 pecto-

241 2086 315 2141 ris
348 2086 521 2152 sinus,
552 2085 824 2155 Sapientiae
849 2092 1134 2140 secretum.
1158 2081 1294 2137 Dicit
1323 2083 1369 2136 ei
1396 2097 1416 2136 :
1446 2081 1690 2146 Domine,
1721 2081 1833 2151 quis

241 2180 355 2235 est?
388 2178 672 2249 Respondit
700 2177 851 2232 Jesus
884 2193 903 2232 :
930 2175 1033 2231 Ille
1060 2184 1131 2231 est
1171 2176 1253 2230 cui
1279 2191 1371 2247 ego
1408 2175 1618 2229 tinctum
1654 2190 1834 2244 panem

242 2289 540 2343 perrexere.
574 2270 777 2325 Etcum
805 2270 1032 2324 tinxisset
1061 2284 1241 2339 panem
1263 2309 1279 2335 ,
1312 2266 1449 2321 dedit
1481 2266 1638 2321 Judte
1662 2264 1837 2321 Simo-

242 2366 318 2420 nis
342 2363 631 2419 Iscariotte.
660 2363 726 2418 Et
755 2372 866 2434 post
893 2378 1093 2434 panem,
1121 2373 1238 2416 tunc
1265 2360 1486 2415 introivit
1506 2360 1558 2414 in
1577 2359 1723 2414 illum
1750 2376 1836 2414 sa-

241 2466 407 2511 tanas.
447 2456 747 2526 Expressus
785 2462 869 2511 est
912 2454 1165 2519 traditor,
1204 2452 1414 2508 nudata:
1452 2462 1577 2508 sunt
1616 2451 1832 2507 latebra:

242 2550 613 2604 tenebrarum.
658 2548 862 2603 Bonum
903 2556 986 2602 est
1015 2545 1154 2616 quod
1185 2545 1423 2616 accepit,
1450 2543 1543 2600 sed
1574 2545 1715 2599 malo
1734 2559 1834 2599 suo

240 2644 485 2711 accepit,
533 2640 654 2712 quia
691 2640 829 2696 male
853 2640 1052 2696 bonum
1078 2640 1250 2695 malus
1276 2640 1501 2709 accepit.
1542 2638 1738 2695 Verum
1765 2638 1833 2695 de

242 2733 344 2787 isto
370 2748 514 2803 pane
542 2733 710 2788 tincto
734 2733 824 2804 qui
851 2741 1129 2803 porrectus
1159 2740 1245 2787 est
1272 2730 1415 2797 ﬁcto,
1440 2737 1493 2785 et
1513 2730 1581 2785 de
1602 2730 1685 2785 his
1712 2744 1833 2801 quae

242 2836 563 2897 sequuntur,
594 2826 762 2882 multa
791 2825 1015 2882 dicenda
1052 2834 1176 2881 sunt
1206 2841 1219 2878 :
1253 2824 1447 2895 quibus
1474 2824 1834 2879 necessarium

242 2930 320 2972 est
349 2919 473 2988 plus
505 2918 762 2989 temporis
781 2960 797 2987 ,
823 2934 979 2989 quam
1008 2932 1152 2973 nunc
1180 2916 1441 2973 habemus
1464 2916 1574 2987 jam
1601 2916 1654 2973 in
1681 2915 1834 2971 istius

242 3007 349 3065 ﬁne
376 3011 666 3066 sermonis.

746 3119 1155 3177 TRACTATUS
1213 3118 1368 3175 LXII.

244 3232 321 3289 Ab
348 3250 409 3289 eo
432 3233 572 3305 quod
599 3234 844 3305 scriptum
867 3244 959 3298 est,
988 3233 1197 3288 Etcum
1224 3232 1470 3289 tinxisset
1498 3247 1710 3304 panem,
1741 3232 1835 3289 de-

318 3326 395 3382 dit
420 3326 599 3393 Iudze;
628 3343 784 3397 usque
826 3326 895 3380 ad
919 3326 995 3392 id,
1023 3324 1176 3381 Nunc
1200 3324 1521 3381 clariﬁcatus
1547 3334 1632 3382 est
1663 3324 1834 3381 Filius

317 3418 573 3474 hominis.
604 3420 731 3489 Cap.
758 3434 875 3485 xm,
915 3419 949 3488 ᾗ
975 3455 990 3471 .
1020 3416 1215 3473 26-51.

314 3554 369 3609 1.
412 3552 896 3618 Seio,charissimi,
946 3552 1153 3607 moveri
1192 3566 1349 3622 posse
1390 3552 1696 3619 nonnullos,
1723 3551 1837 3607 sive

245 3644 362 3714 pios
389 3653 449 3698 ut
487 3643 781 3714 requirant,
809 3643 922 3698 sive
948 3642 1141 3713 impios
1162 3650 1220 3696 ut
1246 3641 1664 3712 reprehendant,
1694 3640 1836 3711 quod

249 3744 600 3805 posteaquam
653 3749 842 3805 panem
896 3735 1117 3789 tinctum
1164 3732 1405 3788 tradilori
1435 3748 1533 3787 suo
1581 3733 1837 3789 Dominus

248 3826 417 3891 dedit,
450 3827 727 3882 intraverit
766 3827 816 3881 in
848 3826 997 3881 illum
1035 3835 1267 3881 satanas.
1294 3825 1384 3882 Sic
1408 3827 1550 3879 enim
1578 3824 1837 3895 scriptum

247 3929 329 3974 ﬁt
360 3937 374 3972 :
407 3920 475 3973 Et
529 3936 642 3973 cum
692 3920 918 3973 tinxisset
967 3936 1169 3990 panem,
1217 3918 1354 3973 dedit
1398 3917 1555 3972 Juda:
1613 3918 1839 3973 Simonis

248 4012 516 4068 Iscariota:
534 4031 550 4078 ,'
571 4023 615 4068 et
637 4025 747 4082 post
771 4030 951 4085 panem
985 4024 1101 4067 tunc
1128 4012 1350 4067 introivit
1372 4014 1424 4067 in
1444 4014 1591 4067 illum
1609 4022 1837 4067 satanas.

250 4106 441 4162 Dicunt
464 4109 609 4162 enim
635 4127 647 4161 :
672 4106 814 4162 Itane
836 4107 938 4163 hoc
958 4108 1153 4162 meruit
1168 4107 1320 4177 panis
1342 4106 1540 4161 Christi
1560 4116 1839 4177 porrectus

250 4200 313 4256 de
336 4216 527 4256 mensa
556 4200 774 4268 Christi,
800 4211 857 4255 ut
879 4209 999 4271 post
1027 4201 1171 4255 illum
1209 4201 1432 4256 intraret
1461 4202 1513 4255 in
1541 4201 1657 4271 ejus
1680 4200 1842 4255 disci-

251 4293 427 4360 pulum
451 4293 710 4346 satanas?
732 4292 936 4360 Quibus
962 4291 1369 4362 respondemus,
1396 4292 1518 4347 hinc
1538 4308 1638 4348 nos
1661 4293 1840 4363 potius

251 4384 429 4439 doceri
464 4400 628 4454 quam
671 4385 740 4439 sit
790 4384 1084 4439 cavendum
1134 4384 1273 4439 male
1322 4384 1568 4453 accipere
1614 4383 1836 4438 bonum.

254 4476 469 4531 Multum
503 4477 699 4547 quippe
744 4478 986 4544 interest,
1021 4493 1127 4531 non
1158 4476 1283 4548 quid
1313 4477 1559 4547 accipiat,
1602 4478 1695 4532 sed
1721 4478 1840 4548 quis

252 4571 506 4639 accipiat;
538 4585 638 4625 nec
657 4571 811 4640 quale
849 4570 919 4626 sit
945 4570 1086 4640 quod
1123 4569 1297 4635 datur,
1329 4570 1421 4626 sed
1447 4570 1619 4642 qualis
1639 4571 1705 4626 sit
1728 4572 1841 4642 ipse

251 4662 335 4714 cui
355 4660 535 4715 datur.
563 4660 693 4715 Nam
720 4671 773 4717 ct
792 4661 930 4716 bona
958 4661 1171 4726 obsunt,
1195 4670 1249 4717 et
1278 4661 1413 4716 mala
1438 4672 1679 4732 prosunt,
1702 4663 1841 4719 sicut

253 4752 445 4807 fuerint
482 4753 678 4823 quibus
733 4753 943 4807 dantur.
987 4752 1283 4821 Pri-catum,
1333 4754 1502 4824 inquit
1532 4756 1837 4827 Apostolus,

254 4854 307 4895 ut
328 4854 573 4915 appareat
622 4855 901 4916 peccatum,
942 4862 1035 4912 per
1081 4849 1265 4899 bonum
1311 4846 1436 4899 mihi
1478 4857 1743 4917 operatum
1769 4858 1841 4902 est

255 4936 659 5007 mortem(Rom.
693 4952 782 5004 vn,
818 4936 929 5008 I5).
964 4938 1102 4993 Ecce
1148 4953 1243 5007 per
1286 4937 1485 4993 bonum
1514 4937 1710 4994 factum
1760 4948 1843 4994 est

255 5028 471 5094 malum,
504 5027 631 5082 dum
654 5028 795 5084 male
823 5028 1079 5098 accipitur
1105 5029 1324 5084 bonum.
1349 5028 1583 5100 Itemque
1611 5030 1723 5101 ipse
1743 5031 1839 5099 ait,

260 5135 278 5167 ι
310 5118 361 5171 1η
389 5120 754 5191 magnitudine
799 5122 1186 5176 revelationum
1232 5137 1469 5177 mearum
1500 5138 1568 5177 ne
1592 5123 1838 5189 extollar,

258 5215 406 5268 datus
429 5223 515 5268 est
540 5212 670 5267 mihi
698 5214 944 5269 stimulus
984 5215 1164 5269 carnis
1188 5230 1341 5279 mete,
1374 5216 1591 5285 angelus
1642 5225 1841 5271 satana:

258 5307 343 5375 qui
365 5322 449 5362 me
473 5305 793 5376 eolaphizet.
810 5307 1035 5377 Propter
1056 5307 1198 5378 quod
1223 5316 1304 5362 ter
1325 5307 1604 5362 Dominum
1633 5308 1837 5378 rogavi,

260 5408 317 5450 ut
336 5397 571 5453 auferret
596 5414 718 5453 eum
741 5414 770 5452 a
802 5415 910 5462 me,
943 5409 997 5454 et
1017 5399 1152 5454 dixit
1175 5399 1303 5454 mihi
1331 5417 1344 5453 :
1374 5398 1580 5455 Sufﬁcit
1601 5399 1692 5454 tibi
1715 5415 1839 5470 gra-

260 5488 330 5541 tia
357 5503 503 5553 mea;
537 5504 659 5543 nam
686 5490 853 5545 virtus
875 5491 926 5544 in
960 5490 1265 5546 inﬁrmitate
1282 5490 1551 5560 perﬁcitur
1584 5508 1602 5541 ›
1638 5489 1837 5561 (IICor.

259 5595 348 5644 xu,
373 5580 661 5651 7-9).Ecee
694 5598 785 5651 per
833 5582 1026 5636 malum
1078 5582 1273 5636 factum
1330 5592 1409 5635 est
1451 5581 1669 5647 bonum,
1711 5581 1840 5635 dum

258 5670 389 5726 bene
414 5672 673 5742 accipitur
698 5673 915 5727 malum.
946 5674 1081 5741 Quid
1118 5689 1248 5744 ergo
1274 5674 1484 5728 miraris
1508 5672 1552 5727 si
1578 5672 1734 5727 datus
1761 5681 1842 5727 est

264 5761 405 5819 Iuda:
428 5766 581 5836 panis
601 5765 818 5832 Christi,
858 5782 952 5837 per
976 5783 1132 5837 quem
1161 5768 1553 5837 manciparetur
1588 5764 1836 5831 diabolo;

580 5858 807 5921 SANCT.
839 5866 1118 5921 AUGUST.
1159 5860 1242 5921 III

1345 294 1757 367 TRAC’I'A’I‘US
1792 292 1950 351 ιιιι.
1992 286 2220 347 CAPUT
2251 287 2392 347 XIII.

3386 304 3523 363 I80!

1945 425 2067 467 cum
2086 413 2268 470 videas
2290 430 2323 468 e
2348 414 2615 470 contrario
2642 412 2823 470 datum
2840 412 3004 471 Paulo
3025 414 3269 487 angelum
3300 416 3523 489 diaboli,

1942 518 2038 573 per
2065 520 2222 576 quem
2244 506 2588 577 perﬁceretur
2615 507 2668 562 in
2694 506 2942 563 Christo?
2968 508 3042 563 Ita
3068 519 3121 564 ct
3148 510 3289 566 malo
3319 512 3520 567 bonum

1941 595 2132 664 obfuit,
2159 605 2214 652 et
2241 598 2436 652 malum
2469 599 2609 654 bono
2642 599 2856 669 profuit.
2884 600 3254 657 Recordainini
3283 602 3425 657 unde
3454 602 3524 657 sit

1941 686 2219 757 scriptum,
2266 688 2575 762 Quicumque
2600 691 2972 746 manducauerit
2994 709 3194 762 panem,
3234 703 3325 747 aut
3349 693 3523 748 biberit

1942 776 2151 833 calicem
2190 777 2397 833 Domini
2423 781 2647 851 indigne,
2674 798 2788 837 reus
2827 784 2920 837 erit
2943 784 3167 855 corporis
3186 793 3231 838 et
3257 785 3519 856 sanguinis

1944 869 2149 924 Domini
2170 870 2213 941 (l
2239 868 2358 927 Cor.
2386 888 2462 936 ιι,
2486 872 2600 942 27).
2621 874 2686 928 Et
2701 874 2767 929 de
2785 873 2867 929 his
2896 884 3008 930 erat
3038 891 3237 941 sermo,
3265 891 3388 931 cum
3419 875 3523 932 hoc

1941 962 2230 1031 Apostolus
2250 962 2473 1030 diceret,
2516 964 2608 1035 qui
2636 965 2842 1022 Domini
2866 984 3061 1039 corpus
3090 969 3238 1024 velut
3264 969 3427 1023 alium
3446 971 3523 1025 cl-

1942 1051 2068 1108 bum
2098 1054 2389 1125 quemlibet
2413 1055 2705 1113 indiscrete
2751 1059 3187 1130 negligenterque
3216 1060 3518 1117 sumebant.

1942 1143 2039 1200 Hie
2064 1160 2191 1217 ergo
2213 1146 2256 1200 si
2286 1147 2573 1217 corripitur
2597 1149 2686 1218 qui
2719 1166 2824 1205 non
2850 1150 3124 1222 dijudieat,
3156 1153 3258 1208 hoc
3276 1160 3383 1221 est,
3414 1169 3522 1210 non

1908 1236 2197 1297 ,discernit
2243 1255 2274 1294 a
2319 1242 2529 1295 exteris
2577 1242 2712 1297 cibis
2764 1244 3097 1301 Dominicum
3140 1261 3369 1317 corpus;
3412 1261 3522 1319 quo

1941 1330 2102 1385 modo
2152 1330 2437 1387 damnatur
2468 1335 2483 1365 ³
2506 1335 2595 1404 qui
2636 1334 2704 1389 ad
2738 1337 2855 1399 ejus
2898 1353 3136 1392 mensam
3165 1337 3369 1409 ﬁngem
3383 1337 3522 1394 ami-

1941 1436 2085 1489 cum,
2117 1423 2319 1478 accedit
2342 1424 2700 1482 inimicus?Si
2729 1427 3145 1497 reprehensione
3171 1430 3399 1501 tangitur
3424 1444 3525 1486 ne-

1940 1512 2191 1584 gligentia
2231 1517 2582 1583 convivantis,
2633 1533 2736 1589 qua
2764 1533 2919 1589 ptena
2957 1519 3250 1590 percutitur
3276 1517 3524 1576 venditor

1942 1604 2248 1660 invitantis?
2278 1607 2411 1674 Quid
2440 1616 2557 1663 erat
2575 1618 2753 1664 autem
2783 1610 2933 1679 panis
2954 1610 3195 1667 traditori
3224 1609 3398 1680 datus,
3421 1611 3526 1666 nisi

1941 1695 2331 1752 demonstratio
2361 1700 2445 1754 cui
2470 1701 2654 1771 grati-.e
2686 1700 2872 1756 fuisset
2892 1701 3161 1771 ingratus?

2010 1788 2067 1843 2.
2115 1792 2329 1846 Intravit
2382 1809 2509 1864 ergo
2534 1804 2655 1864 post
2692 1793 2835 1849 hunc
2866 1810 3056 1865 panem
3088 1804 3300 1851 satanas
3343 1795 3528 1853 inDo-

1942 1882 2072 1937 mini
2104 1882 2439 1952 traditorem,
2468 1895 2525 1941 ut
2554 1885 2658 1941 sibi
2692 1886 2804 1955 jam
2852 1888 3099 1943 traditum
3121 1887 3331 1957 plenius
3351 1877 3529 1960 possi-

1941 1974 2112 2042 deret,
2147 1976 2198 2031 in
2222 1993 2379 2047 quem
2423 1978 2568 2048 prius
2591 1978 2884 2033 intraverat
2926 1987 2985 2033 ut
3012 1979 3304 2049 deciperet.
3343 1979 3531 2053 Neque

1942 2066 2084 2121 enim
2118 2082 2224 2122 non
2248 2069 2300 2122 in
2331 2069 2418 2123 illo
2448 2079 2565 2124 erat
2595 2070 2807 2140 quando
2847 2072 3081 2141 perrexit
3099 2072 3165 2126 ad
3190 2071 3423 2143 Iudaeos,
3473 2082 3530 2131 et

1942 2158 2010 2214 de
2034 2162 2204 2230 pretio
2228 2161 2469 2216 tradendi
2502 2162 2710 2217 Domini
2746 2173 2932 2234 pactus
2949 2174 3054 2229 est,
3086 2180 3207 2221 cum
3233 2164 3349 2222 haec
3372 2182 3531 2237 aper-

1942 2253 2149 2309 tissime
2193 2253 2367 2309 Lueas
2394 2255 2719 2327 evangelista
2749 2266 2971 2312 testetur
2999 2267 3054 2315 et
3092 2258 3236 2313 dicat
3265 2277 3278 2313 :
3312 2259 3530 2315 Intravit

1940 2356 2109 2400 autem
2134 2358 2341 2402 satanas
2392 2350 2445 2403 in
2481 2347 2695 2415 Iudam,
2718 2351 2802 2419 qui
2830 2352 3278 2423 cognominabatur
3306 2351 3531 2407 Iscario—

1941 2447 2037 2503 tes,
2073 2455 2233 2492 unum
2263 2439 2328 2494 de
2372 2440 2673 2506 duodecim;
2719 2450 2767 2494 et
2790 2442 2931 2507 abiit,
2986 2452 3031 2495 et
3062 2442 3256 2497 locutus
3303 2451 3375 2497 est
3415 2460 3530 2497 cum

1942 2532 2252 2602 principibus
2299 2532 2618 2587 sacerdotum
2660 2532 2814 2604 (Luc.
2845 2549 2979 2600 xm,
3009 2536 3110 2590 5et
3138 2533 3215 2609 4).
3252 2536 3389 2592 Ecce
3441 2536 3531 2592 ubi

1939 2624 2240 2681 ostenditur
2284 2624 2427 2695 quod
2465 2624 2578 2695 jam
2624 2624 2914 2682 intraverat
2959 2634 3174 2681 satanas
3212 2626 3264 2681 in
3308 2626 3525 2682 Iudam.

1940 2716 2094 2772 Prius
2121 2733 2247 2789 ergo
2268 2718 2583 2782 intraverat,
2614 2718 2949 2774 immittenda
2977 2719 3028 2773 in
3058 2734 3151 2775 eor
3175 2720 3293 2790 ejus
3322 2722 3527 2792 cogita-

1943 2811 2144 2865 tionem
2163 2825 2265 2880 qua
2294 2808 2526 2866 traderet
2566 2810 2837 2867 Christum
2872 2828 2886 2865 :
2917 2811 3037 2867 talis
3064 2812 3205 2867 enim
3224 2813 3336 2883 jam
3361 2828 3528 2869 vene-

1941 2908 2025 2956 rat
2050 2900 2116 2956 ad
2145 2903 2485 2958 ccenandum.
2524 2902 2676 2959 Nune
2701 2912 2878 2959 autem
2926 2914 3047 2974 post
3071 2920 3261 2975 panem
3305 2906 3524 2964 intravit

1941 2997 1995 3051 in
2021 3011 2165 3063 eum,
2194 3012 2298 3052 non
2325 3006 2386 3053 ut
2414 2998 2592 3054 adhuc
2639 2999 2877 3056 alienum
2928 3010 3178 3070 tentaret,
3202 3002 3298 3060 sed
3316 3012 3381 3059 ut
3401 3019 3529 3076 pro-

1941 3090 2115 3163 prium
2143 3090 2459 3160 possideret.

1946 3222 1947 3229 η
2013 3181 2066 3236 3.
2107 3178 2221 3235 Non
2253 3189 2452 3248 autem,
2473 3189 2528 3236 ut
2549 3190 2739 3252 putant
2761 3182 2975 3252 quidam
2993 3184 3321 3256 negligenter
3347 3185 3530 3258 legen-

1942 3279 2044 3339 tes,
2075 3277 2202 3327 tunc
2224 3270 2390 3327 Iudas
2414 3270 2613 3327 Christi
2649 3288 2844 3345 corpus
2869 3275 3094 3345 accepit.
3124 3273 3529 3349 Intelligendum

1941 3374 2025 3420 est
2044 3364 2186 3421 enim
2215 3364 2356 3435 quod
2378 3364 2488 3435 jam
2519 3366 2767 3423 omnibus
2801 3368 2881 3423 eis
2904 3368 3249 3426 distribuerat
3278 3371 3534 3429 Dominus

1942 3457 2344 3515 Sacramentum
2390 3460 2633 3530 corporis
2682 3469 2736 3516 et
2772 3462 3044 3533 sanguinis
3090 3464 3193 3531 sui,
3223 3463 3310 3518 ubi
3338 3472 3393 3519 et
3418 3464 3534 3535 ipse

1943 3550 2109 3607 Iudas
2133 3560 2268 3616 erat,
2300 3552 2437 3606 sicut
2464 3560 2683 3607 sanctus
2717 3551 2888 3607 Lucas
2912 3553 3309 3610 evidentissime
3354 3563 3534 3610 narrat

1945 3642 2132 3712 (Ibid.,
2163 3642 2349 3715 I9-21)
2383 3660 2396 3695 :
2428 3659 2491 3699 ac
2513 3644 2703 3699 deinde
2732 3645 2797 3699 ad
2829 3646 2929 3699 hoc
2949 3655 3164 3700 ventum
3189 3655 3289 3709 est,
3323 3647 3411 3701 ubi
3440 3662 3532 3702 se-

1944 3734 2173 3790 cundum
2193 3735 2552 3790 narrationem
2574 3733 3143 3804 Joannis'apertissimc
3158 3736 3416 3791 Dominus
3438 3752 3532 3807 per

1944 3826 2237 3881 buccellam
2286 3826 2502 3880 tinctam
2548 3836 2705 3895 atque
2745 3836 3040 3895 porrectam
3086 3842 3242 3881 suum
3284 3827 3535 3897 exprimit

1947 3916 2276 3983 traditorem,
2306 3916 2547 3971 fortassis
2568 3932 2663 3987 per
2685 3918 2834 3987 panis
2861 3917 3169 3973 tinctionem
3194 3919 3335 3975 illius
3370 3920 3533 3991 signi-

1947 4008 2111 4063 ﬁcans
2137 4008 2402 4063 ﬁctionem
2424 4009 2469 4065 ³.
2498 4006 2614 4063 Non
2657 4008 2799 4063 enim
2848 4010 3024 4064 omnia
3066 4026 3185 4080 qua:
3239 4012 3532 4083 tinguntur,

1946 4100 2270 4165 abluuntur;
2299 4099 2395 4155 sed
2426 4107 2483 4153 ut
2509 4099 2833 4167 inﬁciantur,
2863 4100 3115 4156 nonnulla
3138 4102 3429 4171 tinguntur.
3477 4101 3536 4160 Si

1946 4201 2123 4247 autem
2147 4191 2343 4246 lionum
2362 4190 2562 4261 aliquid
2584 4191 2669 4246 hic
2689 4192 2948 4262 signilieat
2973 4192 3176 4259 tinetio,
3199 4194 3373 4250 eidem
3391 4195 3535 4252 bono

1948 4291 2213 4363 Ingratum
2240 4308 2345 4347 non
2375 4290 2641 4346 immerito
2670 4301 2752 4346 est
2777 4299 2955 4345 secuta
2986 4290 3277 4347 damnatio.

2016 4386 2071 4441 4.
2111 4384 2300 4440 Adhuc
2336 4393 2515 4441 tamen
2556 4382 2707 4439 Iudae
2753 4397 3021 4453 possessu,
3067 4399 3173 4438 non
3222 4399 3253 4439 a
3283 4384 3532 4455 Domino,

1948 4476 2042 4531 sed
2071 4491 2101 4530 a
2126 4475 2360 4542 diabolo,
2389 4491 2509 4531 cum
2540 4474 2740 4530 homini
2769 4475 2976 4545 ingrato
3003 4476 3253 4532 intrasset
3295 4477 3449 4547 panis
3474 4477 3534 4533 in

1950 4575 2209 4634 ventrem,
2229 4565 2461 4621 hostisin
2482 4574 2715 4623 mentem
2740 4584 2753 4619 :
2781 4566 2973 4628 adhuc,
2993 4567 3230 4638 inquam,
3258 4570 3385 4625 tanti
3406 4568 3536 4624 mali

1945 4658 2052 4729 jam
2081 4657 2245 4713 corde
2291 4657 2535 4727 concepti
2583 4656 2770 4727 plenus
2819 4659 3050 4713 restabat
3092 4658 3333 4728 effectus,
3378 4659 3533 4732 cujus

1944 4750 2053 4821 jam
2103 4760 2446 4821 prmcesserat
2493 4748 2826 4805 damnandus
2879 4750 3123 4808 alfectus.
3180 4752 3361 4824 Itaque
3411 4768 3537 4810 cum

1952 4845 2207 4898 Dominus
2254 4843 2406 4913 panis
2460 4842 2608 4897 vivus
2638 4858 2829 4914 panem
2863 4854 3072 4899 mortuo
3109 4846 3437 4914 tradidisset,
3482 4856 3543 4903 et

1954 4952 2141 5006 panem
2160 4934 2423 4990 tradendo
2449 4936 2600 5005 panis
2641 4935 2949 4990 traditurem
2989 4937 3313 4993 ostendisset
3342 4954 3356 4991 :
3388 4937 3541 5004 Quod

1954 5030 2099 5100 facis,
2132 5027 2322 5097 inquit,
2364 5032 2446 5099 fac
2493 5027 2663 5083 citius.
2698 5027 2810 5082 Non
2852 5031 3105 5099 prmcepit
3160 5030 3393 5098 facinus;
3438 5031 3538 5088 sed

1950 5120 2195 5191 praedixit
2218 5118 2367 5174 Iuda:
2392 5119 2610 5185 malum,
2640 5119 2793 5173 nobis
2819 5119 3037 5175 bonum.
3061 5120 3197 5189 Quid
3224 5122 3365 5176 enim
3386 5120 3539 5178 Iudas

1953 5215 2127 5287 pejus,
2161 5223 2214 5269 et
2238 5213 2365 5284 quid
2393 5213 2548 5267 nobis
2582 5212 2774 5268 melius
2801 5228 2960 5283 quam
3000 5213 3223 5267 traditus
3271 5212 3567 5280 Christus..

1950 5309 2018 5363 ab
2044 5309 2136 5363 illo
2159 5307 2416 5362 adversus
2440 5306 2609 5374 illum,
2637 5322 2736 5379 pro
2776 5307 2929 5361 nobis
2955 5316 3148 5375 pmter
3188 5306 3366 5360 illum?
3389 5305 3541 5373 Quod

1952 5402 2099 5472 facis,
2149 5403 2231 5472 fac
2253 5400 2420 5454 citius.
2469 5398 2513 5454 Ο
2552 5399 2771 5454 verbum
2818 5399 3068 5473 libentius
3120 5399 3325 5468 parati,
3375 5415 3537 5471 quam

1952 5493 2099 5547 irati!
2132 5491 2402 5548 overbum
2432 5507 2537 5545 non
2572 5501 2677 5545 tam
2711 5506 2920 5561 poenam
2958 5492 3266 5561 exprimens
3303 5493 3543 5564 prodito-

2016 5678 2033 5717 ,
2056 5646 2129 5717 sic
2145 5658 2317 5717 mnes
2335 5652 2442 5696 Mss.
2469 5652 2523 5717 A_t
2543 5646 2679 5717 editi,
2704 5644 2940 5717 quomodo
2960 5657 3053 5717 non
3075 5644 3349 5697 (immatur.

1952 5715 2035 5820 π’
2057 5716 2181 5820 115%.,
2197 5707 2440 5818 plerique,
2474 5707 2727 5772 [actionem
2768 5720 2786 5757 :
2817 5709 2976 5757 minus
3012 5708 3162 5769 bene,
3202 5718 3257 5760 ut
3297 5716 3435 5775 ραυι
3472 5721 3541 5764 ex

2012 5785 2067 5821 ac
2094 5806 2106 5820 .
2194 5806 2208 5833 ,
2234 5787 2282 5820 ιι.
2344 5807 2356 5819 .

2634 5856 2707 5937 (C
2722 5858 3181 5937 imitante-sep!
3198 5860 3237 5936 λ
