4102 6468
506 310 670 370 ηοδ·

505 431 600 494 ris,
632 445 792 502 quam
832 429 1132 488 mercedem
1177 429 1481 503 significans
1516 430 1923 502 Redemptoris!
1950 431 2096 486 Dixit

505 525 668 590 enim,
705 523 855 590 Quod
877 525 1025 597 facis,
1076 525 1158 595 {ac
1190 525 1354 589 citius,
1411 533 1651 580 nontam
1705 525 1756 578 in
1807 523 2094 595 perniciem

505 617 693 689 perﬁdi
749 618 1036 684 smviendo,
1087 633 1242 688 quam
1284 617 1349 672 ad
1388 618 1610 672 salutem
1655 616 1889 672 fidelium
1943 617 2094 672 festi-

505 711 713 777 nando;
737 713 858 782 quia
887 713 1109 767 traditus
1131 722 1211 766 est
1243 720 1460 781 propter
1484 709 1673 766 delicta
1703 723 1880 766 nostra
1915 707 2091 784 (llam.

504 820 575 871 tv,
605 804 721 874 ‘25),
751 813 803 859 ct
823 792 1004 859 dilexit
1032 803 1350 872 Ecclesiam,
1389 813 1441 859 et
1483 805 1832 874 semetipsum
1883 793 2094 859 tradidit

502 905 599 965 pro
620 910 684 950 ea
713 895 927 967 (Ephes.
960 910 1012 960 v,
1040 895 1158 962 25).
1198 880 1348 952 Unde
1373 904 1428 950 et
1476 896 1542 951 de
1569 895 1746 966 seipse
1775 896 1903 951 dicit
1947 897 2091 967 Apo-

416 1057 420 1064 '
501 987 670 1041 stolns
712 1005 727 1042 :
785 988 887 1053 Qui
925 988 1101 1042 dilexit
1143 1005 1240 1054 me,
1284 996 1331 1042 et
1376 989 1582 1042 tradidit
1607 991 1826 1060 seipsum
1874 1007 1966 1059 pro
2017 1006 2094 1044 me

501 1083 698 1153 (Halat.
724 1099 778 1150 n,
809 1083 925 1156 ΞΟ).
957 1083 1066 1140 Nisi
1095 1101 1222 1157 ergo
1255 1102 1313 1142 se
1353 1087 1585 1143 traderet
1623 1087 1893 1153 Christus,
1935 1102 2091 1142 nemo

501 1177 737 1233 traderet
761 1177 1051 1233 Christum.
1082 1179 1219 1247 Quid
1249 1179 1405 1235 habet
1432 1179 1615 1242 Judas,
1649 1179 1748 1234 nisi
1781 1178 2091 1250 peceatum?

496 1269 682 1342 Neque
727 1271 868 1326 enim
918 1271 968 1326 In
1017 1273 1274 1328 tradendo
1325 1274 1539 1329 Christo
1578 1274 1803 1329 salutem
1854 1271 2089 1328 nostram

495 1363 774 1434 cogitavit,
809 1375 1027 1436 propter
1051 1381 1209 1437 quam
1243 1367 1465 1423 traditus
1483 1376 1565 1422 cst
1588 1365 1850 1430 Christus,
1875 1366 1966 1420 sed
1995 1382 2090 1421 co-

495 1455 681 1524 gitavit
705 1459 947 1528 pecunia:
978 1458 1203 1526 lucrum,
1251 1470 1304 1515 et
1336 1459 1536 1515 invertit
1562 1460 1754 1514 animae
1792 1443 2089 1514 detriment?-

497 1555 629 1603 tum.
660 1548 881 1621 Aeccplt
912 1549 1213 1606 mercedem
1243 1567 1400 1622 quam
1438 1550 1624 1612 voluit,
1659 1550 1752 1606 sed
1783 1549 1981 1604 nolenti
2007 1557 2090 1604 est

493 1635 616 1694 data
647 1656 805 1711 quam
839 1643 1055 1698 meruit.
1083 1643 1319 1698 Tradidit
1347 1642 1513 1698 .Iudas
1545 1642 1837 1707 Christum,
1874 1641 2087 1696 tradidit

491 1731 738 1814 Christus
762 1737 996 1808 seipsum
1029 1755 1041 1790 :
1068 1737 1155 1792 ille
1197 1737 1665 1808 agebat-negotium
1695 1751 1805 1792 sum
1837 1731 2088 1792 venditio-

490 1828 597 1896 nis,
628 1819 949 1884 iste'nostrze
986 1829 1394 1901 redemptionis.
1428 1829 1578 1898 Quod
1615 1831 1760 1900 facis,
1790 1833 1871 1900 [ac
1900 1829 2082 1898 citius,

489 1917 598 1976 noti
649 1923 772 1994 quia
811 1934 866 1979 tu
913 1933 1086 1996 potes,
1138 1907 1230 1981 sed
1297 1925 1416 1999 quia
1460 1921 1561 1981 hoc
1613 1925 1720 1978 vult
1761 1923 1853 1996 qui
1915 1932 2084 1979 totum

488 2009 687 2084 potest.
1307 2013 1310 2016 ’
1927 2007 1930 2014 ’

561 2093 616 2164 5.
661 2105 775 2163 Hoc
800 2119 966 2163 autent
1017 2126 1163 2164 nemo
1216 2109 1358 2182 scirit
1391 2107 1809 2164 discumbentium
1856 2105 1925 2161 ad
1962 2107 2084 2176 quid

487 2197 671 2253 dixerit
700 2199 766 2254 ei.
804 2195 1026 2269 Quidam
1054 2201 1184 2256 cnim
1215 2202 1478 2272 putabant,
1515 2201 1634 2272 quia
1663 2201 1852 2254 (oculos
1875 2197 2085 2256 [iubebat

484 2281 673 2359 ludas,
701 2283 819 2365 quia
837 2293 955 2349 dicit
979 2294 1025 2348 ei
1046 2294 1218 2361 Jesus,
1250 2293 1373 2348 I'Ime
1395 2312 1452 2349 ea
1473 2311 1586 2365 qua:
1631 2310 1759 2365 opus
1782 2300 1898 2346 sunt
1942 2292 2083 2346 nobis

485 2385 557 2440 ad
585 2384 728 2439 diem'
748 2387 926 2457 festum
944 2403 963 2452 ;
991 2396 1078 2440 aut
1109 2386 1277 2457 egenis
1315 2395 1366 2440 ut
1406 2385 1601 2451 aliquid
1626 2384 1788 2439 daret.
1847 2382 2084 2437 Habebat

485 2489 614 2550 ergo
635 2471 689 2530 et
718 2475 972 2531 Dominus
999 2475 1222 2542 loculos,
1251 2485 1312 2555 et.
1331 2492 1360 2530 a
1395 2473 1638 2531 fidelibus
1659 2474 1833 2529 oblata
1861 2488 2084 2530 conser-

484 2569 635 2633 vans,
668 2573 722 2622 ct
745 2581 962 2622 suorum
991 2567 1398 2623 necessitatibus
1448 2573 1502 2626 et
1551 2566 1667 2622 aliis
1718 2565 2079 2638 indigentibus

484 2645 774 2715 tribuebat.
805 2659 952 2715 Tunc
975 2661 1204 2730 primqu
1236 2649 1610 2715 echeSiasticre
1633 2659 1871 2730 pecunia:
1909 2656 2077 2715 farina

484 2749 859 2818 est'instituta,
891 2751 978 2805 ubi
1021 2751 1444 2821 intelligercmns
1481 2749 1622 2826 quod
1671 2749 1924 2824 pr;ecepit
1970 2765 2076 2804 non

481 2837 821 2914 cogitandum
853 2859 972 2899 esse
997 2841 1064 2899 de
1089 2846 1322 2899 crastino
1356 2843 1584 2915 (Matth.
1618 2860 1691 2910 v1,
1720 2844 1832 2914 54),
1864 2860 1968 2898 ιιοιι
2011 2841 2081 2899 ad

479 2934 586 2990 hoc
606 2934 769 2990 fuisse
806 2945 1153 3006 praeceptum,
1199 2947 1255 2989 ut
1301 2935 1430 2991 nihil
1487 2936 1724 3007 pecunia:
1760 2945 2003 2990 servetur
2047 2951 2076 2990 a

478 3025 714 3092 sanctis;
761 3026 856 3082 sed
900 3043 966 3082 ne
996 3027 1105 3082 Deo
1133 3039 1228 3098 pro
1271 3028 1382 3082 ista
1429 3027 1710 3094 serviatur,
1761 3037 1814 3083 et
1858 3037 2077 3102 propter

477 3117 673 3190 inopia:
704 3120 946 3176 timorem
969 3120 1174 3192 jnstitia
1217 3121 1518 3177 deseratur.
1548 3122 1676 3175 Nam
1697 3111 1758 3176 'ct
1791 3120 2074 3190 Apostolus

478 3211 538 3268 in
565 3220 836 3283 posterum
881 3215 1185 3286 providens,
1219 3217 1294 3271 ait
1330 3235 1340 3270 :
1379 3216 1441 3272 Si
1463 3218 1572 3286 quis
1611 3216 1778 3287 ﬁdelis
1820 3216 1964 3271 habet
1997 3216 2073 3284 ei-
2143 3283 2145 3286 q

478 3305 630 3373 duas,
663 3303 966 3377 sufﬁcienter
987 3300 1172 3380 tribuat
1203 3310 1294 3374 eis,
1324 3318 1378 3362 ut
1409 3327 1507 3363 non
1548 3313 1782 3382 gravetur
1822 3293 2070 3376 Ecclesia,

477 3413 580 3470 quo
604 3400 733 3454 veris
763 3399 923 3454 viduis
944 3387 1166 3471 sufﬁcere
1191 3403 1343 3471 possit
1373 3400 1393 3476 (
1420 3401 1441 3457 ι
1471 3381 1603 3456 Tim.
1638 3419 1692 3470 v,
1725 3401 1791 3458 10
1816 3381 1855 3475 )..

551 3490 606 3546 6.
648 3490 772 3546 Cum
791 3508 908 3564 ergo
934 3494 1208 3558 accepisset
1234 3487 1318 3547 ille
1335 3494 1636 3560 buccellam,
1666 3495 1783 3549 exiit
1809 3489 2066 3552 centiuuo.

477 3581 609 3640 Erat
637 3593 807 3638 autem
858 3584 1068 3640 nox.Et
1119 3587 1230 3656 ipse
1258 3585 1573 3656 qni‘exivit,
1605 3596 1721 3642 erat
1763 3603 1888 3644 nox.
1943 3587 2070 3642 Cum

475 3695 597 3751 ergo
623 3677 804 3735 exisset
835 3693 959 3744 nox,
981 3680 1050 3733 ait
1078 3678 1229 3735 Jesus
1249 3697 1266 3734 :
1287 3679 1438 3734 Nunc
1466 3681 1775 3750 clari/icatus
1802 3692 1872 3736 cst
1906 3680 2069 3736 Filius

473 3765 713 3826 hominis.
765 3765 887 3826 Dies
937 3788 1063 3843 ergo
1113 3771 1217 3826 diei
1259 3767 1521 3827 eructavit
1567 3772 1808 3840 verbum,
1862 3771 1912 3827 id
1963 3781 2065 3848 est,

471 3862 720 3921 Christus
750 3863 1022 3934 discipulis
1041 3865 1304 3930 fidelibus,
1331 3877 1384 3920 ut
1406 3865 1646 3920 audirent
1666 3883 1808 3931 eum,
1838 3875 1890 3921 ct
1919 3883 2064 3921 ama-

476 3951 604 4013 rent.
643 3959 1040 4029 sequendozct
1084 3977 1185 4013 nox
1241 3959 1384 4014 nocti
1434 3959 1764 4018 amnnniavit
1791 3953 2066 4036 scientiam

473 4047 647 4119 (Psal.
668 4065 816 4116 xvnt,
837 4052 916 4122 5),
942 4051 991 4106 id
1010 4059 1112 4117 est,
1130 4049 1292 4105 .Iudas
1328 4050 1522 4106 Judmis
1542 4051 1859 4118 infidelibus,
1893 4061 1951 4122 nt
1977 4039 2070 4106 vc?

473 4144 654 4198 nircnt
679 4142 743 4200 ad
775 4159 915 4210 cum,
948 4153 1000 4200 et
1035 4144 1497 4217 apprehenderent
1539 4131 1927 4230 persequendo.
1959 4131 2068 4218 Sed

471 4227 584 4306 jani
615 4235 739 4292 hinc
764 4237 817 4292 in
844 4252 1144 4293 sermonem
1171 4236 1400 4303 Domini,
1423 4236 1512 4306 qui
1541 4227 1708 4291 Iactus
1726 4227 1806 4292 est
1833 4237 1896 4291 ad
1930 4237 2064 4312 pios,

473 4339 758 4402 antequam
812 4341 1084 4387 teneretur
1125 4330 1192 4384 ab
1247 4328 1440 4399 impiis,
1500 4328 1753 4402 intentior
1803 4330 2070 4406 "agitatur

471 4415 725 4492 auditor;
748 4433 802 4480 et
828 4421 949 4481 ideo
969 4440 1091 4480 cum
1124 4422 1459 4495 praecipitare
1485 4438 1590 4480 non
1620 4422 1798 4490 debet,
1827 4423 1922 4480 sed
1965 4423 2068 4480 dif-

471 4515 816 4600 ferre‘p'otlus
843 4514 1159 4588 disputator.

599 4607 608 4620 '
653 4611 656 4614 ’
749 4611 774 4616 ”
961 4605 1372 4665 TRACTATUS
1398 4607 1582 4665 LXIII.

469 4700 552 4758 De
577 4689 634 4757 eo
663 4702 800 4773 quod
825 4698 1074 4755 Dominus
1113 4702 1202 4767 ait,
1233 4701 1384 4756 Nune
1414 4701 1733 4757 clariticatus
1773 4709 1856 4758 est
1903 4700 2066 4756 Filius

453 4845 460 4864 ,
541 4781 811 4860 hominis;
845 4791 1084 4863 usquead
1112 4792 1186 4855 id,
1211 4793 1274 4848 Et
1299 4793 1558 4848 continuo
1580 4791 1892 4849 clarificabit
1914 4808 2061 4849 cum.

453 4875 461 4962 f.
544 4889 672 4959 (up.
706 4881 822 4960 sui,
864 4885 898 4958 ᾗ
938 4885 1124 4962 7.51,
1157 4885 1246 4942 5:2.

452 4951 460 5012 ³
545 4951 987 5036 itdutendainds
1031 4979 1232 5034 mentis
1262 4978 1524 5044 obtutum,
1553 4989 1605 5035 ct
1634 4979 1921 5054 adjuvante
1960 4979 2068 5034 Do-

469 5059 863 5150 mino,'Dcinn
915 5073 1266 5146 requiramus.
1327 5073 1498 5128 Divini
1564 5071 1751 5129 cantici
1811 5089 1909 5128 vox
1950 5082 2063 5143 est,

475 5155 913 5232 Qudtrite'Deum,
933 5176 976 5220 et
1006 5163 1128 5220 vivet
1151 5166 1324 5219 animo
1342 5176 1502 5220 vestra
1531 5161 1702 5235 (Paul.
1740 5182 1926 5233 vant,
1951 5166 2065 5236 55),

472 5258 788 5326 Qumramus
834 5251 1232 5323 inveniendum,
1285 5245 1585 5328 quatramus
1653 5255 1949 5312 inventum.
1996 5255 2068 5313 Ut

473 5333 830 5406 inveniendus
899 5345 1190 5420 qualralur,
1250 5349 1490 5406 occultus
1543 5357 1656 5414 est;
1716 5359 1772 5403 nt
1823 5350 2068 5404 inventus

474 5445 766 5516 quaeratur,
803 5443 1096 5497 immensus
1137 5449 1236 5496 est.
1266 5438 1419 5496 Unde
1439 5439 1562 5494 alibi
1585 5439 1797 5505 dicitur,
1848 5440 2069 5507 Qutrrile

473 5537 657 5613 [aciem
686 5539 795 5610 ejus
823 5553 1018 5607 semper
1045 5531 1215 5609 (Psal.
1239 5537 1346 5601 civ,
1374 5534 1451 5603 4).
1473 5532 1797 5590 Satiatenim
1819 5549 2066 5605 qureren-

472 5642 582 5689 tem
614 5634 667 5689 in
704 5641 960 5704 quantum
1011 5628 1191 5698 capit;
1231 5636 1288 5685 et
1324 5626 1682 5683 invenientem
1733 5627 2066 5698 capaciorem

473 5721 602 5784 facit
655 5733 714 5783 ut
754 5739 938 5781 rursus
993 5730 1199 5794 quaerat
1250 5720 1528 5790 impleri‘,
1588 5721 1676 5777 ubi
1715 5720 1831 5794 plus
1876 5735 2067 5795 capere

579 5844 652 5894 slc
672 5839 856 5906 aliquot
879 5847 984 5906 uss.
1008 5845 1064 5890 At
1077 5835 1216 5898 Editt,
1235 5834 1451 5901 implere.

1429 310 1497 371 IN
1533 283 1812 400 manuus
1849 282 2318 376 evincebant,
2360 310 2415 368 s.
2459 283 2826 372 anausim

2209 430 2450 500 emperit.
2483 432 2594 488 Non
2625 450 2749 506 ergo
2776 435 2844 492 ita
2875 437 3070 493 dictum
3100 446 3198 502 est,
3235 439 3456 510 Qumm’le
3483 446 3664 542 {aciem
3685 466 3800 520 (3in

2205 523 2416 595 semper,
2447 529 2888 596 quemadmodum
2909 530 2972 587 de
3000 532 3338 602 quibusdam.
3366 523 3578 610 Semper
3598 527 3800 596 discen-Q

2203 625 2294 679 tes,
2355 627 2401 700 et
2451 619 2522 672 ad
2567 623 2825 676 scientiam
2877 625 3103 680 t'eritatis‘
3147 644 3404 696 nunquam
3461 627 3797 704 pervenientes

2203 709 2278 778 (II
2313 710 2440 764 Tim.
2479 730 2553 780 tu,
2587 714 2642 787 7)
2687 716 2820 776 :sed
2876 719 3049 787 potius
3082 720 3220 780 sicut
3272 722 3358 778 ille
3383 725 3476 792 ait,
3521 725 3646 780 Cum
3671 744 3796 782 cono

2199 807 2518 860 summoverit
2541 805 2706 873 homo,
2741 820 2857 862 tunc
2877 811 2974 864 iuci
2981 812 3050 878 pit
3074 812 3092 882 (
3119 811 3280 868 Iferli.
3308 831 3457 877 xvtu,
3487 815 3519 872 6
3547 825 3584 882 )1
3617 819 3796 876 donec

2199 895 2262 948 ad
2305 895 2448 950 illam
2479 899 2636 953 vitam
2666 901 2958 967 veniamus,
3007 901 3092 957 ubi
3122 920 3198 959 sic
3252 907 3586 974 impleantur,
3621 922 3675 964 nt
3707 925 3797 965 ca-

2200 987 2439 1056 paciores
2467 1004 2568 1056 non
2619 990 2936 1060 efficiamur,
2972 995 3093 1065 quia
3120 995 3188 1048 ita
3219 995 3438 1066 perfecti
3481 999 3702 1063 erimus,
3740 1011 3797 1056 ut

2193 1079 2302 1150 jam
2335 1095 2440 1134 non
2499 1085 2856 1154 proficiamus.
2899 1083 3048 1143 Tunc
3094 1086 3236 1142 enim
3276 1092 3592 1147 ostendetur
3641 1096 3795 1150 udus

2197 1175 2336 1244 quod
2365 1175 2561 1231 sufficit
2590 1179 2762 1234 nobis.
2800 1180 2894 1236 llic
2923 1193 3099 1236 autem
3128 1199 3342 1253 semper
3389 1201 3710 1256 quaeramus,
3742 1198 3799 1242 et

2199 1267 2399 1323 fruetus
2443 1269 2762 1326 inventionis
2792 1288 2896 1328 non
2933 1274 3002 1328 sit
3030 1275 3148 1329 linis
3179 1275 3554 1346 inquisitionis.
3609 1277 3795 1352 Neque

2197 1359 2336 1414 enim
2395 1373 2674 1432 propterea
2732 1379 2837 1419 non
2863 1381 3096 1438 semper,
3122 1367 3241 1438 quia
3292 1367 3376 1424 hic
3413 1375 3648 1438 tantum;
3696 1373 3791 1427 sed

2196 1441 2316 1506 ideo
2345 1452 2430 1509 hic
2470 1469 2683 1524 semper
2722 1456 2948 1513 dicimus
2979 1474 3099 1514 esse
3153 1461 3523 1532 qumrendum,
3583 1479 3649 1519 ne
3696 1465 3790 1519 ati-

2195 1544 2408 1613 quando
2433 1545 2514 1601 hic
2539 1555 2785 1618 putemus
2806 1548 2873 1602 ab
2905 1550 3248 1622 inquisitione
3295 1553 3632 1608 cessandum.
3660 1554 3793 1610 Nam

2194 1646 2247 1690 et
2272 1636 2338 1690 de
2365 1639 2558 1708 quibus
2585 1639 2782 1696 dictum
2810 1650 2913 1710 est,
2940 1642 3154 1714 Semper
3185 1644 3456 1714 discentes,
3499 1657 3546 1701 et
3569 1645 3636 1700 ad
3665 1648 3793 1702 reri—

2193 1730 2310 1783 tatis
2336 1728 2598 1784 serentium
2643 1749 2900 1802 nunquam
2928 1735 3266 1804 pervenientes
3292 1754 3309 1803 ;
3344 1736 3429 1792 hic
3454 1748 3577 1793 sunt
3606 1739 3792 1814 utique

2194 1835 2406 1891 semper
2433 1822 2735 1892 discentes;
2766 1840 2886 1882 cum
2915 1843 3042 1882 vero
3066 1827 3133 1883 de
3165 1827 3264 1884 hac
3284 1829 3387 1884 vita
3415 1830 3661 1897 exierint,
3676 1823 3789 1902 iam

2195 1929 2300 1966 non
2331 1923 2488 1969 erunt
2514 1915 2796 1980 discentes,
2841 1919 2954 1979 sed.
2976 1919 3173 1975 erroris
3198 1935 3278 1974 SUI
3323 1921 3621 1984 mercedem
3649 1923 3790 1996 reeie
3833 1988 3836 1990 γ

2192 2008 2414 2074 pientes.
2448 2007 2536 2062 Sic
2561 2009 2701 2064 enim
2729 2009 2930 2076 dictum
2975 2022 3081 2080 est,
3119 2011 3328 2084 Semper
3357 2013 3619 2081 discentes,
3652 2025 3696 2069 et
3717 2015 3790 2068 ad
3833 2007 3840 2080 ί

2195 2101 2417 2156 tet-italis
2437 2102 2699 2156 scientiam
2725 2121 2976 2176 nunquam
3011 2106 3370 2176 pervenientes;
3411 2117 3658 2179 tanquam
3700 2107 3788 2166 di-

2189 2203 2421 2264 ceretur,
2468 2193 2692 2266 Semper
2715 2197 3070 2266 ambulantes,
3118 2209 3170 2255 et
3214 2197 3280 2255 ad
3318 2201 3455 2268 viain
3513 2218 3786 2273 nunquam

2193 2287 2578 2354 pervenientes.
2609 2288 2712 2344 Nos
2759 2298 2934 2344 autem
2961 2305 3174 2362 semper
3216 2291 3550 2364 ambulemus
3595 2295 3644 2348 in
3675 2283 3783 2378 via,
3835 2361 3840 2366 _

2187 2389 2356 2442 donec
2380 2403 2444 2442 co
2471 2389 2745 2444 vcnianms
2767 2407 2872 2462 quo
2901 2390 3048 2445 ducit
3083 2407 3186 2455 via;
3221 2407 3479 2462 nusquam
3509 2392 3560 2450 in
3601 2409 3661 2450 ea
3692 2381 3786 2450 r64

2188 2487 2517 2540 maneamus,
2581 2474 2750 2528 donec
2799 2473 3051 2544 perducat
3108 2476 3193 2530 ubi
3231 2473 3545 2532 maneamus
3578 2494 3592 2532 :
3621 2488 3785 2550 atque

2193 2565 2284 2629 ita,
2311 2574 2365 2620 et
2388 2570 2677 2636 quaerendo
2712 2567 2999 2632 tendimus,
3030 2577 3083 2622 et
3119 2549 3436 2626 inveniendo
3468 2569 3533 2624 ad
3581 2549 3782 2642 aliquid

2186 2657 2544 2726 pervenimus,
2571 2669 2618 2713 et
2648 2659 2713 2713 ad
2769 2659 2817 2715 id
2849 2659 2988 2732 quod
3021 2670 3185 2716 restat
3210 2661 3500 2734 qnzerendo
3527 2671 3580 2718 et
3631 2663 3785 2718 inve-

2185 2749 2381 2803 niendo
2409 2751 2718 2816 transimus,
2765 2766 2869 2822 quo
2892 2768 3060 2822 usque
3111 2753 3180 2807 ibi
3219 2752 3309 2808 liat
3340 2754 3457 2808 linis
3481 2753 3778 2825 qumrendi,

2187 2841 2271 2895 tibi
2304 2839 2611 2911 perfectioni
2644 2859 2746 2896 non
2778 2853 3023 2913 superest
3050 2845 3270 2899 intentio
3296 2845 3623 2915 proficiendi.
3654 2846 3781 2900 llzne

2184 2935 2514 3003 prarlocntio,
2538 2933 2892 3002 dilectissimi,
2923 2936 3176 2991 intentam
3223 2934 3408 2993 fecerit
3451 2935 3778 2992 Charitatem

2184 3036 2415 3080 vestram
2444 3026 2508 3080 ad
2539 3027 2695 3081 istum
2730 3027 2936 3082 Domini
2979 3042 3306 3106 sermonem,
3331 3045 3491 3099 quem
3524 3027 3588 3084 ad
3611 3029 3778 3084 disci-

2181 3117 2334 3187 pulos
2364 3117 2546 3173 habuit
2571 3128 2694 3174 ante
2722 3119 3023 3189 passionem
3055 3137 3070 3174 :
3106 3119 3401 3190 profundus
3425 3116 3506 3176 est
3534 3121 3698 3188 enim,
3717 3131 3777 3178 et

2183 3209 2363 3280 utique
2391 3212 2477 3268 ubi
2501 3213 2722 3268 multum
2744 3213 3082 3269 laboraturus
3101 3222 3184 3270 est
3207 3214 3520 3285 disputator,
3547 3229 3656 3272 non
3681 3229 3774 3272 ro-

2179 3304 2376 3360 missns
2395 3304 2555 3363 debet
2579 3320 2702 3363 esse
2723 3306 2951 3361 auditor.

2249 3408 2302 3461 2.
2333 3408 2466 3476 Quid
2497 3424 2625 3479 ergo
2643 3410 2719 3464 ait
2757 3410 3013 3466 Dominus
3043 3419 3386 3482 posteaquam
3423 3410 3587 3467 Judas
3605 3412 3758 3479 exiit,

2176 3511 2235 3556 ut
2260 3502 2415 3562 citius
2432 3501 2781 3575 faceretquod
2810 3512 2924 3560 erat
2945 3503 3199 3578 facturus,
3227 3504 3330 3564 hoc
3348 3515 3450 3571 est,
3482 3505 3774 3570 Dominum

2180 3594 2506 3674 traditurus?
2533 3596 2670 3674 Quid
2708 3597 2783 3652 ait
2805 3597 2941 3665 dies,
2963 3613 3084 3657 eum
3127 3600 3324 3670 exisset
3356 3599 3498 3662 nox?
3526 3599 3666 3668 Quid
3694 3600 3774 3664 ait

2178 3671 2521 3758 Redemptor,
2542 3671 2675 3748 cum
2699 3685 2897 3764 exisset
2920 3687 3203 3752 venditor?
3232 3688 3407 3754 Nunc,
3439 3691 3626 3760 inquit,
3653 3692 3770 3746 cla-

2175 3779 2404 3848 riﬁcatus
2429 3790 2502 3836 est
2528 3778 2694 3836 Filius
2711 3780 2948 3838 hominis.
2971 3782 3145 3850 Quare
3171 3783 3341 3837 nunc?
3360 3782 3623 3854 Numquid
3644 3783 3771 3854 quia

2176 3874 2301 3928 exiit
2319 3873 2405 3944 qui
2425 3872 2615 3940 tradat,
2635 3873 2757 3945 quia
2775 3874 3055 3930 imminent
3071 3875 3157 3946 qui
3183 3884 3398 3932 teneant
3412 3885 3467 3931 et
3487 3876 3734 3940 occident
3746 3877 3770 3932 ?

2175 3967 2319 4028 Itane
2343 3986 2473 4028 nunc
2494 3970 2802 4038 cluriﬁcatus
2833 3980 2923 4034 est,
2943 3971 3065 4041 quia
3086 3986 3250 4041 prope
3271 3979 3351 4026 est
3377 3979 3432 4034 ut
3458 3970 3772 4036 humilielur

2175 4045 2403 4138 amplius
2429 4061 2545 4117 :eni
2558 4060 2668 4134 jam
2690 4062 2955 4132 impendet
2977 4072 3030 4122 ut
3051 4063 3312 4137 alligetur,
3330 4073 3386 4118 ut
3403 4062 3691 4134 iudicetur,
3713 4073 3774 4119 ut

2174 4169 2272 4226 con
2281 4154 2578 4218 deumetnr,
2595 4162 2654 4208 ut
2672 4154 2975 4231 irrideatur,
2991 4157 3414 4228 utcruciligatur,
3429 4166 3485 4214 ut
3503 4156 3772 4214 interima-

2174 4246 2283 4302 tur?
2299 4247 2632 4324 Ilteccincest
2647 4247 2972 4315 clariticatio,
2985 4264 3049 4310 au
3065 4249 3240 4318 potius
3253 4248 3771 4314 humiliatio?Nonne

2174 4341 2388 4410 quando
2406 4340 2655 4416 miracula
2676 4340 2917 4406 faciebat,
2933 4341 3007 4394 ait
3020 4349 3194 4412 tamen
3210 4341 3276 4404 de
3291 4343 3380 4398 illo
3396 4343 3494 4398 iste
3509 4341 3767 4412 Joannes,

2176 4431 2403 4500 Spiritus
2423 4449 2520 4494 non
2538 4442 2642 4488 erat
2655 4419 2824 4496 datus,
2839 4432 2955 4501 quia
2968 4430 2999 4484 .l
3007 4447 3120 4494 esus
3147 4433 3369 4490 nondum
3387 4444 3491 4490 erat
3502 4435 3773 4506 gloriﬁca-

2173 4533 2253 4579 tus
2280 4523 2556 4600 (Joan.vn,
2575 4525 2663 4594 '59)
2685 4524 2870 4590 ?Tunc
2892 4541 3018 4598 ergo
3041 4525 3274 4598 nondum
3290 4526 3765 4600 cratglorificatus,

2172 4635 2294 4674 cum
2323 4628 2562 4684 mortuos
2591 4619 2902 4683 suscitaret;
2925 4627 2980 4673 ct
2999 4635 3139 4678 nunc
3162 4628 3248 4677 est
3273 4621 3617 4692 gloriticatns,
3641 4637 3767 4678 cum

2172 4712 2398 4766 mortuis
2415 4711 3072 4792 propinquaret?nondum
3090 4713 3544 4784 eratgloriljcatus
3561 4712 3768 4770 faciens

2174 4803 2374 4871 divina,
2397 4813 2448 4858 et
2478 4803 2803 4878 glorilicatus
2846 4813 2929 4872 est
2959 4818 3214 4875 passurus
3253 4806 3522 4886 Innitens?
3549 4806 3764 4872 Mirum,

2173 4894 2219 4948 si
2251 4893 2351 4968 hoc
2374 4893 2513 4958 Deus
2541 4896 2629 4952 ille
2662 4896 2914 4967 magister
2960 4896 3291 4968 significabat
3338 4906 3392 4962 et
3430 4895 3658 4958 docebat
3685 4897 3770 4953 his

2173 4988 2370 5043 verbis.
2419 4989 2593 5060 Altius
2636 4998 2718 5060 est
2762 4988 3199 5060 perscrutaudmn
3237 4989 3497 5046 Altissimi
3537 4989 3764 5058 dictum,

2177 5063 2363 5153 qui'se
2389 5082 2716 5152 aliquantum
2761 5081 3067 5144 manifestat,
3107 5090 3165 5148 ut
3196 5081 3547 5144 inveniamus,
3579 5089 3633 5154 et
3661 5081 3766 5138 ite-

2176 5190 2295 5228 rum
2320 5174 2554 5229 occultat
2593 5183 2648 5228 ut
2693 5172 3040 5243 iuquiramus,
3069 5183 3126 5234 et.
3169 5172 3237 5240 de
3265 5173 3493 5228 inventis
3519 5171 3585 5227 ad
3615 5172 3772 5228 inve-

2178 5267 2368 5322 nienda
2393 5277 2638 5340 tanquam
2662 5267 2902 5337 passibus
2927 5265 3234 5322 innitamur.
3261 5265 3426 5320 Video
3454 5265 3538 5320 hic
3567 5264 3769 5335 aliquid

2176 5360 2316 5430 quod
2350 5361 2649 5431 pradiguret
2671 5375 2919 5431 Inagnunt
2944 5359 3163 5429 aliquid.
3195 5357 3339 5413 Exiit
3363 5357 3550 5423 Judas,
3580 5367 3636 5414 οι
3661 5358 3773 5414 cla—

2175 5454 2413 5508 rilicatus
2443 5463 2524 5508 est
2543 5453 2732 5520 Jesns;
2773 5455 2902 5510 exiit
2931 5453 3070 5508 filius
3101 5451 3436 5522 perditionis,
3485 5463 3540 5514 et
3567 5451 3772 5508 clariﬁ-

2175 5557 2325 5602 catns
2349 5557 2429 5604 est
2461 5547 2625 5604 Filius
2664 5547 2913 5602 hominis.
2950 5545 3042 5602 Ille
3070 5546 3265 5616 quippe
3290 5545 3514 5608 exierat,
3548 5554 3772 5614 propter

2175 5656 2332 5712 quem
2358 5641 2556 5698 dictum
2586 5651 2700 5697 erat
2726 5643 2824 5706 eis,
2879 5641 2947 5695 Et
2992 5657 3076 5696 vos
3106 5640 3284 5696 mundi
3330 5641 3482 5707 estis,
3537 5639 3625 5698 sed
3669 5656 3774 5694 non

2176 5751 2347 5791 omnes
2407 5733 2528 5806 (id.
2585 5750 2716 5801 xm,
2769 5733 2900 5806 10).
2957 5733 3199 5792 Exeunte
3251 5733 3433 5804 itaque
3467 5733 3769 5798 immundo.

2177 5843 2366 5888 omnes
2407 5827 2591 5884 mundi
2629 5838 3019 5900 remanserunt,
3069 5837 3127 5897 et
3169 5844 3291 5888 cum
3321 5844 3420 5890 suo
3448 5827 3772 5888 mandatore
