4102 6462
344 290 525 365 1805Δ

351 418 680 467 manserunt.
744 407 875 465 Tale
908 406 1103 479 aliquid
1143 407 1245 462 erit
1285 422 1405 464 cum
1442 408 1613 464 victus
1642 423 1672 462 a
1721 406 1931 463 Christo

345 503 611 559 transierit
657 502 745 557 hic
788 501 1036 568 mundus,
1066 510 1119 556 et
1168 517 1324 557 nemo
1378 501 1429 557 in
1483 503 1679 574 populo
1734 501 1930 559 Christi

341 597 633 652 remanebit
675 595 1018 662 immundus;
1061 611 1180 650 cum
1237 596 1452 649 zizauiis
1487 612 1515 650 a
1548 596 1722 651 tritico
1769 610 1925 664 sepa-

339 690 487 751 ratis.
536 689 667 761 justi
716 688 989 758 fulgebunt
1036 688 1173 742 sicut
1214 688 1297 743 sol
1346 687 1397 742 in
1428 703 1592 760 regno
1636 689 1809 743 Patris
1846 686 1928 742 sui

340 780 550 853 (Matth.
587 798 703 849 xnt,
736 780 849 853 45).
882 780 993 835 Hoc
1029 779 1261 834 futurum
1303 779 1602 850 praevidens
1645 770 1923 844 Dominus,

334 886 388 931 et
414 892 553 931 nunc
584 875 934 945 signiﬁcatum
962 888 1082 928 esse
1111 881 1438 940 contestans,
1462 872 1771 928 discedente
1791 872 1927 928 Juda

339 980 584 1039 tanquam
629 966 844 1021 zizaniis
893 966 1170 1036 separatis,
1222 965 1621 1020 remanentibus
1671 974 1926 1035 tanquam

338 1062 508 1116 tritico
534 1059 803 1130 Apostolis
837 1057 1053 1123 sanctis,
1088 1055 1262 1123 Nunc,
1296 1056 1485 1126 inquit,
1518 1054 1828 1123 clari/iectus
1854 1064 1929 1109 est

337 1153 499 1207 Filius
531 1152 748 1206 hominis
779 1148 1298 1221 :tauquamdiccret,
1321 1148 1459 1203 Ecce
1480 1148 1532 1202 in
1566 1144 1651 1201 illa
1668 1164 1782 1202 mea
1813 1149 1925 1203 cla-

335 1245 625 1299 riﬁeatione
665 1243 805 1315 quod
854 1244 976 1309 erit,
1010 1242 1099 1297 ubi
1146 1241 1405 1297 maiorum
1438 1241 1612 1295 nullus
1660 1243 1782 1307 erit,
1834 1240 1924 1296 ubi

334 1338 591 1391 honorum
622 1337 797 1392 nullus
837 1337 993 1409 perit.
1044 1335 1132 1392 Sic
1174 1344 1352 1391 autem
1406 1350 1510 1389 non
1562 1344 1644 1390 est
1681 1335 1917 1402 dictum,

331 1430 479 1485 Nunc
517 1430 813 1501 signiﬁcata
855 1438 936 1485 est
980 1429 1292 1485 clariﬁcatio
1338 1426 1459 1484 Filii
1514 1428 1778 1495 hominis;
1829 1428 1925 1484 sed

334 1522 530 1577 dictum
553 1530 655 1589 est,
678 1521 830 1577 Nunc
855 1522 1163 1591 clariﬁcatus
1189 1530 1258 1577 est
1284 1518 1451 1575 Filius
1473 1521 1687 1575 hominis
1705 1537 1722 1574 :
1739 1536 1925 1591 quem-

331 1614 614 1671 admodum
654 1632 758 1672 non
809 1624 889 1670 est
937 1616 1158 1679 dictum,
1190 1615 1343 1670 Petra
1387 1613 1717 1685 signiﬁcabat
1765 1613 1922 1668 Chri-

333 1720 503 1775 stum;
533 1711 649 1775 sed,
686 1708 842 1763 Petra
871 1720 974 1764 erat
1002 1709 1228 1764 Christus
1260 1706 1317 1782 (ῐ
1349 1707 1465 1763 Cor.
1499 1724 1552 1774 ιι,
1580 1710 1658 1781 4).
1686 1707 1794 1765 Nec
1841 1707 1924 1763 di-

330 1814 468 1859 ctum
493 1815 597 1873 est,
627 1806 829 1861 Bonum
854 1821 1036 1861 semen
1063 1804 1394 1875 signiﬁcabat
1434 1801 1573 1859 ﬁlios
1601 1805 1769 1875 regni,
1802 1814 1920 1871 aut,

331 1897 527 1951 zizania
577 1895 949 1966 signiﬁcabant
978 1895 1115 1949 ﬁlios
1146 1892 1382 1965 maligni,
1432 1894 1526 1949 sed
1572 1893 1772 1949 dictum
1809 1904 1920 1960 est,

332 1970 526 2041 Bonum
556 2006 723 2044 semen
753 1989 805 2041 hi
853 1997 969 2042 sunt
1014 1986 1110 2057 ﬁlii
1150 1987 1324 2060 regni;
1366 1988 1565 2041 zizania
1609 1995 1797 2053 autem,
1829 1986 1925 2055 filii

330 2081 539 2151 maligni
566 2078 778 2152 (Matth.
808 2096 922 2147 xm,
967 2079 1076 2149 58).
1106 2079 1254 2134 Sicut
1279 2093 1405 2151 ergo
1444 2079 1579 2133 solet
1610 2078 1752 2150 loqui
1782 2077 1924 2133 Scri-

331 2182 501 2243 ptura.
535 2188 624 2227 res
652 2172 1011 2243 signiﬁcantes
1044 2178 1293 2241 tanquam
1330 2171 1444 2225 illas
1472 2187 1587 2241 qum
1615 2171 1922 2241 signiﬁcan-

332 2272 414 2318 tur
438 2265 747 2335 appellans;
782 2263 851 2317 ita
882 2265 1088 2318 locutus
1109 2272 1190 2318 est
1226 2262 1481 2317 Dominus
1515 2262 1695 2317 dicens
1715 2304 1730 2329 ,
1768 2262 1923 2316 Nunc

330 2357 637 2427 clari/iratus
664 2366 737 2410 est
782 2355 951 2411 Filius
991 2357 1241 2410 hominis:
1284 2365 1630 2426 posteaquam
1673 2368 1924 2427 separato

331 2451 449 2507 inde
480 2452 830 2523 nequissimo,
868 2459 922 2505 et
945 2465 1126 2505 secum
1155 2449 1556 2504 remanentibus
1583 2450 1780 2505 sanctis
1802 2493 1815 2514 ,
1847 2451 1921 2504 si-

332 2544 574 2613 gniﬁcata
600 2552 680 2598 est
700 2542 1011 2613 gloriﬁcatio
1038 2543 1174 2611 ejus,
1204 2541 1420 2611 quando
1448 2543 1708 2612 separatis
1731 2542 1924 2612 iniquis

332 2636 564 2690 manebit
584 2636 636 2690 in
665 2636 963 2689 :Ptcrnitate
989 2650 1109 2689 cum
1137 2635 1359 2689 sanctis.

402 2728 453 2782 5.
483 2728 616 2783 Cum
642 2736 818 2782 autem
848 2726 1091 2793 dixisset,
1120 2724 1271 2779 Nunc
1307 2724 1622 2795 clari/icatus
1656 2734 1727 2781 est
1757 2724 1925 2781 Filius

336 2820 585 2885 hominis;
616 2819 876 2888 adjunxit,
915 2815 975 2871 Et
1004 2816 1141 2871 Deus
1181 2817 1490 2886 clariﬁcatus
1517 2826 1587 2871 est
1616 2818 1668 2870 in
1694 2834 1770 2871 eo.
1809 2816 1923 2887 ipsa

334 2921 410 2966 est
440 2912 582 2966 enim
612 2911 920 2965 clariﬁcatio
947 2911 1064 2965 Filii
1106 2910 1357 2977 hominis,
1400 2920 1455 2964 ut
1486 2910 1629 2965 Deus
1662 2910 1923 2967 clariﬁcc-

336 3012 417 3057 tur
443 3005 491 3057 in
520 3020 605 3058 eo.
657 3003 711 3058 Si
747 3004 887 3057 enim
919 3018 1021 3057 non
1074 3002 1187 3074 ipse
1232 3002 1282 3055 in
1314 3004 1511 3071 seipse,
1563 3002 1655 3057 sed
1702 3004 1839 3057 Deus
1868 3004 1919 3057 in

335 3097 423 3151 illo
450 3097 794 3161 clarilicatur,
824 3104 949 3149 tunc
977 3096 1121 3149 illum
1156 3094 1292 3149 Deus
1336 3095 1387 3148 in
1417 3111 1475 3149 sc
1496 3095 1771 3150 ciariﬁcat.
1816 3097 1923 3151 De-

336 3190 491 3260 nique
521 3200 771 3259 tanquam
802 3189 899 3243 ista
938 3202 1234 3258 exponens,
1284 3187 1542 3258 adjungit,
1576 3196 1630 3243 ct
1665 3188 1793 3243 dicit
1823 3207 1834 3243 :
1864 3189 1925 3243 Si

335 3283 467 3340 Deus
494 3276 806 3355 clariﬁcatus
830 3295 899 3339 est
930 3286 982 3339 in
1012 3302 1089 3349 eo,
1120 3293 1163 3338 et
1208 3282 1345 3339 Deus
1383 3286 1681 3355 clari/icabit
1713 3304 1826 3341 eum
1871 3288 1924 3342 in

332 3378 615 3447 semetipso.
648 3379 759 3431 iloc
788 3387 889 3445 est,
922 3376 982 3432 Si
1009 3376 1145 3431 Deus
1184 3377 1489 3445 clari/iectus
1511 3380 1654 3433 estin
1685 3396 1760 3446 eo,
1792 3380 1914 3450 quia

332 3484 434 3523 non
457 3470 606 3523 venit
653 3470 824 3524 facere
862 3470 1185 3525 voluntatem
1231 3454 1403 3536 suam,
1454 3469 1547 3525 sed
1588 3459 1919 3527 voluntatem

332 3559 445 3630 ejus
466 3560 556 3631 qui
584 3562 725 3615 misit
746 3562 889 3615 illum
915 3577 929 3627 ;
954 3571 999 3615 et
1032 3560 1165 3615 Deus
1195 3561 1493 3631 clari/icabit
1514 3579 1626 3615 eum
1656 3562 1708 3615 in
1737 3572 1920 3617 semct-

331 3652 437 3724 ipso
455 3695 470 3720 ,
496 3662 555 3708 ut
586 3640 1023 3708 natura'liumana
1046 3654 1097 3708 in
1120 3670 1223 3725 qua
1249 3662 1331 3709 est
1364 3654 1501 3709 ﬁlius
1524 3653 1775 3724 hominis,
1801 3673 1922 3727 qua:

330 3760 359 3799 a
386 3745 567 3801 Verbo
593 3754 794 3800 :cterno
822 3755 1065 3815 suscepta
1093 3755 1206 3811 est,
1241 3747 1400 3799 etiam
1441 3746 1728 3801 immortali
1761 3758 1920 3803 teter-

329 3842 493 3898 nitate
528 3840 775 3896 donetur.
808 3840 870 3894 Et
897 3842 1154 3905 continuo,
1204 3840 1393 3909 inquit,
1449 3839 1745 3909 clariﬁcabit
1785 3859 1918 3899 eum.

328 3934 793 3990 Resurrcctionem
826 3934 1025 3988 scilicet
1052 3948 1225 3997 suam,
1270 3946 1375 3987 non
1421 3932 1561 3987 sicut
1586 3940 1820 3987 nostram
1867 3934 1920 3989 in

328 4028 430 4083 ﬁne
458 4027 665 4093 sreculi,
709 4027 800 4082 sed
850 4027 1103 4082 continuo
1142 4025 1377 4080 futuram
1437 4025 1538 4081 hac
1580 4027 1920 4081 attestationc

325 4122 643 4194 praedicens.
678 4119 790 4189 ipsa
825 4128 906 4174 est
949 4119 1090 4174 enim
1132 4118 1461 4183 clariﬁcatio,
1500 4118 1568 4173 de
1603 4134 1705 4189 qua
1740 4118 1918 4174 Evan-

325 4214 508 4284 gelista
534 4212 644 4283 jam
690 4208 919 4278 dixerat,
964 4211 1105 4281 quod
1138 4212 1296 4281 paulo
1323 4221 1447 4267 ante
1477 4214 1915 4282 commemoravi,

323 4307 441 4376 quia
477 4313 754 4385 propterea
784 4303 1020 4385 nondum
1046 4296 1277 4371 Spiritus
1306 4304 1464 4360 datus
1490 4314 1605 4360 erat
1650 4305 1742 4361 illo
1770 4302 1920 4363 novo

322 4400 484 4454 modo
524 4399 578 4452 in
631 4399 731 4464 eis,
777 4399 969 4468 quibus
1018 4396 1189 4452 fuerat
1225 4414 1289 4454 eo
1320 4399 1479 4453 modo
1526 4408 1645 4469 post
1676 4416 1918 4457 resurre-

321 4492 555 4546 ctionem
587 4490 928 4544 credentibus
958 4488 1184 4553 dandus,
1211 4490 1333 4565 quia
1358 4489 1515 4545 Jesus
1548 4491 1781 4545 nondum
1805 4491 1921 4548 fue-

321 4592 403 4637 rat
442 4581 769 4639 clariﬁcatus
792 4600 803 4634 :
826 4582 878 4636 id
900 4591 1001 4649 est,
1032 4568 1268 4637 nondum
1293 4582 1463 4640 fuerat
1492 4586 1787 4643 mortalitas
1816 4587 1916 4641 im-

322 4678 647 4743 mortalitate
673 4677 881 4741 vestita,
904 4685 957 4730 et
979 4677 1028 4729 in
1054 4684 1306 4729 mtcrnam
1338 4662 1582 4731 virtutem
1608 4679 1916 4748 temporalis

322 4766 606 4835 inﬁrmitas
626 4752 954 4827 commutata
979 4768 1018 4820 ¹.
1049 4767 1229 4823 Potest
1258 4777 1310 4824 et
1333 4769 1398 4837 de
1418 4769 1516 4822 ista
1538 4770 1917 4828 clariﬁcatione

322 4860 524 4916 dictum
554 4860 744 4927 videri,
779 4856 930 4931 Nunc
971 4860 1281 4929 clariﬁcatus
1334 4870 1404 4913 est
1446 4860 1610 4915 Filius
1662 4863 1916 4931 hominis;

321 4965 377 5008 ut
405 4953 552 5024 quod
582 4954 656 5007 ait
686 4970 837 5021 nunc,
864 4970 967 5007 non
992 4953 1056 5006 ad
1084 4953 1450 5008 imminentem
1480 4955 1800 5023 passionem,
1821 4950 1915 5012 sed

321 5043 385 5099 ad
412 5044 645 5099 vicinam
689 5046 1136 5101 resurrectionem
1168 5046 1439 5117 pertinere
1478 5047 1749 5115 credatur,
1801 5056 1918 5103 tan-

322 5154 479 5215 quam
510 5137 672 5193 fuerit
702 5139 895 5193 iactum
925 5139 1065 5209 quod
1095 5151 1210 5194 erat
1238 5147 1343 5193 tam
1363 5140 1603 5210 proxime
1630 5141 1739 5211 jam
1769 5141 1915 5197 futu-

321 5246 463 5287 rum.
494 5232 665 5287 Hodie
700 5233 983 5295 Dilectioni
1031 5242 1221 5292 vestrm
1267 5234 1365 5288 ista
1416 5234 1751 5301 suﬁ'ecerint;
1794 5252 1915 5293 cum

322 5325 603 5389 donaverit
638 5328 893 5407 Dominus
921 5370 936 5395 ,
983 5328 1049 5383 de
1076 5330 1525 5398 consequentibus
1563 5330 1910 5389 disseremus.

574 5410 577 5417 ’
799 5416 1208 5499 TRACIATUS
1249 5421 1432 5477 wa.

324 5508 390 5565 In
441 5510 495 5565 id
535 5511 673 5589 quod
716 5511 963 5567 Dominus
1010 5512 1150 5579 dicit,
1196 5510 1393 5581 Filioli,
1427 5514 1602 5570 adimo
1642 5515 1913 5573 modicum

391 5604 668 5660 vobiscum
696 5620 814 5660 sum
843 5623 855 5659 :
884 5605 1142 5680 quaeretis
1167 5621 1281 5675 me,
1315 5614 1369 5661 et
1398 5608 1537 5662 sicut
1556 5608 1666 5663 dixi
1692 5607 1911 5680 Iudaeis,

385 5739 779 5812 τγιρτῃιιεξωεε.
806 5742 1049 5812 mittunt,
1097 5748 1143 5797 et
1160 5742 1213 5799 in
1232 5749 1465 5801 uernam
1500 5744 1719 5803 virtutem
1740 5750 1917 5812 tmpo-

462 5797 720 5887 igiﬁfntitas
742 5797 1045 5856 conuuutatal

1456 288 1866 350 TRACTATUS
1902 288 2084 350 LXIV.
2125 290 2351 353 CAPUT
2390 292 2530 353 XIII.

3484 303 3626 362 i806

2108 422 2213 478 quo
2234 424 2334 481 ego
2352 409 2508 477 vado,
2532 423 2627 466 vos
2647 424 2754 467 non
2771 412 2991 480 potestis
3018 411 3231 482 venire;
3258 417 3313 472 et
3330 413 3485 474 vobis
3500 417 3625 476 dico

2107 500 2289 555 modo.
2320 500 2448 574 Cap.
2482 518 2595 569 χιιι,
2638 503 2675 574 γ
2720 504 2809 559 ῢό.

2108 594 2159 647 1.
2190 592 2527 652 Advertenda
2560 607 2676 665 est,
2704 598 3001 659 eharissimi
3020 641 3036 667 ,
3075 600 3468 661 dominieorum
3493 584 3631 663 vec-

2035 684 2229 740 borum
2250 686 2491 743 ordinata
2520 689 2801 747 connexio.
2831 690 2964 747 Cum
3006 693 3148 749 enim
3176 697 3422 765 superius
3451 696 3627 759 dixis-

2034 786 2133 843 set,
2159 788 2503 849 posteaquam
2541 781 2706 837 Judas
2743 797 2989 854 egressus
3016 788 3119 851 est,
3171 794 3225 840 et
3254 786 3321 841 ab
3365 787 3451 842 illa
3494 802 3621 847 san-

2033 877 2241 924 ctorum
2273 871 2432 925 etiam
2465 874 2728 944 corporali
2771 878 3175 935 conversatione
3205 878 3483 947 sejunctas
3505 889 3623 946 est,

2034 959 2187 1016 Nunc
2216 962 2528 1033 clariﬁcatus
2555 974 2626 1019 est
2653 965 2821 1022 Filius
2845 968 3084 1034 hominis,
3116 978 3163 1023 et
3187 968 3330 1024 Deus
3361 970 3619 1041 clariﬁca-

2032 1060 2112 1107 tus
2138 1062 2209 1107 est
2248 1054 2301 1108 in
2326 1071 2385 1109 eo
2413 1069 2431 1109 :
2460 1056 2601 1126 quod
2627 1058 2738 1113 sive
2763 1058 3000 1125 futurum
3044 1074 3269 1131 regnum
3312 1062 3619 1132 signiﬁcans

2030 1145 2183 1212 dixit,
2212 1148 2427 1218 quando
2463 1150 2587 1204 mali
2630 1153 3018 1221 separabuntur
3044 1170 3074 1209 a
3104 1154 3279 1219 bouis,
3318 1155 3431 1212 sive
3474 1157 3619 1227 quod

2030 1238 2145 1309 ejus
2170 1242 2496 1298 resurrectio
2526 1252 2651 1299 tunc
2688 1245 2861 1301 futura
2889 1257 3050 1315 esset,
3084 1248 3136 1302 id
3160 1258 3275 1315 est,
3322 1249 3621 1309 diﬁcreuda

2034 1347 2139 1387 non
2168 1342 2330 1401 esset,
2355 1335 2495 1390 sicut
2522 1333 2576 1390 in
2604 1336 2762 1395 ﬁnem
2800 1340 2980 1393 saeculi
3024 1349 3205 1396 nostra
3235 1340 3479 1399 diﬁ‘ertur
3512 1359 3525 1395 :
3555 1357 3620 1405 ac

2030 1426 2222 1484 deinde
2260 1428 2589 1495 addidisset,
2634 1432 2694 1486 Si
2745 1432 2881 1486 Deus
2927 1434 3236 1500 clariﬁcatus
3269 1444 3341 1493 est
3378 1435 3436 1491 in
3461 1452 3539 1500 eo,
3572 1440 3625 1491 et

2032 1517 2167 1574 Deus
2187 1520 2485 1590 clariﬁcabit
2511 1540 2625 1578 cum
2667 1524 2722 1578 in
2752 1527 3036 1595 semetipso,
3069 1535 3116 1581 et
3143 1528 3381 1583 continuo
3428 1527 3623 1597 clariﬁ-

2029 1618 2311 1684 cabitcum,
2364 1619 2504 1689 quod
2547 1620 2661 1675 sine
2688 1620 2794 1679 ulla
2844 1622 3189 1691 ambiguitate
3226 1621 3295 1677 de
3318 1638 3413 1678 sua
3439 1637 3625 1679 resurc

2030 1712 2266 1768 rectione
2292 1714 2544 1768 continuo
2574 1713 2749 1768 futura
2780 1721 3004 1770 testatus
3047 1722 3131 1769 est
3163 1732 3175 1768 :
3209 1714 3430 1785 adjecit,
3458 1723 3619 1785 atque

2030 1803 2123 1869 ait,
2156 1800 2355 1871 Filioli,
2402 1805 2568 1858 adhuc
2606 1806 2860 1861 modicum
2884 1806 3138 1860 vobiscum
3186 1821 3319 1860 sum.
3350 1804 3429 1863 Ne
3464 1816 3623 1876 puta-

2030 1904 2149 1951 rent
2176 1912 2305 1966 ergo
2332 1898 2474 1968 quod
2497 1898 2574 1952 sic
2609 1914 2730 1953 eum
2758 1898 3144 1954 clariﬁcaturus
3184 1906 3329 1954 esset
3366 1898 3530 1963 Deus,
3562 1904 3625 1955 ut

2030 2008 2135 2047 non
2167 1994 2245 2047 eis
2270 1993 2685 2063 conjungeretur
2724 1994 2947 2049 ulterius
2976 2008 3035 2049 ea
3076 1992 3485 2048 conversatione
3513 2006 3623 2063 qua

2028 2085 2081 2139 in
2114 2093 2253 2141 terra
2282 2095 2398 2151 est;
2442 2087 2621 2141 Adhuc
2647 2088 2919 2156 modicum,
2964 2087 3152 2158 inquit,
3182 2086 3435 2142 vobiscum
3457 2102 3571 2142 sum
3598 2099 3644 2155 :~

2031 2186 2279 2247 tanquam
2310 2177 2534 2245 diceret,
2563 2178 2827 2236 Continuo
2850 2179 3063 2250 quidem
3091 2179 3489 2235 resurrectione
3509 2167 3644 2234 cla?

2029 2270 2312 2337 riﬁcabor;
2343 2289 2446 2325 non
2476 2281 2654 2325 tamen
2683 2273 2938 2327 continuo
2964 2288 3285 2327 ascensurus
3314 2273 3366 2329 in
3396 2268 3639 2339 malum,

2030 2362 2122 2417 scd
2137 2364 2303 2416 adhuc
2322 2363 2578 2416 modicum
2597 2364 2849 2417 vobiscum
2873 2381 3003 2417 sum.
3023 2362 3173 2418 Sicut
3199 2363 3341 2417 enim
3363 2363 3623 2432 scriptum

2030 2464 2111 2511 est
2138 2456 2189 2510 in
2217 2456 2438 2511 Actibus
2464 2456 2862 2526 Apostolorum,
2892 2454 3017 2511 fecit
3042 2471 3161 2510 cum
3191 2456 3269 2517 eis
3294 2464 3417 2525 post
3437 2470 3624 2513 resur-

2028 2550 2322 2603 rectionem
2349 2548 2697 2619 quadraginta
2745 2547 2860 2602 dies
2906 2548 3112 2603 intrans
3140 2556 3195 2601 et
3224 2546 3431 2611 exiens,
3466 2560 3623 2601 man-

2028 2640 2229 2693 ducans
2279 2648 2333 2694 et
2376 2639 2564 2694 bibens
2608 2638 2744 2709 (Act.
2778 2652 2815 2703 ι,
2846 2638 2945 2709 5);
2988 2654 3095 2692 non
3147 2637 3363 2707 quidem
3417 2636 3624 2695 habens

2028 2732 2295 2786 esuriendi
2331 2746 2393 2786 ac
2426 2730 2640 2785 sitiendi
2690 2738 3005 2801 egestatem,
3050 2729 3142 2784 sed
3188 2745 3358 2799 usque
3400 2728 3468 2783 ad
3518 2728 3624 2787 ista
3694 2768 3703 2773 -

2029 2822 2204 2878 carnis
2229 2823 2503 2877 insinuans
2530 2822 2828 2885 veritatem,
2879 2836 3001 2891 quae
3045 2820 3256 2875 eibandi
3300 2834 3365 2875 ac
3405 2819 3624 2890 potandi

2024 2917 2133 2987 jam
2166 2932 2268 2971 non
2300 2917 2529 2971 habebat
2556 2916 2963 2978 necessitatem,
2999 2914 3092 2968 sed
3136 2922 3474 2984 potestatem.
3510 2912 3624 2971 llos

2030 3025 2159 3079 ergo
2207 3008 2555 3079 quadraginta
2604 3007 2722 3062 dies
2772 3006 3091 3077 signiﬁcavit
3147 3004 3394 3069 dicendo,
3440 3004 3624 3059 Adhuc

2029 3101 2282 3154 modicum
2307 3101 2557 3155 vobiscum
2587 3116 2720 3165 sum,
2750 3114 2817 3153 an
2840 3097 3039 3168 aliquid
3065 3097 3245 3153 aliud?
3268 3098 3451 3152 Potest
3474 3097 3623 3153 enim

2029 3202 2081 3248 et
2106 3194 2182 3247 sic
2212 3193 2451 3264 intelligi,
2482 3193 2661 3247 Adhuc
2690 3192 2944 3246 modicum
2969 3190 3221 3253 vobiscum
3250 3207 3381 3255 sum,
3406 3189 3616 3256 Adhuc,

2028 3286 2164 3341 sicut
2191 3301 2306 3352 vos,
2336 3286 2386 3341 in
2416 3285 2518 3341 hac
2568 3284 2874 3340 inﬁrmitate
2916 3285 3095 3339 carnis
3144 3284 3303 3338 etiam
3333 3284 3449 3354 ipse
3477 3282 3644 3351 sum,

2027 3379 2199 3433 donec
2224 3378 2427 3433 scilicet
2448 3385 2746 3432 moreretur
2769 3384 2927 3448 atque
2948 3383 3253 3444 resurgeret
3282 3393 3293 3428 :
3322 3376 3444 3444 quia
3472 3384 3623 3445 post.

2027 3486 2249 3542 eaquam
2301 3470 2626 3536 resurrexit,
2671 3484 2793 3524 cum
2854 3468 2959 3523 illis
3014 3467 3227 3538 quidem
3269 3465 3368 3521 fuit
3409 3466 3625 3533 diebus,

2028 3570 2086 3616 ut
2128 3562 2330 3616 dictum
2377 3570 2498 3629 est,
2557 3560 2905 3630 quadraginta
2958 3558 3284 3613 exhibitione
3326 3559 3626 3628 corporalis

2028 3656 2369 3727 prmsenlim;
2413 3653 2509 3710 sed
2540 3669 2646 3709 non
2684 3669 2807 3708 cum
2835 3651 2941 3707 illis
2962 3652 3059 3707 fuit
3086 3652 3361 3707 consortio
3389 3650 3625 3706 inﬁrmi-

2027 3751 2149 3806 tatis
2178 3751 2443 3805 humante.
3616 3778 3619 3791 τ

2096 3843 2150 3897 2.
2203 3842 2297 3897 Est
2328 3851 2383 3897 et
2434 3841 2533 3896 alia
2584 3841 2761 3895 divina
2806 3840 3094 3911 prazeentia
3144 3839 3389 3896 sensibus
3440 3838 3624 3911 ignota

2026 3935 2359 4001 mortalibus,
2409 3934 2476 3989 de
2516 3948 2617 4003 qua
2660 3932 2787 3987 item
2828 3931 2956 3986 dicit
2987 3950 2999 3986 ε
3028 3930 3164 3985 Ecce
3216 3946 3308 3999 ego
3360 3928 3621 3985 uobiscum

2026 4047 2157 4093 sum,
2189 4045 2346 4099 usque
2370 4028 2437 4081 ad
2466 4026 2948 4081 consummationem
2985 4024 3160 4080 seculi
3188 4023 3400 4096 (Matth.
3424 4041 3617 4094 xxvm,

2024 4120 2142 4192 ιΞΟ).
2184 4119 2295 4175 Hoc
2338 4129 2484 4175 certe
2532 4134 2637 4173 non
2685 4126 2784 4183 est,
2836 4117 3018 4171 Adhuc
3072 4116 3327 4170 modicum
3364 4117 3621 4171 vobiscum

2025 4232 2135 4269 sum
2166 4230 2184 4268 :
2210 4229 2317 4269 non
2348 4213 2489 4279 enim
2541 4210 2807 4265 modicum
2850 4219 2933 4265 est
2980 4224 3149 4279 usque
3174 4209 3242 4263 ad
3277 4223 3620 4265 consumma-

2026 4311 2225 4366 tionem
2253 4307 2455 4363 saeculi.
2486 4306 2589 4360 Aut
2617 4304 2663 4361 si
2691 4313 2743 4359 et
2766 4304 2866 4359 hoc
2880 4302 3150 4358 modicum
3174 4310 3259 4359 est
3278 4301 3443 4375 (volat
3466 4303 3615 4359 enim

2025 4408 2249 4465 mtas,et
2273 4398 2326 4462 in
2354 4397 2523 4453 oculis
2546 4396 2636 4451 Dei
2661 4396 2807 4452 mille
2836 4395 2960 4449 anni
2988 4394 3127 4450 sicut
3166 4394 3284 4451 dies
3312 4408 3468 4461 unus,
3516 4402 3613 4450 aut

2024 4493 2159 4549 sicut
2185 4493 2361 4563 vigilia
2390 4492 2441 4545 in
2466 4500 2619 4545 nocte
2650 4488 2819 4562 [Psa!.
2841 4504 3060 4555 Luxu,
3080 4486 3158 4561 4],
3188 4503 3293 4544 non
3313 4492 3491 4543 tamen
3510 4488 3613 4544 hoc

2025 4584 2325 4656 signiﬁcare
2348 4582 2583 4637 voluisse
2626 4580 2924 4636 credendus
2952 4588 3035 4636 est
3064 4592 3224 4648 nunc,
3271 4579 3613 4651 quandoqui-

2023 4678 2145 4733 dem
2176 4684 2389 4732 secutus
2411 4673 2666 4744 adjunxit,
2702 4671 2949 4738 Quwretis
2974 4688 3071 4737 me,
3118 4682 3165 4726 et
3205 4673 3335 4727 sicut
3372 4673 3482 4727 dixi
3508 4672 3582 4727 Ju
3608 4680 3645 4707 -'

2026 4771 2168 4833 circis,
2201 4785 2299 4839 quo
2334 4783 2424 4838 ego
2474 4766 2623 4831 vado,
2667 4780 2753 4818 vos
2790 4780 2891 4817 non
2935 4764 3140 4835 potestis
3182 4764 3364 4818 venire.
3417 4764 3617 4835 Utique

2024 4871 2144 4933 post
2170 4861 2273 4916 hoc
2301 4858 2568 4914 modicum
2597 4872 2702 4928 quo
2727 4857 3002 4911 vobiscum
3033 4871 3173 4923 sum,
3205 4857 3449 4923 Quantis
3490 4875 3575 4911 me
3595 4899 3614 4926 ,

2023 4962 2070 5010 et
2100 4970 2197 5025 quo
2226 4969 2315 5025 ego
2344 4951 2493 5019 vado,
2520 4966 2605 5004 vos
2631 4965 2730 5003 non
2760 4949 2963 5019 potestis
2992 4948 3178 5003 venire.
3203 4947 3468 5020 Numquid
3492 4958 3616 5019 post

2023 5045 2534 5102 consummationem
2581 5041 2783 5109 smcuii,
2812 5056 2919 5110 quo
2946 5042 3059 5111 ipse
3081 5040 3242 5105 vadit,
3276 5041 3460 5097 venire
3504 5056 3617 5096 non

2022 5140 2315 5214 poterunt?
2341 5139 2407 5193 Et
2433 5136 2518 5191 ubi
2548 5143 2629 5191 est
2654 5134 2795 5207 quod
2839 5133 3110 5205 aliquanto
3139 5143 3255 5203 post
3283 5134 3337 5189 in
3368 5135 3468 5188 hoc
3498 5135 3618 5205 ipso

2023 5249 2272 5292 sermone
2297 5233 2536 5289 dicturus
2556 5239 2638 5286 est
2666 5247 2680 5284 :
2706 5228 2884 5295 Pater,
2933 5229 3047 5283 volo
3079 5236 3135 5281 ut
3157 5227 3243 5280 ubi
3270 5244 3360 5297 ego
3390 5244 3521 5293 sum,
3567 5238 3617 5282 et

2023 5333 2121 5403 ipsi
2167 5330 2267 5385 sint
2310 5344 2501 5382 mecum
2534 5324 2710 5401 (Joan.
2756 5340 2884 5391 xvn,
2925 5323 3057 5396 24)?
3086 5322 3199 5377 Non
3230 5338 3359 5393 ergo
3406 5338 3473 5379 ce
3522 5323 3618 5380 illa

2024 5441 2119 5483 sua
2162 5439 2281 5479 cum
2340 5423 2450 5478 suis
2504 5419 2805 5491 praesentia,
2858 5418 2960 5489 qua
3015 5433 3135 5473 cum
3165 5416 3270 5471 illis
3306 5426 3389 5473 est
3440 5435 3615 5491 usque

2023 5518 2090 5573 ad
2141 5514 2655 5572 consummationem
2697 5510 2905 5575 smculi,
2941 5524 3082 5564 nunc
3122 5509 3330 5565 locutus
3374 5520 3455 5566 est
3480 5554 3495 5579 ,
3527 5512 3618 5567 ubi

2024 5610 2139 5675 ait,
2192 5608 2373 5661 Adhuc
2417 5603 2672 5659 modicum
2741 5603 2995 5665 vobiscum
3060 5602 3337 5657 lttﬂt.‘S€d
3408 5603 3493 5658 vel
3548 5602 3620 5659 de

2024 5701 2330 5763 inﬁrmitate
2371 5695 2603 5762 mortali,
2636 5710 2739 5779 qua
2782 5709 2902 5750 cum
2927 5694 3030 5749 illis
3069 5702 3183 5751 erat
3209 5709 3377 5766 usque
3400 5694 3467 5753 ad
3495 5708 3620 5767 pas-

2026 5799 2231 5873 sionem
2288 5808 2476 5871 suam;
2525 5800 2619 5849 aut
2670 5790 2739 5848 de
2794 5789 3079 5869 prmsentia
3144 5788 3445 5883 corporali,
3510 5803 3619 5861 qua
