4102 6470
424 383 567 448 1807

423 517 544 559 cum
583 497 688 556 illis
715 494 924 552 futurus
959 500 1075 548 erat
1121 501 1290 557 usque
1332 485 1398 540 ad
1437 481 1804 538 ascensionem
1832 491 2002 532 suam.

418 593 706 664 Quodlibet
733 590 922 644 horum
960 585 1080 658 quis
1107 582 1287 653 eligat,
1318 593 1441 634 cum
1465 575 1570 630 fide
1597 588 1703 629 non
1728 569 1914 642 litigat.

490 688 545 743 3.
575 684 654 742 Ne
683 682 770 740 cui
797 689 974 737 autem
1013 675 1255 732 videatur
1280 671 1570 726 abhorrere
1609 667 1708 722 iste
1759 676 1949 718 sensus
1973 675 2006 716 a

417 793 571 846 vero,
601 790 708 848 quo
735 773 964 829 dicimus
995 767 1275 824 Dominum
1296 760 1538 818 mortalis
1563 758 1742 814 carnis
1767 770 2008 811 commu-

420 847 657 934 nionem,
690 867 746 921 in
795 878 899 934 qua
921 876 1043 918 cum
1083 854 1358 927 discipulis
1385 867 1554 923 usque
1599 849 1667 906 ad
1706 847 2007 919 passionem

421 963 544 1029 fuit,
575 959 873 1034 significare
901 954 1136 1027 potuisse
1155 951 1407 1016 dicendo,
1439 946 1620 1002 Adhuc
1641 944 1898 1000 modicum
1923 959 2013 997 vo-

422 1058 616 1113 biscum
658 1069 809 1118 sum;
833 1048 974 1120 apud
1010 1047 1172 1103 alium
1211 1056 1425 1115 quoque
1473 1038 1854 1109 evangelistam
1892 1041 2014 1106 post

427 1147 874 1205 resurrectionem
903 1140 1064 1196 verba
1094 1137 1212 1209 ejus
1238 1133 1497 1201 attendat,
1528 1131 1620 1187 ubi
1660 1130 1754 1194 ait,
1783 1127 1911 1184 Haec
1931 1127 2011 1182 lo"-

426 1250 573 1294 cntus
599 1254 710 1295 sum
724 1235 882 1302 vobis,
911 1249 1024 1287 cum
1041 1231 1208 1286 adhuc
1228 1244 1385 1285 essent
1405 1225 1654 1281 vobiscum
1671 1221 1821 1294 (Luc.
1860 1235 2010 1283 xxxv,

427 1335 519 1406 44)
546 1352 558 1388 :
586 1330 737 1402 quasi
762 1338 890 1384 tunc
918 1342 1025 1382 non
1071 1335 1329 1380 eratcum
1360 1320 1487 1392 ipsis
1524 1317 1682 1374 simul
1711 1313 2014 1370 assistenti-

431 1430 550 1495 bus,
597 1423 922 1490 videntibus,
964 1418 1321 1492 tangentibus,
1376 1413 1823 1487 colloquentibus.
1875 1409 2015 1478 Quid

429 1530 514 1576 est
536 1533 688 1590 ergo,
715 1533 830 1571 cum
855 1515 1022 1569 adhuc
1063 1529 1222 1567 essem
1245 1510 1517 1573 vobiscum,
1544 1507 1668 1570 nisi,
1692 1519 1814 1561 cum
1842 1502 2018 1558 adhuc

431 1626 607 1668 essem
652 1609 705 1664 in
751 1622 912 1664 carne
941 1603 1176 1669 mortali,
1209 1603 1262 1658 in
1289 1616 1391 1671 qua
1447 1601 1576 1654 estis
1619 1604 1674 1654 et
1713 1597 1844 1652 vos?
1869 1593 2018 1649 Tunc

429 1703 573 1757 enim
601 1699 816 1771 quidem
852 1697 905 1753 in
930 1697 1118 1752 eadem
1146 1709 1306 1751 carne
1335 1691 1685 1748 resuscitatus
1729 1696 1882 1752 erat;
1921 1685 2015 1741 sed

431 1810 554 1850 cum
585 1793 690 1849 illis
715 1792 769 1848 in
798 1790 987 1848 eadem
1021 1788 1346 1844 mortalitate
1374 1786 1486 1856 jam
1538 1799 1644 1838 non
1694 1791 1830 1838 erat.
1871 1778 2019 1847 Qua-

431 1895 651 1958 propter
670 1885 808 1941 sicut
824 1883 897 1939 ibi
922 1882 1032 1952 jam
1056 1879 1454 1937 immortalitate
1490 1876 1666 1932 carnis
1695 1873 1909 1930 indutus
1929 1886 2022 1927 ve-

430 1979 628 2034 raciter
654 1978 746 2040 ait,
768 1991 883 2030 cum
909 1973 1078 2028 adhuc
1099 1987 1254 2026 essem
1283 1970 1571 2032 vobiscum;
1600 1965 1690 2021 ubi
1717 1965 1848 2019 nihil
1876 1961 2019 2019 aliud

429 2069 728 2140 intelligere
746 2080 1049 2137 possumus,
1073 2063 1194 2128 nisi,
1218 2077 1338 2117 cum
1360 2059 1532 2115 adhuc
1555 2073 1729 2115 essem
1763 2057 1814 2111 in
1843 2054 2020 2110 carnis

431 2163 754 2220 mortalitate
779 2160 1052 2216 vobiscum
1079 2158 1186 2214 :ita
1212 2165 1269 2213 et
1291 2155 1376 2210 hic
1406 2170 1513 2208 non
1543 2151 1779 2208 absurde
1813 2149 2014 2204 dixisse

430 2256 761 2328 intelligitur,
811 2253 992 2308 Adhuc
1016 2251 1271 2306 modicum
1295 2249 1549 2303 vobiscum
1593 2261 1730 2311 sum,
1768 2251 2018 2313 tanquam

431 2348 654 2413 diceret,
682 2346 862 2402 adhuc
886 2344 1152 2400 modicum
1179 2342 1318 2396 sicut
1338 2355 1435 2396 vos
1463 2341 1612 2404 estis,
1639 2335 1879 2391 mortalis
1902 2348 2020 2389 sum

431 2456 553 2513 ego.
576 2441 716 2510 Ergo
735 2437 1012 2509 sequentia
1032 2435 1329 2490 videamus.

511 2535 572 2589 4.
610 2533 860 2600 ραωνειὶε
890 2547 989 2596 me,
1019 2538 1066 2584 et
1084 2529 1212 2583 sicut
1241 2525 1348 2581 disci
1370 2523 1590 2591 Iudaeis,
1621 2539 1721 2588 quo
1741 2538 1832 2592 ego
1869 2520 2021 2588 vado,

432 2641 520 2680 vos
560 2639 662 2679 non
707 2621 912 2693 potestis
959 2620 1144 2685 venire,
1186 2627 1233 2672 et
1274 2616 1410 2671 vobis
1434 2614 1546 2668 dico
1575 2613 1745 2667 modo.
1779 2612 1891 2667 lloc
1915 2619 2019 2679 est,

431 2715 594 2774 modo
638 2729 744 2770 non
773 2712 1015 2784 potestis.
1045 2710 1244 2768 Judaeis
1267 2717 1447 2764 autem
1496 2722 1618 2763 cum
1662 2706 1766 2762 hoc
1793 2706 2019 2774 diceret,

431 2823 540 2864 non
561 2804 764 2861 addidit
786 2804 957 2858 modo.
980 2802 1070 2858 lsti
1091 2802 1270 2872 itaque
1293 2801 1480 2856 venire
1499 2815 1606 2855 non
1629 2807 1876 2869 poterant
1897 2807 2024 2854 tunc

431 2915 539 2971 quo
561 2898 651 2954 ille
679 2898 809 2961 ibat,
841 2895 937 2952 sed
959 2901 1205 2966 poterant
1237 2901 1422 2963 postea
1452 2909 1465 2946 :
1496 2906 1616 2945 nam
1659 2890 1761 2946 hoc
1779 2891 2023 2961 apostolo

432 2992 594 3048 Petro
619 2991 954 3061 apertissime
989 2988 1148 3060 paulo
1177 2996 1296 3058 post
1333 2987 1424 3041 ait.
1456 2985 1590 3040 Cum
1631 2986 1772 3040 enim
1801 2985 2024 3040 dixisset

433 3085 554 3150 ille,
583 3083 818 3147 Domine,
849 3098 948 3152 quo
977 3080 1163 3135 vadis?
1194 3078 1471 3150 respondit
1499 3079 1570 3146 ei,
1604 3079 1720 3145 Quo
1749 3095 1842 3151 ego
1871 3080 2020 3146 vado,

434 3195 538 3233 non
569 3186 707 3246 potes
731 3191 812 3230 me
853 3174 1002 3228 modo
1027 3173 1168 3246 sequi
1186 3191 1204 3239 ;
1221 3172 1442 3244 sequeris
1471 3182 1639 3226 autem
1666 3171 2020 3244 postea(.loan.

434 3285 550 3335 xm,
579 3267 690 3339 56).
718 3265 824 3322 Sed
852 3265 954 3320 hoc
979 3264 1105 3336 quid
1133 3263 1222 3328 sit,
1271 3278 1376 3318 non
1407 3263 1738 3334 negligenter
1777 3273 1859 3318 est
1886 3278 2023 3332 pra:-

438 3357 774 3415 tereundum.
806 3354 922 3424 Quo
944 3355 1087 3410 enim
1109 3353 1259 3424 sequi
1289 3363 1413 3408 tunc
1441 3369 1546 3407 non
1585 3361 1828 3423 poterant
1859 3352 2024 3408 disci-

436 3451 552 3522 puli
577 3449 883 3515 Dominum,
911 3447 1005 3503 sed
1030 3454 1214 3517 postea
1247 3445 1532 3516 poterant?
1561 3445 1616 3500 Si
1640 3444 1934 3500 dixerimus
1957 3445 2024 3501 ad

436 3551 667 3598 mortem
699 3540 936 3596 :homini
979 3549 1104 3595 nato
1145 3538 1284 3608 quod
1333 3538 1600 3593 invenitur
1646 3547 1877 3608 tempus,
1918 3553 2026 3609 quo

437 3635 505 3690 ad
532 3632 863 3689 moriendum
894 3646 1000 3686 non
1043 3630 1114 3686 sit
1153 3630 1407 3696 idoneus;
1443 3628 1873 3700 quandoquidem
1907 3631 2026 3686 talis

438 3737 522 3784 est
549 3728 600 3782 in
622 3740 847 3796 corpore
873 3722 1203 3794 corruptibili
1231 3721 1508 3777 hominum
1537 3737 1684 3788 sors,
1714 3732 1775 3776 ut
1810 3737 1916 3778 non
1953 3722 2029 3778 sit

437 3821 494 3875 in
522 3835 586 3876 ea
611 3817 816 3874 facilior
837 3816 946 3872 vita
972 3829 1130 3886 quam
1171 3814 1359 3869 mors?
1385 3813 1500 3868 Non
1533 3813 1692 3884 igitur
1716 3815 1891 3871 adhuc
1926 3815 2028 3870 mi-

438 3927 541 3967 nus
584 3909 761 3965 idonei
807 3915 962 3964 erant
1010 3906 1159 3976 sequi
1198 3905 1481 3960 Dominum
1521 3905 1588 3959 ad
1632 3917 1898 3972 mortem,
1931 3905 2026 3962 sed

438 4001 616 4058 minus
635 3999 810 4055 idonei
837 4005 989 4053 erant
1013 3997 1163 4066 sequi
1187 3996 1469 4051 Dominum
1493 3996 1561 4051 ad
1583 3997 1749 4051 vitam
1773 4013 1891 4067 qua:
1919 4011 2026 4052 non

442 4091 603 4147 habet
627 4099 872 4145 mortem.
905 4087 998 4142 illo
1024 4087 1218 4158 quippe
1264 4086 1375 4141 ibat
1399 4087 1689 4154 Dominus,
1721 4096 1777 4140 ut
1802 4102 2028 4157 surgens

441 4199 473 4236 a
499 4180 720 4237 mortuis
741 4179 852 4250 jam
892 4193 999 4233 non
1038 4185 1356 4244 moreretur,
1393 4186 1448 4232 et
1477 4192 1622 4232 mors
1672 4178 1719 4233 ei
1751 4180 1891 4233 ultra
1921 4194 2028 4233 non

443 4274 810 4331 dominaretur
839 4270 1014 4343 (Rom.
1057 4287 1131 4336 v1,
1158 4271 1239 4340 9).
1266 4271 1577 4326 Moriturum
1609 4264 1804 4342 quippe
1846 4271 2029 4327 Domi-

446 4383 575 4422 num
624 4381 722 4437 pro
764 4364 970 4437 iustitia
1025 4363 1294 4436 quomodo
1337 4363 1447 4432 jam
1501 4363 1709 4418 fuerant
1769 4365 2026 4432 secuturi,

443 4459 617 4514 adhuc
645 4458 900 4531 martyrio
944 4471 1050 4512 non
1095 4455 1324 4511 maturi?
1368 4456 1698 4510 Autiturum
1744 4455 2026 4512 Dominum

443 4551 511 4607 ad
542 4551 992 4606 immortalitatem
1037 4549 1232 4614 carnis,
1277 4548 1547 4620 quomodo
1571 4548 1680 4620 jam
1710 4549 1926 4605 fuerant
1943 4565 2032 4606 se-

444 4646 642 4710 cuturi,
671 4644 1014 4716 quandolibct
1034 4643 1298 4711 morituri,
1324 4643 1418 4698 sed
1441 4643 1491 4696 in
1515 4643 1694 4698 saeculi
1725 4644 1828 4698 line
1857 4660 2035 4699 resur-

444 4738 672 4794 recturi?
692 4738 1000 4792 Autiturum
1028 4735 1311 4791 Dominum
1331 4733 1399 4790 ad
1415 4735 1593 4790 sinum
1616 4735 1807 4802 Patris,
1830 4752 1928 4792 nec
1950 4752 2036 4793 re-

445 4831 694 4888 licturum
723 4844 838 4897 eos,
871 4828 1012 4884 unde
1035 4843 1133 4883 nec
1162 4829 1383 4884 recessit
1410 4843 1532 4883 cum
1560 4829 1794 4886 venisset
1821 4829 1886 4884 ad
1919 4844 2033 4896 eos,

445 4923 718 4995 quomodo
741 4923 852 4992 jam
879 4921 1088 4977 fuerant
1124 4922 1355 4976 secuturi
1382 4938 1396 4988 ;
1425 4937 1546 4976 cum
1575 4937 1694 4977 esse
1721 4937 1879 4978 nemo
1907 4937 2034 4992 pos-

445 5018 518 5072 sit
545 5017 595 5071 in
621 5015 706 5070 illa
725 5012 979 5069 felicitate
999 5012 1100 5067 nisi
1123 5011 1388 5082 perlectus
1407 5012 1459 5066 in
1481 5011 1780 5068 charitate?
1805 5012 2038 5084 Ideoque

445 5109 650 5164 ducens
675 5105 945 5176 quomodo
972 5103 1147 5158 idonei
1175 5117 1296 5159 esse
1327 5104 1533 5173 possint
1562 5119 1781 5174 pergere
1817 5121 1923 5175 quo
1948 5105 2040 5161 ille

457 5201 832 5266 antecedebat,
862 5197 1186 5264 Mandatum,
1231 5197 1418 5266 inquit,
1471 5212 1658 5249 novum
1695 5196 1761 5250 do
1798 5198 1956 5264 vobis,
1984 5206 2040 5252 ut

450 5295 675 5366 diligatis
700 5294 911 5348 invicem
941 5289 1119 5365 (Joan.
1148 5305 1264 5354 xm,
1292 5289 1403 5360 54).
1433 5289 1496 5344 Hi
1533 5298 1658 5343 sunt
1683 5305 1896 5360 gressus
1924 5290 2042 5361 qui-

449 5387 555 5443 bus
576 5385 881 5456 sequendus
907 5395 990 5440 est
1009 5382 1252 5438 Christus
1280 5399 1294 5436 :
1317 5381 1411 5437 sed
1434 5380 1502 5437 de
1521 5379 1606 5436 his
1625 5396 1803 5438 sermo
1829 5382 2044 5440 uberior

454 5477 507 5534 in
534 5477 680 5532 aliud
710 5487 922 5549 tempus
951 5485 1034 5532 est
1058 5472 1402 5531 differendus.

944 5607 1356 5667 TliACTATUS
1392 5607 1552 5664 LXV.

461 5723 527 5782 In
551 5725 606 5780 id
634 5724 771 5796 quod
795 5723 1042 5778 Dominus
1070 5725 1174 5790 ait,
1204 5723 1506 5778 Mandatum
1540 5737 1733 5776 novum
1757 5721 1827 5778 do
1855 5723 2038 5791 vobis,

530 5827 589 5876 ut
622 5817 854 5888 diligatis
881 5815 1139 5884 invicem,
1184 5816 1322 5870 sicut
1345 5814 1504 5869 dilexi
1530 5830 1656 5882 vos,
1681 5822 1736 5870 ut
1761 5824 1816 5870 et
1838 5829 1933 5873 vos
1959 5816 2043 5872 in-

1376 369 1439 427 ΙΝ
1477 364 1754 426 JOANNIS
1792 356 2256 425 EVANGELIUM.
2294 361 2353 421 S.
2393 359 2761 421 AUGUSTINI
3141 403 3170 420 υ

3557 352 3704 420 I808

2189 473 2355 531 vicem
2384 474 2614 548 diligatis
2643 494 2657 531 :
2688 475 2743 530 in
2769 473 2870 530 hoc
2895 481 3220 545 cognoscent
3238 487 3427 530 omnes
3451 473 3574 545 quia
3595 474 3704 530 mei

2179 566 2422 638 discipuli
2453 567 2602 634 estis,
2625 566 2671 622 si
2695 565 3034 620 dilectionem
3065 563 3356 622 habueritis
3375 579 3430 620 in
3449 563 3702 622 invicem.

2180 657 2308 730 Cap.
2336 675 2458 724 xm,
2503 659 2538 729 ᾖ
2574 658 2610 729 ᾖ
2633 697 2649 713 .
2681 657 2784 725 54,
2815 657 2904 714 35.

2182 749 2236 804 1.
2277 749 2532 804 Dominus
2573 749 2729 806 Jesus
2753 749 3059 804 mandatum
3089 765 3284 805 novum
3331 765 3390 806 se
3432 749 3708 821 discipulis

2113 843 2222 899 suis
2248 843 2376 900 dare
2401 852 2647 910 testatur,
2697 852 2754 898 ut
2797 843 3013 914 diligant
3059 844 3284 900 invicem
3316 860 3330 896 :
3364 842 3705 909 Mandatum,

2113 937 2320 1009 inquit,
2363 955 2548 993 novum
2575 939 2642 993 do
2669 939 2804 994 vobis
2825 981 2840 1006 ,
2891 950 2946 993 ut
2991 939 3216 1011 diligatis
3258 939 3488 994 invicem.
3517 939 3712 996 Nonne

2111 1029 2222 1100 jam
2251 1040 2367 1086 erat
2394 1031 2496 1086 hoc
2526 1030 2831 1086 mandatum
2857 1031 2910 1085 in
2937 1031 3153 1100 antiqua
3179 1029 3271 1086 Dei
3299 1029 3436 1100 lege,
3461 1029 3550 1085 ubi
3575 1030 3711 1085 scri-

2117 1133 2264 1194 ptum
2296 1132 2411 1192 est,
2458 1122 2656 1195 Diliges
2701 1124 2987 1193 proximum
3031 1133 3170 1177 tuum
3215 1130 3452 1192 tanquam
3495 1122 3714 1192 teipsum

2119 1217 2302 1287 (Leuit.
2324 1233 2436 1284 xix,
2461 1217 2584 1288 18)?
2605 1217 2714 1272 Cur
2733 1232 2860 1288 ergo
2881 1231 3075 1272 novum
3096 1216 3390 1287 appellatur
3411 1231 3440 1270 a
3462 1217 3710 1286 Domino,

2119 1311 2261 1381 quod
2283 1320 2388 1366 tam
2418 1321 2566 1366 vetus
2590 1327 2709 1368 esse
2737 1309 3106 1366 convincitur?
3137 1312 3214 1364 An
3246 1309 3366 1364 ideo
3391 1319 3472 1364 est
3493 1309 3714 1364 manda-

2121 1411 2231 1458 tum
2271 1418 2500 1468 novum,
2545 1404 2666 1474 quia
2692 1412 2852 1458 exuto
2897 1410 3078 1458 vetere
3116 1401 3285 1457 induit
3313 1417 3412 1457 nos
3440 1401 3712 1457 hominem

2121 1495 2356 1550 novum?
2400 1494 2625 1550 lnnovat
2663 1495 2858 1566 quippe
2899 1493 3202 1549 audientem
3223 1536 3238 1563 ,
3267 1494 3350 1548 vel
3381 1493 3557 1564 potius
3586 1493 3716 1548 obe-

2122 1586 2375 1652 dientem,
2403 1602 2510 1642 non
2533 1585 2741 1652 omnis,
2771 1584 2866 1641 sed
2896 1585 2997 1640 ista
3022 1583 3239 1640 dilectio
3269 1599 3426 1654 quam
3459 1583 3712 1638 Dominus

2125 1685 2182 1731 ut
2205 1691 2234 1729 a
2265 1677 2465 1732 carnali
2495 1676 2782 1732 dilectione
2803 1677 3186 1748 distingueret,
3210 1674 3445 1740 addidit,
3473 1675 3600 1729 sicut
3627 1673 3712 1726 di-

2123 1772 2223 1827 lexi
2250 1788 2353 1826 vos.
2385 1773 2517 1828 Nam
2547 1773 2771 1844 diligunt
2812 1775 3035 1830 invicem
3079 1771 3257 1828 mariti
3282 1783 3336 1828 et
3361 1787 3555 1828 uxores
3575 1813 3590 1839 ,
3621 1786 3717 1843 pa-

2123 1874 2303 1920 rentes
2345 1873 2400 1920 et
2442 1865 2570 1933 filii,
2599 1874 2657 1922 et
2683 1881 3031 1938 quaecumque
3073 1866 3175 1920 alia
3223 1865 3361 1920 inter
3387 1879 3446 1920 se
3470 1863 3736 1920 homines-

2122 1955 2460 2012 necessitndo
2507 1956 2735 2011 humana
2780 1957 3078 2013 devinxerit
3106 1974 3120 2011 :
3152 1964 3209 2011 ut
3233 1965 3504 2012 taceamus
3533 1954 3600 2009 de
3629 1955 3716 2010 di-

2123 2046 2350 2102 lectione
2375 2047 2627 2117 culpabili
2665 2058 2825 2118 atque
2851 2048 3174 2114 damnabili,
3200 2063 3302 2118 qua
3322 2046 3550 2118 diligunt
3576 2046 3718 2101 invi-

2123 2155 2242 2196 cem
2277 2141 2504 2196 adulteri
2533 2151 2588 2198 ct
2615 2141 2898 2210 adulterae,
2940 2150 3262 2197 scortatores
3290 2148 3346 2198 et
3369 2143 3680 2200 meretrices
3698 2183 3715 2208 ,

2124 2241 2179 2288 et
2206 2247 2569 2303 quoscumque
2614 2234 2748 2288 alios
2797 2249 2900 2288 non
2946 2233 3176 2288 humana
3220 2233 3589 2299 necessitudo,
3620 2231 3719 2288 sed

2126 2327 2370 2382 humanae
2406 2328 2529 2383 vita:
2571 2329 2726 2384 noxia
2766 2327 3036 2399 turpitudo
3079 2327 3372 2400 conjungit.
3415 2325 3718 2381 Mandatum

2125 2434 2253 2491 ergo
2278 2434 2474 2475 novum
2503 2419 2651 2476 dedit
2691 2415 2846 2476 nobis
2881 2420 3126 2476 Christus
3145 2461 3161 2486 ,
3195 2430 3253 2476 ut
3275 2420 3554 2490 diligamus
3585 2419 3722 2474 invi-

2125 2527 2242 2568 cem
2263 2553 2278 2580 ,
2307 2513 2443 2568 sicut
2471 2523 2526 2568 et
2549 2513 2664 2582 ipse
2683 2512 2868 2567 dilexit
2892 2527 3008 2567 nos.
3052 2512 3275 2568 Dilectio
3317 2511 3417 2567 ista
3443 2526 3541 2566 nos
3561 2511 3720 2565 inno-

2125 2612 2247 2672 vat,
2299 2612 2361 2660 ut
2400 2606 2566 2671 simus
2611 2605 2854 2660 homines
2896 2605 3050 2671 novi,
3107 2602 3351 2660 hacredes
3391 2602 3721 2660 Testamenti

2125 2695 2258 2752 Novi
2279 2738 2294 2758 .
2325 2705 2628 2753 cantatores
2655 2696 2844 2753 cantici
2885 2698 3029 2752 novi.
3078 2697 3204 2753 Haec
3239 2697 3487 2758 dilectio,
3527 2695 3723 2752 fratres

2127 2789 2426 2844 charissimi
2447 2831 2462 2854 ,
2493 2789 2741 2860 antiquos
2765 2788 2924 2844 etiam
2953 2797 3078 2843 tunc
3114 2787 3313 2860 iustos,
3338 2796 3465 2842 tunc
3489 2786 3723 2842 Patriar-

2127 2881 2255 2936 chas
2281 2890 2336 2936 et
2364 2881 2659 2952 Prophetas
2679 2922 2694 2947 ,
2723 2882 2859 2937 sicut
2898 2891 3079 2951 postea
3112 2880 3298 2937 beatos
3323 2880 3606 2950 Apostolos
3635 2880 3721 2934 in-

2127 2972 2344 3028 novavit
2371 2991 2386 3027 :
2417 2967 2533 3043 ipsa
2559 2980 2614 3028 et
2641 2987 2782 3028 nunc
2812 2974 3029 3028 innovat
3048 2982 3266 3044 gentes,
3297 2981 3351 3028 et
3377 2988 3442 3028 ex
3471 2973 3725 3027 universo

2127 3079 2326 3136 genere
2349 3063 2583 3120 humano
2610 3064 2751 3136 quod
2777 3063 3090 3120 diffunditur
3127 3074 3237 3120 toto
3264 3064 3395 3121 orbe
3422 3072 3684 3126 terrarum
3703 3104 3721 3132 ,

2129 3155 2253 3212 facit
2279 3167 2334 3212 et
2359 3156 2559 3226 colligit
2583 3158 2836 3226 populum
2875 3172 3070 3212 novum
3092 3199 3106 3219 ,
3133 3171 3328 3226 corpus
3358 3171 3510 3212 novae
3545 3165 3725 3226 nupta:

2129 3247 2247 3303 Filii
2292 3247 2385 3303 Dei
2417 3248 2673 3319 unigeniti
2696 3264 2942 3320 sponsae,
2971 3248 3039 3306 de
3061 3265 3166 3321 qua
3201 3248 3396 3305 dicitur
3425 3249 3477 3304 in
3503 3248 3726 3305 Cantica

2128 3339 2456 3395 canticorum
2478 3383 2493 3407 ,
2523 3339 2653 3406 Quae
2675 3349 2748 3395 est
2774 3342 2871 3396 ista
2895 3357 3012 3410 qua:
3034 3341 3259 3397 ascendit
3288 3341 3518 3398 dealbata
3550 3341 3723 3414 (Cant.

2131 3449 2226 3489 vm
2246 3476 2261 3500 ,
2292 3434 2360 3498 5,
2386 3451 2490 3489 sec.
2518 3433 2720 3505 LXX)?
2745 3435 2926 3506 utique
2962 3434 3208 3490 dealbata
3227 3477 3244 3502 ,
3291 3436 3416 3506 quia
3443 3435 3724 3501 innovata;

2131 3527 2271 3582 unde
2299 3527 2403 3582 nisi
2434 3527 2684 3582 mandato
2710 3527 2882 3583 novo?
2927 3527 3153 3599 Pr0pter
3177 3527 3319 3598 quod
3363 3543 3460 3598 pro
3496 3527 3726 3582 invicem

2131 3619 2354 3674 sollicita
2377 3629 2500 3675 sunt
2528 3621 2768 3677 membra
2796 3621 2848 3675 in
2875 3635 2973 3684 ea;
3002 3630 3056 3675 et
3075 3621 3119 3675 si
3150 3621 3347 3693 patitur
3374 3637 3538 3676 unum
3557 3636 3730 3675 mem-

2130 3710 2286 3767 brum
2307 3755 2322 3779 ,
2350 3714 2748 3784 compatiuntur
2773 3713 2952 3770 omnia
2977 3713 3246 3784 membra,
3275 3722 3331 3770 et
3367 3714 3414 3770 si
3457 3714 3728 3786 gloriﬁca-

2131 3811 2230 3880 tur.
2273 3819 2436 3858 unum
2491 3803 2824 3870 membrum,
2867 3805 3201 3876 congaudent
3252 3805 3430 3860 omnia
3485 3806 3729 3862 membra

2133 3893 2181 3964 (Ι
2210 3895 2327 3951 Cor.
2357 3911 2451 3962 χιι,
2479 3896 2570 3963 25,
2598 3897 2714 3969 26).
2743 3896 2977 3955 Audiunt
3002 3899 3166 3967 enim,
3197 3906 3357 3969 atque
3381 3898 3727 3967 custodiunt,

2133 3987 2452 4064 Mandatum~
2485 4007 2670 4044 novum
2710 3991 2778 4045 do
2823 3991 2960 4046 vobis
2979 4033 2992 4055 ,
3021 4001 3078 4046 ut
3107 4008 3192 4046 vos
3217 3991 3427 4047 invicem
3448 3991 3676 4064 diligatis
3709 4007 3730 4046 :

2133 4096 2239 4137 non
2290 4083 2427 4138 sicut
2468 4098 2528 4139 se
2577 4083 2804 4156 diligunt
2830 4084 2921 4156 qui
2959 4095 3341 4155 corrumpunt,
3373 4101 3474 4142 nec
3500 4085 3638 4142 sicut
3667 4100 3730 4142 se

2132 4172 2360 4246 diligunt
2395 4176 2668 4242 homines,
2713 4177 2967 4247 quoniam
3016 4177 3259 4233 homines
3284 4188 3434 4245 sunt;
3465 4177 3560 4233 sed
3586 4178 3731 4234 sicut

2134 4281 2193 4323 se
2217 4267 2472 4338 diligunt,
2502 4268 2752 4338 quoniam
2777 4267 2850 4322 dii
2875 4275 3000 4324 sunt
3024 4277 3077 4324 et
3103 4268 3194 4323 ﬁlii
3231 4268 3485 4324 Altissimi
3513 4283 3726 4335 omnes,

2135 4368 2194 4414 ut
2217 4359 2323 4414 sint
2349 4359 2483 4414 Filio
2509 4360 2626 4430 ejus
2649 4361 2809 4416 unico
2849 4359 3041 4416 fratres
3059 4402 3075 4427 ,
3096 4376 3159 4417 ea
3184 4361 3468 4418 dilectione
3497 4362 3728 4418 invicem

2136 4449 2416 4521 diligentes
2436 4493 2451 4517 ,
2479 4465 2584 4520 qua
2624 4451 2738 4523 ipse
2778 4451 2964 4507 dilexit
3002 4467 3096 4508 eos
3117 4496 3132 4521 ,
3161 4453 3514 4523 perducturus
3539 4470 3632 4511 eos
3659 4454 3729 4510 ad

2137 4544 2284 4599 illum
2313 4543 2469 4598 linem
2495 4545 2586 4614 qui
2612 4544 2842 4600 sufficiat
2867 4545 2975 4624 eis,
3009 4546 3096 4601 ubi
3124 4547 3347 4602 satietur
3372 4549 3425 4603 in
3450 4548 3606 4603 bonis
3634 4547 3731 4604 de-

2138 4635 2390 4690 siderium
2414 4650 2598 4691 eorum
2631 4634 2800 4708 (Psat.
2829 4651 2930 4704 cn,
2962 4636 3037 4707 5).
3067 4637 3217 4694 Tunc
3241 4639 3382 4694 enim
3412 4638 3611 4709 aliquid
3635 4639 3732 4694 de~

2139 4726 2334 4781 siderio
2359 4741 2463 4781 non
2489 4726 2694 4794 deerit,
2739 4727 2952 4798 quando
2988 4729 3165 4784 omnia
3205 4729 3258 4786 in
3298 4731 3547 4786 omnibus
3589 4731 3734 4787 Deus

2139 4817 2243 4874 erit
2270 4817 2314 4890 (Ι
2339 4815 2457 4873 Cor.
2478 4834 2573 4885 xv,
2597 4816 2711 4891 28).
2741 4818 2885 4874 Talis
2906 4819 3024 4874 finis
3046 4835 3150 4875 non
3172 4819 3333 4877 habet
3355 4821 3534 4878 linem.
3560 4821 3735 4880 Nemo

2139 4908 2212 4963 ibi
2233 4909 2477 4975 moritur,
2505 4924 2613 4980 quo
2639 4924 2795 4964 nemo
2826 4911 3083 4981 pervenit,
3108 4911 3212 4966 nisi
3240 4911 3364 4968 huic
3388 4914 3590 4969 saeculo
3618 4930 3737 4969 mo-

2139 4999 2326 5066 riatur,
2359 5017 2463 5057 non
2491 5014 2663 5057 morte
2691 5004 2947 5071 omnium,
2980 5021 3082 5076 qua
3111 5021 3304 5076 corpus
3333 5008 3400 5064 ab
3428 5009 3605 5064 anima
3633 5009 3735 5064 de-

2141 5093 2364 5158 seritur;
2392 5093 2484 5148 sed
2508 5104 2679 5152 morte
2701 5095 3014 5163 electorum,
3037 5113 3140 5168 qua
3166 5099 3324 5154 etiam
3353 5115 3474 5156 cum
3497 5101 3550 5155 in
3572 5116 3736 5158 carne

2143 5188 2353 5243 mortali
2383 5189 2558 5246 adhuc
2579 5199 2844 5256 manetur,
2871 5206 2965 5247 cor
2989 5206 3199 5248 sursum
3227 5173 3462 5264 ponitur.
3491 5195 3565 5251 De
3589 5196 3736 5266 quali

2144 5291 2314 5337 morte
2339 5280 2552 5338 dicebat
2579 5284 2898 5354 Apostolus,
2929 5282 3124 5338 Μουνιαί
3168 5287 3300 5340 enim
3346 5287 3494 5355 estis,
3541 5297 3589 5343 et
3634 5289 3739 5343 vita

2143 5384 2307 5429 vestra
2352 5374 2646 5430 abscondita
2687 5387 2759 5432 est
2801 5393 2916 5431 cum
2952 5376 3150 5433 Christo
3176 5382 3228 5434 in
3253 5378 3363 5434 Deo
3392 5379 3613 5451 (Coloss.
3646 5397 3737 5450 ιιι,

2146 5466 2222 5538 5).
2252 5465 2388 5521 Hinc
2413 5466 2636 5523 fortasse
2663 5467 2863 5524 dictum
2892 5477 2994 5538 est,
3033 5469 3218 5525 Valida
3243 5482 3315 5527 est
3338 5473 3468 5528 sicut
3496 5491 3632 5528 mors
3653 5474 3709 5527 di
3717 5504 3738 5516 ο

2147 5560 2294 5614 lectio
2320 5557 2489 5631 (Cant.
2517 5577 2638 5626 vm,
2668 5560 2746 5632 6).
2775 5562 2884 5618 Hac
2903 5563 3044 5618 enim
3069 5563 3354 5622 dilectione
3385 5567 3442 5622 fit
3469 5577 3529 5623 ut
3554 5568 3606 5622 in
3638 5570 3740 5625 ista

2149 5652 2323 5709 adhuc
2348 5654 2678 5725 corruptibili
2703 5671 2928 5727 corpore
2953 5660 3228 5715 constituti
3275 5663 3566 5719 moriamur
3612 5663 3743 5719 huic

2149 5744 2382 5813 saeculo,
2429 5754 2484 5800 et
2525 5745 2632 5801 vita
2671 5756 2852 5803 nostra
2895 5749 3250 5808 abscondatur
3277 5769 3398 5809 cum
3443 5753 3656 5810 Christo
3686 5755 3741 5811 in

2152 5839 2263 5895 Deo
2294 5857 2307 5895 λ
2341 5837 2447 5895 imo
2472 5839 2584 5907 ipsa
2611 5839 2828 5899 dilectio
2869 5853 2951 5901 est
2990 5862 3139 5903 mors
3191 5858 3371 5905 nostra
3417 5850 3650 5920 saeculo,
3680 5857 3740 5909 et

2434 5958 2516 5986 ⁸67⁷·
2530 5962 2566 5974 λ’
2585 5963 2616 5981 ’δ
2637 5969 2648 5979 ι
