  <div class='ocr_page' id='page_1' title='image "/cluster/home/n/w/nwhite01/storage/ocr_20150623/35/hvd.32044015706302/254.png"; bbox 0 0 4102 6474; ppageno 0'>
   <div class='ocr_carea' id='block_1_1' title="bbox 356 445 495 506">
    <p class='ocr_par' dir='ltr' id='par_1_1' title="bbox 356 445 495 506">
     <span class='ocr_line' id='line_1_1' title="bbox 356 445 495 506; baseline 0.014 -1"><span class='ocrx_word' id='word_1_1' title='bbox 356 445 495 506; x_wconf 74' lang='lat' dir='ltr'><strong>i809</strong></span> 
     </span>
    </p>
   </div>
   <div class='ocr_carea' id='block_1_2' title="bbox 350 558 1936 632">
    <p class='ocr_par' dir='ltr' id='par_1_2' title="bbox 350 558 1936 632">
     <span class='ocr_line' id='line_1_2' title="bbox 350 558 1936 632; baseline -0.001 -15"><span class='ocrx_word' id='word_1_2' title='bbox 350 563 461 618; x_wconf 79' lang='lat' dir='ltr'><strong>vita</strong></span> <span class='ocrx_word' id='word_1_3' title='bbox 484 576 611 618; x_wconf 90' lang='lat' dir='ltr'><strong>eum</strong></span> <span class='ocrx_word' id='word_1_4' title='bbox 634 561 766 618; x_wconf 88' lang='lat' dir='ltr'><strong>Deo.</strong></span> <span class='ocrx_word' id='word_1_5' title='bbox 811 559 868 616; x_wconf 89' lang='lat' dir='ltr'><strong>Si</strong></span> <span class='ocrx_word' id='word_1_6' title='bbox 895 560 1038 616; x_wconf 87' lang='lat' dir='ltr'><strong>enim</strong></span> <span class='ocrx_word' id='word_1_7' title='bbox 1081 574 1228 617; x_wconf 90' lang='lat' dir='ltr'><strong>mors</strong></span> <span class='ocrx_word' id='word_1_8' title='bbox 1268 569 1353 619; x_wconf 90' lang='lat' dir='ltr'><strong>est</strong></span> <span class='ocrx_word' id='word_1_9' title='bbox 1393 559 1606 632; x_wconf 87' lang='lat' dir='ltr'><strong>quando</strong></span> <span class='ocrx_word' id='word_1_10' title='bbox 1626 558 1694 616; x_wconf 90' lang='lat' dir='ltr'><strong>de</strong></span> <span class='ocrx_word' id='word_1_11' title='bbox 1711 574 1936 631; x_wconf 88' lang='lat' dir='ltr'><strong>corpore</strong></span> 
     </span>
    </p>
   </div>
   <div class='ocr_carea' id='block_1_3' title="bbox 347 650 1936 725">
    <p class='ocr_par' dir='ltr' id='par_1_3' title="bbox 347 650 1936 725">
     <span class='ocr_line' id='line_1_3' title="bbox 347 650 1936 725; baseline -0.003 -14"><span class='ocrx_word' id='word_1_12' title='bbox 347 655 524 711; x_wconf 83' lang='lat' dir='ltr'><strong>anima</strong></span> <span class='ocrx_word' id='word_1_13' title='bbox 548 654 679 719; x_wconf 84' lang='lat' dir='ltr'><strong>exit,</strong></span> <span class='ocrx_word' id='word_1_14' title='bbox 702 652 969 725; x_wconf 91' lang='lat' dir='ltr'><strong>quomodo</strong></span> <span class='ocrx_word' id='word_1_15' title='bbox 996 668 1102 708; x_wconf 91' lang='lat' dir='ltr'><strong>non</strong></span> <span class='ocrx_word' id='word_1_16' title='bbox 1128 661 1211 708; x_wconf 90' lang='lat' dir='ltr'><strong>est</strong></span> <span class='ocrx_word' id='word_1_17' title='bbox 1238 668 1383 708; x_wconf 88' lang='lat' dir='ltr'><strong>mors</strong></span> <span class='ocrx_word' id='word_1_18' title='bbox 1406 652 1620 724; x_wconf 86' lang='lat' dir='ltr'><strong>quando</strong></span> <span class='ocrx_word' id='word_1_19' title='bbox 1646 652 1713 707; x_wconf 89' lang='lat' dir='ltr'><strong>de</strong></span> <span class='ocrx_word' id='word_1_20' title='bbox 1739 650 1936 707; x_wconf 91' lang='lat' dir='ltr'><strong>mundo</strong></span> 
     </span>
    </p>
   </div>
   <div class='ocr_carea' id='block_1_4' title="bbox 346 744 1933 817">
    <p class='ocr_par' dir='ltr' id='par_1_4' title="bbox 346 744 1933 817">
     <span class='ocr_line' id='line_1_4' title="bbox 346 744 1933 817; baseline -0.003 -14"><span class='ocrx_word' id='word_1_21' title='bbox 346 762 499 804; x_wconf 83' lang='lat' dir='ltr'><strong>amor</strong></span> <span class='ocrx_word' id='word_1_22' title='bbox 521 756 708 804; x_wconf 90' lang='lat' dir='ltr'><strong>noster</strong></span> <span class='ocrx_word' id='word_1_23' title='bbox 733 747 876 802; x_wconf 90' lang='lat' dir='ltr'><strong>exit?</strong></span> <span class='ocrx_word' id='word_1_24' title='bbox 916 746 1099 802; x_wconf 79' lang='lat' dir='ltr'><strong>Valida</strong></span> <span class='ocrx_word' id='word_1_25' title='bbox 1124 754 1209 801; x_wconf 87' lang='lat' dir='ltr'><strong>est</strong></span> <span class='ocrx_word' id='word_1_26' title='bbox 1231 761 1358 817; x_wconf 89' lang='lat' dir='ltr'><strong>ergo</strong></span> <span class='ocrx_word' id='word_1_27' title='bbox 1378 746 1515 802; x_wconf 93' lang='lat' dir='ltr'><strong>sicut</strong></span> <span class='ocrx_word' id='word_1_28' title='bbox 1537 761 1681 801; x_wconf 90' lang='lat' dir='ltr'><strong>mors</strong></span> <span class='ocrx_word' id='word_1_29' title='bbox 1699 744 1933 801; x_wconf 74' lang='lat' dir='ltr'><strong>dilectio.</strong></span> 
     </span>
    </p>
   </div>
   <div class='ocr_carea' id='block_1_5' title="bbox 345 837 1525 911">
    <p class='ocr_par' dir='ltr' id='par_1_5' title="bbox 345 837 1525 911">
     <span class='ocr_line' id='line_1_5' title="bbox 345 837 1525 911; baseline -0.003 -15"><span class='ocrx_word' id='word_1_30' title='bbox 345 840 480 910; x_wconf 85' lang='lat' dir='ltr'><strong>Quid</strong></span> <span class='ocrx_word' id='word_1_31' title='bbox 503 855 567 896; x_wconf 88' lang='lat' dir='ltr'><strong>ea</strong></span> <span class='ocrx_word' id='word_1_32' title='bbox 590 839 815 895; x_wconf 83' lang='lat' dir='ltr'><strong>validius</strong></span> <span class='ocrx_word' id='word_1_33' title='bbox 831 880 848 907; x_wconf 92' lang='lat'><strong>,</strong></span> <span class='ocrx_word' id='word_1_34' title='bbox 876 854 978 911; x_wconf 90' lang='lat' dir='ltr'><strong>qua</strong></span> <span class='ocrx_word' id='word_1_35' title='bbox 1006 838 1233 895; x_wconf 74' lang='lat' dir='ltr'><strong>vincitur</strong></span> <span class='ocrx_word' id='word_1_36' title='bbox 1259 837 1525 893; x_wconf 87' lang='lat' dir='ltr'><strong>mundus?</strong></span> 
     </span>
    </p>
   </div>
   <div class='ocr_carea' id='block_1_6' title="bbox 412 927 1933 1002">
    <p class='ocr_par' dir='ltr' id='par_1_6' title="bbox 412 927 1933 1002">
     <span class='ocr_line' id='line_1_6' title="bbox 412 927 1933 1002; baseline -0.003 -14"><span class='ocrx_word' id='word_1_37' title='bbox 412 934 467 988; x_wconf 77' lang='grc'><strong>2.</strong></span> <span class='ocrx_word' id='word_1_38' title='bbox 508 932 682 988; x_wconf 82' lang='lat' dir='ltr'><strong>Nolite</strong></span> <span class='ocrx_word' id='word_1_39' title='bbox 708 933 918 1002; x_wconf 83' lang='lat' dir='ltr'><strong>itaque,</strong></span> <span class='ocrx_word' id='word_1_40' title='bbox 965 930 1156 987; x_wconf 83' lang='lat' dir='ltr'><strong>fratres</strong></span> <span class='ocrx_word' id='word_1_41' title='bbox 1194 930 1334 999; x_wconf 92' lang='lat' dir='ltr'><strong>mei,</strong></span> <span class='ocrx_word' id='word_1_42' title='bbox 1366 938 1554 1001; x_wconf 88' lang='lat' dir='ltr'><strong>putare</strong></span> <span class='ocrx_word' id='word_1_43' title='bbox 1581 929 1634 984; x_wconf 95' lang='lat' dir='ltr'><strong>in</strong></span> <span class='ocrx_word' id='word_1_44' title='bbox 1662 928 1764 985; x_wconf 89' lang='lat' dir='ltr'><strong>hoc</strong></span> <span class='ocrx_word' id='word_1_45' title='bbox 1791 927 1933 999; x_wconf 92' lang='lat' dir='ltr'><strong>quod</strong></span> 
     </span>
    </p>
   </div>
   <div class='ocr_carea' id='block_1_7' title="bbox 341 1020 1933 1093">
    <p class='ocr_par' dir='ltr' id='par_1_7' title="bbox 341 1020 1933 1093">
     <span class='ocr_line' id='line_1_7' title="bbox 341 1020 1933 1093; baseline -0.004 -12"><span class='ocrx_word' id='word_1_46' title='bbox 341 1027 417 1081; x_wconf 83' lang='lat' dir='ltr'><strong>ait</strong></span> <span class='ocrx_word' id='word_1_47' title='bbox 440 1024 732 1093; x_wconf 85' lang='lat' dir='ltr'><strong>Dominus,</strong></span> <span class='ocrx_word' id='word_1_48' title='bbox 765 1023 1072 1079; x_wconf 75' lang='lat' dir='ltr'><strong>Mandatum</strong></span> <span class='ocrx_word' id='word_1_49' title='bbox 1117 1039 1303 1077; x_wconf 84' lang='lat' dir='ltr'><strong>novum</strong></span> <span class='ocrx_word' id='word_1_50' title='bbox 1342 1022 1409 1076; x_wconf 90' lang='lat' dir='ltr'><strong>do</strong></span> <span class='ocrx_word' id='word_1_51' title='bbox 1433 1022 1590 1089; x_wconf 82' lang='lat' dir='ltr'><strong>vobis,</strong></span> <span class='ocrx_word' id='word_1_52' title='bbox 1614 1030 1669 1075; x_wconf 89' lang='lat' dir='ltr'><strong>ut</strong></span> <span class='ocrx_word' id='word_1_53' title='bbox 1694 1037 1779 1075; x_wconf 80' lang='lat' dir='ltr'><strong>vos</strong></span> <span class='ocrx_word' id='word_1_54' title='bbox 1801 1020 1933 1074; x_wconf 85' lang='lat' dir='ltr'><strong>invi-</strong></span> 
     </span>
    </p>
   </div>
   <div class='ocr_carea' id='block_1_8' title="bbox 340 1114 1931 1189">
    <p class='ocr_par' dir='ltr' id='par_1_8' title="bbox 340 1114 1931 1189">
     <span class='ocr_line' id='line_1_8' title="bbox 340 1114 1931 1189; baseline -0.003 -16"><span class='ocrx_word' id='word_1_55' title='bbox 340 1135 450 1173; x_wconf 77' lang='lat' dir='ltr'><strong>cem</strong></span> <span class='ocrx_word' id='word_1_56' title='bbox 470 1118 695 1189; x_wconf 74' lang='lat' dir='ltr'><strong>diligatis</strong></span> <span class='ocrx_word' id='word_1_57' title='bbox 712 1159 727 1184; x_wconf 95' lang='lat'><strong>,</strong></span> <span class='ocrx_word' id='word_1_58' title='bbox 762 1117 891 1173; x_wconf 91' lang='lat' dir='ltr'><strong>illud</strong></span> <span class='ocrx_word' id='word_1_59' title='bbox 921 1117 1092 1187; x_wconf 83' lang='lat' dir='ltr'><strong>majus</strong></span> <span class='ocrx_word' id='word_1_60' title='bbox 1120 1116 1538 1188; x_wconf 65' lang='lat' dir='ltr'><strong>praetermissum</strong></span> <span class='ocrx_word' id='word_1_61' title='bbox 1564 1130 1684 1171; x_wconf 88' lang='lat' dir='ltr'><strong>esse</strong></span> <span class='ocrx_word' id='word_1_62' title='bbox 1708 1114 1931 1171; x_wconf 89' lang='lat' dir='ltr'><strong>manda-</strong></span> 
     </span>
    </p>
   </div>
   <div class='ocr_carea' id='block_1_9' title="bbox 344 1209 1932 1283">
    <p class='ocr_par' dir='ltr' id='par_1_9' title="bbox 344 1209 1932 1283">
     <span class='ocr_line' id='line_1_9' title="bbox 344 1209 1932 1283; baseline -0.003 -15"><span class='ocrx_word' id='word_1_63' title='bbox 344 1223 489 1280; x_wconf 91' lang='lat' dir='ltr'><strong>tum,</strong></span> <span class='ocrx_word' id='word_1_64' title='bbox 522 1227 628 1283; x_wconf 91' lang='lat' dir='ltr'><strong>quo</strong></span> <span class='ocrx_word' id='word_1_65' title='bbox 670 1212 974 1283; x_wconf 83' lang='lat' dir='ltr'><strong>praecipitur</strong></span> <span class='ocrx_word' id='word_1_66' title='bbox 1019 1219 1076 1266; x_wconf 92' lang='lat' dir='ltr'><strong>ut</strong></span> <span class='ocrx_word' id='word_1_67' title='bbox 1115 1210 1399 1282; x_wconf 77' lang='lat' dir='ltr'><strong>diligamus</strong></span> <span class='ocrx_word' id='word_1_68' title='bbox 1442 1211 1723 1265; x_wconf 89' lang='lat' dir='ltr'><strong>Dominum</strong></span> <span class='ocrx_word' id='word_1_69' title='bbox 1764 1209 1932 1264; x_wconf 91' lang='lat' dir='ltr'><strong>Deum</strong></span> 
     </span>
    </p>
   </div>
   <div class='ocr_carea' id='block_1_10' title="bbox 342 1305 1929 1370">
    <p class='ocr_par' dir='ltr' id='par_1_10' title="bbox 342 1305 1929 1370">
     <span class='ocr_line' id='line_1_10' title="bbox 342 1305 1929 1370; baseline -0.001 -9"><span class='ocrx_word' id='word_1_70' title='bbox 342 1316 589 1361; x_wconf 83' lang='lat' dir='ltr'><strong>nostrum</strong></span> <span class='ocrx_word' id='word_1_71' title='bbox 617 1321 684 1361; x_wconf 88' lang='lat' dir='ltr'><strong>ex</strong></span> <span class='ocrx_word' id='word_1_72' title='bbox 715 1315 826 1361; x_wconf 89' lang='lat' dir='ltr'><strong>toto</strong></span> <span class='ocrx_word' id='word_1_73' title='bbox 856 1305 1051 1370; x_wconf 93' lang='lat' dir='ltr'><strong>corde,</strong></span> <span class='ocrx_word' id='word_1_74' title='bbox 1092 1321 1158 1361; x_wconf 81' lang='lat' dir='ltr'><strong>ex</strong></span> <span class='ocrx_word' id='word_1_75' title='bbox 1204 1314 1314 1361; x_wconf 88' lang='lat' dir='ltr'><strong>tota</strong></span> <span class='ocrx_word' id='word_1_76' title='bbox 1356 1305 1569 1368; x_wconf 87' lang='lat' dir='ltr'><strong>anima,</strong></span> <span class='ocrx_word' id='word_1_77' title='bbox 1619 1314 1671 1360; x_wconf 89' lang='lat' dir='ltr'><strong>et</strong></span> <span class='ocrx_word' id='word_1_78' title='bbox 1713 1320 1776 1360; x_wconf 84' lang='lat' dir='ltr'><strong>ex</strong></span> <span class='ocrx_word' id='word_1_79' title='bbox 1824 1312 1929 1359; x_wconf 90' lang='lat' dir='ltr'><strong>tota</strong></span> 
     </span>
    </p>
   </div>
   <div class='ocr_carea' id='block_1_11' title="bbox 343 1395 1932 1468">
    <p class='ocr_par' dir='ltr' id='par_1_11' title="bbox 343 1395 1932 1468">
     <span class='ocr_line' id='line_1_11' title="bbox 343 1395 1932 1468; baseline -0.001 -17"><span class='ocrx_word' id='word_1_80' title='bbox 343 1406 523 1452; x_wconf 92' lang='lat' dir='ltr'><strong>mente</strong></span> <span class='ocrx_word' id='word_1_81' title='bbox 553 1416 566 1451; x_wconf 90' lang='lat'><strong>:</strong></span> <span class='ocrx_word' id='word_1_82' title='bbox 603 1408 849 1468; x_wconf 87' lang='lat' dir='ltr'><strong>tanquam</strong></span> <span class='ocrx_word' id='word_1_83' title='bbox 875 1396 1018 1452; x_wconf 91' lang='lat' dir='ltr'><strong>enim</strong></span> <span class='ocrx_word' id='word_1_84' title='bbox 1067 1396 1168 1453; x_wconf 90' lang='lat' dir='ltr'><strong>hoc</strong></span> <span class='ocrx_word' id='word_1_85' title='bbox 1208 1396 1573 1467; x_wconf 67' lang='lat' dir='ltr'><strong>praetermisso</strong></span> <span class='ocrx_word' id='word_1_86' title='bbox 1612 1395 1824 1451; x_wconf 90' lang='lat' dir='ltr'><strong>videtur</strong></span> <span class='ocrx_word' id='word_1_87' title='bbox 1850 1395 1932 1450; x_wconf 83' lang='lat' dir='ltr'><strong>di-</strong></span> 
     </span>
    </p>
   </div>
   <div class='ocr_carea' id='block_1_12' title="bbox 341 1488 1929 1563">
    <p class='ocr_par' dir='ltr' id='par_1_12' title="bbox 341 1488 1929 1563">
     <span class='ocr_line' id='line_1_12' title="bbox 341 1488 1929 1563; baseline 0 -20"><span class='ocrx_word' id='word_1_88' title='bbox 341 1499 481 1544; x_wconf 89' lang='lat' dir='ltr'><strong>ctum</strong></span> <span class='ocrx_word' id='word_1_89' title='bbox 504 1532 520 1555; x_wconf 94' lang='lat'><strong>,</strong></span> <span class='ocrx_word' id='word_1_90' title='bbox 550 1501 609 1544; x_wconf 89' lang='lat' dir='ltr'><strong>ut</strong></span> <span class='ocrx_word' id='word_1_91' title='bbox 634 1490 858 1563; x_wconf 74' lang='lat' dir='ltr'><strong>diligatis</strong></span> <span class='ocrx_word' id='word_1_92' title='bbox 882 1490 1091 1544; x_wconf 83' lang='lat' dir='ltr'><strong>inuicem</strong></span> <span class='ocrx_word' id='word_1_93' title='bbox 1108 1530 1124 1556; x_wconf 95' lang='lat'><strong>,</strong></span> <span class='ocrx_word' id='word_1_94' title='bbox 1156 1490 1301 1545; x_wconf 89' lang='lat' dir='ltr'><strong>velut</strong></span> <span class='ocrx_word' id='word_1_95' title='bbox 1326 1489 1428 1545; x_wconf 91' lang='lat' dir='ltr'><strong>hoc</strong></span> <span class='ocrx_word' id='word_1_96' title='bbox 1453 1488 1520 1544; x_wconf 87' lang='lat' dir='ltr'><strong>ad</strong></span> <span class='ocrx_word' id='word_1_97' title='bbox 1542 1488 1673 1543; x_wconf 90' lang='lat' dir='ltr'><strong>illud</strong></span> <span class='ocrx_word' id='word_1_98' title='bbox 1701 1489 1929 1543; x_wconf 87' lang='lat' dir='ltr'><strong>alterum</strong></span> 
     </span>
    </p>
   </div>
   <div class='ocr_carea' id='block_1_13' title="bbox 339 1580 1931 1654">
    <p class='ocr_par' dir='ltr' id='par_1_13' title="bbox 339 1580 1931 1654">
     <span class='ocr_line' id='line_1_13' title="bbox 339 1580 1931 1654; baseline -0.001 -19"><span class='ocrx_word' id='word_1_99' title='bbox 339 1597 446 1636; x_wconf 88' lang='lat' dir='ltr'><strong>non</strong></span> <span class='ocrx_word' id='word_1_100' title='bbox 492 1583 788 1653; x_wconf 88' lang='lat' dir='ltr'><strong>pertineat,</strong></span> <span class='ocrx_word' id='word_1_101' title='bbox 832 1598 938 1654; x_wconf 92' lang='lat' dir='ltr'><strong>quo</strong></span> <span class='ocrx_word' id='word_1_102' title='bbox 983 1582 1182 1638; x_wconf 90' lang='lat' dir='ltr'><strong>dictum</strong></span> <span class='ocrx_word' id='word_1_103' title='bbox 1224 1590 1341 1650; x_wconf 88' lang='lat' dir='ltr'><strong>est,</strong></span> <span class='ocrx_word' id='word_1_104' title='bbox 1396 1581 1588 1653; x_wconf 89' lang='lat' dir='ltr'><strong>Diliges</strong></span> <span class='ocrx_word' id='word_1_105' title='bbox 1643 1580 1931 1652; x_wconf 73' lang='lat' dir='ltr'><strong>proximum</strong></span> 
     </span>
    </p>
   </div>
   <div class='ocr_carea' id='block_1_14' title="bbox 339 1671 1927 1743">
    <p class='ocr_par' dir='ltr' id='par_1_14' title="bbox 339 1671 1927 1743">
     <span class='ocr_line' id='line_1_14' title="bbox 339 1671 1927 1743; baseline 0.002 -20"><span class='ocrx_word' id='word_1_106' title='bbox 339 1680 486 1724; x_wconf 89' lang='lat' dir='ltr'><strong>tuum</strong></span> <span class='ocrx_word' id='word_1_107' title='bbox 516 1681 755 1743; x_wconf 87' lang='lat' dir='ltr'><strong>tanquam</strong></span> <span class='ocrx_word' id='word_1_108' title='bbox 782 1673 1013 1743; x_wconf 79' lang='lat' dir='ltr'><strong>teipsum.</strong></span> <span class='ocrx_word' id='word_1_109' title='bbox 1043 1671 1110 1727; x_wconf 89' lang='lat' dir='ltr'><strong>In</strong></span> <span class='ocrx_word' id='word_1_110' title='bbox 1132 1672 1210 1727; x_wconf 87' lang='lat' dir='ltr'><strong>his</strong></span> <span class='ocrx_word' id='word_1_111' title='bbox 1247 1673 1388 1727; x_wconf 91' lang='lat' dir='ltr'><strong>enim</strong></span> <span class='ocrx_word' id='word_1_112' title='bbox 1410 1671 1606 1726; x_wconf 85' lang='lat' dir='ltr'><strong>duobus</strong></span> <span class='ocrx_word' id='word_1_113' title='bbox 1633 1672 1927 1742; x_wconf 71' lang='lat' dir='ltr'><strong>praeceptis,</strong></span> 
     </span>
    </p>
   </div>
   <div class='ocr_carea' id='block_1_15' title="bbox 339 1762 1931 1835">
    <p class='ocr_par' dir='ltr' id='par_1_15' title="bbox 339 1762 1931 1835">
     <span class='ocr_line' id='line_1_15' title="bbox 339 1762 1931 1835; baseline 0.001 -19"><span class='ocrx_word' id='word_1_114' title='bbox 339 1762 545 1833; x_wconf 90' lang='lat' dir='ltr'><strong>inquit,</strong></span> <span class='ocrx_word' id='word_1_115' title='bbox 573 1774 680 1819; x_wconf 92' lang='lat' dir='ltr'><strong>tota</strong></span> <span class='ocrx_word' id='word_1_116' title='bbox 705 1763 813 1819; x_wconf 70' lang='lat' dir='ltr'><strong>Lex</strong></span> <span class='ocrx_word' id='word_1_117' title='bbox 837 1765 1037 1834; x_wconf 86' lang='lat' dir='ltr'><strong>pendet,</strong></span> <span class='ocrx_word' id='word_1_118' title='bbox 1068 1773 1115 1819; x_wconf 88' lang='lat' dir='ltr'><strong>et</strong></span> <span class='ocrx_word' id='word_1_119' title='bbox 1140 1764 1414 1835; x_wconf 74' lang='lat' dir='ltr'><strong>Propheta:</strong></span> <span class='ocrx_word' id='word_1_120' title='bbox 1439 1763 1649 1835; x_wconf 78' lang='lat' dir='ltr'><strong>(Matth.</strong></span> <span class='ocrx_word' id='word_1_121' title='bbox 1674 1779 1802 1829; x_wconf 74' lang='grc' dir='ltr'>χχιι,</span> <span class='ocrx_word' id='word_1_122' title='bbox 1832 1764 1931 1820; x_wconf 78' lang='grc'><strong>57-</strong></span> 
     </span>
    </p>
   </div>
   <div class='ocr_carea' id='block_1_16' title="bbox 338 1855 1928 1929">
    <p class='ocr_par' dir='ltr' id='par_1_16' title="bbox 338 1855 1928 1929">
     <span class='ocr_line' id='line_1_16' title="bbox 338 1855 1928 1929; baseline 0.001 -19"><span class='ocrx_word' id='word_1_123' title='bbox 338 1855 449 1927; x_wconf 69' lang='grc'><strong>40).</strong></span> <span class='ocrx_word' id='word_1_124' title='bbox 480 1855 589 1913; x_wconf 87' lang='lat' dir='ltr'><strong>Sed</strong></span> <span class='ocrx_word' id='word_1_125' title='bbox 617 1858 754 1913; x_wconf 86' lang='lat' dir='ltr'><strong>bene</strong></span> <span class='ocrx_word' id='word_1_126' title='bbox 795 1858 1209 1929; x_wconf 87' lang='lat' dir='ltr'><strong>intelligentibus</strong></span> <span class='ocrx_word' id='word_1_127' title='bbox 1255 1867 1539 1929; x_wconf 91' lang='lat' dir='ltr'><strong>utrumque</strong></span> <span class='ocrx_word' id='word_1_128' title='bbox 1580 1858 1846 1913; x_wconf 85' lang='lat' dir='ltr'><strong>invenitur</strong></span> <span class='ocrx_word' id='word_1_129' title='bbox 1872 1858 1928 1913; x_wconf 89' lang='lat' dir='ltr'><strong>in</strong></span> 
     </span>
    </p>
   </div>
   <div class='ocr_carea' id='block_1_17' title="bbox 340 1948 1929 2023">
    <p class='ocr_par' dir='ltr' id='par_1_17' title="bbox 340 1948 1929 2023">
     <span class='ocr_line' id='line_1_17' title="bbox 340 1948 1929 2023; baseline 0.003 -22"><span class='ocrx_word' id='word_1_130' title='bbox 340 1948 584 2020; x_wconf 77' lang='lat' dir='ltr'><strong>singulis.</strong></span> <span class='ocrx_word' id='word_1_131' title='bbox 628 1950 760 2005; x_wconf 84' lang='lat' dir='ltr'><strong>Nam</strong></span> <span class='ocrx_word' id='word_1_132' title='bbox 786 1959 841 2006; x_wconf 92' lang='lat' dir='ltr'><strong>et</strong></span> <span class='ocrx_word' id='word_1_133' title='bbox 866 1951 957 2021; x_wconf 87' lang='lat' dir='ltr'><strong>qui</strong></span> <span class='ocrx_word' id='word_1_134' title='bbox 985 1951 1154 2022; x_wconf 80' lang='lat' dir='ltr'><strong>diligit</strong></span> <span class='ocrx_word' id='word_1_135' title='bbox 1197 1952 1399 2019; x_wconf 90' lang='lat' dir='ltr'><strong>Deum,</strong></span> <span class='ocrx_word' id='word_1_136' title='bbox 1444 1966 1551 2006; x_wconf 90' lang='lat' dir='ltr'><strong>non</strong></span> <span class='ocrx_word' id='word_1_137' title='bbox 1595 1967 1717 2006; x_wconf 91' lang='lat' dir='ltr'><strong>eum</strong></span> <span class='ocrx_word' id='word_1_138' title='bbox 1752 1959 1929 2023; x_wconf 90' lang='lat' dir='ltr'><strong>potest</strong></span> 
     </span>
    </p>
   </div>
   <div class='ocr_carea' id='block_1_18' title="bbox 338 2042 1929 2113">
    <p class='ocr_par' dir='ltr' id='par_1_18' title="bbox 338 2042 1929 2113">
     <span class='ocr_line' id='line_1_18' title="bbox 338 2042 1929 2113; baseline 0.001 -17"><span class='ocrx_word' id='word_1_139' title='bbox 338 2050 688 2099; x_wconf 86' lang='lat' dir='ltr'><strong>contemnere</strong></span> <span class='ocrx_word' id='word_1_140' title='bbox 730 2043 1123 2113; x_wconf 84' lang='lat' dir='ltr'><strong>praecipientem</strong></span> <span class='ocrx_word' id='word_1_141' title='bbox 1168 2051 1225 2098; x_wconf 92' lang='lat' dir='ltr'><strong>ut</strong></span> <span class='ocrx_word' id='word_1_142' title='bbox 1267 2042 1451 2113; x_wconf 82' lang='lat' dir='ltr'><strong>diligat</strong></span> <span class='ocrx_word' id='word_1_143' title='bbox 1492 2044 1827 2113; x_wconf 84' lang='lat' dir='ltr'><strong>proximum;</strong></span> <span class='ocrx_word' id='word_1_144' title='bbox 1874 2052 1929 2099; x_wconf 91' lang='lat' dir='ltr'><strong>et</strong></span> 
     </span>
    </p>
   </div>
   <div class='ocr_carea' id='block_1_19' title="bbox 336 2133 1927 2205">
    <p class='ocr_par' dir='ltr' id='par_1_19' title="bbox 336 2133 1927 2205">
     <span class='ocr_line' id='line_1_19' title="bbox 336 2133 1927 2205; baseline 0.001 -18"><span class='ocrx_word' id='word_1_145' title='bbox 336 2134 427 2203; x_wconf 93' lang='lat' dir='ltr'><strong>qui</strong></span> <span class='ocrx_word' id='word_1_146' title='bbox 452 2143 639 2188; x_wconf 88' lang='lat' dir='ltr'><strong>sancte</strong></span> <span class='ocrx_word' id='word_1_147' title='bbox 663 2150 728 2189; x_wconf 88' lang='lat' dir='ltr'><strong>ac</strong></span> <span class='ocrx_word' id='word_1_148' title='bbox 758 2135 1108 2205; x_wconf 91' lang='lat' dir='ltr'><strong>spiritualiter</strong></span> <span class='ocrx_word' id='word_1_149' title='bbox 1149 2134 1321 2204; x_wconf 77' lang='lat' dir='ltr'><strong>diligit</strong></span> <span class='ocrx_word' id='word_1_150' title='bbox 1351 2134 1650 2203; x_wconf 82' lang='lat' dir='ltr'><strong>proximum</strong></span> <span class='ocrx_word' id='word_1_151' title='bbox 1671 2175 1687 2201; x_wconf 92' lang='lat'><strong>,</strong></span> <span class='ocrx_word' id='word_1_152' title='bbox 1718 2133 1847 2204; x_wconf 92' lang='lat' dir='ltr'><strong>quid</strong></span> <span class='ocrx_word' id='word_1_153' title='bbox 1872 2134 1927 2189; x_wconf 92' lang='lat' dir='ltr'><strong>in</strong></span> 
     </span>
    </p>
   </div>
   <div class='ocr_carea' id='block_1_20' title="bbox 336 2225 1928 2297">
    <p class='ocr_par' dir='ltr' id='par_1_20' title="bbox 336 2225 1928 2297">
     <span class='ocr_line' id='line_1_20' title="bbox 336 2225 1928 2297; baseline 0 -16"><span class='ocrx_word' id='word_1_154' title='bbox 336 2240 402 2281; x_wconf 88' lang='lat' dir='ltr'><strong>eo</strong></span> <span class='ocrx_word' id='word_1_155' title='bbox 424 2225 601 2297; x_wconf 78' lang='lat' dir='ltr'><strong>diligit</strong></span> <span class='ocrx_word' id='word_1_156' title='bbox 623 2226 726 2281; x_wconf 90' lang='lat' dir='ltr'><strong>nisi</strong></span> <span class='ocrx_word' id='word_1_157' title='bbox 752 2227 963 2282; x_wconf 93' lang='lat' dir='ltr'><strong>Deum?</strong></span> <span class='ocrx_word' id='word_1_158' title='bbox 1008 2226 1124 2297; x_wconf 86' lang='lat' dir='ltr'><strong>Ipsa</strong></span> <span class='ocrx_word' id='word_1_159' title='bbox 1150 2235 1233 2283; x_wconf 90' lang='lat' dir='ltr'><strong>est</strong></span> <span class='ocrx_word' id='word_1_160' title='bbox 1256 2226 1470 2282; x_wconf 87' lang='lat' dir='ltr'><strong>dilectio</strong></span> <span class='ocrx_word' id='word_1_161' title='bbox 1499 2228 1567 2281; x_wconf 89' lang='lat' dir='ltr'><strong>ab</strong></span> <span class='ocrx_word' id='word_1_162' title='bbox 1595 2227 1740 2283; x_wconf 91' lang='lat' dir='ltr'><strong>omni</strong></span> <span class='ocrx_word' id='word_1_163' title='bbox 1773 2243 1928 2281; x_wconf 91' lang='lat' dir='ltr'><strong>mun-</strong></span> 
     </span>
    </p>
   </div>
   <div class='ocr_carea' id='block_1_21' title="bbox 334 2317 1926 2389">
    <p class='ocr_par' dir='ltr' id='par_1_21' title="bbox 334 2317 1926 2389">
     <span class='ocr_line' id='line_1_21' title="bbox 334 2317 1926 2389; baseline 0.001 -17"><span class='ocrx_word' id='word_1_164' title='bbox 334 2317 473 2373; x_wconf 88' lang='lat' dir='ltr'><strong>dana</strong></span> <span class='ocrx_word' id='word_1_165' title='bbox 513 2317 800 2375; x_wconf 81' lang='lat' dir='ltr'><strong>dilectione</strong></span> <span class='ocrx_word' id='word_1_166' title='bbox 842 2318 1072 2374; x_wconf 89' lang='lat' dir='ltr'><strong>discreta</strong></span> <span class='ocrx_word' id='word_1_167' title='bbox 1091 2360 1106 2385; x_wconf 90' lang='lat'><strong>,</strong></span> <span class='ocrx_word' id='word_1_168' title='bbox 1138 2333 1297 2388; x_wconf 89' lang='lat' dir='ltr'><strong>quam</strong></span> <span class='ocrx_word' id='word_1_169' title='bbox 1321 2317 1697 2389; x_wconf 89' lang='lat' dir='ltr'><strong>distinguendo</strong></span> <span class='ocrx_word' id='word_1_170' title='bbox 1722 2318 1926 2374; x_wconf 89' lang='lat' dir='ltr'><strong>addidit</strong></span> 
     </span>
    </p>
   </div>
   <div class='ocr_carea' id='block_1_22' title="bbox 339 2410 1923 2479">
    <p class='ocr_par' dir='ltr' id='par_1_22' title="bbox 339 2410 1923 2479">
     <span class='ocr_line' id='line_1_22' title="bbox 339 2410 1923 2479; baseline 0.002 -13"><span class='ocrx_word' id='word_1_171' title='bbox 339 2411 594 2467; x_wconf 88' lang='lat' dir='ltr'><strong>Dominus</strong></span> <span class='ocrx_word' id='word_1_172' title='bbox 617 2453 633 2474; x_wconf 88' lang='lat'><strong>.</strong></span> <span class='ocrx_word' id='word_1_173' title='bbox 664 2412 796 2465; x_wconf 88' lang='lat' dir='ltr'><strong>sicut</strong></span> <span class='ocrx_word' id='word_1_174' title='bbox 836 2412 991 2466; x_wconf 74' lang='lat' dir='ltr'><strong>dilexi</strong></span> <span class='ocrx_word' id='word_1_175' title='bbox 1019 2428 1123 2467; x_wconf 83' lang='lat' dir='ltr'><strong>vos.</strong></span> <span class='ocrx_word' id='word_1_176' title='bbox 1168 2410 1306 2479; x_wconf 86' lang='lat' dir='ltr'><strong>Quid</strong></span> <span class='ocrx_word' id='word_1_177' title='bbox 1331 2413 1472 2467; x_wconf 92' lang='lat' dir='ltr'><strong>enim</strong></span> <span class='ocrx_word' id='word_1_178' title='bbox 1497 2413 1596 2467; x_wconf 87' lang='lat' dir='ltr'><strong>nisi</strong></span> <span class='ocrx_word' id='word_1_179' title='bbox 1642 2413 1923 2470; x_wconf 65' lang='lat' dir='ltr'><strong>Deum.dio</strong></span> 
     </span>
    </p>
   </div>
   <div class='ocr_carea' id='block_1_23' title="bbox 337 2502 1922 2575">
    <p class='ocr_par' dir='ltr' id='par_1_23' title="bbox 337 2502 1922 2575">
     <span class='ocr_line' id='line_1_23' title="bbox 337 2502 1922 2575; baseline 0.003 -18"><span class='ocrx_word' id='word_1_180' title='bbox 337 2502 464 2559; x_wconf 85' lang='lat' dir='ltr'><strong>lexit</strong></span> <span class='ocrx_word' id='word_1_181' title='bbox 491 2503 545 2557; x_wconf 93' lang='lat' dir='ltr'><strong>in</strong></span> <span class='ocrx_word' id='word_1_182' title='bbox 572 2504 762 2559; x_wconf 88' lang='lat' dir='ltr'><strong>nobis?</strong></span> <span class='ocrx_word' id='word_1_183' title='bbox 805 2503 920 2560; x_wconf 86' lang='lat' dir='ltr'><strong>Non</strong></span> <span class='ocrx_word' id='word_1_184' title='bbox 946 2504 1087 2575; x_wconf 91' lang='lat' dir='ltr'><strong>quod</strong></span> <span class='ocrx_word' id='word_1_185' title='bbox 1111 2503 1466 2572; x_wconf 87' lang='lat' dir='ltr'><strong>habebamus,</strong></span> <span class='ocrx_word' id='word_1_186' title='bbox 1489 2505 1583 2560; x_wconf 91' lang='lat' dir='ltr'><strong>sed</strong></span> <span class='ocrx_word' id='word_1_187' title='bbox 1612 2514 1668 2560; x_wconf 91' lang='lat' dir='ltr'><strong>ut</strong></span> <span class='ocrx_word' id='word_1_188' title='bbox 1696 2505 1922 2562; x_wconf 86' lang='lat' dir='ltr'><strong>habere-</strong></span> 
     </span>
    </p>
   </div>
   <div class='ocr_carea' id='block_1_24' title="bbox 336 2595 1926 2668">
    <p class='ocr_par' dir='ltr' id='par_1_24' title="bbox 336 2595 1926 2668">
     <span class='ocr_line' id='line_1_24' title="bbox 336 2595 1926 2668; baseline 0.002 -19"><span class='ocrx_word' id='word_1_189' title='bbox 336 2610 455 2650; x_wconf 88' lang='lat' dir='ltr'><strong>mus</strong></span> <span class='ocrx_word' id='word_1_190' title='bbox 488 2613 501 2649; x_wconf 93' lang='lat'>:</span> <span class='ocrx_word' id='word_1_191' title='bbox 535 2604 593 2650; x_wconf 91' lang='lat' dir='ltr'><strong>ut</strong></span> <span class='ocrx_word' id='word_1_192' title='bbox 616 2595 870 2665; x_wconf 89' lang='lat' dir='ltr'><strong>perducat</strong></span> <span class='ocrx_word' id='word_1_193' title='bbox 907 2610 1004 2651; x_wconf 91' lang='lat' dir='ltr'><strong>nos</strong></span> <span class='ocrx_word' id='word_1_194' title='bbox 1024 2636 1042 2663; x_wconf 94' lang='lat'><strong>,</strong></span> <span class='ocrx_word' id='word_1_195' title='bbox 1070 2596 1207 2651; x_wconf 88' lang='lat' dir='ltr'><strong>sicut</strong></span> <span class='ocrx_word' id='word_1_196' title='bbox 1228 2596 1386 2668; x_wconf 86' lang='lat' dir='ltr'><strong>paulo</strong></span> <span class='ocrx_word' id='word_1_197' title='bbox 1413 2604 1538 2652; x_wconf 89' lang='lat' dir='ltr'><strong>ante</strong></span> <span class='ocrx_word' id='word_1_198' title='bbox 1564 2596 1672 2652; x_wconf 85' lang='lat' dir='ltr'><strong>dixi</strong></span> <span class='ocrx_word' id='word_1_199' title='bbox 1696 2640 1711 2664; x_wconf 93' lang='lat'><strong>,</strong></span> <span class='ocrx_word' id='word_1_200' title='bbox 1740 2598 1829 2652; x_wconf 91' lang='lat' dir='ltr'><strong>ubi</strong></span> <span class='ocrx_word' id='word_1_201' title='bbox 1855 2599 1926 2653; x_wconf 90' lang='lat' dir='ltr'><strong>sit</strong></span> 
     </span>
    </p>
   </div>
   <div class='ocr_carea' id='block_1_25' title="bbox 338 2685 1924 2746">
    <p class='ocr_par' dir='ltr' id='par_1_25' title="bbox 338 2685 1924 2746">
     <span class='ocr_line' id='line_1_25' title="bbox 338 2685 1924 2746; baseline 0.003 -6"><span class='ocrx_word' id='word_1_202' title='bbox 338 2685 479 2741; x_wconf 89' lang='lat' dir='ltr'><strong>Deus</strong></span> <span class='ocrx_word' id='word_1_203' title='bbox 500 2687 676 2741; x_wconf 91' lang='lat' dir='ltr'><strong>omnia</strong></span> <span class='ocrx_word' id='word_1_204' title='bbox 704 2687 755 2741; x_wconf 91' lang='lat' dir='ltr'><strong>in</strong></span> <span class='ocrx_word' id='word_1_205' title='bbox 785 2686 1052 2743; x_wconf 90' lang='lat' dir='ltr'><strong>omnibus.</strong></span> <span class='ocrx_word' id='word_1_206' title='bbox 1079 2687 1165 2743; x_wconf 92' lang='lat' dir='ltr'><strong>Sic</strong></span> <span class='ocrx_word' id='word_1_207' title='bbox 1188 2689 1347 2743; x_wconf 88' lang='lat' dir='ltr'><strong>etiam</strong></span> <span class='ocrx_word' id='word_1_208' title='bbox 1374 2688 1609 2745; x_wconf 88' lang='lat' dir='ltr'><strong>medicus</strong></span> <span class='ocrx_word' id='word_1_209' title='bbox 1631 2697 1775 2745; x_wconf 89' lang='lat' dir='ltr'><strong>recte</strong></span> <span class='ocrx_word' id='word_1_210' title='bbox 1793 2690 1924 2746; x_wconf 90' lang='lat' dir='ltr'><strong>dici-</strong></span> 
     </span>
    </p>
   </div>
   <div class='ocr_carea' id='block_1_26' title="bbox 338 2779 1918 2855">
    <p class='ocr_par' dir='ltr' id='par_1_26' title="bbox 338 2779 1918 2855">
     <span class='ocr_line' id='line_1_26' title="bbox 338 2779 1918 2855; baseline 0.004 -23"><span class='ocrx_word' id='word_1_211' title='bbox 338 2787 424 2832; x_wconf 89' lang='lat' dir='ltr'><strong>tur</strong></span> <span class='ocrx_word' id='word_1_212' title='bbox 451 2794 628 2849; x_wconf 57' lang='lat' dir='ltr'><strong>aegros</strong></span> <span class='ocrx_word' id='word_1_213' title='bbox 651 2779 870 2851; x_wconf 84' lang='lat' dir='ltr'><strong>diligere</strong></span> <span class='ocrx_word' id='word_1_214' title='bbox 902 2800 915 2836; x_wconf 94' lang='lat'>:</span> <span class='ocrx_word' id='word_1_215' title='bbox 947 2788 1002 2836; x_wconf 91' lang='lat' dir='ltr'><strong>et</strong></span> <span class='ocrx_word' id='word_1_216' title='bbox 1028 2781 1153 2852; x_wconf 92' lang='lat' dir='ltr'><strong>quid</strong></span> <span class='ocrx_word' id='word_1_217' title='bbox 1176 2783 1229 2836; x_wconf 93' lang='lat' dir='ltr'><strong>in</strong></span> <span class='ocrx_word' id='word_1_218' title='bbox 1249 2782 1330 2838; x_wconf 89' lang='lat' dir='ltr'><strong>eis</strong></span> <span class='ocrx_word' id='word_1_219' title='bbox 1354 2782 1456 2837; x_wconf 91' lang='lat' dir='ltr'><strong>nisi</strong></span> <span class='ocrx_word' id='word_1_220' title='bbox 1480 2783 1705 2839; x_wconf 83' lang='lat' dir='ltr'><strong>salutem</strong></span> <span class='ocrx_word' id='word_1_221' title='bbox 1729 2783 1918 2855; x_wconf 89' lang='lat' dir='ltr'><strong>diligit,</strong></span> 
     </span>
    </p>
   </div>
   <div class='ocr_carea' id='block_1_27' title="bbox 337 2871 1922 2944">
    <p class='ocr_par' dir='ltr' id='par_1_27' title="bbox 337 2871 1922 2944">
     <span class='ocr_line' id='line_1_27' title="bbox 337 2871 1922 2944; baseline 0.006 -22"><span class='ocrx_word' id='word_1_222' title='bbox 337 2884 496 2938; x_wconf 90' lang='lat' dir='ltr'><strong>quam</strong></span> <span class='ocrx_word' id='word_1_223' title='bbox 522 2871 667 2939; x_wconf 91' lang='lat' dir='ltr'><strong>cupit</strong></span> <span class='ocrx_word' id='word_1_224' title='bbox 695 2872 875 2940; x_wconf 86' lang='lat' dir='ltr'><strong>utique</strong></span> <span class='ocrx_word' id='word_1_225' title='bbox 902 2887 1154 2937; x_wconf 86' lang='lat' dir='ltr'><strong>revocare</strong></span> <span class='ocrx_word' id='word_1_226' title='bbox 1172 2914 1189 2940; x_wconf 95' lang='lat'><strong>,</strong></span> <span class='ocrx_word' id='word_1_227' title='bbox 1216 2887 1320 2927; x_wconf 93' lang='lat' dir='ltr'><strong>non</strong></span> <span class='ocrx_word' id='word_1_228' title='bbox 1342 2874 1585 2929; x_wconf 90' lang='lat' dir='ltr'><strong>morbum</strong></span> <span class='ocrx_word' id='word_1_229' title='bbox 1602 2916 1617 2940; x_wconf 90' lang='lat'><strong>,</strong></span> <span class='ocrx_word' id='word_1_230' title='bbox 1644 2889 1802 2944; x_wconf 90' lang='lat' dir='ltr'><strong>quem</strong></span> <span class='ocrx_word' id='word_1_231' title='bbox 1827 2891 1922 2931; x_wconf 86' lang='lat' dir='ltr'><strong>ve-</strong></span> 
     </span>
    </p>
   </div>
   <div class='ocr_carea' id='block_1_28' title="bbox 338 2960 1923 3034">
    <p class='ocr_par' dir='ltr' id='par_1_28' title="bbox 338 2960 1923 3034">
     <span class='ocr_line' id='line_1_28' title="bbox 338 2960 1923 3034; baseline 0.005 -21"><span class='ocrx_word' id='word_1_232' title='bbox 338 2960 415 3013; x_wconf 87' lang='lat' dir='ltr'><strong>nit</strong></span> <span class='ocrx_word' id='word_1_233' title='bbox 432 2961 739 3030; x_wconf 81' lang='lat' dir='ltr'><strong>expellere?</strong></span> <span class='ocrx_word' id='word_1_234' title='bbox 782 2961 871 3017; x_wconf 93' lang='lat' dir='ltr'><strong>Sic</strong></span> <span class='ocrx_word' id='word_1_235' title='bbox 893 2977 1020 3033; x_wconf 87' lang='lat' dir='ltr'><strong>ergo</strong></span> <span class='ocrx_word' id='word_1_236' title='bbox 1044 2971 1099 3018; x_wconf 92' lang='lat' dir='ltr'><strong>et</strong></span> <span class='ocrx_word' id='word_1_237' title='bbox 1124 2977 1222 3017; x_wconf 89' lang='lat' dir='ltr'><strong>nos</strong></span> <span class='ocrx_word' id='word_1_238' title='bbox 1256 2964 1489 3019; x_wconf 86' lang='lat' dir='ltr'><strong>invicem</strong></span> <span class='ocrx_word' id='word_1_239' title='bbox 1516 2964 1797 3034; x_wconf 86' lang='lat' dir='ltr'><strong>diligamus</strong></span> <span class='ocrx_word' id='word_1_240' title='bbox 1816 3008 1831 3032; x_wconf 93' lang='lat'><strong>,</strong></span> <span class='ocrx_word' id='word_1_241' title='bbox 1862 2975 1923 3022; x_wconf 93' lang='lat' dir='ltr'><strong>ut</strong></span> 
     </span>
    </p>
   </div>
   <div class='ocr_carea' id='block_1_29' title="bbox 334 3054 1923 3122">
    <p class='ocr_par' dir='ltr' id='par_1_29' title="bbox 334 3054 1923 3122">
     <span class='ocr_line' id='line_1_29' title="bbox 334 3054 1923 3122; baseline 0.007 -18"><span class='ocrx_word' id='word_1_242' title='bbox 334 3062 593 3120; x_wconf 89' lang='lat' dir='ltr'><strong>quantum</strong></span> <span class='ocrx_word' id='word_1_243' title='bbox 623 3067 939 3122; x_wconf 88' lang='lat' dir='ltr'><strong>possumus,</strong></span> <span class='ocrx_word' id='word_1_244' title='bbox 968 3054 1193 3109; x_wconf 86' lang='lat' dir='ltr'><strong>invicem</strong></span> <span class='ocrx_word' id='word_1_245' title='bbox 1236 3054 1304 3109; x_wconf 91' lang='lat' dir='ltr'><strong>ad</strong></span> <span class='ocrx_word' id='word_1_246' title='bbox 1354 3054 1656 3111; x_wconf 90' lang='lat' dir='ltr'><strong>habendum</strong></span> <span class='ocrx_word' id='word_1_247' title='bbox 1686 3057 1738 3111; x_wconf 92' lang='lat' dir='ltr'><strong>in</strong></span> <span class='ocrx_word' id='word_1_248' title='bbox 1770 3058 1923 3115; x_wconf 88' lang='lat' dir='ltr'><strong>nobis</strong></span> 
     </span>
    </p>
   </div>
   <div class='ocr_carea' id='block_1_30' title="bbox 335 3139 1921 3204">
    <p class='ocr_par' dir='ltr' id='par_1_30' title="bbox 335 3139 1921 3204">
     <span class='ocr_line' id='line_1_30' title="bbox 335 3139 1921 3204; baseline 0.007 -11"><span class='ocrx_word' id='word_1_249' title='bbox 335 3139 504 3195; x_wconf 88' lang='lat' dir='ltr'><strong>Deum</strong></span> <span class='ocrx_word' id='word_1_250' title='bbox 529 3156 658 3196; x_wconf 89' lang='lat' dir='ltr'><strong>cura</strong></span> <span class='ocrx_word' id='word_1_251' title='bbox 682 3142 981 3199; x_wconf 89' lang='lat' dir='ltr'><strong>dilectionis</strong></span> <span class='ocrx_word' id='word_1_252' title='bbox 1006 3144 1356 3201; x_wconf 90' lang='lat' dir='ltr'><strong>attrahamus.</strong></span> <span class='ocrx_word' id='word_1_253' title='bbox 1407 3146 1555 3201; x_wconf 87' lang='lat' dir='ltr'><strong>Hanc</strong></span> <span class='ocrx_word' id='word_1_254' title='bbox 1580 3146 1921 3204; x_wconf 87' lang='lat' dir='ltr'><strong>dilectionem</strong></span> 
     </span>
    </p>
   </div>
   <div class='ocr_carea' id='block_1_31' title="bbox 335 3236 1921 3309">
    <p class='ocr_par' dir='ltr' id='par_1_31' title="bbox 335 3236 1921 3309">
     <span class='ocr_line' id='line_1_31' title="bbox 335 3236 1921 3309; baseline 0.006 -20"><span class='ocrx_word' id='word_1_255' title='bbox 335 3236 491 3291; x_wconf 82' lang='lat' dir='ltr'><strong>nobis</strong></span> <span class='ocrx_word' id='word_1_256' title='bbox 533 3237 698 3292; x_wconf 89' lang='lat' dir='ltr'><strong>donat</strong></span> <span class='ocrx_word' id='word_1_257' title='bbox 737 3238 851 3307; x_wconf 89' lang='lat' dir='ltr'><strong>ipse</strong></span> <span class='ocrx_word' id='word_1_258' title='bbox 878 3240 967 3309; x_wconf 89' lang='lat' dir='ltr'><strong>qui</strong></span> <span class='ocrx_word' id='word_1_259' title='bbox 1006 3240 1114 3304; x_wconf 89' lang='lat' dir='ltr'><strong>ait,</strong></span> <span class='ocrx_word' id='word_1_260' title='bbox 1160 3239 1308 3295; x_wconf 88' lang='lat' dir='ltr'><strong>Sicut</strong></span> <span class='ocrx_word' id='word_1_261' title='bbox 1348 3240 1504 3295; x_wconf 75' lang='lat' dir='ltr'><strong>dilexi</strong></span> <span class='ocrx_word' id='word_1_262' title='bbox 1532 3257 1654 3308; x_wconf 83' lang='lat' dir='ltr'><strong>vos,</strong></span> <span class='ocrx_word' id='word_1_263' title='bbox 1686 3252 1741 3296; x_wconf 93' lang='lat' dir='ltr'><strong>ut</strong></span> <span class='ocrx_word' id='word_1_264' title='bbox 1764 3252 1812 3296; x_wconf 89' lang='lat' dir='ltr'><strong>et</strong></span> <span class='ocrx_word' id='word_1_265' title='bbox 1835 3260 1921 3299; x_wconf 85' lang='lat' dir='ltr'><strong>vos</strong></span> 
     </span>
    </p>
   </div>
   <div class='ocr_carea' id='block_1_32' title="bbox 332 3328 1920 3401">
    <p class='ocr_par' dir='ltr' id='par_1_32' title="bbox 332 3328 1920 3401">
     <span class='ocr_line' id='line_1_32' title="bbox 332 3328 1920 3401; baseline 0.007 -21"><span class='ocrx_word' id='word_1_266' title='bbox 332 3328 559 3399; x_wconf 84' lang='lat' dir='ltr'><strong>diligatis</strong></span> <span class='ocrx_word' id='word_1_267' title='bbox 601 3329 828 3385; x_wconf 85' lang='lat' dir='ltr'><strong>invicem.</strong></span> <span class='ocrx_word' id='word_1_268' title='bbox 872 3329 953 3385; x_wconf 87' lang='lat' dir='ltr'><strong>Ad</strong></span> <span class='ocrx_word' id='word_1_269' title='bbox 993 3330 1095 3385; x_wconf 92' lang='lat' dir='ltr'><strong>hoc</strong></span> <span class='ocrx_word' id='word_1_270' title='bbox 1134 3345 1262 3401; x_wconf 90' lang='lat' dir='ltr'><strong>ergo</strong></span> <span class='ocrx_word' id='word_1_271' title='bbox 1289 3346 1389 3386; x_wconf 92' lang='lat' dir='ltr'><strong>nos</strong></span> <span class='ocrx_word' id='word_1_272' title='bbox 1412 3331 1620 3397; x_wconf 82' lang='lat' dir='ltr'><strong>dilexit,</strong></span> <span class='ocrx_word' id='word_1_273' title='bbox 1651 3342 1712 3388; x_wconf 91' lang='lat' dir='ltr'><strong>ut</strong></span> <span class='ocrx_word' id='word_1_274' title='bbox 1738 3341 1794 3389; x_wconf 94' lang='lat' dir='ltr'><strong>et</strong></span> <span class='ocrx_word' id='word_1_275' title='bbox 1822 3350 1920 3391; x_wconf 90' lang='lat' dir='ltr'><strong>nos</strong></span> 
     </span>
    </p>
   </div>
   <div class='ocr_carea' id='block_1_33' title="bbox 331 3417 1920 3495">
    <p class='ocr_par' dir='ltr' id='par_1_33' title="bbox 331 3417 1920 3495">
     <span class='ocr_line' id='line_1_33' title="bbox 331 3417 1920 3495; baseline 0.005 -22"><span class='ocrx_word' id='word_1_276' title='bbox 331 3417 616 3489; x_wconf 82' lang='lat' dir='ltr'><strong>diligamus</strong></span> <span class='ocrx_word' id='word_1_277' title='bbox 661 3420 919 3485; x_wconf 88' lang='lat' dir='ltr'><strong>invicem;</strong></span> <span class='ocrx_word' id='word_1_278' title='bbox 974 3420 1076 3476; x_wconf 89' lang='lat' dir='ltr'><strong>hoc</strong></span> <span class='ocrx_word' id='word_1_279' title='bbox 1127 3421 1279 3477; x_wconf 90' lang='lat' dir='ltr'><strong>nobis</strong></span> <span class='ocrx_word' id='word_1_280' title='bbox 1325 3422 1606 3478; x_wconf 85' lang='lat' dir='ltr'><strong>conferens</strong></span> <span class='ocrx_word' id='word_1_281' title='bbox 1653 3424 1920 3495; x_wconf 90' lang='lat' dir='ltr'><strong>diligendo</strong></span> 
     </span>
    </p>
   </div>
   <div class='ocr_carea' id='block_1_34' title="bbox 330 3508 1922 3582">
    <p class='ocr_par' dir='ltr' id='par_1_34' title="bbox 330 3508 1922 3582">
     <span class='ocr_line' id='line_1_34' title="bbox 330 3508 1922 3582; baseline 0.005 -20"><span class='ocrx_word' id='word_1_282' title='bbox 330 3523 430 3563; x_wconf 86' lang='lat' dir='ltr'><strong>nos</strong></span> <span class='ocrx_word' id='word_1_283' title='bbox 451 3550 468 3576; x_wconf 96' lang='lat'><strong>,</strong></span> <span class='ocrx_word' id='word_1_284' title='bbox 502 3518 558 3563; x_wconf 94' lang='lat' dir='ltr'><strong>ut</strong></span> <span class='ocrx_word' id='word_1_285' title='bbox 586 3518 767 3564; x_wconf 91' lang='lat' dir='ltr'><strong>mutua</strong></span> <span class='ocrx_word' id='word_1_286' title='bbox 792 3508 1075 3566; x_wconf 88' lang='lat' dir='ltr'><strong>dilectione</strong></span> <span class='ocrx_word' id='word_1_287' title='bbox 1100 3510 1527 3582; x_wconf 87' lang='lat' dir='ltr'><strong>eonstringamur</strong></span> <span class='ocrx_word' id='word_1_288' title='bbox 1554 3512 1694 3569; x_wconf 91' lang='lat' dir='ltr'><strong>inter</strong></span> <span class='ocrx_word' id='word_1_289' title='bbox 1721 3529 1835 3581; x_wconf 89' lang='lat' dir='ltr'><strong>nos,</strong></span> <span class='ocrx_word' id='word_1_290' title='bbox 1866 3523 1922 3570; x_wconf 91' lang='lat' dir='ltr'><strong>et</strong></span> 
     </span>
    </p>
   </div>
   <div class='ocr_carea' id='block_1_35' title="bbox 330 3602 1919 3676">
    <p class='ocr_par' dir='ltr' id='par_1_35' title="bbox 330 3602 1919 3676">
     <span class='ocr_line' id='line_1_35' title="bbox 330 3602 1919 3676; baseline 0.004 -20"><span class='ocrx_word' id='word_1_291' title='bbox 330 3610 438 3656; x_wconf 90' lang='lat' dir='ltr'><strong>tam</strong></span> <span class='ocrx_word' id='word_1_292' title='bbox 479 3602 622 3659; x_wconf 91' lang='lat' dir='ltr'><strong>dulci</strong></span> <span class='ocrx_word' id='word_1_293' title='bbox 645 3603 855 3659; x_wconf 89' lang='lat' dir='ltr'><strong>vinculo</strong></span> <span class='ocrx_word' id='word_1_294' title='bbox 878 3604 1133 3660; x_wconf 85' lang='lat' dir='ltr'><strong>connexis</strong></span> <span class='ocrx_word' id='word_1_295' title='bbox 1159 3604 1414 3661; x_wconf 87' lang='lat' dir='ltr'><strong>membris</strong></span> <span class='ocrx_word' id='word_1_296' title='bbox 1449 3620 1643 3676; x_wconf 89' lang='lat' dir='ltr'><strong>corpus</strong></span> <span class='ocrx_word' id='word_1_297' title='bbox 1670 3607 1801 3662; x_wconf 89' lang='lat' dir='ltr'><strong>tanti</strong></span> <span class='ocrx_word' id='word_1_298' title='bbox 1825 3621 1919 3662; x_wconf 89' lang='lat' dir='ltr'><strong>ca-</strong></span> 
     </span>
    </p>
   </div>
   <div class='ocr_carea' id='block_1_36' title="bbox 331 3694 668 3762">
    <p class='ocr_par' dir='ltr' id='par_1_36' title="bbox 331 3694 668 3762">
     <span class='ocr_line' id='line_1_36' title="bbox 331 3694 668 3762; baseline 0.003 -16"><span class='ocrx_word' id='word_1_299' title='bbox 331 3694 455 3762; x_wconf 90' lang='lat' dir='ltr'><strong>pitis</strong></span> <span class='ocrx_word' id='word_1_300' title='bbox 480 3694 668 3749; x_wconf 92' lang='lat' dir='ltr'><strong>simus.</strong></span> 
     </span>
    </p>
   </div>
   <div class='ocr_carea' id='block_1_37' title="bbox 401 3783 1918 3857">
    <p class='ocr_par' dir='ltr' id='par_1_37' title="bbox 401 3783 1918 3857">
     <span class='ocr_line' id='line_1_37' title="bbox 401 3783 1918 3857; baseline 0.001 -17"><span class='ocrx_word' id='word_1_301' title='bbox 401 3786 455 3840; x_wconf 79' lang='lat'><strong>3.</strong></span> <span class='ocrx_word' id='word_1_302' title='bbox 498 3783 567 3839; x_wconf 83' lang='lat' dir='ltr'><strong>In</strong></span> <span class='ocrx_word' id='word_1_303' title='bbox 592 3786 687 3839; x_wconf 89' lang='lat' dir='ltr'><strong>hoc</strong></span> <span class='ocrx_word' id='word_1_304' title='bbox 716 3794 1039 3857; x_wconf 84' lang='lat' dir='ltr'><strong>cognoscent,</strong></span> <span class='ocrx_word' id='word_1_305' title='bbox 1070 3785 1270 3857; x_wconf 89' lang='lat' dir='ltr'><strong>inquit,</strong></span> <span class='ocrx_word' id='word_1_306' title='bbox 1300 3802 1471 3841; x_wconf 83' lang='lat' dir='ltr'><strong>omnes</strong></span> <span class='ocrx_word' id='word_1_307' title='bbox 1494 3787 1615 3857; x_wconf 89' lang='lat' dir='ltr'><strong>quia</strong></span> <span class='ocrx_word' id='word_1_308' title='bbox 1643 3787 1742 3842; x_wconf 86' lang='lat' dir='ltr'><strong>mei</strong></span> <span class='ocrx_word' id='word_1_309' title='bbox 1761 3788 1918 3842; x_wconf 78' lang='lat' dir='ltr'><strong>disci—</strong></span> 
     </span>
    </p>
   </div>
   <div class='ocr_carea' id='block_1_38' title="bbox 332 3874 1917 3950">
    <p class='ocr_par' dir='ltr' id='par_1_38' title="bbox 332 3874 1917 3950">
     <span class='ocr_line' id='line_1_38' title="bbox 332 3874 1917 3950; baseline 0.004 -22"><span class='ocrx_word' id='word_1_310' title='bbox 332 3874 444 3935; x_wconf 81' lang='lat' dir='ltr'><strong>puli</strong></span> <span class='ocrx_word' id='word_1_311' title='bbox 472 3877 610 3942; x_wconf 85' lang='lat' dir='ltr'><strong>estis,</strong></span> <span class='ocrx_word' id='word_1_312' title='bbox 632 3877 677 3930; x_wconf 87' lang='lat' dir='ltr'><strong>si</strong></span> <span class='ocrx_word' id='word_1_313' title='bbox 690 3877 1003 3933; x_wconf 86' lang='lat' dir='ltr'><strong>dilectionem</strong></span> <span class='ocrx_word' id='word_1_314' title='bbox 1024 3878 1295 3932; x_wconf 83' lang='lat' dir='ltr'><strong>habueritis</strong></span> <span class='ocrx_word' id='word_1_315' title='bbox 1315 3878 1368 3931; x_wconf 88' lang='lat' dir='ltr'><strong>in</strong></span> <span class='ocrx_word' id='word_1_316' title='bbox 1390 3878 1600 3932; x_wconf 83' lang='lat' dir='ltr'><strong>inuicem</strong></span> <span class='ocrx_word' id='word_1_317' title='bbox 1623 3894 1642 3933; x_wconf 89' lang='lat'><strong><em>:</em></strong></span> <span class='ocrx_word' id='word_1_318' title='bbox 1667 3889 1917 3950; x_wconf 83' lang='lat' dir='ltr'><strong>tanquam</strong></span> 
     </span>
    </p>
   </div>
   <div class='ocr_carea' id='block_1_39' title="bbox 330 3967 1917 4033">
    <p class='ocr_par' dir='ltr' id='par_1_39' title="bbox 330 3967 1917 4033">
     <span class='ocr_line' id='line_1_39' title="bbox 330 3967 1917 4033; baseline 0.005 -12"><span class='ocrx_word' id='word_1_319' title='bbox 330 3967 553 4033; x_wconf 88' lang='lat' dir='ltr'><strong>diceret,</strong></span> <span class='ocrx_word' id='word_1_320' title='bbox 575 3969 692 4023; x_wconf 84' lang='lat' dir='ltr'><strong>Alia</strong></span> <span class='ocrx_word' id='word_1_321' title='bbox 718 3986 938 4026; x_wconf 91' lang='lat' dir='ltr'><strong>munera</strong></span> <span class='ocrx_word' id='word_1_322' title='bbox 966 3986 1084 4026; x_wconf 91' lang='lat' dir='ltr'><strong>mea</strong></span> <span class='ocrx_word' id='word_1_323' title='bbox 1108 3970 1305 4025; x_wconf 88' lang='lat' dir='ltr'><strong>habent</strong></span> <span class='ocrx_word' id='word_1_324' title='bbox 1327 3970 1599 4026; x_wconf 90' lang='lat' dir='ltr'><strong>vobiscum</strong></span> <span class='ocrx_word' id='word_1_325' title='bbox 1628 3971 1787 4027; x_wconf 91' lang='lat' dir='ltr'><strong>etiam</strong></span> <span class='ocrx_word' id='word_1_326' title='bbox 1808 3988 1917 4029; x_wconf 87' lang='lat' dir='ltr'><strong>non</strong></span> 
     </span>
    </p>
   </div>
   <div class='ocr_carea' id='block_1_40' title="bbox 330 4061 1912 4134">
    <p class='ocr_par' dir='ltr' id='par_1_40' title="bbox 330 4061 1912 4134">
     <span class='ocr_line' id='line_1_40' title="bbox 330 4061 1912 4134; baseline 0.003 -19"><span class='ocrx_word' id='word_1_327' title='bbox 330 4062 468 4126; x_wconf 88' lang='lat' dir='ltr'><strong>mei,</strong></span> <span class='ocrx_word' id='word_1_328' title='bbox 498 4076 603 4115; x_wconf 92' lang='lat' dir='ltr'><strong>non</strong></span> <span class='ocrx_word' id='word_1_329' title='bbox 633 4061 805 4117; x_wconf 91' lang='lat' dir='ltr'><strong>solum</strong></span> <span class='ocrx_word' id='word_1_330' title='bbox 830 4070 1092 4127; x_wconf 87' lang='lat' dir='ltr'><strong>naturam,</strong></span> <span class='ocrx_word' id='word_1_331' title='bbox 1121 4062 1280 4117; x_wconf 89' lang='lat' dir='ltr'><strong>vitam</strong></span> <span class='ocrx_word' id='word_1_332' title='bbox 1302 4103 1316 4127; x_wconf 90' lang='lat'><strong>,</strong></span> <span class='ocrx_word' id='word_1_333' title='bbox 1346 4077 1584 4130; x_wconf 85' lang='lat' dir='ltr'><strong>sensum,</strong></span> <span class='ocrx_word' id='word_1_334' title='bbox 1626 4064 1912 4134; x_wconf 89' lang='lat' dir='ltr'><strong>rationem,</strong></span> 
     </span>
    </p>
   </div>
   <div class='ocr_carea' id='block_1_41' title="bbox 329 4153 1917 4225">
    <p class='ocr_par' dir='ltr' id='par_1_41' title="bbox 329 4153 1917 4225">
     <span class='ocr_line' id='line_1_41' title="bbox 329 4153 1917 4225; baseline 0.003 -18"><span class='ocrx_word' id='word_1_335' title='bbox 329 4160 382 4207; x_wconf 92' lang='lat' dir='ltr'><strong>et</strong></span> <span class='ocrx_word' id='word_1_336' title='bbox 409 4168 528 4208; x_wconf 89' lang='lat' dir='ltr'><strong>eam</strong></span> <span class='ocrx_word' id='word_1_337' title='bbox 559 4154 783 4210; x_wconf 89' lang='lat' dir='ltr'><strong>salutem</strong></span> <span class='ocrx_word' id='word_1_338' title='bbox 807 4169 926 4225; x_wconf 73' lang='lat' dir='ltr'><strong>quae</strong></span> <span class='ocrx_word' id='word_1_339' title='bbox 947 4153 1247 4209; x_wconf 90' lang='lat' dir='ltr'><strong>hominibus</strong></span> <span class='ocrx_word' id='word_1_340' title='bbox 1267 4154 1654 4224; x_wconf 88' lang='lat' dir='ltr'><strong>pecoribusque</strong></span> <span class='ocrx_word' id='word_1_341' title='bbox 1674 4170 1917 4211; x_wconf 62' lang='lat' dir='ltr'><strong>commuo</strong></span> 
     </span>
    </p>
   </div>
   <div class='ocr_carea' id='block_1_42' title="bbox 328 4243 1916 4318">
    <p class='ocr_par' dir='ltr' id='par_1_42' title="bbox 328 4243 1916 4318">
     <span class='ocr_line' id='line_1_42' title="bbox 328 4243 1916 4318; baseline 0.004 -21"><span class='ocrx_word' id='word_1_342' title='bbox 328 4243 408 4298; x_wconf 90' lang='lat' dir='ltr'><strong>nis</strong></span> <span class='ocrx_word' id='word_1_343' title='bbox 431 4252 549 4311; x_wconf 89' lang='lat' dir='ltr'><strong>est;</strong></span> <span class='ocrx_word' id='word_1_344' title='bbox 581 4261 765 4300; x_wconf 89' lang='lat' dir='ltr'><strong>verum</strong></span> <span class='ocrx_word' id='word_1_345' title='bbox 806 4246 965 4301; x_wconf 88' lang='lat' dir='ltr'><strong>etiam</strong></span> <span class='ocrx_word' id='word_1_346' title='bbox 992 4245 1197 4315; x_wconf 90' lang='lat' dir='ltr'><strong>linguas</strong></span> <span class='ocrx_word' id='word_1_347' title='bbox 1219 4285 1237 4313; x_wconf 98' lang='lat'><strong>,</strong></span> <span class='ocrx_word' id='word_1_348' title='bbox 1266 4245 1610 4301; x_wconf 85' lang='lat' dir='ltr'><strong>Sacramenta</strong></span> <span class='ocrx_word' id='word_1_349' title='bbox 1634 4288 1650 4312; x_wconf 95' lang='lat'><strong>,</strong></span> <span class='ocrx_word' id='word_1_350' title='bbox 1678 4248 1916 4318; x_wconf 65' lang='lat' dir='ltr'><strong>prophe«</strong></span> 
     </span>
    </p>
   </div>
   <div class='ocr_carea' id='block_1_43' title="bbox 327 4335 1916 4403">
    <p class='ocr_par' dir='ltr' id='par_1_43' title="bbox 327 4335 1916 4403">
     <span class='ocr_line' id='line_1_43' title="bbox 327 4335 1916 4403; baseline 0.004 -15"><span class='ocrx_word' id='word_1_351' title='bbox 327 4335 452 4389; x_wconf 93' lang='lat' dir='ltr'><strong>tiam</strong></span> <span class='ocrx_word' id='word_1_352' title='bbox 473 4375 489 4398; x_wconf 91' lang='lat'><strong>,</strong></span> <span class='ocrx_word' id='word_1_353' title='bbox 518 4336 793 4391; x_wconf 87' lang='lat' dir='ltr'><strong>scientiam</strong></span> <span class='ocrx_word' id='word_1_354' title='bbox 818 4378 834 4403; x_wconf 92' lang='lat'><strong>,</strong></span> <span class='ocrx_word' id='word_1_355' title='bbox 874 4335 1065 4401; x_wconf 88' lang='lat' dir='ltr'><strong>tidem,</strong></span> <span class='ocrx_word' id='word_1_356' title='bbox 1099 4335 1525 4390; x_wconf 91' lang='lat' dir='ltr'><strong>distributionem</strong></span> <span class='ocrx_word' id='word_1_357' title='bbox 1570 4351 1749 4393; x_wconf 91' lang='lat' dir='ltr'><strong>rerum</strong></span> <span class='ocrx_word' id='word_1_358' title='bbox 1789 4353 1916 4395; x_wconf 88' lang='lat' dir='ltr'><strong>sua-</strong></span> 
     </span>
    </p>
   </div>
   <div class='ocr_carea' id='block_1_44' title="bbox 326 4427 1916 4497">
    <p class='ocr_par' dir='ltr' id='par_1_44' title="bbox 326 4427 1916 4497">
     <span class='ocr_line' id='line_1_44' title="bbox 326 4427 1916 4497; baseline 0.001 -15"><span class='ocrx_word' id='word_1_359' title='bbox 326 4442 440 4482; x_wconf 81' lang='lat' dir='ltr'><strong>rum</strong></span> <span class='ocrx_word' id='word_1_360' title='bbox 491 4428 846 4497; x_wconf 87' lang='lat' dir='ltr'><strong>pauperibus,</strong></span> <span class='ocrx_word' id='word_1_361' title='bbox 893 4436 947 4482; x_wconf 89' lang='lat' dir='ltr'><strong>et</strong></span> <span class='ocrx_word' id='word_1_362' title='bbox 987 4427 1321 4482; x_wconf 90' lang='lat' dir='ltr'><strong>traditionem</strong></span> <span class='ocrx_word' id='word_1_363' title='bbox 1367 4428 1606 4497; x_wconf 86' lang='lat' dir='ltr'><strong>corporis</strong></span> <span class='ocrx_word' id='word_1_364' title='bbox 1632 4428 1714 4483; x_wconf 92' lang='lat' dir='ltr'><strong>sui</strong></span> <span class='ocrx_word' id='word_1_365' title='bbox 1744 4439 1801 4484; x_wconf 93' lang='lat' dir='ltr'><strong>ut</strong></span> <span class='ocrx_word' id='word_1_366' title='bbox 1830 4445 1916 4485; x_wconf 85' lang='lat' dir='ltr'><strong>ar-</strong></span> 
     </span>
    </p>
   </div>
   <div class='ocr_carea' id='block_1_45' title="bbox 326 4518 1915 4594">
    <p class='ocr_par' dir='ltr' id='par_1_45' title="bbox 326 4518 1915 4594">
     <span class='ocr_line' id='line_1_45' title="bbox 326 4518 1915 4594; baseline 0.003 -21"><span class='ocrx_word' id='word_1_367' title='bbox 326 4518 487 4574; x_wconf 88' lang='lat' dir='ltr'><strong>deant</strong></span> <span class='ocrx_word' id='word_1_368' title='bbox 517 4537 530 4573; x_wconf 90' lang='lat'><strong>:</strong></span> <span class='ocrx_word' id='word_1_369' title='bbox 559 4519 654 4574; x_wconf 89' lang='lat' dir='ltr'><strong>sed</strong></span> <span class='ocrx_word' id='word_1_370' title='bbox 683 4519 931 4590; x_wconf 90' lang='lat' dir='ltr'><strong>quoniam</strong></span> <span class='ocrx_word' id='word_1_371' title='bbox 958 4519 1271 4574; x_wconf 90' lang='lat' dir='ltr'><strong>charitatem</strong></span> <span class='ocrx_word' id='word_1_372' title='bbox 1300 4535 1408 4573; x_wconf 93' lang='lat' dir='ltr'><strong>non</strong></span> <span class='ocrx_word' id='word_1_373' title='bbox 1435 4519 1652 4586; x_wconf 90' lang='lat' dir='ltr'><strong>habent,</strong></span> <span class='ocrx_word' id='word_1_374' title='bbox 1682 4529 1737 4575; x_wconf 92' lang='lat' dir='ltr'><strong>ut</strong></span> <span class='ocrx_word' id='word_1_375' title='bbox 1763 4536 1915 4594; x_wconf 84' lang='lat' dir='ltr'><strong>cym-</strong></span> 
     </span>
    </p>
   </div>
   <div class='ocr_carea' id='block_1_46' title="bbox 325 4610 1911 4684">
    <p class='ocr_par' dir='ltr' id='par_1_46' title="bbox 325 4610 1911 4684">
     <span class='ocr_line' id='line_1_46' title="bbox 325 4610 1911 4684; baseline 0 -16"><span class='ocrx_word' id='word_1_376' title='bbox 325 4612 441 4668; x_wconf 87' lang='lat' dir='ltr'><strong>bala</strong></span> <span class='ocrx_word' id='word_1_377' title='bbox 467 4622 824 4681; x_wconf 89' lang='lat' dir='ltr'><strong>concrepant,</strong></span> <span class='ocrx_word' id='word_1_378' title='bbox 856 4611 986 4666; x_wconf 91' lang='lat' dir='ltr'><strong>nihil</strong></span> <span class='ocrx_word' id='word_1_379' title='bbox 1012 4619 1166 4677; x_wconf 90' lang='lat' dir='ltr'><strong>sunt,</strong></span> <span class='ocrx_word' id='word_1_380' title='bbox 1194 4611 1327 4665; x_wconf 87' lang='lat' dir='ltr'><strong>nihil</strong></span> <span class='ocrx_word' id='word_1_381' title='bbox 1348 4611 1451 4666; x_wconf 90' lang='lat' dir='ltr'><strong>illis</strong></span> <span class='ocrx_word' id='word_1_382' title='bbox 1476 4612 1693 4682; x_wconf 88' lang='lat' dir='ltr'><strong>prodest</strong></span> <span class='ocrx_word' id='word_1_383' title='bbox 1717 4612 1763 4684; x_wconf 86' lang='grc' dir='ltr'>(Ι</span> <span class='ocrx_word' id='word_1_384' title='bbox 1792 4610 1911 4669; x_wconf 89' lang='lat' dir='ltr'><strong>Cor.</strong></span> 
     </span>
    </p>
   </div>
   <div class='ocr_carea' id='block_1_47' title="bbox 324 4703 1915 4774">
    <p class='ocr_par' dir='ltr' id='par_1_47' title="bbox 324 4703 1915 4774">
     <span class='ocr_line' id='line_1_47' title="bbox 324 4703 1915 4774; baseline 0.001 -15"><span class='ocrx_word' id='word_1_385' title='bbox 324 4720 421 4759; x_wconf 80' lang='lat' dir='ltr'><strong>xm</strong></span> <span class='ocrx_word' id='word_1_386' title='bbox 443 4745 459 4770; x_wconf 92' lang='lat'><strong>,</strong></span> <span class='ocrx_word' id='word_1_387' title='bbox 494 4705 636 4774; x_wconf 76' lang='grc'><strong>1-3).</strong></span> <span class='ocrx_word' id='word_1_388' title='bbox 656 4704 773 4759; x_wconf 87' lang='lat' dir='ltr'><strong>Non</strong></span> <span class='ocrx_word' id='word_1_389' title='bbox 796 4719 922 4773; x_wconf 89' lang='lat' dir='ltr'><strong>ergo</strong></span> <span class='ocrx_word' id='word_1_390' title='bbox 952 4704 1005 4759; x_wconf 92' lang='lat' dir='ltr'><strong>in</strong></span> <span class='ocrx_word' id='word_1_391' title='bbox 1033 4703 1136 4758; x_wconf 90' lang='lat' dir='ltr'><strong>illis</strong></span> <span class='ocrx_word' id='word_1_392' title='bbox 1163 4703 1405 4774; x_wconf 89' lang='lat' dir='ltr'><strong>quamvis</strong></span> <span class='ocrx_word' id='word_1_393' title='bbox 1430 4703 1583 4758; x_wconf 91' lang='lat' dir='ltr'><strong>bonis</strong></span> <span class='ocrx_word' id='word_1_394' title='bbox 1607 4705 1915 4761; x_wconf 87' lang='lat' dir='ltr'><strong>muneribus</strong></span> 
     </span>
    </p>
   </div>
   <div class='ocr_carea' id='block_1_48' title="bbox 323 4797 1912 4868">
    <p class='ocr_par' dir='ltr' id='par_1_48' title="bbox 323 4797 1912 4868">
     <span class='ocr_line' id='line_1_48' title="bbox 323 4797 1912 4868; baseline 0 -16"><span class='ocrx_word' id='word_1_395' title='bbox 323 4799 457 4853; x_wconf 88' lang='lat' dir='ltr'><strong>meis</strong></span> <span class='ocrx_word' id='word_1_396' title='bbox 476 4840 494 4863; x_wconf 93' lang='lat'><strong>,</strong></span> <span class='ocrx_word' id='word_1_397' title='bbox 525 4814 648 4868; x_wconf 64' lang='lat' dir='ltr'><strong>quae</strong></span> <span class='ocrx_word' id='word_1_398' title='bbox 669 4797 867 4853; x_wconf 89' lang='lat' dir='ltr'><strong>habere</strong></span> <span class='ocrx_word' id='word_1_399' title='bbox 897 4806 1118 4867; x_wconf 88' lang='lat' dir='ltr'><strong>possunt</strong></span> <span class='ocrx_word' id='word_1_400' title='bbox 1147 4798 1307 4853; x_wconf 91' lang='lat' dir='ltr'><strong>etiam</strong></span> <span class='ocrx_word' id='word_1_401' title='bbox 1348 4812 1453 4851; x_wconf 93' lang='lat' dir='ltr'><strong>non</strong></span> <span class='ocrx_word' id='word_1_402' title='bbox 1496 4797 1739 4866; x_wconf 89' lang='lat' dir='ltr'><strong>discipuli</strong></span> <span class='ocrx_word' id='word_1_403' title='bbox 1769 4799 1912 4864; x_wconf 90' lang='lat' dir='ltr'><strong>mei;</strong></span> 
     </span>
    </p>
   </div>
   <div class='ocr_carea' id='block_1_49' title="bbox 321 4887 1917 4965">
    <p class='ocr_par' dir='ltr' id='par_1_49' title="bbox 321 4887 1917 4965">
     <span class='ocr_line' id='line_1_49' title="bbox 321 4887 1917 4965; baseline 0.001 -24"><span class='ocrx_word' id='word_1_404' title='bbox 321 4888 415 4942; x_wconf 88' lang='lat' dir='ltr'><strong>sed</strong></span> <span class='ocrx_word' id='word_1_405' title='bbox 438 4889 495 4943; x_wconf 87' lang='lat' dir='ltr'><strong>in</strong></span> <span class='ocrx_word' id='word_1_406' title='bbox 516 4888 613 4942; x_wconf 87' lang='lat' dir='ltr'><strong>hoc</strong></span> <span class='ocrx_word' id='word_1_407' title='bbox 641 4898 935 4957; x_wconf 87' lang='lat' dir='ltr'><strong>cognoscent</strong></span> <span class='ocrx_word' id='word_1_408' title='bbox 960 4904 1130 4942; x_wconf 89' lang='lat' dir='ltr'><strong>omnes</strong></span> <span class='ocrx_word' id='word_1_409' title='bbox 1152 4887 1278 4965; x_wconf 14' lang='lat' dir='ltr'><strong>{quia</strong></span> <span class='ocrx_word' id='word_1_410' title='bbox 1307 4888 1405 4941; x_wconf 87' lang='lat' dir='ltr'><strong>mei</strong></span> <span class='ocrx_word' id='word_1_411' title='bbox 1429 4887 1668 4957; x_wconf 85' lang='lat' dir='ltr'><strong>discipuli</strong></span> <span class='ocrx_word' id='word_1_412' title='bbox 1694 4888 1843 4954; x_wconf 87' lang='lat' dir='ltr'><strong>estis,</strong></span> <span class='ocrx_word' id='word_1_413' title='bbox 1871 4890 1917 4943; x_wconf 81' lang='lat' dir='ltr'><strong>si</strong></span> 
     </span>
    </p>
   </div>
   <div class='ocr_carea' id='block_1_50' title="bbox 320 4977 1918 5048">
    <p class='ocr_par' dir='ltr' id='par_1_50' title="bbox 320 4977 1918 5048">
     <span class='ocr_line' id='line_1_50' title="bbox 320 4977 1918 5048; baseline 0.001 -16"><span class='ocrx_word' id='word_1_414' title='bbox 320 4980 643 5034; x_wconf 77' lang='lat' dir='ltr'><strong>dilectionem</strong></span> <span class='ocrx_word' id='word_1_415' title='bbox 666 4978 938 5033; x_wconf 88' lang='lat' dir='ltr'><strong>habueritis</strong></span> <span class='ocrx_word' id='word_1_416' title='bbox 961 4980 1015 5032; x_wconf 90' lang='lat' dir='ltr'><strong>in</strong></span> <span class='ocrx_word' id='word_1_417' title='bbox 1039 4979 1266 5033; x_wconf 87' lang='lat' dir='ltr'><strong>invicem.</strong></span> <span class='ocrx_word' id='word_1_418' title='bbox 1297 4978 1340 5032; x_wconf 96' lang='grc' dir='ltr'><strong>Ο</strong></span> <span class='ocrx_word' id='word_1_419' title='bbox 1364 4992 1558 5047; x_wconf 89' lang='lat' dir='ltr'><strong>sponsa</strong></span> <span class='ocrx_word' id='word_1_420' title='bbox 1579 4977 1775 5033; x_wconf 89' lang='lat' dir='ltr'><strong>Christi</strong></span> <span class='ocrx_word' id='word_1_421' title='bbox 1797 4979 1918 5048; x_wconf 89' lang='lat' dir='ltr'><strong>pul-</strong></span> 
     </span>
    </p>
   </div>
   <div class='ocr_carea' id='block_1_51' title="bbox 318 5068 1918 5135">
    <p class='ocr_par' dir='ltr' id='par_1_51' title="bbox 318 5068 1918 5135">
     <span class='ocr_line' id='line_1_51' title="bbox 318 5068 1918 5135; baseline -0.001 -9"><span class='ocrx_word' id='word_1_422' title='bbox 318 5071 448 5126; x_wconf 89' lang='lat' dir='ltr'><strong>chra</strong></span> <span class='ocrx_word' id='word_1_423' title='bbox 476 5071 619 5126; x_wconf 87' lang='lat' dir='ltr'><strong>inter</strong></span> <span class='ocrx_word' id='word_1_424' title='bbox 642 5071 920 5125; x_wconf 84' lang='lat' dir='ltr'><strong>mulieres!</strong></span> <span class='ocrx_word' id='word_1_425' title='bbox 950 5084 985 5125; x_wconf 89' lang='grc' dir='ltr'>ο</span> <span class='ocrx_word' id='word_1_426' title='bbox 1010 5069 1254 5125; x_wconf 87' lang='lat' dir='ltr'><strong>dealbata</strong></span> <span class='ocrx_word' id='word_1_427' title='bbox 1279 5068 1602 5135; x_wconf 90' lang='lat' dir='ltr'><strong>ascendens,</strong></span> <span class='ocrx_word' id='word_1_428' title='bbox 1634 5078 1688 5124; x_wconf 93' lang='lat' dir='ltr'><strong>et</strong></span> <span class='ocrx_word' id='word_1_429' title='bbox 1711 5071 1918 5126; x_wconf 88' lang='lat' dir='ltr'><strong>incum-</strong></span> 
     </span>
    </p>
   </div>
   <div class='ocr_carea' id='block_1_52' title="bbox 320 5159 1916 5231">
    <p class='ocr_par' dir='ltr' id='par_1_52' title="bbox 320 5159 1916 5231">
     <span class='ocr_line' id='line_1_52' title="bbox 320 5159 1916 5231; baseline 0 -14"><span class='ocrx_word' id='word_1_430' title='bbox 320 5161 452 5217; x_wconf 87' lang='lat' dir='ltr'><strong>bens</strong></span> <span class='ocrx_word' id='word_1_431' title='bbox 495 5176 660 5231; x_wconf 88' lang='lat' dir='ltr'><strong>super</strong></span> <span class='ocrx_word' id='word_1_432' title='bbox 696 5160 999 5216; x_wconf 87' lang='lat' dir='ltr'><strong>l&#39;ratruelem</strong></span> <span class='ocrx_word' id='word_1_433' title='bbox 1038 5161 1224 5215; x_wconf 87' lang='lat' dir='ltr'><strong>tuum!</strong></span> <span class='ocrx_word' id='word_1_434' title='bbox 1261 5160 1508 5230; x_wconf 90' lang='lat' dir='ltr'><strong>quoniam</strong></span> <span class='ocrx_word' id='word_1_435' title='bbox 1534 5159 1684 5229; x_wconf 89' lang='lat' dir='ltr'><strong>cujus</strong></span> <span class='ocrx_word' id='word_1_436' title='bbox 1714 5161 1916 5217; x_wconf 88' lang='lat' dir='ltr'><strong>lumine</strong></span> 
     </span>
    </p>
   </div>
   <div class='ocr_carea' id='block_1_53' title="bbox 321 5251 1914 5322">
    <p class='ocr_par' dir='ltr' id='par_1_53' title="bbox 321 5251 1914 5322">
     <span class='ocr_line' id='line_1_53' title="bbox 321 5251 1914 5322; baseline 0.001 -14"><span class='ocrx_word' id='word_1_437' title='bbox 321 5254 610 5309; x_wconf 85' lang='lat' dir='ltr'><strong>illustraris</strong></span> <span class='ocrx_word' id='word_1_438' title='bbox 634 5262 693 5308; x_wconf 90' lang='lat' dir='ltr'><strong>ut</strong></span> <span class='ocrx_word' id='word_1_439' title='bbox 716 5255 966 5319; x_wconf 89' lang='lat' dir='ltr'><strong>candeas,</strong></span> <span class='ocrx_word' id='word_1_440' title='bbox 989 5252 1104 5322; x_wconf 88' lang='lat' dir='ltr'><strong>ejus</strong></span> <span class='ocrx_word' id='word_1_441' title='bbox 1123 5252 1387 5322; x_wconf 89' lang='lat' dir='ltr'><strong>adjutorio</strong></span> <span class='ocrx_word' id='word_1_442' title='bbox 1410 5251 1611 5305; x_wconf 84' lang='lat' dir='ltr'><strong>fulciris</strong></span> <span class='ocrx_word' id='word_1_443' title='bbox 1631 5268 1698 5307; x_wconf 92' lang='lat' dir='ltr'><strong>ne</strong></span> <span class='ocrx_word' id='word_1_444' title='bbox 1716 5252 1874 5307; x_wconf 89' lang='lat' dir='ltr'><strong>cadas</strong></span> <span class='ocrx_word' id='word_1_445' title='bbox 1898 5272 1914 5309; x_wconf 91' lang='lat'><strong>:</strong></span> 
     </span>
    </p>
   </div>
   <div class='ocr_carea' id='block_1_54' title="bbox 320 5343 1914 5417">
    <p class='ocr_par' dir='ltr' id='par_1_54' title="bbox 320 5343 1914 5417">
     <span class='ocr_line' id='line_1_54' title="bbox 320 5343 1914 5417; baseline -0.001 -16"><span class='ocrx_word' id='word_1_446' title='bbox 320 5360 355 5401; x_wconf 88' lang='grc' dir='ltr'><strong>ο</strong></span> <span class='ocrx_word' id='word_1_447' title='bbox 382 5362 543 5417; x_wconf 89' lang='lat' dir='ltr'><strong>quam</strong></span> <span class='ocrx_word' id='word_1_448' title='bbox 575 5346 713 5401; x_wconf 91' lang='lat' dir='ltr'><strong>bene</strong></span> <span class='ocrx_word' id='word_1_449' title='bbox 741 5353 984 5400; x_wconf 87' lang='lat' dir='ltr'><strong>cantatur</strong></span> <span class='ocrx_word' id='word_1_450' title='bbox 1010 5343 1103 5398; x_wconf 91' lang='lat' dir='ltr'><strong>tibi</strong></span> <span class='ocrx_word' id='word_1_451' title='bbox 1139 5344 1193 5398; x_wconf 93' lang='lat' dir='ltr'><strong>in</strong></span> <span class='ocrx_word' id='word_1_452' title='bbox 1224 5343 1315 5397; x_wconf 92' lang='lat' dir='ltr'><strong>illo</strong></span> <span class='ocrx_word' id='word_1_453' title='bbox 1338 5344 1557 5398; x_wconf 88' lang='lat' dir='ltr'><strong>Cantico</strong></span> <span class='ocrx_word' id='word_1_454' title='bbox 1584 5344 1914 5399; x_wconf 87' lang='lat' dir='ltr'><strong>canticorum</strong></span> 
     </span>
    </p>
   </div>
   <div class='ocr_carea' id='block_1_55' title="bbox 319 5433 1916 5507">
    <p class='ocr_par' dir='ltr' id='par_1_55' title="bbox 319 5433 1916 5507">
     <span class='ocr_line' id='line_1_55' title="bbox 319 5433 1916 5507; baseline -0.002 -15"><span class='ocrx_word' id='word_1_455' title='bbox 319 5439 465 5493; x_wconf 84' lang='lat' dir='ltr'><strong>velut</strong></span> <span class='ocrx_word' id='word_1_456' title='bbox 506 5436 851 5507; x_wconf 88' lang='lat' dir='ltr'><strong>epithalamio</strong></span> <span class='ocrx_word' id='word_1_457' title='bbox 899 5445 1017 5502; x_wconf 90' lang='lat' dir='ltr'><strong>tuo,</strong></span> <span class='ocrx_word' id='word_1_458' title='bbox 1064 5434 1200 5500; x_wconf 86' lang='lat' dir='ltr'><strong>Quia</strong></span> <span class='ocrx_word' id='word_1_459' title='bbox 1236 5434 1456 5488; x_wconf 85' lang='lat' dir='ltr'><strong>charitas</strong></span> <span class='ocrx_word' id='word_1_460' title='bbox 1494 5434 1549 5487; x_wconf 89' lang='lat' dir='ltr'><strong>in</strong></span> <span class='ocrx_word' id='word_1_461' title='bbox 1584 5433 1776 5488; x_wconf 86' lang='lat' dir='ltr'><strong>deliciis</strong></span> <span class='ocrx_word' id='word_1_462' title='bbox 1815 5436 1916 5491; x_wconf 86' lang='lat' dir='ltr'><strong>tuis</strong></span> 
     </span>
    </p>
   </div>
   <div class='ocr_carea' id='block_1_56' title="bbox 320 5526 1916 5601">
    <p class='ocr_par' dir='ltr' id='par_1_56' title="bbox 320 5526 1916 5601">
     <span class='ocr_line' id='line_1_56' title="bbox 320 5526 1916 5601; baseline 0 -16"><span class='ocrx_word' id='word_1_463' title='bbox 320 5528 488 5601; x_wconf 86' lang='lat' dir='ltr'><strong>(Cant.</strong></span> <span class='ocrx_word' id='word_1_464' title='bbox 519 5547 633 5595; x_wconf 82' lang='lat' dir='ltr'><strong>vn,</strong></span> <span class='ocrx_word' id='word_1_465' title='bbox 662 5530 729 5596; x_wconf 88' lang='lat'><strong>6,</strong></span> <span class='ocrx_word' id='word_1_466' title='bbox 773 5546 871 5584; x_wconf 85' lang='lat' dir='ltr'><strong>sec.</strong></span> <span class='ocrx_word' id='word_1_467' title='bbox 902 5528 1098 5600; x_wconf 80' lang='lat' dir='ltr'><strong>LXX)!</strong></span> <span class='ocrx_word' id='word_1_468' title='bbox 1145 5526 1260 5599; x_wconf 89' lang='lat' dir='ltr'><strong>Ipsa</strong></span> <span class='ocrx_word' id='word_1_469' title='bbox 1306 5543 1411 5581; x_wconf 90' lang='lat' dir='ltr'><strong>non</strong></span> <span class='ocrx_word' id='word_1_470' title='bbox 1460 5528 1755 5596; x_wconf 88' lang='lat' dir='ltr'><strong>comperdit</strong></span> <span class='ocrx_word' id='word_1_471' title='bbox 1793 5543 1916 5585; x_wconf 91' lang='lat' dir='ltr'><strong>eum</strong></span> 
     </span>
    </p>
   </div>
   <div class='ocr_carea' id='block_1_57' title="bbox 320 5619 1917 5694">
    <p class='ocr_par' dir='ltr' id='par_1_57' title="bbox 320 5619 1917 5694">
     <span class='ocr_line' id='line_1_57' title="bbox 320 5619 1917 5694; baseline -0.001 -17"><span class='ocrx_word' id='word_1_472' title='bbox 320 5623 498 5694; x_wconf 82' lang='lat' dir='ltr'><strong>impiis</strong></span> <span class='ocrx_word' id='word_1_473' title='bbox 518 5623 751 5678; x_wconf 89' lang='lat' dir='ltr'><strong>animam</strong></span> <span class='ocrx_word' id='word_1_474' title='bbox 784 5633 960 5685; x_wconf 91' lang='lat' dir='ltr'><strong>tuam;</strong></span> <span class='ocrx_word' id='word_1_475' title='bbox 991 5622 1105 5691; x_wconf 87' lang='lat' dir='ltr'><strong>ipsa</strong></span> <span class='ocrx_word' id='word_1_476' title='bbox 1130 5619 1386 5675; x_wconf 90' lang='lat' dir='ltr'><strong>discernit</strong></span> <span class='ocrx_word' id='word_1_477' title='bbox 1409 5633 1622 5674; x_wconf 86' lang='lat' dir='ltr'><strong>causam</strong></span> <span class='ocrx_word' id='word_1_478' title='bbox 1656 5627 1800 5674; x_wconf 88' lang='lat' dir='ltr'><strong>tuam</strong></span> <span class='ocrx_word' id='word_1_479' title='bbox 1818 5662 1833 5687; x_wconf 95' lang='lat'><strong>,</strong></span> <span class='ocrx_word' id='word_1_480' title='bbox 1862 5629 1917 5676; x_wconf 88' lang='lat' dir='ltr'><strong>et</strong></span> 
     </span>
    </p>
   </div>
   <div class='ocr_carea' id='block_1_58' title="bbox 319 5712 1916 5782">
    <p class='ocr_par' dir='ltr' id='par_1_58' title="bbox 319 5712 1916 5782">
     <span class='ocr_line' id='line_1_58' title="bbox 319 5712 1916 5782; baseline -0.001 -12"><span class='ocrx_word' id='word_1_481' title='bbox 319 5715 455 5770; x_wconf 84' lang='lat' dir='ltr'><strong>sicut</strong></span> <span class='ocrx_word' id='word_1_482' title='bbox 481 5730 630 5770; x_wconf 90' lang='lat' dir='ltr'><strong>mors</strong></span> <span class='ocrx_word' id='word_1_483' title='bbox 650 5715 817 5770; x_wconf 88' lang='lat' dir='ltr'><strong>valida</strong></span> <span class='ocrx_word' id='word_1_484' title='bbox 846 5724 948 5782; x_wconf 87' lang='lat' dir='ltr'><strong>est,</strong></span> <span class='ocrx_word' id='word_1_485' title='bbox 977 5724 1031 5770; x_wconf 89' lang='lat' dir='ltr'><strong>et</strong></span> <span class='ocrx_word' id='word_1_486' title='bbox 1060 5715 1112 5769; x_wconf 92' lang='lat' dir='ltr'><strong>in</strong></span> <span class='ocrx_word' id='word_1_487' title='bbox 1137 5713 1341 5768; x_wconf 90' lang='lat' dir='ltr'><strong>deliciis</strong></span> <span class='ocrx_word' id='word_1_488' title='bbox 1366 5714 1469 5767; x_wconf 90' lang='lat' dir='ltr'><strong>tuis</strong></span> <span class='ocrx_word' id='word_1_489' title='bbox 1495 5722 1597 5768; x_wconf 91' lang='lat' dir='ltr'><strong>est.</strong></span> <span class='ocrx_word' id='word_1_490' title='bbox 1626 5712 1795 5779; x_wconf 91' lang='lat' dir='ltr'><strong>Quam</strong></span> <span class='ocrx_word' id='word_1_491' title='bbox 1816 5715 1916 5768; x_wconf 87' lang='lat' dir='ltr'><strong>mi-</strong></span> 
     </span>
    </p>
   </div>
   <div class='ocr_carea' id='block_1_59' title="bbox 317 5802 1913 5879">
    <p class='ocr_par' dir='ltr' id='par_1_59' title="bbox 317 5802 1913 5879">
     <span class='ocr_line' id='line_1_59' title="bbox 317 5802 1913 5879; baseline 0 -18"><span class='ocrx_word' id='word_1_492' title='bbox 317 5808 469 5861; x_wconf 85' lang='lat' dir='ltr'><strong>randi</strong></span> <span class='ocrx_word' id='word_1_493' title='bbox 514 5808 725 5879; x_wconf 88' lang='lat' dir='ltr'><strong>generis</strong></span> <span class='ocrx_word' id='word_1_494' title='bbox 772 5822 917 5862; x_wconf 89' lang='lat' dir='ltr'><strong>mors</strong></span> <span class='ocrx_word' id='word_1_495' title='bbox 963 5815 1070 5871; x_wconf 89' lang='lat' dir='ltr'><strong>est,</strong></span> <span class='ocrx_word' id='word_1_496' title='bbox 1118 5806 1203 5861; x_wconf 91' lang='lat' dir='ltr'><strong>cui</strong></span> <span class='ocrx_word' id='word_1_497' title='bbox 1236 5820 1419 5875; x_wconf 88' lang='lat' dir='ltr'><strong>parum</strong></span> <span class='ocrx_word' id='word_1_498' title='bbox 1446 5802 1544 5858; x_wconf 81' lang='lat' dir='ltr'><strong>fuit</strong></span> <span class='ocrx_word' id='word_1_499' title='bbox 1582 5819 1688 5858; x_wconf 90' lang='lat' dir='ltr'><strong>non</strong></span> <span class='ocrx_word' id='word_1_500' title='bbox 1714 5818 1832 5860; x_wconf 88' lang='lat' dir='ltr'><strong>esse</strong></span> <span class='ocrx_word' id='word_1_501' title='bbox 1860 5804 1913 5861; x_wconf 89' lang='lat' dir='ltr'><strong>in</strong></span> 
     </span>
    </p>
   </div>
   <div class='ocr_carea' id='block_1_60' title="bbox 316 5896 1912 5973">
    <p class='ocr_par' dir='ltr' id='par_1_60' title="bbox 316 5896 1912 5973">
     <span class='ocr_line' id='line_1_60' title="bbox 316 5896 1912 5973; baseline 0.001 -17"><span class='ocrx_word' id='word_1_502' title='bbox 316 5901 515 5973; x_wconf 62' lang='lat' dir='ltr'><strong>poenis,</strong></span> <span class='ocrx_word' id='word_1_503' title='bbox 545 5900 651 5957; x_wconf 89' lang='lat' dir='ltr'><strong>nisi</strong></span> <span class='ocrx_word' id='word_1_504' title='bbox 678 5908 821 5957; x_wconf 88' lang='lat' dir='ltr'><strong>esset</strong></span> <span class='ocrx_word' id='word_1_505' title='bbox 846 5900 1065 5973; x_wconf 90' lang='lat' dir='ltr'><strong>insuper</strong></span> <span class='ocrx_word' id='word_1_506' title='bbox 1090 5900 1144 5956; x_wconf 90' lang='lat' dir='ltr'><strong>in</strong></span> <span class='ocrx_word' id='word_1_507' title='bbox 1168 5898 1373 5956; x_wconf 87' lang='lat' dir='ltr'><strong>deliciis</strong></span> <span class='ocrx_word' id='word_1_508' title='bbox 1395 5899 1410 5956; x_wconf 81' lang='grc' dir='ltr'><strong>ι</strong></span> <span class='ocrx_word' id='word_1_509' title='bbox 1441 5896 1548 5955; x_wconf 88' lang='lat' dir='ltr'><strong>Sed</strong></span> <span class='ocrx_word' id='word_1_510' title='bbox 1569 5896 1657 5956; x_wconf 93' lang='lat' dir='ltr'><strong>hic</strong></span> <span class='ocrx_word' id='word_1_511' title='bbox 1677 5897 1790 5971; x_wconf 89' lang='lat' dir='ltr'><strong>jam</strong></span> <span class='ocrx_word' id='word_1_512' title='bbox 1810 5898 1912 5957; x_wconf 88' lang='lat' dir='ltr'><strong>iste</strong></span> 
     </span>
    </p>
   </div>
   <div class='ocr_carea' id='block_1_61' title="bbox 1485 435 2550 503">
    <p class='ocr_par' dir='ltr' id='par_1_61' title="bbox 1485 435 2550 503">
     <span class='ocr_line' id='line_1_61' title="bbox 1485 435 2550 503; baseline -0.007 0"><span class='ocrx_word' id='word_1_513' title='bbox 1485 443 1893 503; x_wconf 78' lang='lat' dir='ltr'><strong>TBACTATUS</strong></span> <span class='ocrx_word' id='word_1_514' title='bbox 1922 438 2107 498; x_wconf 78' lang='lat' dir='ltr'><strong>LXVI.</strong></span> <span class='ocrx_word' id='word_1_515' title='bbox 2149 438 2374 496; x_wconf 83' lang='lat' dir='ltr'><strong>CAPUT</strong></span> <span class='ocrx_word' id='word_1_516' title='bbox 2408 435 2550 496; x_wconf 79' lang='lat' dir='ltr'><strong>XIII.</strong></span> 
     </span>
    </p>
   </div>
   <div class='ocr_carea' id='block_1_62' title="bbox 3494 439 3634 506">
    <p class='ocr_par' dir='ltr' id='par_1_62' title="bbox 3494 439 3634 506">
     <span class='ocr_line' id='line_1_62' title="bbox 3494 439 3634 506; baseline 0.014 -2"><span class='ocrx_word' id='word_1_517' title='bbox 3494 439 3634 506; x_wconf 75' lang='grc'><strong>1810</strong></span> 
     </span>
    </p>
   </div>
   <div class='ocr_carea' id='block_1_63' title="bbox 2043 556 3635 638">
    <p class='ocr_par' dir='ltr' id='par_1_63' title="bbox 2043 556 3635 638">
     <span class='ocr_line' id='line_1_63' title="bbox 2043 556 3635 638; baseline 0.007 -27"><span class='ocrx_word' id='word_1_518' title='bbox 2043 571 2221 612; x_wconf 76' lang='lat' dir='ltr'><strong>sentio</strong></span> <span class='ocrx_word' id='word_1_519' title='bbox 2244 556 2523 615; x_wconf 78' lang='lat' dir='ltr'><strong>claudatur</strong></span> <span class='ocrx_word' id='word_1_520' title='bbox 2552 576 2566 614; x_wconf 90' lang='lat'><strong>:</strong></span> <span class='ocrx_word' id='word_1_521' title='bbox 2594 558 2663 615; x_wconf 90' lang='lat' dir='ltr'><strong>ab</strong></span> <span class='ocrx_word' id='word_1_522' title='bbox 2686 556 2791 615; x_wconf 89' lang='lat' dir='ltr'><strong>alio</strong></span> <span class='ocrx_word' id='word_1_523' title='bbox 2814 556 3036 617; x_wconf 83' lang='lat' dir='ltr'><strong>exordio</strong></span> <span class='ocrx_word' id='word_1_524' title='bbox 3062 559 3342 619; x_wconf 87' lang='lat' dir='ltr'><strong>tractanda</strong></span> <span class='ocrx_word' id='word_1_525' title='bbox 3366 572 3491 622; x_wconf 88' lang='lat' dir='ltr'><strong>sunt</strong></span> <span class='ocrx_word' id='word_1_526' title='bbox 3512 580 3635 638; x_wconf 72' lang='lat' dir='ltr'><strong>quas</strong></span> 
     </span>
    </p>
   </div>
   <div class='ocr_carea' id='block_1_64' title="bbox 2043 658 2353 720">
    <p class='ocr_par' dir='ltr' id='par_1_64' title="bbox 2043 658 2353 720">
     <span class='ocr_line' id='line_1_64' title="bbox 2043 658 2353 720; baseline -0.003 -15"><span class='ocrx_word' id='word_1_527' title='bbox 2043 658 2353 720; x_wconf 86' lang='lat' dir='ltr'><strong>sequuntur.</strong></span> 
     </span>
    </p>
   </div>
   <div class='ocr_carea' id='block_1_65' title="bbox 2521 770 3641 875">
    <p class='ocr_par' dir='ltr' id='par_1_65' title="bbox 2521 770 3641 875">
     <span class='ocr_line' id='line_1_65' title="bbox 2521 770 3641 875; baseline 0 -28"><span class='ocrx_word' id='word_1_528' title='bbox 2521 791 2928 850; x_wconf 81' lang='lat' dir='ltr'><strong>TRACTATUS</strong></span> <span class='ocrx_word' id='word_1_529' title='bbox 2966 793 3150 849; x_wconf 78' lang='lat' dir='ltr'><strong>LXVI.</strong></span> <span class='ocrx_word' id='word_1_530' title='bbox 3634 770 3641 845; x_wconf 72' lang='lat' dir='ltr'><strong>l</strong></span> 
     </span>
    </p>
   </div>
   <div class='ocr_carea' id='block_1_66' title="bbox 2040 904 3634 981">
    <p class='ocr_par' dir='ltr' id='par_1_66' title="bbox 2040 904 3634 981">
     <span class='ocr_line' id='line_1_66' title="bbox 2040 904 3634 981; baseline 0.008 -22"><span class='ocrx_word' id='word_1_531' title='bbox 2040 904 2120 960; x_wconf 86' lang='lat' dir='ltr'><strong>De</strong></span> <span class='ocrx_word' id='word_1_532' title='bbox 2143 922 2201 960; x_wconf 84' lang='lat' dir='ltr'><strong>eo</strong></span> <span class='ocrx_word' id='word_1_533' title='bbox 2220 907 2357 977; x_wconf 89' lang='lat' dir='ltr'><strong>quod</strong></span> <span class='ocrx_word' id='word_1_534' title='bbox 2380 908 2625 979; x_wconf 87' lang='lat' dir='ltr'><strong>sequitur,</strong></span> <span class='ocrx_word' id='word_1_535' title='bbox 2661 909 2799 964; x_wconf 86' lang='lat' dir='ltr'><strong>Dicit</strong></span> <span class='ocrx_word' id='word_1_536' title='bbox 2824 911 2871 965; x_wconf 91' lang='lat' dir='ltr'><strong>ei</strong></span> <span class='ocrx_word' id='word_1_537' title='bbox 2904 909 3088 965; x_wconf 90' lang='lat' dir='ltr'><strong>Simon</strong></span> <span class='ocrx_word' id='word_1_538' title='bbox 3118 910 3305 967; x_wconf 87' lang='lat' dir='ltr'><strong>Petrus</strong></span> <span class='ocrx_word' id='word_1_539' title='bbox 3337 928 3351 966; x_wconf 89' lang='lat'><strong>:</strong></span> <span class='ocrx_word' id='word_1_540' title='bbox 3386 911 3634 981; x_wconf 85' lang='lat' dir='ltr'><strong>Domine,</strong></span> 
     </span>
    </p>
   </div>
   <div class='ocr_carea' id='block_1_67' title="bbox 2111 998 3633 1071">
    <p class='ocr_par' dir='ltr' id='par_1_67' title="bbox 2111 998 3633 1071">
     <span class='ocr_line' id='line_1_67' title="bbox 2111 998 3633 1071; baseline 0.005 -19"><span class='ocrx_word' id='word_1_541' title='bbox 2111 1014 2217 1070; x_wconf 91' lang='lat' dir='ltr'><strong>quo</strong></span> <span class='ocrx_word' id='word_1_542' title='bbox 2242 998 2432 1054; x_wconf 86' lang='lat' dir='ltr'><strong>vadis?</strong></span> <span class='ocrx_word' id='word_1_543' title='bbox 2462 1016 2620 1071; x_wconf 89' lang='lat' dir='ltr'><strong>usque</strong></span> <span class='ocrx_word' id='word_1_544' title='bbox 2664 1000 2731 1053; x_wconf 90' lang='lat' dir='ltr'><strong>ad</strong></span> <span class='ocrx_word' id='word_1_545' title='bbox 2775 1000 2829 1054; x_wconf 89' lang='lat' dir='ltr'><strong>id</strong></span> <span class='ocrx_word' id='word_1_546' title='bbox 2849 1042 2862 1064; x_wconf 93' lang='lat'><strong>,</strong></span> <span class='ocrx_word' id='word_1_547' title='bbox 2909 1002 3078 1056; x_wconf 84' lang='lat' dir='ltr'><strong>Amen</strong></span> <span class='ocrx_word' id='word_1_548' title='bbox 3099 1043 3114 1068; x_wconf 91' lang='lat'><strong>,</strong></span> <span class='ocrx_word' id='word_1_549' title='bbox 3146 1016 3299 1057; x_wconf 90' lang='lat' dir='ltr'><strong>amen</strong></span> <span class='ocrx_word' id='word_1_550' title='bbox 3342 1002 3461 1058; x_wconf 91' lang='lat' dir='ltr'><strong>dico</strong></span> <span class='ocrx_word' id='word_1_551' title='bbox 3498 1004 3633 1071; x_wconf 85' lang='lat' dir='ltr'><strong>tibi;</strong></span> 
     </span>
    </p>
   </div>
   <div class='ocr_carea' id='block_1_68' title="bbox 2111 1091 3627 1168">
    <p class='ocr_par' dir='ltr' id='par_1_68' title="bbox 2111 1091 3627 1168">
     <span class='ocr_line' id='line_1_68' title="bbox 2111 1091 3627 1168; baseline 0.005 -23"><span class='ocrx_word' id='word_1_552' title='bbox 2111 1106 2216 1145; x_wconf 91' lang='lat' dir='ltr'><strong>non</strong></span> <span class='ocrx_word' id='word_1_553' title='bbox 2239 1091 2471 1146; x_wconf 86' lang='lat' dir='ltr'><strong>cantabit</strong></span> <span class='ocrx_word' id='word_1_554' title='bbox 2498 1091 2694 1162; x_wconf 87' lang='lat' dir='ltr'><strong>gallus,</strong></span> <span class='ocrx_word' id='word_1_555' title='bbox 2723 1094 2893 1149; x_wconf 89' lang='lat' dir='ltr'><strong>donec</strong></span> <span class='ocrx_word' id='word_1_556' title='bbox 2922 1101 3003 1149; x_wconf 90' lang='lat' dir='ltr'><strong>ter</strong></span> <span class='ocrx_word' id='word_1_557' title='bbox 3031 1109 3117 1150; x_wconf 90' lang='lat' dir='ltr'><strong>me</strong></span> <span class='ocrx_word' id='word_1_558' title='bbox 3143 1109 3325 1167; x_wconf 88' lang='lat' dir='ltr'><strong>neges.</strong></span> <span class='ocrx_word' id='word_1_559' title='bbox 3355 1095 3483 1168; x_wconf 86' lang='lat' dir='ltr'><strong>Cap.</strong></span> <span class='ocrx_word' id='word_1_560' title='bbox 3509 1112 3627 1162; x_wconf 83' lang='lat' dir='ltr'><strong>xm,</strong></span> 
     </span>
    </p>
   </div>
   <div class='ocr_carea' id='block_1_69' title="bbox 2126 1182 2385 1251">
    <p class='ocr_par' dir='ltr' id='par_1_69' title="bbox 2126 1182 2385 1251">
     <span class='ocr_line' id='line_1_69' title="bbox 2126 1182 2385 1251; baseline -0.008 -12"><span class='ocrx_word' id='word_1_561' title='bbox 2126 1184 2160 1251; x_wconf 62' lang='grc' dir='ltr'><em>ᾗ</em></span> <span class='ocrx_word' id='word_1_562' title='bbox 2209 1182 2385 1240; x_wconf 78' lang='grc'><strong>56-58.</strong></span> 
     </span>
    </p>
   </div>
   <div class='ocr_carea' id='block_1_70' title="bbox 2110 1296 3631 1371">
    <p class='ocr_par' dir='ltr' id='par_1_70' title="bbox 2110 1296 3631 1371">
     <span class='ocr_line' id='line_1_70' title="bbox 2110 1296 3631 1371; baseline 0.003 -20"><span class='ocrx_word' id='word_1_563' title='bbox 2110 1297 2163 1351; x_wconf 78' lang='grc'><strong>1.</strong></span> <span class='ocrx_word' id='word_1_564' title='bbox 2195 1296 2327 1351; x_wconf 92' lang='lat' dir='ltr'><strong>Cum</strong></span> <span class='ocrx_word' id='word_1_565' title='bbox 2356 1297 2613 1353; x_wconf 91' lang='lat' dir='ltr'><strong>Dominus</strong></span> <span class='ocrx_word' id='word_1_566' title='bbox 2632 1297 2789 1355; x_wconf 83' lang='lat' dir='ltr'><strong>Jesus</strong></span> <span class='ocrx_word' id='word_1_567' title='bbox 2814 1308 3049 1355; x_wconf 90' lang='lat' dir='ltr'><strong>sanctam</strong></span> <span class='ocrx_word' id='word_1_568' title='bbox 3071 1299 3410 1357; x_wconf 85' lang='lat' dir='ltr'><strong>dilectionem</strong></span> <span class='ocrx_word' id='word_1_569' title='bbox 3436 1316 3538 1371; x_wconf 89' lang='lat' dir='ltr'><strong>qua</strong></span> <span class='ocrx_word' id='word_1_570' title='bbox 3565 1316 3631 1356; x_wconf 86' lang='lat' dir='ltr'><strong>se</strong></span> 
     </span>
    </p>
   </div>
   <div class='ocr_carea' id='block_1_71' title="bbox 2040 1388 3627 1463">
    <p class='ocr_par' dir='ltr' id='par_1_71' title="bbox 2040 1388 3627 1463">
     <span class='ocr_line' id='line_1_71' title="bbox 2040 1388 3627 1463; baseline 0.003 -20"><span class='ocrx_word' id='word_1_571' title='bbox 2040 1388 2269 1445; x_wconf 85' lang='lat' dir='ltr'><strong>invicem</strong></span> <span class='ocrx_word' id='word_1_572' title='bbox 2295 1390 2610 1461; x_wconf 88' lang='lat' dir='ltr'><strong>diligerent,</strong></span> <span class='ocrx_word' id='word_1_573' title='bbox 2640 1391 2911 1463; x_wconf 88' lang='lat' dir='ltr'><strong>discipulis</strong></span> <span class='ocrx_word' id='word_1_574' title='bbox 2954 1394 3384 1459; x_wconf 89' lang='lat' dir='ltr'><strong>commendaret,</strong></span> <span class='ocrx_word' id='word_1_575' title='bbox 3422 1393 3554 1447; x_wconf 88' lang='lat' dir='ltr'><strong>Dicit</strong></span> <span class='ocrx_word' id='word_1_576' title='bbox 3579 1394 3627 1448; x_wconf 86' lang='lat' dir='ltr'><strong>ei</strong></span> 
     </span>
    </p>
   </div>
   <div class='ocr_carea' id='block_1_72' title="bbox 2040 1479 3626 1555">
    <p class='ocr_par' dir='ltr' id='par_1_72' title="bbox 2040 1479 3626 1555">
     <span class='ocr_line' id='line_1_72' title="bbox 2040 1479 3626 1555; baseline 0.004 -20"><span class='ocrx_word' id='word_1_577' title='bbox 2040 1479 2219 1535; x_wconf 82' lang='lat' dir='ltr'><strong>Simon</strong></span> <span class='ocrx_word' id='word_1_578' title='bbox 2251 1480 2437 1538; x_wconf 86' lang='lat' dir='ltr'><strong>Petrus</strong></span> <span class='ocrx_word' id='word_1_579' title='bbox 2465 1499 2484 1537; x_wconf 89' lang='lat'><strong><em>:</em></strong></span> <span class='ocrx_word' id='word_1_580' title='bbox 2529 1482 2779 1551; x_wconf 87' lang='lat' dir='ltr'><strong>Domine,</strong></span> <span class='ocrx_word' id='word_1_581' title='bbox 2811 1502 2910 1554; x_wconf 89' lang='lat' dir='ltr'><strong>quo</strong></span> <span class='ocrx_word' id='word_1_582' title='bbox 2938 1486 3120 1539; x_wconf 83' lang='lat' dir='ltr'><strong>vadis?</strong></span> <span class='ocrx_word' id='word_1_583' title='bbox 3164 1485 3252 1541; x_wconf 90' lang='lat' dir='ltr'><strong>Sic</strong></span> <span class='ocrx_word' id='word_1_584' title='bbox 3295 1485 3476 1555; x_wconf 92' lang='lat' dir='ltr'><strong>utique</strong></span> <span class='ocrx_word' id='word_1_585' title='bbox 3524 1485 3626 1541; x_wconf 90' lang='lat' dir='ltr'><strong>hoc</strong></span> 
     </span>
    </p>
   </div>
   <div class='ocr_carea' id='block_1_73' title="bbox 2037 1571 3623 1649">
    <p class='ocr_par' dir='ltr' id='par_1_73' title="bbox 2037 1571 3623 1649">
     <span class='ocr_line' id='line_1_73' title="bbox 2037 1571 3623 1649; baseline 0.004 -22"><span class='ocrx_word' id='word_1_586' title='bbox 2037 1571 2169 1628; x_wconf 84' lang='lat' dir='ltr'><strong>dixit</strong></span> <span class='ocrx_word' id='word_1_587' title='bbox 2196 1574 2447 1646; x_wconf 85' lang='lat' dir='ltr'><strong>Magistro</strong></span> <span class='ocrx_word' id='word_1_588' title='bbox 2471 1576 2780 1646; x_wconf 88' lang='lat' dir='ltr'><strong>discipulus,</strong></span> <span class='ocrx_word' id='word_1_589' title='bbox 2809 1586 2861 1634; x_wconf 91' lang='lat' dir='ltr'><strong>et</strong></span> <span class='ocrx_word' id='word_1_590' title='bbox 2887 1579 3113 1633; x_wconf 90' lang='lat' dir='ltr'><strong>Domino</strong></span> <span class='ocrx_word' id='word_1_591' title='bbox 3142 1593 3347 1644; x_wconf 89' lang='lat' dir='ltr'><strong>servus,</strong></span> <span class='ocrx_word' id='word_1_592' title='bbox 3371 1588 3623 1649; x_wconf 86' lang='lat' dir='ltr'><strong>tanquam</strong></span> 
     </span>
    </p>
   </div>
   <div class='ocr_carea' id='block_1_74' title="bbox 2036 1666 3627 1742">
    <p class='ocr_par' dir='ltr' id='par_1_74' title="bbox 2036 1666 3627 1742">
     <span class='ocr_line' id='line_1_74' title="bbox 2036 1666 3627 1742; baseline 0.004 -21"><span class='ocrx_word' id='word_1_593' title='bbox 2036 1666 2188 1736; x_wconf 82' lang='lat' dir='ltr'><strong>sequi</strong></span> <span class='ocrx_word' id='word_1_594' title='bbox 2229 1679 2460 1737; x_wconf 90' lang='lat' dir='ltr'><strong>paratus.</strong></span> <span class='ocrx_word' id='word_1_595' title='bbox 2509 1669 2795 1739; x_wconf 87' lang='lat' dir='ltr'><strong>Propterea</strong></span> <span class='ocrx_word' id='word_1_596' title='bbox 2839 1671 3032 1741; x_wconf 91' lang='lat' dir='ltr'><strong>quippe</strong></span> <span class='ocrx_word' id='word_1_597' title='bbox 3075 1671 3364 1736; x_wconf 89' lang='lat' dir='ltr'><strong>Dominus,</strong></span> <span class='ocrx_word' id='word_1_598' title='bbox 3390 1671 3479 1742; x_wconf 91' lang='lat' dir='ltr'><strong>qui</strong></span> <span class='ocrx_word' id='word_1_599' title='bbox 3508 1670 3627 1741; x_wconf 81' lang='lat' dir='ltr'><strong>ejus</strong></span> 
     </span>
    </p>
   </div>
   <div class='ocr_carea' id='block_1_75' title="bbox 2035 1758 3625 1833">
    <p class='ocr_par' dir='ltr' id='par_1_75' title="bbox 2035 1758 3625 1833">
     <span class='ocr_line' id='line_1_75' title="bbox 2035 1758 3625 1833; baseline 0.004 -22"><span class='ocrx_word' id='word_1_600' title='bbox 2035 1758 2268 1814; x_wconf 88' lang='lat' dir='ltr'><strong>animum</strong></span> <span class='ocrx_word' id='word_1_601' title='bbox 2314 1760 2445 1815; x_wconf 89' lang='lat' dir='ltr'><strong>vidit</strong></span> <span class='ocrx_word' id='word_1_602' title='bbox 2485 1776 2649 1832; x_wconf 88' lang='lat' dir='ltr'><strong>quare</strong></span> <span class='ocrx_word' id='word_1_603' title='bbox 2698 1762 2800 1818; x_wconf 92' lang='lat' dir='ltr'><strong>hoc</strong></span> <span class='ocrx_word' id='word_1_604' title='bbox 2846 1763 3282 1833; x_wconf 87' lang='lat' dir='ltr'><strong>interrogaverit,</strong></span> <span class='ocrx_word' id='word_1_605' title='bbox 3323 1763 3400 1817; x_wconf 92' lang='lat' dir='ltr'><strong>sic</strong></span> <span class='ocrx_word' id='word_1_606' title='bbox 3439 1763 3487 1817; x_wconf 91' lang='lat' dir='ltr'><strong>ei</strong></span> <span class='ocrx_word' id='word_1_607' title='bbox 3536 1779 3625 1817; x_wconf 90' lang='lat' dir='ltr'><strong>re-</strong></span> 
     </span>
    </p>
   </div>
   <div class='ocr_carea' id='block_1_76' title="bbox 2034 1850 3624 1925">
    <p class='ocr_par' dir='ltr' id='par_1_76' title="bbox 2034 1850 3624 1925">
     <span class='ocr_line' id='line_1_76' title="bbox 2034 1850 3624 1925; baseline 0.003 -22"><span class='ocrx_word' id='word_1_608' title='bbox 2034 1850 2250 1919; x_wconf 86' lang='lat' dir='ltr'><strong>spondit</strong></span> <span class='ocrx_word' id='word_1_609' title='bbox 2280 1870 2294 1906; x_wconf 89' lang='lat'><strong>:</strong></span> <span class='ocrx_word' id='word_1_610' title='bbox 2343 1852 2455 1920; x_wconf 82' lang='lat' dir='ltr'><strong>Quo</strong></span> <span class='ocrx_word' id='word_1_611' title='bbox 2484 1870 2575 1925; x_wconf 86' lang='lat' dir='ltr'><strong>ego</strong></span> <span class='ocrx_word' id='word_1_612' title='bbox 2612 1852 2772 1922; x_wconf 85' lang='lat' dir='ltr'><strong>uado,</strong></span> <span class='ocrx_word' id='word_1_613' title='bbox 2823 1870 2924 1908; x_wconf 88' lang='lat' dir='ltr'><strong>non</strong></span> <span class='ocrx_word' id='word_1_614' title='bbox 2975 1865 3113 1924; x_wconf 86' lang='lat' dir='ltr'><strong>potes</strong></span> <span class='ocrx_word' id='word_1_615' title='bbox 3150 1871 3229 1908; x_wconf 89' lang='lat' dir='ltr'><strong>me</strong></span> <span class='ocrx_word' id='word_1_616' title='bbox 3269 1853 3419 1907; x_wconf 88' lang='lat' dir='ltr'><strong>modo</strong></span> <span class='ocrx_word' id='word_1_617' title='bbox 3442 1854 3578 1923; x_wconf 85' lang='lat' dir='ltr'><strong>sequi</strong></span> <span class='ocrx_word' id='word_1_618' title='bbox 3602 1868 3624 1907; x_wconf 90' lang='lat'><strong><em>:</em></strong></span> 
     </span>
    </p>
   </div>
   <div class='ocr_carea' id='block_1_77' title="bbox 2034 1945 3624 2040">
    <p class='ocr_par' dir='ltr' id='par_1_77' title="bbox 2034 1945 3624 2040">
     <span class='ocr_line' id='line_1_77' title="bbox 2034 1945 3624 2040; baseline 0.002 -44"><span class='ocrx_word' id='word_1_619' title='bbox 2034 1951 2284 2015; x_wconf 87' lang='lat' dir='ltr'><strong>tanquam</strong></span> <span class='ocrx_word' id='word_1_620' title='bbox 2313 1945 2534 2014; x_wconf 88' lang='lat' dir='ltr'><strong>diceret,</strong></span> <span class='ocrx_word' id='word_1_621' title='bbox 2566 1948 2791 2040; x_wconf 55' lang='lat' dir='ltr'><strong>Propter</strong></span> <span class='ocrx_word' id='word_1_622' title='bbox 2819 1946 2959 2018; x_wconf 91' lang='lat' dir='ltr'><strong>quod</strong></span> <span class='ocrx_word' id='word_1_623' title='bbox 2988 1946 3304 2018; x_wconf 90' lang='lat' dir='ltr'><strong>interrogas,</strong></span> <span class='ocrx_word' id='word_1_624' title='bbox 3336 1962 3443 2001; x_wconf 90' lang='lat' dir='ltr'><strong>non</strong></span> <span class='ocrx_word' id='word_1_625' title='bbox 3469 1954 3624 2017; x_wconf 83' lang='lat' dir='ltr'><strong>potes</strong></span> 
     </span>
    </p>
   </div>
   <div class='ocr_carea' id='block_1_78' title="bbox 2034 2035 3621 2109">
    <p class='ocr_par' dir='ltr' id='par_1_78' title="bbox 2034 2035 3621 2109">
     <span class='ocr_line' id='line_1_78' title="bbox 2034 2035 3621 2109; baseline 0.001 -20"><span class='ocrx_word' id='word_1_626' title='bbox 2034 2035 2213 2090; x_wconf 90' lang='lat' dir='ltr'><strong>modo.</strong></span> <span class='ocrx_word' id='word_1_627' title='bbox 2264 2035 2379 2091; x_wconf 89' lang='lat' dir='ltr'><strong>Non</strong></span> <span class='ocrx_word' id='word_1_628' title='bbox 2404 2038 2511 2103; x_wconf 89' lang='lat' dir='ltr'><strong>ait,</strong></span> <span class='ocrx_word' id='word_1_629' title='bbox 2543 2053 2649 2092; x_wconf 90' lang='lat' dir='ltr'><strong>non</strong></span> <span class='ocrx_word' id='word_1_630' title='bbox 2678 2035 2860 2108; x_wconf 81' lang='lat' dir='ltr'><strong>potes;</strong></span> <span class='ocrx_word' id='word_1_631' title='bbox 2893 2037 2986 2092; x_wconf 90' lang='lat' dir='ltr'><strong>sed</strong></span> <span class='ocrx_word' id='word_1_632' title='bbox 3014 2054 3113 2091; x_wconf 90' lang='lat' dir='ltr'><strong>non</strong></span> <span class='ocrx_word' id='word_1_633' title='bbox 3141 2047 3282 2109; x_wconf 82' lang='lat' dir='ltr'><strong>potes</strong></span> <span class='ocrx_word' id='word_1_634' title='bbox 3310 2038 3459 2093; x_wconf 86' lang='lat' dir='ltr'><strong>modo</strong></span> <span class='ocrx_word' id='word_1_635' title='bbox 3488 2054 3507 2092; x_wconf 93' lang='lat'><strong><em>:</em></strong></span> <span class='ocrx_word' id='word_1_636' title='bbox 3537 2037 3621 2091; x_wconf 91' lang='lat' dir='ltr'><strong>di-</strong></span> 
     </span>
    </p>
   </div>
   <div class='ocr_carea' id='block_1_79' title="bbox 2034 2126 3621 2199">
    <p class='ocr_par' dir='ltr' id='par_1_79' title="bbox 2034 2126 3621 2199">
     <span class='ocr_line' id='line_1_79' title="bbox 2034 2126 3621 2199; baseline 0.003 -18"><span class='ocrx_word' id='word_1_637' title='bbox 2034 2126 2284 2182; x_wconf 90' lang='lat' dir='ltr'><strong>lationem</strong></span> <span class='ocrx_word' id='word_1_638' title='bbox 2327 2128 2537 2194; x_wconf 91' lang='lat' dir='ltr'><strong>intulit,</strong></span> <span class='ocrx_word' id='word_1_639' title='bbox 2583 2145 2690 2184; x_wconf 90' lang='lat' dir='ltr'><strong>non</strong></span> <span class='ocrx_word' id='word_1_640' title='bbox 2730 2144 2879 2199; x_wconf 86' lang='lat' dir='ltr'><strong>spem</strong></span> <span class='ocrx_word' id='word_1_641' title='bbox 2908 2130 3056 2195; x_wconf 88' lang='lat' dir='ltr'><strong>tulit;</strong></span> <span class='ocrx_word' id='word_1_642' title='bbox 3105 2139 3159 2184; x_wconf 91' lang='lat' dir='ltr'><strong>et</strong></span> <span class='ocrx_word' id='word_1_643' title='bbox 3199 2131 3440 2185; x_wconf 88' lang='lat' dir='ltr'><strong>eamdem</strong></span> <span class='ocrx_word' id='word_1_644' title='bbox 3468 2145 3621 2199; x_wconf 89' lang='lat' dir='ltr'><strong>spem</strong></span> 
     </span>
    </p>
   </div>
   <div class='ocr_carea' id='block_1_80' title="bbox 2032 2220 3620 2291">
    <p class='ocr_par' dir='ltr' id='par_1_80' title="bbox 2032 2220 3620 2291">
     <span class='ocr_line' id='line_1_80' title="bbox 2032 2220 3620 2291; baseline 0.003 -19"><span class='ocrx_word' id='word_1_645' title='bbox 2032 2233 2192 2289; x_wconf 92' lang='lat' dir='ltr'><strong>quam</strong></span> <span class='ocrx_word' id='word_1_646' title='bbox 2240 2234 2344 2273; x_wconf 91' lang='lat' dir='ltr'><strong>non</strong></span> <span class='ocrx_word' id='word_1_647' title='bbox 2390 2220 2536 2285; x_wconf 92' lang='lat' dir='ltr'><strong>tulit,</strong></span> <span class='ocrx_word' id='word_1_648' title='bbox 2566 2220 2659 2276; x_wconf 89' lang='lat' dir='ltr'><strong>sed</strong></span> <span class='ocrx_word' id='word_1_649' title='bbox 2691 2222 2865 2291; x_wconf 90' lang='lat' dir='ltr'><strong>potius</strong></span> <span class='ocrx_word' id='word_1_650' title='bbox 2892 2221 3071 2286; x_wconf 90' lang='lat' dir='ltr'><strong>dedit,</strong></span> <span class='ocrx_word' id='word_1_651' title='bbox 3103 2222 3343 2291; x_wconf 89' lang='lat' dir='ltr'><strong>sequenti</strong></span> <span class='ocrx_word' id='word_1_652' title='bbox 3370 2236 3498 2277; x_wconf 90' lang='lat' dir='ltr'><strong>voce</strong></span> <span class='ocrx_word' id='word_1_653' title='bbox 3524 2222 3620 2276; x_wconf 81' lang='lat' dir='ltr'><strong>lir-</strong></span> 
     </span>
    </p>
   </div>
   <div class='ocr_carea' id='block_1_81' title="bbox 2032 2309 3616 2382">
    <p class='ocr_par' dir='ltr' id='par_1_81' title="bbox 2032 2309 3616 2382">
     <span class='ocr_line' id='line_1_81' title="bbox 2032 2309 3616 2382; baseline 0.002 -19"><span class='ocrx_word' id='word_1_654' title='bbox 2032 2313 2215 2375; x_wconf 84' lang='lat' dir='ltr'><strong>mavit,</strong></span> <span class='ocrx_word' id='word_1_655' title='bbox 2240 2309 2484 2366; x_wconf 85' lang='lat' dir='ltr'><strong>addendo</strong></span> <span class='ocrx_word' id='word_1_656' title='bbox 2514 2319 2673 2381; x_wconf 84' lang='lat' dir='ltr'><strong>atque</strong></span> <span class='ocrx_word' id='word_1_657' title='bbox 2698 2312 2943 2377; x_wconf 87' lang='lat' dir='ltr'><strong>dicendo,</strong></span> <span class='ocrx_word' id='word_1_658' title='bbox 2968 2312 3202 2382; x_wconf 84' lang='lat' dir='ltr'><strong>Sequeris</strong></span> <span class='ocrx_word' id='word_1_659' title='bbox 3230 2323 3395 2365; x_wconf 87' lang='lat' dir='ltr'><strong>autem</strong></span> <span class='ocrx_word' id='word_1_660' title='bbox 3424 2322 3616 2382; x_wconf 87' lang='lat' dir='ltr'><strong>postea.</strong></span> 
     </span>
    </p>
   </div>
   <div class='ocr_carea' id='block_1_82' title="bbox 2031 2399 3622 2473">
    <p class='ocr_par' dir='ltr' id='par_1_82' title="bbox 2031 2399 3622 2473">
     <span class='ocr_line' id='line_1_82' title="bbox 2031 2399 3622 2473; baseline 0.003 -19"><span class='ocrx_word' id='word_1_661' title='bbox 2031 2399 2168 2467; x_wconf 87' lang='lat' dir='ltr'><strong>Quid</strong></span> <span class='ocrx_word' id='word_1_662' title='bbox 2200 2400 2449 2467; x_wconf 88' lang='lat' dir='ltr'><strong>festinas,</strong></span> <span class='ocrx_word' id='word_1_663' title='bbox 2479 2402 2668 2457; x_wconf 88' lang='lat' dir='ltr'><strong>Petre?</strong></span> <span class='ocrx_word' id='word_1_664' title='bbox 2698 2402 2939 2457; x_wconf 88' lang='lat' dir='ltr'><strong>Nondum</strong></span> <span class='ocrx_word' id='word_1_665' title='bbox 2967 2410 3019 2458; x_wconf 89' lang='lat' dir='ltr'><strong>te</strong></span> <span class='ocrx_word' id='word_1_666' title='bbox 3040 2418 3137 2458; x_wconf 90' lang='lat' dir='ltr'><strong>suo</strong></span> <span class='ocrx_word' id='word_1_667' title='bbox 3157 2404 3345 2473; x_wconf 89' lang='lat' dir='ltr'><strong>spiritu</strong></span> <span class='ocrx_word' id='word_1_668' title='bbox 3372 2402 3622 2458; x_wconf 90' lang='lat' dir='ltr'><strong>solidavit</strong></span> 
     </span>
    </p>
   </div>
   <div class='ocr_carea' id='block_1_83' title="bbox 2033 2491 3620 2566">
    <p class='ocr_par' dir='ltr' id='par_1_83' title="bbox 2033 2491 3620 2566">
     <span class='ocr_line' id='line_1_83' title="bbox 2033 2491 3620 2566; baseline 0.004 -22"><span class='ocrx_word' id='word_1_669' title='bbox 2033 2500 2201 2560; x_wconf 90' lang='lat' dir='ltr'><strong>petra.</strong></span> <span class='ocrx_word' id='word_1_670' title='bbox 2231 2491 2349 2547; x_wconf 91' lang='lat' dir='ltr'><strong>Noli</strong></span> <span class='ocrx_word' id='word_1_671' title='bbox 2379 2493 2563 2549; x_wconf 81' lang='lat' dir='ltr'><strong>extolli</strong></span> <span class='ocrx_word' id='word_1_672' title='bbox 2592 2494 2982 2565; x_wconf 68' lang='lat' dir='ltr'><strong>praesumendo,</strong></span> <span class='ocrx_word' id='word_1_673' title='bbox 3010 2512 3109 2548; x_wconf 88' lang='lat' dir='ltr'><strong>non</strong></span> <span class='ocrx_word' id='word_1_674' title='bbox 3136 2504 3273 2566; x_wconf 87' lang='lat' dir='ltr'><strong>potes</strong></span> <span class='ocrx_word' id='word_1_675' title='bbox 3296 2496 3444 2550; x_wconf 90' lang='lat' dir='ltr'><strong>modo</strong></span> <span class='ocrx_word' id='word_1_676' title='bbox 3468 2512 3485 2550; x_wconf 88' lang='lat'><strong><em>:</em></strong></span> <span class='ocrx_word' id='word_1_677' title='bbox 3510 2497 3620 2551; x_wconf 92' lang='lat' dir='ltr'><strong>noli</strong></span> 
     </span>
    </p>
   </div>
   <div class='ocr_carea' id='block_1_84' title="bbox 2030 2583 3619 2659">
    <p class='ocr_par' dir='ltr' id='par_1_84' title="bbox 2030 2583 3619 2659">
     <span class='ocr_line' id='line_1_84' title="bbox 2030 2583 3619 2659; baseline 0.004 -21"><span class='ocrx_word' id='word_1_678' title='bbox 2030 2583 2186 2650; x_wconf 89' lang='lat' dir='ltr'><strong>dejici</strong></span> <span class='ocrx_word' id='word_1_679' title='bbox 2217 2584 2569 2655; x_wconf 87' lang='lat' dir='ltr'><strong>desperando,</strong></span> <span class='ocrx_word' id='word_1_680' title='bbox 2594 2588 2813 2659; x_wconf 88' lang='lat' dir='ltr'><strong>sequeris</strong></span> <span class='ocrx_word' id='word_1_681' title='bbox 2841 2597 3032 2657; x_wconf 86' lang='lat' dir='ltr'><strong>postea.</strong></span> <span class='ocrx_word' id='word_1_682' title='bbox 3061 2586 3166 2643; x_wconf 90' lang='lat' dir='ltr'><strong>Sed</strong></span> <span class='ocrx_word' id='word_1_683' title='bbox 3187 2588 3362 2643; x_wconf 88' lang='lat' dir='ltr'><strong>adhuc</strong></span> <span class='ocrx_word' id='word_1_684' title='bbox 3382 2589 3471 2644; x_wconf 91' lang='lat' dir='ltr'><strong>ille</strong></span> <span class='ocrx_word' id='word_1_685' title='bbox 3491 2589 3619 2659; x_wconf 91' lang='lat' dir='ltr'><strong>quid</strong></span> 
     </span>
    </p>
   </div>
   <div class='ocr_carea' id='block_1_85' title="bbox 2030 2674 3618 2748">
    <p class='ocr_par' dir='ltr' id='par_1_85' title="bbox 2030 2674 3618 2748">
     <span class='ocr_line' id='line_1_85' title="bbox 2030 2674 3618 2748; baseline 0.003 -18"><span class='ocrx_word' id='word_1_686' title='bbox 2030 2674 2195 2731; x_wconf 88' lang='lat' dir='ltr'><strong>dicit?</strong></span> <span class='ocrx_word' id='word_1_687' title='bbox 2226 2676 2395 2744; x_wconf 85' lang='lat' dir='ltr'><strong>Quare</strong></span> <span class='ocrx_word' id='word_1_688' title='bbox 2413 2686 2459 2731; x_wconf 84' lang='lat' dir='ltr'><strong>te</strong></span> <span class='ocrx_word' id='word_1_689' title='bbox 2478 2694 2578 2731; x_wconf 87' lang='lat' dir='ltr'><strong>non</strong></span> <span class='ocrx_word' id='word_1_690' title='bbox 2604 2695 2809 2747; x_wconf 87' lang='lat' dir='ltr'><strong>possum</strong></span> <span class='ocrx_word' id='word_1_691' title='bbox 2833 2679 2969 2748; x_wconf 87' lang='lat' dir='ltr'><strong>sequi</strong></span> <span class='ocrx_word' id='word_1_692' title='bbox 2994 2679 3181 2733; x_wconf 83' lang='lat' dir='ltr'><strong>modo?</strong></span> <span class='ocrx_word' id='word_1_693' title='bbox 3200 2679 3435 2734; x_wconf 81' lang='lat' dir='ltr'><strong>Animam</strong></span> <span class='ocrx_word' id='word_1_694' title='bbox 3455 2697 3618 2734; x_wconf 82' lang='lat' dir='ltr'><strong>meam</strong></span> 
     </span>
    </p>
   </div>
   <div class='ocr_carea' id='block_1_86' title="bbox 2029 2768 3616 2845">
    <p class='ocr_par' dir='ltr' id='par_1_86' title="bbox 2029 2768 3616 2845">
     <span class='ocr_line' id='line_1_86' title="bbox 2029 2768 3616 2845; baseline 0.007 -25"><span class='ocrx_word' id='word_1_695' title='bbox 2029 2783 2124 2837; x_wconf 87' lang='lat' dir='ltr'><strong>pro</strong></span> <span class='ocrx_word' id='word_1_696' title='bbox 2155 2777 2201 2822; x_wconf 88' lang='lat' dir='ltr'><strong>te</strong></span> <span class='ocrx_word' id='word_1_697' title='bbox 2223 2784 2429 2837; x_wconf 88' lang='lat' dir='ltr'><strong>ponam.</strong></span> <span class='ocrx_word' id='word_1_698' title='bbox 2476 2768 2613 2836; x_wconf 92' lang='lat' dir='ltr'><strong>Quid</strong></span> <span class='ocrx_word' id='word_1_699' title='bbox 2657 2770 2709 2824; x_wconf 93' lang='lat' dir='ltr'><strong>in</strong></span> <span class='ocrx_word' id='word_1_700' title='bbox 2752 2772 2930 2825; x_wconf 89' lang='lat' dir='ltr'><strong>animo</strong></span> <span class='ocrx_word' id='word_1_701' title='bbox 2969 2772 3085 2841; x_wconf 90' lang='lat' dir='ltr'><strong>ejus</strong></span> <span class='ocrx_word' id='word_1_702' title='bbox 3109 2781 3251 2828; x_wconf 85' lang='lat' dir='ltr'><strong>esset</strong></span> <span class='ocrx_word' id='word_1_703' title='bbox 3277 2775 3616 2845; x_wconf 87' lang='lat' dir='ltr'><strong>cupiditatis,</strong></span> 
     </span>
    </p>
   </div>
   <div class='ocr_carea' id='block_1_87' title="bbox 2028 2858 3612 2931">
    <p class='ocr_par' dir='ltr' id='par_1_87' title="bbox 2028 2858 3612 2931">
     <span class='ocr_line' id='line_1_87' title="bbox 2028 2858 3612 2931; baseline 0.007 -19"><span class='ocrx_word' id='word_1_704' title='bbox 2028 2858 2274 2925; x_wconf 87' lang='lat' dir='ltr'><strong>videbat;</strong></span> <span class='ocrx_word' id='word_1_705' title='bbox 2303 2861 2428 2931; x_wconf 90' lang='lat' dir='ltr'><strong>quid</strong></span> <span class='ocrx_word' id='word_1_706' title='bbox 2456 2863 2646 2916; x_wconf 91' lang='lat' dir='ltr'><strong>virium</strong></span> <span class='ocrx_word' id='word_1_707' title='bbox 2664 2904 2679 2929; x_wconf 93' lang='lat'><strong>,</strong></span> <span class='ocrx_word' id='word_1_708' title='bbox 2708 2877 2813 2917; x_wconf 91' lang='lat' dir='ltr'><strong>non</strong></span> <span class='ocrx_word' id='word_1_709' title='bbox 2842 2864 3070 2920; x_wconf 86' lang='lat' dir='ltr'><strong>videbat.</strong></span> <span class='ocrx_word' id='word_1_710' title='bbox 3105 2865 3434 2923; x_wconf 87' lang='lat' dir='ltr'><strong>Voluntatem</strong></span> <span class='ocrx_word' id='word_1_711' title='bbox 3459 2883 3612 2923; x_wconf 89' lang='lat' dir='ltr'><strong>suam</strong></span> 
     </span>
    </p>
   </div>
   <div class='ocr_carea' id='block_1_88' title="bbox 2024 2953 3615 3027">
    <p class='ocr_par' dir='ltr' id='par_1_88' title="bbox 2024 2953 3615 3027">
     <span class='ocr_line' id='line_1_88' title="bbox 2024 2953 3615 3027; baseline 0.008 -23"><span class='ocrx_word' id='word_1_712' title='bbox 2024 2953 2259 3020; x_wconf 88' lang='lat' dir='ltr'><strong>jactabat</strong></span> <span class='ocrx_word' id='word_1_713' title='bbox 2288 2953 2527 3010; x_wconf 78' lang='lat' dir='ltr'><strong>infirmus</strong></span> <span class='ocrx_word' id='word_1_714' title='bbox 2546 2997 2560 3019; x_wconf 91' lang='lat'><strong>,</strong></span> <span class='ocrx_word' id='word_1_715' title='bbox 2593 2954 2686 3009; x_wconf 90' lang='lat' dir='ltr'><strong>sed</strong></span> <span class='ocrx_word' id='word_1_716' title='bbox 2714 2956 3025 3027; x_wconf 83' lang='lat' dir='ltr'><strong>inSpieiebat</strong></span> <span class='ocrx_word' id='word_1_717' title='bbox 3056 2958 3410 3014; x_wconf 88' lang='lat' dir='ltr'><strong>valetudinem</strong></span> <span class='ocrx_word' id='word_1_718' title='bbox 3442 2961 3615 3016; x_wconf 90' lang='lat' dir='ltr'><strong>medi-</strong></span> 
     </span>
    </p>
   </div>
   <div class='ocr_carea' id='block_1_89' title="bbox 2028 3043 3612 3119">
    <p class='ocr_par' dir='ltr' id='par_1_89' title="bbox 2028 3043 3612 3119">
     <span class='ocr_line' id='line_1_89' title="bbox 2028 3043 3612 3119; baseline 0.008 -24"><span class='ocrx_word' id='word_1_719' title='bbox 2028 3055 2155 3108; x_wconf 90' lang='lat' dir='ltr'><strong>cus;</strong></span> <span class='ocrx_word' id='word_1_720' title='bbox 2188 3043 2287 3096; x_wconf 90' lang='lat' dir='ltr'><strong>iste</strong></span> <span class='ocrx_word' id='word_1_721' title='bbox 2316 3044 2690 3114; x_wconf 88' lang='lat' dir='ltr'><strong>promittebat,</strong></span> <span class='ocrx_word' id='word_1_722' title='bbox 2724 3046 2810 3099; x_wconf 90' lang='lat' dir='ltr'><strong>ille</strong></span> <span class='ocrx_word' id='word_1_723' title='bbox 2839 3047 3202 3115; x_wconf 84' lang='lat' dir='ltr'><strong>praenoscebat</strong></span> <span class='ocrx_word' id='word_1_724' title='bbox 3235 3067 3248 3103; x_wconf 88' lang='lat'><strong>:</strong></span> <span class='ocrx_word' id='word_1_725' title='bbox 3281 3050 3369 3119; x_wconf 89' lang='lat' dir='ltr'><strong>qui</strong></span> <span class='ocrx_word' id='word_1_726' title='bbox 3400 3051 3612 3107; x_wconf 84' lang='lat' dir='ltr'><strong>nescie-</strong></span> 
     </span>
    </p>
   </div>
   <div class='ocr_carea' id='block_1_90' title="bbox 2028 3134 3617 3208">
    <p class='ocr_par' dir='ltr' id='par_1_90' title="bbox 2028 3134 3617 3208">
     <span class='ocr_line' id='line_1_90' title="bbox 2028 3134 3617 3208; baseline 0.007 -20"><span class='ocrx_word' id='word_1_727' title='bbox 2028 3134 2121 3189; x_wconf 87' lang='lat' dir='ltr'><strong>bat</strong></span> <span class='ocrx_word' id='word_1_728' title='bbox 2139 3176 2154 3202; x_wconf 94' lang='lat'><strong>,</strong></span> <span class='ocrx_word' id='word_1_729' title='bbox 2177 3136 2435 3202; x_wconf 89' lang='lat' dir='ltr'><strong>audebat;</strong></span> <span class='ocrx_word' id='word_1_730' title='bbox 2467 3137 2558 3207; x_wconf 90' lang='lat' dir='ltr'><strong>qui</strong></span> <span class='ocrx_word' id='word_1_731' title='bbox 2580 3138 2921 3208; x_wconf 82' lang='lat' dir='ltr'><strong>praesciebat,</strong></span> <span class='ocrx_word' id='word_1_732' title='bbox 2951 3138 3194 3193; x_wconf 87' lang='lat' dir='ltr'><strong>docebat.</strong></span> <span class='ocrx_word' id='word_1_733' title='bbox 3224 3140 3489 3208; x_wconf 90' lang='lat' dir='ltr'><strong>Quantum</strong></span> <span class='ocrx_word' id='word_1_734' title='bbox 3510 3143 3617 3199; x_wconf 88' lang='lat' dir='ltr'><strong>sibi</strong></span> 
     </span>
    </p>
   </div>
   <div class='ocr_carea' id='block_1_91' title="bbox 2027 3228 3617 3304">
    <p class='ocr_par' dir='ltr' id='par_1_91' title="bbox 2027 3228 3617 3304">
     <span class='ocr_line' id='line_1_91' title="bbox 2027 3228 3617 3304; baseline 0.008 -25"><span class='ocrx_word' id='word_1_735' title='bbox 2027 3236 2392 3295; x_wconf 90' lang='lat' dir='ltr'><strong>assumpserat</strong></span> <span class='ocrx_word' id='word_1_736' title='bbox 2434 3228 2623 3283; x_wconf 91' lang='lat' dir='ltr'><strong>Petrus</strong></span> <span class='ocrx_word' id='word_1_737' title='bbox 2670 3229 2923 3285; x_wconf 90' lang='lat' dir='ltr'><strong>intuendo</strong></span> <span class='ocrx_word' id='word_1_738' title='bbox 2950 3230 3077 3300; x_wconf 88' lang='lat' dir='ltr'><strong>quid</strong></span> <span class='ocrx_word' id='word_1_739' title='bbox 3102 3232 3293 3298; x_wconf 89' lang='lat' dir='ltr'><strong>vellet,</strong></span> <span class='ocrx_word' id='word_1_740' title='bbox 3323 3234 3617 3304; x_wconf 87' lang='lat' dir='ltr'><strong>ignorando</strong></span> 
     </span>
    </p>
   </div>
   <div class='ocr_carea' id='block_1_92' title="bbox 2027 3318 3617 3392">
    <p class='ocr_par' dir='ltr' id='par_1_92' title="bbox 2027 3318 3617 3392">
     <span class='ocr_line' id='line_1_92' title="bbox 2027 3318 3617 3392; baseline 0.007 -21"><span class='ocrx_word' id='word_1_741' title='bbox 2027 3318 2154 3386; x_wconf 89' lang='lat' dir='ltr'><strong>quid</strong></span> <span class='ocrx_word' id='word_1_742' title='bbox 2180 3319 2394 3388; x_wconf 84' lang='lat' dir='ltr'><strong>posset?</strong></span> <span class='ocrx_word' id='word_1_743' title='bbox 2419 3328 2672 3389; x_wconf 92' lang='lat' dir='ltr'><strong>quantum</strong></span> <span class='ocrx_word' id='word_1_744' title='bbox 2721 3321 2821 3376; x_wconf 90' lang='lat' dir='ltr'><strong>sibi</strong></span> <span class='ocrx_word' id='word_1_745' title='bbox 2866 3332 3257 3392; x_wconf 89' lang='lat' dir='ltr'><strong>assumpserat,</strong></span> <span class='ocrx_word' id='word_1_746' title='bbox 3289 3335 3346 3379; x_wconf 95' lang='lat' dir='ltr'><strong>ut</strong></span> <span class='ocrx_word' id='word_1_747' title='bbox 3374 3341 3493 3381; x_wconf 90' lang='lat' dir='ltr'><strong>cum</strong></span> <span class='ocrx_word' id='word_1_748' title='bbox 3522 3343 3617 3383; x_wconf 89' lang='lat' dir='ltr'><strong>ve-</strong></span> 
     </span>
    </p>
   </div>
   <div class='ocr_carea' id='block_1_93' title="bbox 2026 3410 3615 3488">
    <p class='ocr_par' dir='ltr' id='par_1_93' title="bbox 2026 3410 3615 3488">
     <span class='ocr_line' id='line_1_93' title="bbox 2026 3410 3615 3488; baseline 0.008 -25"><span class='ocrx_word' id='word_1_749' title='bbox 2026 3410 2194 3467; x_wconf 89' lang='lat' dir='ltr'><strong>nisset</strong></span> <span class='ocrx_word' id='word_1_750' title='bbox 2220 3412 2475 3467; x_wconf 90' lang='lat' dir='ltr'><strong>Dominus</strong></span> <span class='ocrx_word' id='word_1_751' title='bbox 2502 3414 2733 3469; x_wconf 90' lang='lat' dir='ltr'><strong>animam</strong></span> <span class='ocrx_word' id='word_1_752' title='bbox 2758 3430 2906 3469; x_wconf 91' lang='lat' dir='ltr'><strong>suam</strong></span> <span class='ocrx_word' id='word_1_753' title='bbox 2929 3431 3128 3486; x_wconf 89' lang='lat' dir='ltr'><strong>ponere</strong></span> <span class='ocrx_word' id='word_1_754' title='bbox 3154 3432 3251 3488; x_wconf 91' lang='lat' dir='ltr'><strong>pro</strong></span> <span class='ocrx_word' id='word_1_755' title='bbox 3276 3419 3462 3474; x_wconf 90' lang='lat' dir='ltr'><strong>amicis</strong></span> <span class='ocrx_word' id='word_1_756' title='bbox 3482 3421 3615 3487; x_wconf 81' lang='lat' dir='ltr'><strong>suis,</strong></span> 
     </span>
    </p>
   </div>
   <div class='ocr_carea' id='block_1_94' title="bbox 2026 3504 3619 3575">
    <p class='ocr_par' dir='ltr' id='par_1_94' title="bbox 2026 3504 3619 3575">
     <span class='ocr_line' id='line_1_94' title="bbox 2026 3504 3619 3575; baseline 0.008 -20"><span class='ocrx_word' id='word_1_757' title='bbox 2026 3516 2090 3557; x_wconf 92' lang='lat' dir='ltr'><strong>ac</strong></span> <span class='ocrx_word' id='word_1_758' title='bbox 2117 3518 2212 3572; x_wconf 90' lang='lat' dir='ltr'><strong>per</strong></span> <span class='ocrx_word' id='word_1_759' title='bbox 2239 3504 2338 3558; x_wconf 89' lang='lat' dir='ltr'><strong>hoc</strong></span> <span class='ocrx_word' id='word_1_760' title='bbox 2363 3512 2418 3558; x_wconf 90' lang='lat' dir='ltr'><strong>et</strong></span> <span class='ocrx_word' id='word_1_761' title='bbox 2446 3520 2541 3575; x_wconf 89' lang='lat' dir='ltr'><strong>pro</strong></span> <span class='ocrx_word' id='word_1_762' title='bbox 2567 3506 2682 3575; x_wconf 92' lang='lat' dir='ltr'><strong>ipso</strong></span> <span class='ocrx_word' id='word_1_763' title='bbox 2700 3547 2716 3569; x_wconf 92' lang='lat'><strong>,</strong></span> <span class='ocrx_word' id='word_1_764' title='bbox 2749 3507 2839 3561; x_wconf 89' lang='lat' dir='ltr'><strong>ille</strong></span> <span class='ocrx_word' id='word_1_765' title='bbox 2867 3507 2967 3562; x_wconf 92' lang='lat' dir='ltr'><strong>hoc</strong></span> <span class='ocrx_word' id='word_1_766' title='bbox 2998 3508 3225 3565; x_wconf 91' lang='lat' dir='ltr'><strong>Domino</strong></span> <span class='ocrx_word' id='word_1_767' title='bbox 3271 3510 3465 3566; x_wconf 83' lang='lat' dir='ltr'><strong>oll‘erre</strong></span> <span class='ocrx_word' id='word_1_768' title='bbox 3488 3527 3619 3567; x_wconf 86' lang='lat' dir='ltr'><strong>con-</strong></span> 
     </span>
    </p>
   </div>
   <div class='ocr_carea' id='block_1_95' title="bbox 2026 3591 3617 3670">
    <p class='ocr_par' dir='ltr' id='par_1_95' title="bbox 2026 3591 3617 3670">
     <span class='ocr_line' id='line_1_95' title="bbox 2026 3591 3617 3670; baseline 0.008 -24"><span class='ocrx_word' id='word_1_769' title='bbox 2026 3591 2217 3648; x_wconf 80' lang='lat' dir='ltr'><strong>ﬁderet</strong></span> <span class='ocrx_word' id='word_1_770' title='bbox 2250 3611 2262 3647; x_wconf 91' lang='lat'><strong>:</strong></span> <span class='ocrx_word' id='word_1_771' title='bbox 2295 3604 2351 3649; x_wconf 92' lang='lat' dir='ltr'><strong>et</strong></span> <span class='ocrx_word' id='word_1_772' title='bbox 2375 3596 2606 3650; x_wconf 87' lang='lat' dir='ltr'><strong>nondum</strong></span> <span class='ocrx_word' id='word_1_773' title='bbox 2634 3613 2731 3666; x_wconf 93' lang='lat' dir='ltr'><strong>pro</strong></span> <span class='ocrx_word' id='word_1_774' title='bbox 2761 3614 2819 3653; x_wconf 91' lang='lat' dir='ltr'><strong>se</strong></span> <span class='ocrx_word' id='word_1_775' title='bbox 2846 3600 3018 3669; x_wconf 89' lang='lat' dir='ltr'><strong>posita</strong></span> <span class='ocrx_word' id='word_1_776' title='bbox 3048 3601 3223 3654; x_wconf 91' lang='lat' dir='ltr'><strong>anima</strong></span> <span class='ocrx_word' id='word_1_777' title='bbox 3252 3601 3471 3670; x_wconf 83' lang='lat' dir='ltr'><strong>Christi,</strong></span> <span class='ocrx_word' id='word_1_778' title='bbox 3495 3602 3617 3657; x_wconf 85' lang='lat' dir='ltr'><strong>ani-</strong></span> 
     </span>
    </p>
   </div>
   <div class='ocr_carea' id='block_1_96' title="bbox 2026 3687 3618 3760">
    <p class='ocr_par' dir='ltr' id='par_1_96' title="bbox 2026 3687 3618 3760">
     <span class='ocr_line' id='line_1_96' title="bbox 2026 3687 3618 3760; baseline 0.006 -23"><span class='ocrx_word' id='word_1_779' title='bbox 2026 3699 2167 3738; x_wconf 89' lang='lat' dir='ltr'><strong>mam</strong></span> <span class='ocrx_word' id='word_1_780' title='bbox 2190 3701 2340 3740; x_wconf 90' lang='lat' dir='ltr'><strong>suam</strong></span> <span class='ocrx_word' id='word_1_781' title='bbox 2364 3687 2701 3755; x_wconf 90' lang='lat' dir='ltr'><strong>polliceretur</strong></span> <span class='ocrx_word' id='word_1_782' title='bbox 2720 3704 2779 3743; x_wconf 91' lang='lat' dir='ltr'><strong>se</strong></span> <span class='ocrx_word' id='word_1_783' title='bbox 2799 3690 3091 3759; x_wconf 90' lang='lat' dir='ltr'><strong>positurum</strong></span> <span class='ocrx_word' id='word_1_784' title='bbox 3111 3707 3228 3746; x_wconf 90' lang='lat' dir='ltr'><strong>esse</strong></span> <span class='ocrx_word' id='word_1_785' title='bbox 3250 3707 3346 3760; x_wconf 92' lang='lat' dir='ltr'><strong>pro</strong></span> <span class='ocrx_word' id='word_1_786' title='bbox 3365 3691 3577 3746; x_wconf 89' lang='lat' dir='ltr'><strong>Christo</strong></span> <span class='ocrx_word' id='word_1_787' title='bbox 3591 3695 3618 3748; x_wconf 68' lang='grc' dir='ltr'><strong><em>Ἰ</em></strong></span> 
     </span>
    </p>
   </div>
   <div class='ocr_carea' id='block_1_97' title="bbox 2026 3773 3619 3853">
    <p class='ocr_par' dir='ltr' id='par_1_97' title="bbox 2026 3773 3619 3853">
     <span class='ocr_line' id='line_1_97' title="bbox 2026 3773 3619 3853; baseline 0.006 -26"><span class='ocrx_word' id='word_1_788' title='bbox 2026 3773 2308 3846; x_wconf 86' lang='lat' dir='ltr'><strong>Respondit</strong></span> <span class='ocrx_word' id='word_1_789' title='bbox 2336 3792 2463 3847; x_wconf 84' lang='lat' dir='ltr'><strong>ergo</strong></span> <span class='ocrx_word' id='word_1_790' title='bbox 2488 3776 2670 3845; x_wconf 81' lang='lat' dir='ltr'><strong>Jesus,</strong></span> <span class='ocrx_word' id='word_1_791' title='bbox 2698 3780 2933 3833; x_wconf 84' lang='lat' dir='ltr'><strong>Animam</strong></span> <span class='ocrx_word' id='word_1_792' title='bbox 2979 3789 3117 3835; x_wconf 88' lang='lat' dir='ltr'><strong>tuam</strong></span> <span class='ocrx_word' id='word_1_793' title='bbox 3162 3799 3254 3852; x_wconf 88' lang='lat' dir='ltr'><strong>pro</strong></span> <span class='ocrx_word' id='word_1_794' title='bbox 3300 3800 3378 3836; x_wconf 89' lang='lat' dir='ltr'><strong>me</strong></span> <span class='ocrx_word' id='word_1_795' title='bbox 3420 3782 3619 3853; x_wconf 81' lang='lat' dir='ltr'><strong>pones?</strong></span> 
     </span>
    </p>
   </div>
   <div class='ocr_carea' id='block_1_98' title="bbox 2026 3862 3614 3943">
    <p class='ocr_par' dir='ltr' id='par_1_98' title="bbox 2026 3862 3614 3943">
     <span class='ocr_line' id='line_1_98' title="bbox 2026 3862 3614 3943; baseline 0.006 -27"><span class='ocrx_word' id='word_1_796' title='bbox 2026 3862 2173 3919; x_wconf 90' lang='lat' dir='ltr'><strong>Itane</strong></span> <span class='ocrx_word' id='word_1_797' title='bbox 2202 3866 2361 3920; x_wconf 84' lang='lat' dir='ltr'><strong>facies</strong></span> <span class='ocrx_word' id='word_1_798' title='bbox 2390 3881 2486 3934; x_wconf 89' lang='lat' dir='ltr'><strong>pro</strong></span> <span class='ocrx_word' id='word_1_799' title='bbox 2509 3881 2628 3933; x_wconf 91' lang='lat' dir='ltr'><strong>me,</strong></span> <span class='ocrx_word' id='word_1_800' title='bbox 2656 3869 2796 3938; x_wconf 90' lang='lat' dir='ltr'><strong>quod</strong></span> <span class='ocrx_word' id='word_1_801' title='bbox 2822 3870 3059 3925; x_wconf 90' lang='lat' dir='ltr'><strong>nondum</strong></span> <span class='ocrx_word' id='word_1_802' title='bbox 3100 3886 3199 3942; x_wconf 90' lang='lat' dir='ltr'><strong>ego</strong></span> <span class='ocrx_word' id='word_1_803' title='bbox 3238 3888 3336 3943; x_wconf 90' lang='lat' dir='ltr'><strong>pro</strong></span> <span class='ocrx_word' id='word_1_804' title='bbox 3366 3874 3453 3928; x_wconf 84' lang='lat' dir='ltr'><strong>te?</strong></span> <span class='ocrx_word' id='word_1_805' title='bbox 3482 3872 3614 3926; x_wconf 85' lang='lat' dir='ltr'><strong>Ani-</strong></span> 
     </span>
    </p>
   </div>
   <div class='ocr_carea' id='block_1_99' title="bbox 2024 3960 3615 4037">
    <p class='ocr_par' dir='ltr' id='par_1_99' title="bbox 2024 3960 3615 4037">
     <span class='ocr_line' id='line_1_99' title="bbox 2024 3960 3615 4037; baseline 0.008 -28"><span class='ocrx_word' id='word_1_806' title='bbox 2024 3970 2161 4010; x_wconf 86' lang='lat' dir='ltr'><strong>mam</strong></span> <span class='ocrx_word' id='word_1_807' title='bbox 2184 3964 2323 4012; x_wconf 89' lang='lat' dir='ltr'><strong>tuam</strong></span> <span class='ocrx_word' id='word_1_808' title='bbox 2350 3975 2442 4028; x_wconf 88' lang='lat' dir='ltr'><strong>pro</strong></span> <span class='ocrx_word' id='word_1_809' title='bbox 2466 3975 2545 4013; x_wconf 90' lang='lat' dir='ltr'><strong>me</strong></span> <span class='ocrx_word' id='word_1_810' title='bbox 2570 3976 2723 4030; x_wconf 88' lang='lat' dir='ltr'><strong>pones</strong></span> <span class='ocrx_word' id='word_1_811' title='bbox 2742 3960 2768 4014; x_wconf 82' lang='lat'><strong>?</strong></span> <span class='ocrx_word' id='word_1_812' title='bbox 2793 3962 2990 4018; x_wconf 62' lang='lat' dir='ltr'><strong>Prmirc</strong></span> <span class='ocrx_word' id='word_1_813' title='bbox 3016 3973 3192 4034; x_wconf 88' lang='lat' dir='ltr'><strong>potes,</strong></span> <span class='ocrx_word' id='word_1_814' title='bbox 3224 3965 3315 4035; x_wconf 93' lang='lat' dir='ltr'><strong>qui</strong></span> <span class='ocrx_word' id='word_1_815' title='bbox 3336 3966 3483 4037; x_wconf 89' lang='lat' dir='ltr'><strong>sequi</strong></span> <span class='ocrx_word' id='word_1_816' title='bbox 3504 3981 3615 4023; x_wconf 85' lang='lat' dir='ltr'><strong>non</strong></span> 
     </span>
    </p>
   </div>
   <div class='ocr_carea' id='block_1_100' title="bbox 2024 4050 3616 4124">
    <p class='ocr_par' dir='ltr' id='par_1_100' title="bbox 2024 4050 3616 4124">
     <span class='ocr_line' id='line_1_100' title="bbox 2024 4050 3616 4124; baseline 0.006 -22"><span class='ocrx_word' id='word_1_817' title='bbox 2024 4050 2215 4120; x_wconf 88' lang='lat' dir='ltr'><strong>potes?</strong></span> <span class='ocrx_word' id='word_1_818' title='bbox 2261 4050 2399 4118; x_wconf 91' lang='lat' dir='ltr'><strong>Quid</strong></span> <span class='ocrx_word' id='word_1_819' title='bbox 2447 4060 2649 4105; x_wconf 88' lang='lat' dir='ltr'><strong>tantum</strong></span> <span class='ocrx_word' id='word_1_820' title='bbox 2692 4053 3007 4122; x_wconf 61' lang='lat' dir='ltr'><strong>praesumis?</strong></span> <span class='ocrx_word' id='word_1_821' title='bbox 3048 4055 3173 4124; x_wconf 92' lang='lat' dir='ltr'><strong>quid</strong></span> <span class='ocrx_word' id='word_1_822' title='bbox 3211 4056 3280 4111; x_wconf 93' lang='lat' dir='ltr'><strong>de</strong></span> <span class='ocrx_word' id='word_1_823' title='bbox 3318 4064 3370 4111; x_wconf 90' lang='lat' dir='ltr'><strong>te</strong></span> <span class='ocrx_word' id='word_1_824' title='bbox 3410 4058 3616 4113; x_wconf 81' lang='lat' dir='ltr'><strong>sentis?</strong></span> 
     </span>
    </p>
   </div>
   <div class='ocr_carea' id='block_1_101' title="bbox 2025 4142 3615 4217">
    <p class='ocr_par' dir='ltr' id='par_1_101' title="bbox 2025 4142 3615 4217">
     <span class='ocr_line' id='line_1_101' title="bbox 2025 4142 3615 4217; baseline 0.006 -21"><span class='ocrx_word' id='word_1_825' title='bbox 2025 4142 2149 4213; x_wconf 93' lang='lat' dir='ltr'><strong>quid</strong></span> <span class='ocrx_word' id='word_1_826' title='bbox 2179 4157 2298 4199; x_wconf 89' lang='lat' dir='ltr'><strong>esse</strong></span> <span class='ocrx_word' id='word_1_827' title='bbox 2324 4151 2376 4199; x_wconf 88' lang='lat' dir='ltr'><strong>te</strong></span> <span class='ocrx_word' id='word_1_828' title='bbox 2405 4143 2613 4199; x_wconf 87' lang='lat' dir='ltr'><strong>credis?</strong></span> <span class='ocrx_word' id='word_1_829' title='bbox 2640 4145 2776 4199; x_wconf 86' lang='lat' dir='ltr'><strong>Audi</strong></span> <span class='ocrx_word' id='word_1_830' title='bbox 2805 4146 2929 4216; x_wconf 93' lang='lat' dir='ltr'><strong>quid</strong></span> <span class='ocrx_word' id='word_1_831' title='bbox 2957 4147 3032 4202; x_wconf 92' lang='lat' dir='ltr'><strong>sis</strong></span> <span class='ocrx_word' id='word_1_832' title='bbox 3062 4165 3076 4201; x_wconf 90' lang='lat'><strong>:</strong></span> <span class='ocrx_word' id='word_1_833' title='bbox 3110 4149 3295 4217; x_wconf 84' lang='lat' dir='ltr'><strong>Amen,</strong></span> <span class='ocrx_word' id='word_1_834' title='bbox 3328 4166 3473 4204; x_wconf 85' lang='lat' dir='ltr'><strong>amen</strong></span> <span class='ocrx_word' id='word_1_835' title='bbox 3502 4151 3615 4207; x_wconf 90' lang='lat' dir='ltr'><strong>dico</strong></span> 
     </span>
    </p>
   </div>
   <div class='ocr_carea' id='block_1_102' title="bbox 2025 4235 3614 4315">
    <p class='ocr_par' dir='ltr' id='par_1_102' title="bbox 2025 4235 3614 4315">
     <span class='ocr_line' id='line_1_102' title="bbox 2025 4235 3614 4315; baseline 0.008 -26"><span class='ocrx_word' id='word_1_836' title='bbox 2025 4235 2150 4301; x_wconf 83' lang='lat' dir='ltr'><strong>tibi;</strong></span> <span class='ocrx_word' id='word_1_837' title='bbox 2197 4254 2298 4291; x_wconf 90' lang='lat' dir='ltr'><strong>non</strong></span> <span class='ocrx_word' id='word_1_838' title='bbox 2334 4237 2555 4291; x_wconf 90' lang='lat' dir='ltr'><strong>cantabit</strong></span> <span class='ocrx_word' id='word_1_839' title='bbox 2595 4238 2799 4309; x_wconf 89' lang='lat' dir='ltr'><strong>gallus,</strong></span> <span class='ocrx_word' id='word_1_840' title='bbox 2827 4239 2983 4294; x_wconf 88' lang='lat' dir='ltr'><strong>donec</strong></span> <span class='ocrx_word' id='word_1_841' title='bbox 3025 4250 3101 4295; x_wconf 89' lang='lat' dir='ltr'><strong>ter</strong></span> <span class='ocrx_word' id='word_1_842' title='bbox 3140 4259 3219 4298; x_wconf 85' lang='lat' dir='ltr'><strong>me</strong></span> <span class='ocrx_word' id='word_1_843' title='bbox 3262 4260 3426 4315; x_wconf 84' lang='lat' dir='ltr'><strong>neges.</strong></span> <span class='ocrx_word' id='word_1_844' title='bbox 3472 4244 3614 4302; x_wconf 85' lang='lat' dir='ltr'><strong>Ecce</strong></span> 
     </span>
    </p>
   </div>
   <div class='ocr_carea' id='block_1_103' title="bbox 2023 4328 3617 4406">
    <p class='ocr_par' dir='ltr' id='par_1_103' title="bbox 2023 4328 3617 4406">
     <span class='ocr_line' id='line_1_103' title="bbox 2023 4328 3617 4406; baseline 0.005 -23"><span class='ocrx_word' id='word_1_845' title='bbox 2023 4329 2292 4399; x_wconf 92' lang='lat' dir='ltr'><strong>quomodo</strong></span> <span class='ocrx_word' id='word_1_846' title='bbox 2318 4329 2414 4384; x_wconf 92' lang='lat' dir='ltr'><strong>tibi</strong></span> <span class='ocrx_word' id='word_1_847' title='bbox 2438 4330 2544 4385; x_wconf 90' lang='lat' dir='ltr'><strong>cito</strong></span> <span class='ocrx_word' id='word_1_848' title='bbox 2568 4330 2850 4401; x_wconf 90' lang='lat' dir='ltr'><strong>apparehis</strong></span> <span class='ocrx_word' id='word_1_849' title='bbox 2868 4373 2883 4398; x_wconf 94' lang='lat'><strong>,</strong></span> <span class='ocrx_word' id='word_1_850' title='bbox 2911 4333 3000 4401; x_wconf 88' lang='lat' dir='ltr'><strong>qui</strong></span> <span class='ocrx_word' id='word_1_851' title='bbox 3038 4328 3230 4405; x_wconf 88' lang='lat' dir='ltr'><strong>magna</strong></span> <span class='ocrx_word' id='word_1_852' title='bbox 3273 4335 3533 4406; x_wconf 89' lang='lat' dir='ltr'><strong>loqueris,</strong></span> <span class='ocrx_word' id='word_1_853' title='bbox 3558 4343 3617 4392; x_wconf 91' lang='lat' dir='ltr'><strong>et</strong></span> 
     </span>
    </p>
   </div>
   <div class='ocr_carea' id='block_1_104' title="bbox 2024 4420 3614 4494">
    <p class='ocr_par' dir='ltr' id='par_1_104' title="bbox 2024 4420 3614 4494">
     <span class='ocr_line' id='line_1_104' title="bbox 2024 4420 3614 4494; baseline 0.006 -21"><span class='ocrx_word' id='word_1_854' title='bbox 2024 4427 2078 4474; x_wconf 89' lang='lat' dir='ltr'><strong>te</strong></span> <span class='ocrx_word' id='word_1_855' title='bbox 2102 4420 2376 4488; x_wconf 87' lang='lat' dir='ltr'><strong>parvulum</strong></span> <span class='ocrx_word' id='word_1_856' title='bbox 2403 4422 2597 4477; x_wconf 89' lang='lat' dir='ltr'><strong>nescis.</strong></span> <span class='ocrx_word' id='word_1_857' title='bbox 2626 4422 2724 4489; x_wconf 89' lang='lat' dir='ltr'><strong>Qui</strong></span> <span class='ocrx_word' id='word_1_858' title='bbox 2754 4423 2885 4478; x_wconf 92' lang='lat' dir='ltr'><strong>mihi</strong></span> <span class='ocrx_word' id='word_1_859' title='bbox 2912 4425 3179 4494; x_wconf 89' lang='lat' dir='ltr'><strong>promittis</strong></span> <span class='ocrx_word' id='word_1_860' title='bbox 3200 4436 3422 4482; x_wconf 89' lang='lat' dir='ltr'><strong>mortem</strong></span> <span class='ocrx_word' id='word_1_861' title='bbox 3444 4435 3614 4493; x_wconf 89' lang='lat' dir='ltr'><strong>tuam,</strong></span> 
     </span>
    </p>
   </div>
   <div class='ocr_carea' id='block_1_105' title="bbox 2024 4513 3615 4591">
    <p class='ocr_par' dir='ltr' id='par_1_105' title="bbox 2024 4513 3615 4591">
     <span class='ocr_line' id='line_1_105' title="bbox 2024 4513 3615 4591; baseline 0.008 -26"><span class='ocrx_word' id='word_1_862' title='bbox 2024 4519 2108 4566; x_wconf 90' lang='lat' dir='ltr'><strong>ter</strong></span> <span class='ocrx_word' id='word_1_863' title='bbox 2132 4513 2349 4582; x_wconf 89' lang='lat' dir='ltr'><strong>negabis</strong></span> <span class='ocrx_word' id='word_1_864' title='bbox 2378 4515 2538 4568; x_wconf 87' lang='lat' dir='ltr'><strong>vitam</strong></span> <span class='ocrx_word' id='word_1_865' title='bbox 2565 4524 2730 4570; x_wconf 90' lang='lat' dir='ltr'><strong>tuam.</strong></span> <span class='ocrx_word' id='word_1_866' title='bbox 2779 4516 2879 4584; x_wconf 90' lang='lat' dir='ltr'><strong>Qui</strong></span> <span class='ocrx_word' id='word_1_867' title='bbox 2905 4526 2956 4572; x_wconf 91' lang='lat' dir='ltr'><strong>te</strong></span> <span class='ocrx_word' id='word_1_868' title='bbox 2976 4517 3087 4587; x_wconf 89' lang='lat' dir='ltr'><strong>jam</strong></span> <span class='ocrx_word' id='word_1_869' title='bbox 3114 4527 3267 4589; x_wconf 89' lang='lat' dir='ltr'><strong>putas</strong></span> <span class='ocrx_word' id='word_1_870' title='bbox 3290 4521 3426 4575; x_wconf 91' lang='lat' dir='ltr'><strong>mori</strong></span> <span class='ocrx_word' id='word_1_871' title='bbox 3456 4535 3615 4591; x_wconf 87' lang='lat' dir='ltr'><strong>posse</strong></span> 
     </span>
    </p>
   </div>
   <div class='ocr_carea' id='block_1_106' title="bbox 2024 4606 3615 4676">
    <p class='ocr_par' dir='ltr' id='par_1_106' title="bbox 2024 4606 3615 4676">
     <span class='ocr_line' id='line_1_106' title="bbox 2024 4606 3615 4676; baseline 0.007 -18"><span class='ocrx_word' id='word_1_872' title='bbox 2024 4619 2122 4673; x_wconf 85' lang='lat' dir='ltr'><strong>pro</strong></span> <span class='ocrx_word' id='word_1_873' title='bbox 2164 4620 2279 4671; x_wconf 89' lang='lat' dir='ltr'><strong>me,</strong></span> <span class='ocrx_word' id='word_1_874' title='bbox 2329 4606 2473 4674; x_wconf 88' lang='lat' dir='ltr'><strong>prius</strong></span> <span class='ocrx_word' id='word_1_875' title='bbox 2516 4610 2636 4662; x_wconf 90' lang='lat' dir='ltr'><strong>vive</strong></span> <span class='ocrx_word' id='word_1_876' title='bbox 2684 4623 2781 4676; x_wconf 89' lang='lat' dir='ltr'><strong>pro</strong></span> <span class='ocrx_word' id='word_1_877' title='bbox 2820 4616 2872 4665; x_wconf 90' lang='lat' dir='ltr'><strong>te</strong></span> <span class='ocrx_word' id='word_1_878' title='bbox 2906 4627 2918 4663; x_wconf 90' lang='lat'><strong>:</strong></span> <span class='ocrx_word' id='word_1_879' title='bbox 2957 4626 3078 4664; x_wconf 92' lang='lat' dir='ltr'><strong>nam</strong></span> <span class='ocrx_word' id='word_1_880' title='bbox 3108 4612 3344 4667; x_wconf 90' lang='lat' dir='ltr'><strong>timendo</strong></span> <span class='ocrx_word' id='word_1_881' title='bbox 3388 4621 3615 4668; x_wconf 90' lang='lat' dir='ltr'><strong>mortem</strong></span> 
     </span>
    </p>
   </div>
   <div class='ocr_carea' id='block_1_107' title="bbox 2023 4694 3615 4771">
    <p class='ocr_par' dir='ltr' id='par_1_107' title="bbox 2023 4694 3615 4771">
     <span class='ocr_line' id='line_1_107' title="bbox 2023 4694 3615 4771; baseline 0.008 -23"><span class='ocrx_word' id='word_1_882' title='bbox 2023 4694 2198 4749; x_wconf 90' lang='lat' dir='ltr'><strong>carnis</strong></span> <span class='ocrx_word' id='word_1_883' title='bbox 2229 4706 2361 4761; x_wconf 83' lang='lat' dir='ltr'><strong>tuae,</strong></span> <span class='ocrx_word' id='word_1_884' title='bbox 2390 4706 2614 4752; x_wconf 88' lang='lat' dir='ltr'><strong>mortem</strong></span> <span class='ocrx_word' id='word_1_885' title='bbox 2658 4698 2808 4753; x_wconf 88' lang='lat' dir='ltr'><strong>dabis</strong></span> <span class='ocrx_word' id='word_1_886' title='bbox 2850 4700 3040 4755; x_wconf 64' lang='lat' dir='ltr'><strong>animae</strong></span> <span class='ocrx_word' id='word_1_887' title='bbox 3071 4710 3193 4757; x_wconf 67' lang='lat' dir='ltr'><strong>tuae.</strong></span> <span class='ocrx_word' id='word_1_888' title='bbox 3234 4703 3438 4771; x_wconf 88' lang='lat' dir='ltr'><strong>Quanta</strong></span> <span class='ocrx_word' id='word_1_889' title='bbox 3470 4704 3615 4760; x_wconf 88' lang='lat' dir='ltr'><strong>enim</strong></span> 
     </span>
    </p>
   </div>
   <div class='ocr_carea' id='block_1_108' title="bbox 2023 4787 3617 4869">
    <p class='ocr_par' dir='ltr' id='par_1_108' title="bbox 2023 4787 3617 4869">
     <span class='ocr_line' id='line_1_108' title="bbox 2023 4787 3617 4869; baseline 0.008 -28"><span class='ocrx_word' id='word_1_890' title='bbox 2023 4787 2130 4843; x_wconf 90' lang='lat' dir='ltr'><strong>vita</strong></span> <span class='ocrx_word' id='word_1_891' title='bbox 2172 4798 2255 4845; x_wconf 89' lang='lat' dir='ltr'><strong>est</strong></span> <span class='ocrx_word' id='word_1_892' title='bbox 2298 4788 2540 4847; x_wconf 83' lang='lat' dir='ltr'><strong>conﬁteri</strong></span> <span class='ocrx_word' id='word_1_893' title='bbox 2586 4791 2887 4860; x_wconf 90' lang='lat' dir='ltr'><strong>Christum,</strong></span> <span class='ocrx_word' id='word_1_894' title='bbox 2937 4802 3083 4850; x_wconf 88' lang='lat' dir='ltr'><strong>tanta</strong></span> <span class='ocrx_word' id='word_1_895' title='bbox 3108 4810 3256 4851; x_wconf 90' lang='lat' dir='ltr'><strong>mors</strong></span> <span class='ocrx_word' id='word_1_896' title='bbox 3299 4805 3382 4852; x_wconf 89' lang='lat' dir='ltr'><strong>est</strong></span> <span class='ocrx_word' id='word_1_897' title='bbox 3419 4813 3617 4869; x_wconf 82' lang='lat' dir='ltr'><strong>negaro</strong></span> 
     </span>
    </p>
   </div>
   <div class='ocr_carea' id='block_1_109' title="bbox 2023 4878 2313 4937">
    <p class='ocr_par' dir='ltr' id='par_1_109' title="bbox 2023 4878 2313 4937">
     <span class='ocr_line' id='line_1_109' title="bbox 2023 4878 2313 4937; baseline 0.007 -3"><span class='ocrx_word' id='word_1_898' title='bbox 2023 4878 2313 4937; x_wconf 90' lang='lat' dir='ltr'><strong>Christum.</strong></span> 
     </span>
    </p>
   </div>
   <div class='ocr_carea' id='block_1_110' title="bbox 2094 4973 3613 5051">
    <p class='ocr_par' dir='ltr' id='par_1_110' title="bbox 2094 4973 3613 5051">
     <span class='ocr_line' id='line_1_110' title="bbox 2094 4973 3613 5051; baseline 0.008 -24"><span class='ocrx_word' id='word_1_899' title='bbox 2094 4973 2149 5027; x_wconf 75' lang='lat'><strong>2.</strong></span> <span class='ocrx_word' id='word_1_900' title='bbox 2180 4976 2263 5029; x_wconf 90' lang='lat' dir='ltr'><strong>An</strong></span> <span class='ocrx_word' id='word_1_901' title='bbox 2292 4975 2566 5046; x_wconf 90' lang='lat' dir='ltr'><strong>apostolus</strong></span> <span class='ocrx_word' id='word_1_902' title='bbox 2595 4976 2786 5033; x_wconf 89' lang='lat' dir='ltr'><strong>Petrus</strong></span> <span class='ocrx_word' id='word_1_903' title='bbox 2809 5018 2827 5044; x_wconf 91' lang='lat'><strong>,</strong></span> <span class='ocrx_word' id='word_1_904' title='bbox 2866 4977 3004 5033; x_wconf 92' lang='lat' dir='ltr'><strong>sicut</strong></span> <span class='ocrx_word' id='word_1_905' title='bbox 3029 4993 3152 5034; x_wconf 90' lang='lat' dir='ltr'><strong>eum</strong></span> <span class='ocrx_word' id='word_1_906' title='bbox 3176 4980 3389 5051; x_wconf 90' lang='lat' dir='ltr'><strong>quidam</strong></span> <span class='ocrx_word' id='word_1_907' title='bbox 3430 4980 3613 5039; x_wconf 82' lang='lat' dir='ltr'><strong>favore</strong></span> 
     </span>
    </p>
   </div>
   <div class='ocr_carea' id='block_1_111' title="bbox 2024 5067 3613 5143">
    <p class='ocr_par' dir='ltr' id='par_1_111' title="bbox 2024 5067 3613 5143">
     <span class='ocr_line' id='line_1_111' title="bbox 2024 5067 3613 5143; baseline 0.005 -23"><span class='ocrx_word' id='word_1_908' title='bbox 2024 5080 2279 5137; x_wconf 89' lang='lat' dir='ltr'><strong>perverso</strong></span> <span class='ocrx_word' id='word_1_909' title='bbox 2318 5081 2577 5123; x_wconf 86' lang='lat' dir='ltr'><strong>excusare</strong></span> <span class='ocrx_word' id='word_1_910' title='bbox 2616 5068 2854 5122; x_wconf 91' lang='lat' dir='ltr'><strong>nituntur</strong></span> <span class='ocrx_word' id='word_1_911' title='bbox 2877 5067 3133 5139; x_wconf 83' lang='lat' dir='ltr'><strong>(Ambros.</strong></span> <span class='ocrx_word' id='word_1_912' title='bbox 3178 5071 3233 5124; x_wconf 89' lang='lat' dir='ltr'><strong>in</strong></span> <span class='ocrx_word' id='word_1_913' title='bbox 3260 5071 3388 5126; x_wconf 91' lang='lat' dir='ltr'><strong>Luc.</strong></span> <span class='ocrx_word' id='word_1_914' title='bbox 3431 5078 3613 5143; x_wconf 82' lang='lat' dir='ltr'><strong>xxu),</strong></span> 
     </span>
    </p>
   </div>
   <div class='ocr_carea' id='block_1_112' title="bbox 2021 5156 3615 5233">
    <p class='ocr_par' dir='ltr' id='par_1_112' title="bbox 2021 5156 3615 5233">
     <span class='ocr_line' id='line_1_112' title="bbox 2021 5156 3615 5233; baseline 0.004 -20"><span class='ocrx_word' id='word_1_915' title='bbox 2021 5156 2291 5213; x_wconf 88' lang='lat' dir='ltr'><strong>Christum</strong></span> <span class='ocrx_word' id='word_1_916' title='bbox 2320 5172 2426 5212; x_wconf 92' lang='lat' dir='ltr'><strong>non</strong></span> <span class='ocrx_word' id='word_1_917' title='bbox 2466 5159 2717 5229; x_wconf 89' lang='lat' dir='ltr'><strong>negavit,</strong></span> <span class='ocrx_word' id='word_1_918' title='bbox 2761 5159 2882 5229; x_wconf 90' lang='lat' dir='ltr'><strong>quia</strong></span> <span class='ocrx_word' id='word_1_919' title='bbox 2928 5160 3285 5233; x_wconf 86' lang='lat' dir='ltr'><strong>interrogatus</strong></span> <span class='ocrx_word' id='word_1_920' title='bbox 3327 5166 3394 5220; x_wconf 88' lang='lat' dir='ltr'><strong>ab</strong></span> <span class='ocrx_word' id='word_1_921' title='bbox 3424 5168 3615 5220; x_wconf 87' lang='lat' dir='ltr'><strong>ancilla</strong></span> 
     </span>
    </p>
   </div>
   <div class='ocr_carea' id='block_1_113' title="bbox 2025 5248 3617 5326">
    <p class='ocr_par' dir='ltr' id='par_1_113' title="bbox 2025 5248 3617 5326">
     <span class='ocr_line' id='line_1_113' title="bbox 2025 5248 3617 5326; baseline 0.007 -24"><span class='ocrx_word' id='word_1_922' title='bbox 2025 5248 2297 5304; x_wconf 90' lang='lat' dir='ltr'><strong>hominem</strong></span> <span class='ocrx_word' id='word_1_923' title='bbox 2328 5263 2388 5305; x_wconf 90' lang='lat' dir='ltr'><strong>se</strong></span> <span class='ocrx_word' id='word_1_924' title='bbox 2418 5251 2629 5305; x_wconf 90' lang='lat' dir='ltr'><strong>nescire</strong></span> <span class='ocrx_word' id='word_1_925' title='bbox 2658 5251 2958 5320; x_wconf 84' lang='lat' dir='ltr'><strong>reSpondit,</strong></span> <span class='ocrx_word' id='word_1_926' title='bbox 2989 5253 3126 5308; x_wconf 89' lang='lat' dir='ltr'><strong>sicut</strong></span> <span class='ocrx_word' id='word_1_927' title='bbox 3151 5255 3239 5308; x_wconf 91' lang='lat' dir='ltr'><strong>alii</strong></span> <span class='ocrx_word' id='word_1_928' title='bbox 3277 5258 3617 5326; x_wconf 70' lang='lat' dir='ltr'><strong>evangelista:</strong></span> 
     </span>
    </p>
   </div>
   <div class='ocr_carea' id='block_1_114' title="bbox 2022 5342 3615 5417">
    <p class='ocr_par' dir='ltr' id='par_1_114' title="bbox 2022 5342 3615 5417">
     <span class='ocr_line' id='line_1_114' title="bbox 2022 5342 3615 5417; baseline 0.006 -21"><span class='ocrx_word' id='word_1_929' title='bbox 2022 5348 2395 5396; x_wconf 87' lang='lat' dir='ltr'><strong>contestantur</strong></span> <span class='ocrx_word' id='word_1_930' title='bbox 2429 5342 2774 5413; x_wconf 88' lang='lat' dir='ltr'><strong>expressius?</strong></span> <span class='ocrx_word' id='word_1_931' title='bbox 2821 5342 2983 5409; x_wconf 90' lang='lat' dir='ltr'><strong>Quasi</strong></span> <span class='ocrx_word' id='word_1_932' title='bbox 3036 5360 3166 5400; x_wconf 91' lang='lat' dir='ltr'><strong>vero</strong></span> <span class='ocrx_word' id='word_1_933' title='bbox 3206 5347 3296 5417; x_wconf 91' lang='lat' dir='ltr'><strong>qui</strong></span> <span class='ocrx_word' id='word_1_934' title='bbox 3343 5349 3615 5407; x_wconf 90' lang='lat' dir='ltr'><strong>hominem</strong></span> 
     </span>
    </p>
   </div>
   <div class='ocr_carea' id='block_1_115' title="bbox 2021 5433 3616 5508">
    <p class='ocr_par' dir='ltr' id='par_1_115' title="bbox 2021 5433 3616 5508">
     <span class='ocr_line' id='line_1_115' title="bbox 2021 5433 3616 5508; baseline 0.008 -19"><span class='ocrx_word' id='word_1_935' title='bbox 2021 5433 2293 5489; x_wconf 86' lang='lat' dir='ltr'><strong>Christum</strong></span> <span class='ocrx_word' id='word_1_936' title='bbox 2324 5444 2514 5506; x_wconf 90' lang='lat' dir='ltr'><strong>negat,</strong></span> <span class='ocrx_word' id='word_1_937' title='bbox 2559 5451 2666 5491; x_wconf 90' lang='lat' dir='ltr'><strong>non</strong></span> <span class='ocrx_word' id='word_1_938' title='bbox 2706 5436 2976 5492; x_wconf 90' lang='lat' dir='ltr'><strong>Christum</strong></span> <span class='ocrx_word' id='word_1_939' title='bbox 3004 5447 3193 5508; x_wconf 90' lang='lat' dir='ltr'><strong>negat;</strong></span> <span class='ocrx_word' id='word_1_940' title='bbox 3224 5450 3277 5495; x_wconf 92' lang='lat' dir='ltr'><strong>et</strong></span> <span class='ocrx_word' id='word_1_941' title='bbox 3326 5441 3429 5498; x_wconf 87' lang='lat' dir='ltr'><strong>hoc</strong></span> <span class='ocrx_word' id='word_1_942' title='bbox 3468 5445 3521 5499; x_wconf 94' lang='lat' dir='ltr'><strong>in</strong></span> <span class='ocrx_word' id='word_1_943' title='bbox 3550 5460 3616 5502; x_wconf 90' lang='lat' dir='ltr'><strong>eo</strong></span> 
     </span>
    </p>
   </div>
   <div class='ocr_carea' id='block_1_116' title="bbox 2022 5526 3616 5607">
    <p class='ocr_par' dir='ltr' id='par_1_116' title="bbox 2022 5526 3616 5607">
     <span class='ocr_line' id='line_1_116' title="bbox 2022 5526 3616 5607; baseline 0.008 -27"><span class='ocrx_word' id='word_1_944' title='bbox 2022 5534 2181 5596; x_wconf 89' lang='lat' dir='ltr'><strong>negat</strong></span> <span class='ocrx_word' id='word_1_945' title='bbox 2209 5526 2352 5596; x_wconf 92' lang='lat' dir='ltr'><strong>quod</strong></span> <span class='ocrx_word' id='word_1_946' title='bbox 2390 5527 2556 5582; x_wconf 81' lang='lat' dir='ltr'><strong>lactus</strong></span> <span class='ocrx_word' id='word_1_947' title='bbox 2584 5535 2669 5583; x_wconf 90' lang='lat' dir='ltr'><strong>est</strong></span> <span class='ocrx_word' id='word_1_948' title='bbox 2710 5538 2928 5599; x_wconf 88' lang='lat' dir='ltr'><strong>propter</strong></span> <span class='ocrx_word' id='word_1_949' title='bbox 2967 5545 3065 5584; x_wconf 91' lang='lat' dir='ltr'><strong>nos</strong></span> <span class='ocrx_word' id='word_1_950' title='bbox 3087 5572 3101 5596; x_wconf 94' lang='lat'><strong>,</strong></span> <span class='ocrx_word' id='word_1_951' title='bbox 3135 5547 3203 5587; x_wconf 91' lang='lat' dir='ltr'><strong>ne</strong></span> <span class='ocrx_word' id='word_1_952' title='bbox 3237 5535 3433 5603; x_wconf 90' lang='lat' dir='ltr'><strong>periret</strong></span> <span class='ocrx_word' id='word_1_953' title='bbox 3470 5537 3616 5607; x_wconf 90' lang='lat' dir='ltr'><strong>quod</strong></span> 
     </span>
    </p>
   </div>
   <div class='ocr_carea' id='block_1_117' title="bbox 2022 5617 3611 5700">
    <p class='ocr_par' dir='ltr' id='par_1_117' title="bbox 2022 5617 3611 5700">
     <span class='ocr_line' id='line_1_117' title="bbox 2022 5617 3611 5700; baseline 0.009 -28"><span class='ocrx_word' id='word_1_954' title='bbox 2022 5617 2223 5674; x_wconf 80' lang='lat' dir='ltr'><strong>fecerat</strong></span> <span class='ocrx_word' id='word_1_955' title='bbox 2248 5634 2365 5674; x_wconf 92' lang='lat' dir='ltr'><strong>nos.</strong></span> <span class='ocrx_word' id='word_1_956' title='bbox 2395 5619 2538 5689; x_wconf 87' lang='lat' dir='ltr'><strong>Ergo</strong></span> <span class='ocrx_word' id='word_1_957' title='bbox 2563 5621 2653 5691; x_wconf 93' lang='lat' dir='ltr'><strong>qui</strong></span> <span class='ocrx_word' id='word_1_958' title='bbox 2682 5620 2751 5675; x_wconf 91' lang='lat' dir='ltr'><strong>ita</strong></span> <span class='ocrx_word' id='word_1_959' title='bbox 2779 5623 3063 5677; x_wconf 82' lang='lat' dir='ltr'><strong>conﬁtetur</strong></span> <span class='ocrx_word' id='word_1_960' title='bbox 3089 5622 3354 5682; x_wconf 91' lang='lat' dir='ltr'><strong>Christum</strong></span> <span class='ocrx_word' id='word_1_961' title='bbox 3404 5629 3569 5686; x_wconf 91' lang='lat' dir='ltr'><strong>Deum</strong></span> <span class='ocrx_word' id='word_1_962' title='bbox 3593 5673 3611 5700; x_wconf 92' lang='lat'><strong>,</strong></span> 
     </span>
    </p>
   </div>
   <div class='ocr_carea' id='block_1_118' title="bbox 2022 5711 3612 5793">
    <p class='ocr_par' dir='ltr' id='par_1_118' title="bbox 2022 5711 3612 5793">
     <span class='ocr_line' id='line_1_118' title="bbox 2022 5711 3612 5793; baseline 0.009 -29"><span class='ocrx_word' id='word_1_963' title='bbox 2022 5720 2081 5764; x_wconf 92' lang='lat' dir='ltr'><strong>ut</strong></span> <span class='ocrx_word' id='word_1_964' title='bbox 2100 5711 2372 5765; x_wconf 90' lang='lat' dir='ltr'><strong>hominem</strong></span> <span class='ocrx_word' id='word_1_965' title='bbox 2398 5719 2575 5781; x_wconf 86' lang='lat' dir='ltr'><strong>neget,</strong></span> <span class='ocrx_word' id='word_1_966' title='bbox 2602 5727 2708 5765; x_wconf 89' lang='lat' dir='ltr'><strong>non</strong></span> <span class='ocrx_word' id='word_1_967' title='bbox 2728 5726 2825 5783; x_wconf 90' lang='lat' dir='ltr'><strong>pro</strong></span> <span class='ocrx_word' id='word_1_968' title='bbox 2843 5713 2937 5768; x_wconf 93' lang='lat' dir='ltr'><strong>illo</strong></span> <span class='ocrx_word' id='word_1_969' title='bbox 2961 5726 3203 5772; x_wconf 88' lang='lat' dir='ltr'><strong>mortuus</strong></span> <span class='ocrx_word' id='word_1_970' title='bbox 3223 5730 3306 5776; x_wconf 90' lang='lat' dir='ltr'><strong>est</strong></span> <span class='ocrx_word' id='word_1_971' title='bbox 3331 5720 3612 5793; x_wconf 86' lang='lat' dir='ltr'><strong>Christus;</strong></span> 
     </span>
    </p>
   </div>
   <div class='ocr_carea' id='block_1_119' title="bbox 2020 5802 3613 5883">
    <p class='ocr_par' dir='ltr' id='par_1_119' title="bbox 2020 5802 3613 5883">
     <span class='ocr_line' id='line_1_119' title="bbox 2020 5802 3613 5883; baseline 0.008 -24"><span class='ocrx_word' id='word_1_972' title='bbox 2020 5805 2146 5877; x_wconf 90' lang='lat' dir='ltr'><strong>quia</strong></span> <span class='ocrx_word' id='word_1_973' title='bbox 2171 5802 2466 5860; x_wconf 91' lang='lat' dir='ltr'><strong>secundum</strong></span> <span class='ocrx_word' id='word_1_974' title='bbox 2498 5802 2768 5860; x_wconf 89' lang='lat' dir='ltr'><strong>hominem</strong></span> <span class='ocrx_word' id='word_1_975' title='bbox 2810 5816 3051 5863; x_wconf 87' lang='lat' dir='ltr'><strong>mortuus</strong></span> <span class='ocrx_word' id='word_1_976' title='bbox 3083 5820 3166 5867; x_wconf 86' lang='lat' dir='ltr'><strong>est</strong></span> <span class='ocrx_word' id='word_1_977' title='bbox 3205 5812 3469 5870; x_wconf 90' lang='lat' dir='ltr'><strong>Christus.</strong></span> <span class='ocrx_word' id='word_1_978' title='bbox 3511 5815 3613 5883; x_wconf 89' lang='lat' dir='ltr'><strong>Qui</strong></span> 
     </span>
    </p>
   </div>
   <div class='ocr_carea' id='block_1_120' title="bbox 2022 5896 3613 5991">
    <p class='ocr_par' dir='ltr' id='par_1_120' title="bbox 2022 5896 3613 5991">
     <span class='ocr_line' id='line_1_120' title="bbox 2022 5896 3613 5991; baseline 0.009 -36"><span class='ocrx_word' id='word_1_979' title='bbox 2022 5906 2182 5972; x_wconf 87' lang='lat' dir='ltr'><strong>negat</strong></span> <span class='ocrx_word' id='word_1_980' title='bbox 2214 5896 2487 5955; x_wconf 89' lang='lat' dir='ltr'><strong>hominem</strong></span> <span class='ocrx_word' id='word_1_981' title='bbox 2516 5898 2807 5972; x_wconf 88' lang='lat' dir='ltr'><strong>Christum,</strong></span> <span class='ocrx_word' id='word_1_982' title='bbox 2837 5917 2946 5960; x_wconf 90' lang='lat' dir='ltr'><strong>non</strong></span> <span class='ocrx_word' id='word_1_983' title='bbox 2976 5906 3351 5965; x_wconf 85' lang='lat' dir='ltr'><strong>reconciliatur</strong></span> <span class='ocrx_word' id='word_1_984' title='bbox 3374 5924 3472 5983; x_wconf 84' lang='lat' dir='ltr'><strong>per</strong></span> <span class='ocrx_word' id='word_1_985' title='bbox 3495 5925 3613 5991; x_wconf 41' lang='lat' dir='ltr'><strong>mes</strong></span> 
     </span>
    </p>
   </div>
  </div>
