4030 6480
465 440 604 508 4811

466 567 728 627 dilwrem
766 555 899 623 Deo.
940 566 1089 624 unus
1127 565 1268 621 enim
1317 550 1459 619 Dens
1482 604 1496 628 ,
1542 565 1597 618 et
1632 549 1766 616 u'nus
1793 557 2056 615 mediator

467 661 566 719 Doi
604 671 658 716 et
686 660 959 716 hominum
991 660 1152 714 homo
1188 657 1428 713 Christus
1457 655 1612 710 Jesus
1642 653 1682 726 (l
1709 651 1844 706 Tim.
1870 667 1944 718 ιι,
1973 649 2052 720 5).

468 755 572 822 Qui
600 763 758 826 negat
793 753 1063 824 hominem
1092 751 1360 806 Christum
1380 792 1395 817 ,
1423 764 1528 805 non
1553 746 1903 818 justiﬁcatur;
1936 744 2057 815 quia

469 846 612 902 sint
653 860 751 922 per
795 827 1202 922 inobedientiam
1247 841 1403 916 unius
1445 839 1712 920 hominis,
1755 844 2058 922 peccatores

472 915 746 1004 constituti
777 916 900 991 sunt
942 918 1124 998 multi;
1174 934 1242 987 ita
1284 941 1338 986 et
1379 939 1474 1002 per
1517 917 1874 996 obedientiam
1902 915 2059 983 unius

473 1019 726 1095 hominis,
752 1015 879 1098 justi
910 1023 1299 1080 constituentur
1330 1018 1476 1077 multi
1509 1019 1684 1092 (Rom.
1714 1011 1912 1100 v,gi9).
1951 1017 2058 1100 Qui

473 1129 635 1191 negat
662 1097 929 1174 hominem
973 1113 1281 1182 Christum,
1324 1121 1432 1169 non
1471 1120 1711 1182 resurget
1739 1097 1791 1166 in
1821 1097 2061 1166 resurre-

472 1215 703 1268 ctionem
731 1211 887 1276 vitm;
928 1209 1046 1279 quia
1080 1222 1174 1278 per
1199 1208 1467 1262 hominem
1499 1221 1664 1272 mors,
1689 1191 1745 1259 et
1771 1215 1866 1274 per
1890 1202 2062 1258 homi-

471 1317 593 1357 nem
635 1301 956 1357 reSurrectio
1001 1309 1335 1356 mortuorum
1370 1317 1382 1352 :
1416 1299 1551 1354 sicut
1595 1297 1739 1353 enim
1793 1297 1847 1350 in
1889 1293 2058 1350 Adam

471 1389 658 1450 omnes
686 1395 1004 1460 moriuntur,
1028 1393 1098 1448 ita
1122 1401 1178 1447 et
1202 1391 1256 1447 in
1274 1389 1489 1447 Christo
1510 1402 1695 1444 omnes
1718 1377 2062 1442 viviﬁcabun-

469 1494 555 1539 tur
587 1485 631 1558 (Ι
669 1486 787 1540 Cor.
829 1497 933 1552 xv,
971 1478 1038 1540 Si
1063 1493 1108 1540 et
1126 1482 1245 1556 22).
1282 1483 1384 1538 Per
1420 1479 1546 1553 quid
1576 1489 1752 1535 autem
1796 1473 1953 1551 caput
1979 1489 2062 1534 est

469 1577 727 1634 Ecclesiae
751 1621 766 1644 ,
815 1579 918 1633 nisi
945 1592 1040 1648 per
1065 1576 1369 1640 hominem,
1397 1573 1540 1644 qnod
1570 1569 1801 1628 Verbum
1828 1585 1954 1625 caro
1980 1569 2056 1624 fa-

468 1666 614 1725 ctum
644 1669 769 1726 est?
797 1669 849 1724 id
876 1669 990 1734 est,
1042 1669 1136 1725 Dei
1175 1667 1346 1723 Patris
1380 1661 1692 1736 Unige'nitus
1724 1665 1862 1719 Deus
1899 1662 2060 1718 homo

469 1763 641 1819 factus
685 1772 788 1820 est.
827 1761 1108 1830 Quomodo
1146 1757 1416 1833 estigitur
1466 1761 1521 1814 in
1565 1773 1792 1828 corpore
1838 1756 2057 1824 Christi,

469 1857 561 1926 qui
622 1864 780 1927 negat
840 1855 1110 1911 hominem
1171 1851 1488 1910 Christum?
1538 1851 1640 1920 Qui
1713 1847 1857 1906 enim
1905 1857 2062 1920 caput

467 1956 650 2020 negat,
680 1949 949 2020 quomodo
974 1957 1058 2004 est
1094 1947 1436 2027 membrum?
1460 1945 1568 2002 Sed
1591 1943 1718 2016 quid
1746 1944 1928 1999 multis
1958 1944 2060 1998 im-

468 2054 673 2108 morer,
703 2055 824 2096 cum
855 2041 971 2110 ipse
998 2040 1255 2095 Deminus
1288 2038 1570 2094 abstulerit
1592 2052 1782 2093 omnes
1811 2037 2061 2092 humanm

469 2133 947 2203 argumentationis
974 2132 1262 2203 ambages?
1289 2132 1408 2188 Non
1433 2134 1574 2188 enim
1601 2121 1709 2200 ait,
1739 2132 1856 2187 Non
1881 2125 2065 2188 canta-

469 2227 549 2283 bit
570 2227 738 2298 gallus
764 2226 937 2283 donec
965 2226 1235 2306 hominem
1274 2229 1470 2298 neges;
1500 2235 1610 2293 aut,
1642 2221 1780 2282 sicut
1801 2225 1946 2297 loqui
1988 2224 2063 2280 fa-

469 2320 764 2375 miliariore
790 2327 912 2376 cum
934 2305 1239 2374 hominibus
1266 2318 1573 2390 dignatione
1596 2319 1914 2388 consuevit,
1943 2313 2062 2374 Non

469 2398 705 2465 cantabit
727 2398 897 2482 gallus
925 2412 1097 2467 donec
1124 2409 1319 2465 Filium
1350 2399 1582 2466 hominis
1617 2420 1698 2467 ter
1729 2423 1891 2484 neges
1925 2427 1938 2464 :
1967 2409 2063 2466 scd

468 2502 564 2565 ait,
598 2502 755 2556 donec
782 2515 862 2557 me
887 2511 962 2557 ter
990 2517 1157 2575 neges.
1182 2501 1319 2570 Quid
1349 2505 1450 2567 eSt,
1475 2520 1574 2570 me,
1606 2503 1709 2559 nisi
1736 2501 1878 2574 quod
1906 2495 2062 2558 erat?

469 2587 527 2648 et
553 2584 678 2664 quid
711 2594 810 2649 nisi
838 2591 1086 2650 Christus
1113 2595 1270 2649 erat?
1299 2593 1563 2665 Quidquid
1594 2610 1721 2665 ergo
1755 2594 1870 2664 ejus
1898 2583 2062 2663 nega-

467 2686 565 2751 vit,
590 2687 764 2756 ipsum
788 2687 1017 2757 negavit,
1035 2685 1308 2742 Christum
1331 2684 1561 2758 negavit,
1589 2677 1872 2740 Dominum
1894 2669 2062 2740 Deum

466 2791 624 2834 suum
653 2779 883 2848 negavit.
910 2777 1043 2844 Quia
1069 2765 1123 2833 et
1149 2778 1235 2832 ille
1260 2771 1652 2847 condiscipulus
1673 2775 1788 2846 ejus
1809 2770 2060 2845 Thomas,

469 2868 684 2938 quando
706 2869 1040 2935 exclamavit,
1085 2865 1336 2923 Dominus
1357 2883 1497 2923 meus
1521 2877 1568 2922 et
1594 2866 1732 2921 Deus
1751 2865 1911 2934 meus,
1958 2877 2065 2922 non

468 2961 706 3019 Verbum
729 3007 744 3034 ,
781 2965 879 3022 sed
906 2981 1124 3022 carnem
1155 2963 1355 3036 tetigit;
1399 2965 1505 3019 non
1554 2964 1923 3034 lncorpoream
1968 2963 2066 3020 Dei

469 3065 717 3113 naturam
738 3101 752 3125 ,
785 3058 882 3115 sed
920 3057 1152 3115 hominis
1190 3061 1386 3129 corptis
1414 3056 1640 3113 curiosis
1667 3055 1908 3112 manibus
1933 3072 2063 3112 con-

469 3151 721 3208 trectavit
743 3152 924 3225 (Joan.
954 3165 1045 3220 XX,
1072 3152 1164 3218 27,
1188 3147 1302 3225 28).
1332 3147 1614 3206 Hominem
1654 3149 1830 3220 itaque
1858 3142 2065 3220 tetigit,

471 3245 529 3301 et
549 3247 728 3301 tamen
757 3246 923 3302 Deum
949 3243 1217 3318 cognovit.
1258 3241 1314 3301 Si
1361 3249 1490 3316 ergo
1525 3243 1668 3315 quod
1709 3245 1810 3298 iste
1852 3243 2062 3314 tetigit,

471 3336 580 3393 hoc
606 3338 794 3394 Petrus
820 3339 1061 3410 negavit;
1091 3339 1232 3410 quod
1259 3337 1362 3393 istc
1390 3337 1727 3405 exclamavit,
1753 3335 1853 3392 hoc
1879 3333 2067 3393 Petrus

472 3428 711 3484 oiTendit.
749 3429 871 3486 Non
902 3430 1124 3486 cantabit
1143 3427 1312 3502 gallus
1333 3472 1346 3496 ,
1379 3422 1536 3485 donec
1569 3439 1641 3484 ter
1673 3443 1750 3485 me
1778 3445 1943 3500 neges.
1975 3425 2066 3485 Di-

471 3535 568 3577 cas
588 3522 731 3589 licet,
763 3520 950 3578 Nescio
990 3517 1282 3588 hominem;
1316 3521 1465 3576 dicas
1491 3519 1645 3588 licet,
1676 3517 1875 3588 Homo,
1905 3521 2069 3577 nescio

475 3613 599 3686 quid
645 3611 813 3678 dicis;
855 3611 1001 3669 dicas
1048 3612 1213 3679 licet,
1262 3611 1384 3668 Non
1412 3627 1528 3668 sum
1555 3627 1617 3667 ea;
1655 3611 1918 3684 discipulis
1960 3615 2071 3685 ejus

471 3701 692 3787 (Matth.
720 3724 850 3763 xxvi
875 3750 888 3774 ,
917 3709 988 3764 54
1011 3750 1026 3776 ,
1059 3703 1224 3764 69-74
1247 3749 1263 3776 ,
1303 3713 1365 3787 et
1388 3698 1514 3761 Luc.
1542 3717 1650 3762 κιαι
1674 3749 1690 3777 ,
1719 3693 1909 3779 55-60)
1944 3726 1956 3762 :
1986 3692 2072 3763 ine

474 3783 718 3870 negabis.
760 3799 861 3869 Si,
910 3797 1051 3870 quod
1087 3794 1331 3855 dubitare
1358 3783 1509 3855 nefas
1551 3807 1632 3854 est
1655 3841 1669 3865 ,
1700 3798 1944 3855 Christus
1970 3799 2073 3874 hoc

477 3891 632 3959 dixit,
665 3908 960 3964 verumque
988 3887 1254 3963 prtedixit,
1287 3893 1474 3964 procul
1505 3883 1666 3949 dubio
1691 3893 1883 3948 Petrus
1912 3879 2072 3950 Chri-

474 3991 620 4039 stum
664 3986 897 4056 negavit.
929 3984 1046 4040 Non
1073 3979 1387 4041 accusemus
1425 3977 1698 4041 Christum
1739 4001 1861 4040 cum
1886 3985 2073 4040 defen-

479 4075 658 4130 dimus
703 4057 940 4131 Petrum.
985 4071 1268 4131 Peccatum
1298 4079 1552 4147 agnoscat
1595 4069 1907 4142 infirmitas;
1950 4083 2073 4131 nam

478 4163 818 4220 mendacium
844 4180 951 4220 non
983 4162 1144 4221 habet
1171 4165 1386 4220 veritas.
1415 4164 1643 4236 Agnovit
1666 4166 1864 4236 quippe
1889 4179 2076 4237 pecca-

479 4263 596 4311 tum
627 4255 781 4312 suum
809 4253 1093 4312 iniirmitas
1117 4251 1281 4328 Petri,
1313 4249 1534 4328 prorsus
1561 4243 1800 4326 agnovit;
1831 4265 1884 4314 et
1906 4261 2076 4330 quan-

480 4342 597 4403 tum
641 4346 766 4402 mall
803 4331 1076 4403 Christum
1115 4343 1360 4417 negando
1407 4333 1768 4414 commiserit,
1817 4341 2075 4419 plorando

485 4437 823 4494 monstravit.
850 4436 968 4510 ipse
1006 4453 1134 4494 suos
1161 4437 1435 4510 redarguit
1465 4437 1775 4495 defensores
1797 4483 1813 4508 ,
1853 4451 1907 4496 et
1936 4423 2075 4500 unde

483 4543 580 4589 eos
607 4531 925 4597 convincat,
963 4529 1212 4602 producit
1253 4529 1515 4604 lacrymas
1556 4539 1737 4589 testes.
1765 4531 1948 4606 Neque
1977 4521 2075 4594 nos

483 4638 606 4681 cum
634 4625 732 4679 ista
764 4606 1010 4691 dieimds,
1040 4613 1271 4694 primum
1300 4621 1676 4696 Apostolorum
1703 4607 1953 4683 accusare
1977 4625 2074 4684 de-

480 4717 644 4775 lectat
676 4737 690 4773 :
722 4715 816 4773 sed
845 4715 990 4773 hunc
1019 4715 1280 4774 intuendo
1306 4715 1581 4774 admoneri
1613 4735 1710 4776 nos
1734 4730 1978 4792 oportet,
2008 4739 2076 4780 ne

479 4808 650 4868 homo
679 4803 958 4883 quisquam
996 4806 1065 4868 de
1100 4810 1350 4867 humanis
1374 4803 1574 4867 viribus
1602 4805 1746 4868 iidat.
1791 4803 1922 4869 Nam
1949 4815 2075 4886 quid

485 4907 626 4963 aliud
655 4907 912 4979 pertinuit
939 4906 1007 4962 ad
1037 4906 1316 4963 doctorem
1343 4905 1768 4977 salvatoremque
1793 4913 2033 4963 nostrum
2058 4951 2073 4976 ,

486 5003 583 5058 nisi
612 5009 668 5057 ut
693 4999 848 5058 nobis
875 4991 1211 5074 nequaquam
1241 5000 1308 5056 de
1332 5015 1390 5056 se
1409 4994 1726 5072 quemquam
1748 4983 2077 5072 prcesumere

486 5092 683 5150 debere
712 5136 728 5164 ,
785 5094 841 5149 in
885 5093 1002 5164 ipso
1039 5080 1214 5165 primo
1262 5093 1639 5164 Apostolorum
1688 5093 2078 5151 demonstraret

486 5189 776 5257 exemplo?
811 5187 866 5243 in
902 5188 1079 5242 anima
1113 5187 1291 5258 itaque
1319 5181 1462 5242 Petri
1491 5187 1709 5260 Contigit
1729 5187 1869 5260 quod
1895 5187 2078 5246 oﬂ‘ere-

483 5282 577 5342 bat
619 5281 672 5336 in
704 5296 949 5352 corpore.
977 5279 1097 5336 Non
1127 5288 1304 5336 tamen
1347 5296 1442 5350 pro
1468 5263 1694 5358 Domino
1717 5322 1733 5349 ,
1779 5291 1834 5336 ut
1877 5291 2077 5339 temere

481 5374 882 5446 praesumebat,
929 5371 1241 5448 praeeeSSit,
1286 5363 1380 5428 sed
1434 5372 1590 5426 aliter
1636 5388 1792 5450 quam
1834 5373 2072 5446 putabat.

480 5461 723 5535 Namque
761 5461 886 5520 ante
924 5473 1152 5520 mortem
1180 5463 1234 5519 et
1263 5461 1709 5518 resurrectionem
1741 5461 1980 5530 Domini,
2023 5471 2078 5519 et

479 5565 727 5618 mortuus
753 5565 837 5615 est
864 5556 1127 5631 negando,
1159 5565 1214 5613 et
1239 5556 1432 5612 revixit
1460 5539 1720 5634 plorando
1753 5572 1768 5612 :
1799 5553 1890 5610 sed
1932 5571 2077 5612 mor.

479 5660 606 5709 tuus
624 5658 740 5721 est,
783 5650 904 5722 quia
930 5650 1161 5721 superbe
1191 5649 1306 5721 ipse
1344 5646 1720 5720 praesumpsit;
1765 5646 1956 5705 revixit
1980 5663 2075 5704 au-

478 5752 616 5816 tem,
639 5742 1008 5816 quiavbenigne
1027 5739 1119 5798 ille
1145 5740 1397 5812 respexit.

471 5839 475 5868 ’
956 5839 1370 5902 TRACTATUS
1407 5839 1613 5908 LXVII.
1675 5909 1678 5914 _

478 5927 560 6000 De
579 5947 636 5990 eo
660 5923 794 5994 quod
819 5923 1072 5992 Dominus
1097 5925 1243 5998 dicit,
1265 5926 1381 5984 Non
1407 5929 1652 5982 turbetur
1675 5939 1770 5982 cor
1794 5935 2026 5984 vesnum
2051 5941 2069 5997 ;

1413 445 1482 502 [N
1517 431 1806 502 JDA'NNIS
1844 429 2314 506 EVANGELIUII,
2353 432 2413 494 S.
2453 432 2820 496 AUGUSTINI

2233 565 2392 625 usque
2409 555 2480 609 ad
2500 548 2590 622 id,
2621 555 2818 612 lterum
2845 556 3022 625 vento,
3052 546 3108 613 et
3129 544 3385 628 decipiam
3414 543 3511 618 id!
3531 558 3601 618 id
3629 551 3748 622 iiié-

2235 638 2427 717 ipsuni.
2454 647 2582 720 Cap.
2607 661 2719 716 xiv,
2765 651 2802 720 γ
2845 649 2956 706 1-5.

2239 738 2289 793 1.
2320 733 2583 810 Erigenda
2611 749 2696 796 est
2718 741 2894 809 nobis,
2927 731 3138 811 fratres;
3170 731 3237 799 ad
3267 745 3429 801 Deu‘ih
3461 746 3632 820 iniij'or
3661 744 3747 807 ni.

2165 833 2331 889 tentio
2355 875 2370 899 ,
2420 843 2479 889 ut
2507 833 2666 890 verba
2705 836 2874 890 sancti
2899 833 3172 907 Evangelii
3191 880 3205 902 ,
3236 822 3356 910 qnaé
3380 822 3539 898 itinde
3565 844 3619 898 in
3646 841 3749 900 ho-

2164 924 2291 979 stris
2317 918 2535 980 auribus
2567 933 2890 992 sonuerunt,
2919 923 3078 982 etiam
3121 939 3298 984 mente
3323 933 3514 1001 capere
3539 914 3749 990 utcum-

2165 1024 2270 1088 due
2297 1019 2578 1088 possimus.
2606 1021 2694 1074 Ait
2718 1021 2860 1075 enim
2886 1020 3143 1076 Dominus
3167 1007 3320 1078 Jestis
3345 1041 3358 1078 :
3384 1023 3507 1080 Non
3528 1025 3754 1082 turbetur

2166 1125 2253 1164 eor
2279 1121 2514 1166 uestrum.
2558 1111 2760 1168 Credite
2783 1114 2800 1146 ¹
2845 1114 2898 1167 in
2941 1112 3143 1183 Deum,
3185 1105 3232 1169 et
3259 1116 3313 1170 in
3340 1103 3418 1171 me
3442 1105 3643 1173 credite.
3677 1117 3755 1177 Ne

2165 1211 2392 1261 mortem
2414 1199 2663 1276 tanquam
2685 1195 2930 1264 homines
2955 1209 3224 1276 timerent,
3249 1217 3303 1265 et
3329 1210 3446 1266 ideo
3476 1213 3755 1268 turbaren-

2165 1304 2252 1351 tur
2275 1337 2290 1362 ,
2321 1299 2627 1353 consolatur
2651 1309 2777 1365 eos;
2811 1301 2969 1354 etiam
2998 1315 3056 1356 se
3086 1291 3254 1357 Deum
3281 1304 3402 1357 esSe
3424 1303 3753 1358 contestans.

2167 1384 2383 1456 Credite,
2416 1390 2603 1460 inquit,
2629 1392 2682 1444 in
2707 1390 2894 1460 Deum,
2921 1381 3042 1447 etin
3071 1403 3151 1447 me
3179 1394 3380 1449 credite.
3409 1395 3756 1466 consequens

2165 1489 2250 1536 est
2276 1475 2416 1536 enim
2463 1475 2520 1538 ut
2548 1484 2590 1537 si
2637 1484 2690 1538 in
2734 1473 2903 1539 Deum
2942 1474 3179 1552 creditis,
3214 1493 3269 1542 et
3307 1486 3362 1542 in
3409 1489 3496 1543 ine
3536 1488 3758 1544 credere

2167 1572 2406 1628 debeatis
2439 1592 2452 1628 :
2485 1567 2624 1643 quod
2673 1581 2781 1630 non
2826 1583 2968 1631 esset
3006 1567 3339 1648 consedimus
3362 1620 3376 1642 ,
3429 1578 3476 1633 si
3513 1577 3760 1635 Christus

2167 1679 2273 1719 non
2305 1674 2448 1722 esset
2479 1667 2636 1723 Deus.
2683 1664 2882 1722 Credite
2907 1669 2961 1722 in
2989 1650 3192 1736 Deum,
3232 1657 3279 1723 et
3315 1670 3368 1723 in
3408 1681 3528 1725 eum
3572 1669 3762 1726 credite

2166 1753 2254 1812 cui
2290 1767 2474 1814 natura
2507 1767 2608 1825 est,
2640 1774 2744 1816 non
2786 1748 2971 1831 rapina
2995 1804 3009 1828 ,
3039 1765 3161 1818 eSse
3199 1761 3456 1834 aeriualem
3487 1759 3597 1820 Deo
3630 1781 3644 1817 :
3674 1779 3760 1820 se-

2167 1844 2450 1922 metipsum
2489 1854 2633 1908 enim
2681 1842 3000 1919 exinanivit;
3047 1869 3152 1909 non
3195 1857 3370 1910 tamen
3412 1855 3636 1910 formam
3665 1851 3764 1912 Dei

2167 1944 2438 2010 amittens,
2468 1944 2563 2001 sed
2592 1943 2819 2000 formam
2846 1936 2988 2001 servi
3013 1946 3278 2016 accipiens
3310 1943 3564 2018 (Philipp.
3596 1947 3668 2015 ii,
3701 1943 3760 2016 6,

2167 2033 2246 2106 7).
2276 2035 2502 2091 Mortem
2547 2028 2783 2092 metuitis
2826 2037 2950 2094 huic
2977 2026 3162 2093 formae
3195 2038 3365 2107 Servi;
3409 2053 3510 2094 non
3533 2033 3764 2094 turbetur

2166 2143 2254 2182 eor
2276 2139 2517 2195 uestrum,
2549 2122 2825 2185 suscitabit
2849 2121 2996 2185 illam
3022 2127 3190 2186 forma
3219 2131 3334 2187 Del.

2237 2222 2292 2276 2.
2325 2219 2433 2278 Sed
2462 2223 2589 2294 quid
2625 2229 2707 2278 est
2732 2221 2871 2293 quod
2895 2211 3152 2296 Sequitur,
3182 2225 3249 2280 In
3275 2210 3424 2281 domo
3452 2223 3628 2283 Patris
3663 2232 3768 2285 mei

2167 2316 2454 2370 mansiones
2497 2318 2673 2370 mutue
2708 2317 2827 2370 sunt
2849 2359 2865 2384 ,
2898 2319 2999 2373 nisi
3039 2317 3162 2390 Quia
3190 2301 3244 2374 et
3286 2319 3387 2375 sibi
3414 2321 3769 2378 metuebant?

2170 2405 2323 2462 Unde
2361 2408 2543 2463 audire
2585 2405 2920 2478 debuerunt,
2967 2410 3089 2465 Non
3127 2401 3358 2466 turbetur
3399 2417 3485 2468 eor
3523 2415 3767 2471 vestrum.

2168 2499 2298 2567 Quis
2327 2502 2469 2555 enim
2512 2515 2698 2556 eorum
2737 2491 2843 2556 non
2871 2501 3172 2569 metueret;
3222 2493 3343 2557 cum
3378 2487 3538 2559 Petro
3563 2495 3770 2561 dictum

2169 2601 2314 2649 esset
2343 2593 2606 2650 ﬁdentiori
2640 2581 2800 2665 atqtte
2829 2596 3163 2666 promptiori,
3197 2591 3319 2650 Non
3346 2589 3568 2651 cantabit
3595 2598 3771 2669 gallus

2169 2685 2331 2739 donec
2369 2695 2444 2740 ter
2482 2701 2562 2741 me
2600 2695 2747 2758 neges
2794 2679 2978 2758 (Ιοαη.
3007 2703 3133 2754 xm,
3165 2685 3254 2759 58)
3279 2688 3302 2742 2
3331 2684 3604 2763 Tanquam
3637 2707 3772 2763 ergo

2168 2771 2356 2834 essent
2387 2778 2454 2834 ab
2475 2778 2568 2833 ilio
2597 2769 2843 2848 perituri,
2871 2775 3062 2834 merito
3091 2762 3443 2835 turbabantur
3475 2799 3486 2834 :
3519 2777 3614 2836 sed
3642 2762 3771 2838 cum

2170 2871 2392 2926 audiunt
2413 2911 2425 2934 ,
2468 2870 2537 2925 In
2581 2869 2730 2925 domo
2761 2871 2933 2926 Patris
2965 2873 3062 2926 mei
3086 2873 3371 2928 mansiones
3409 2871 3582 2930 multae
3608 2887 3732 2930 sunt
3754 2894 3774 2932 :
3835 2853 3850 2866 ’

2170 2961 2216 3016 si
2235 2977 2334 3032 quo
2360 2964 2547 3028 minus,
2580 2963 2817 3017 dixissent
2845 2963 2980 3019 vobis
3005 2965 3126 3035 quia
3162 2965 3290 3019 vado
3315 2963 3498 3037 parare
3523 2967 3657 3023 vobis
3685 2967 3773 3023 lo-

2171 3069 2328 3120 cum;
2373 3069 2403 3109 a
2447 3043 2846 3126 perturbatioiie
2888 3041 3232 3123 recreantur,
3273 3053 3406 3114 certi
3435 3073 3498 3114 ac
3541 3051 3775 3118 fidentes

2173 3137 2332 3200 etiam
2362 3155 2480 3216 post
2504 3147 2738 3217 pericula
2773 3146 3121 3204 tentationum
3159 3163 3218 3204 se
3253 3147 3394 3226 apud
3429 3140 3595 3206 Deum
3642 3167 3772 3208 cum

2169 3236 2384 3293 Christo
2411 3251 2530 3294 esse
2550 3240 2848 3295 mansuros.
2879 3231 3009 3307 Quia
3033 3237 3142 3328 etsi
3154 3239 3288 3326 alius
3315 3251 3398 3297 est
3423 3241 3527 3297 alio
3556 3243 3772 3313 fortior,

2173 3328 2310 3384 alius
2332 3329 2436 3384 alio
2461 3330 2771 3398 sapientior,
2801 3328 2937 3386 alius
2961 3327 3068 3386 alio
3089 3324 3309 3402 justior,
3341 3327 3478 3388 alius
3506 3334 3612 3389 alio
3642 3324 3775 3392 Satt-

2173 3420 2345 3486 etior;
2376 3422 2428 3475 in
2471 3421 2621 3475 domo
2653 3421 2826 3477 Patris
2869 3411 3152 3479 mansiones
3191 3425 3363 3480 multa:
3396 3436 3551 3491 sunt;
3593 3427 3780 3484 nullus

2174 3525 2358 3569 eorum
2389 3512 2706 3570 aiie'nabit'u'r
2732 3512 2798 3594 ab
2823 3508 2911 3570 illa
2951 3511 3129 3584 domo,
3176 3515 3266 3573 ubi
3308 3502 3636 3594 mansionem
3673 3535 3783 3590 pro

2178 3621 2278 3661 suo
2303 3607 2530 3677 quisque
2559 3607 2872 3680 accepturus
2905 3607 3236 3666 est’merlto.
3259 3601 3520 3668 Denarius
3555 3593 3780 3684 quidem

2177 3698 2269 3754 ille
2297 3700 2518 3770 aequalis
2543 3709 2626 3756 est
2650 3701 2933 3774 omnibus,
2967 3717 3124 3772 quem
3155 3703 3535 3772 paterfamilias
3574 3710 3656 3762 eis
3689 3697 3782 3777 qui

2176 3791 2380 3865 operati
2407 3793 2532 3850 sunt
2549 3791 2603 3849 in
2623 3795 2774 3850 vinea
2797 3783 2942 3865 iubet
2959 3787 3073 3851 dari
3090 3786 3357 3880 omnibus,
3381 3785 3484 3852 non
3507 3800 3558 3853 in
3577 3813 3648 3880 eo
3663 3800 3781 3880 dis-

2177 3883 2522 3972 cernensrqui
2562 3882 2739 3942 minus
2766 3893 2819 3972 et
2843 3885 2932 3957 qui
2967 3879 3201 3958 amplius
3224 3879 3534 3970 laborarunt
3557 3878 3779 3968 (Matth.

2175 3981 2286 4045 xx,
2352 3971 2423 4050 9)
2484 3993 2498 4032 :
2557 3987 2662 4050 quo
2724 3977 2907 4050 utique
2967 3971 3190 4036 denario
3271 3979 3377 4035 vita
3443 3980 3785 4052 significatur

2177 4081 2398 4140 aeterna,
2428 4071 2518 4129 ubi
2549 4064 2776 4146 amplius
2796 4071 2900 4130 alio
2924 4085 3083 4131 nemo
3103 4061 3253 4141 vivit,
3283 4062 3533 4145 quoniam
3563 4077 3784 4133 vivendi

2179 4167 2287 4221 non
2327 4165 2409 4222 est
2450 4157 2660 4223 diversa
2703 4159 2757 4222 in
2799 4157 3094 4224 aeternitate
3136 4155 3406 4224 mensura.
3449 4154 3554 4224 Sed
3593 4171 3787 4227 multae

2181 4265 2490 4321 mansiones
2515 4308 2531 4333 ,
2564 4265 2803 4322 diversas
2849 4249 3166 4321 meritorum
3212 4247 3263 4321 in
3306 4247 3544 4342 una-vita
3574 4278 3786 4326 aeterna

2179 4345 2484 4428 Significant
2511 4357 2816 4429 dignitates.
2846 4345 2964 4412 Alia
2993 4361 3076 4414 est
3101 4359 3242 4413 enim
3274 4339 3441 4430 gloria
3473 4357 3604 4413 solis
3630 4402 3644 4425 ,
3682 4357 3818 4416 alia'

2180 4449 2348 4522 gloria
2391 4451 2568 4516 lunae,
2617 4449 2719 4504 alia
2764 4447 2930 4522 gloria
2978 4448 3250 4522 stellarum
3285 4467 3297 4502 :
3331 4450 3482 4505 stella
3523 4452 3671 4505 enim
3719 4451 3789 4506 ab

2181 4543 2336 4598 stella
2365 4543 2543 4598 differt
2569 4531 2619 4598 in
2651 4543 2817 4615 gloria
2838 4542 2964 4624 ;ysic'
2986 4550 3040 4598 et
3067 4529 3388 4599 resurrectio
3418 4553 3787 4602 mortuorum.

2179 4620 2458 4706 Tanquam
2497 4633 2668 4691 stella:
2707 4620 2880 4691 sancti
2919 4633 3158 4713 diversas
3201 4631 3510 4691 mansiones
3549 4634 3792 4714 diversa:
3837 4631 3849 4680 ῗ

2181 4727 2439 4783 claritatis
2466 4725 2487 4759 ’
2515 4769 2531 4798 ,
2564 4731 2815 4806 tanquam
2863 4727 2916 4782 in
2949 4742 3087 4782 cano
3107 4768 3122 4796 ,
3152 4727 3447 4812 sortiuntur
3488 4729 3540 4798 in
3573 4729 3791 4812 regno;
3841 4721 3846 4748 ζ

2181 4817 2276 4875 Sed
2321 4829 2538 4892 propter
2584 4803 2745 4896 unum
2781 4817 3058 4874 denarium
3103 4800 3280 4874 nullus
3325 4800 3660 4913 separaturirt
3699 4817 3834 4913 rc-(

2183 4928 2289 4984 gno
2323 4886 2523 4982 tatque
2563 4911 2637 4966 ita
2678 4891 2818 4966 Deus
2862 4907 2964 4966 erit
3001 4909 3177 4967 omnia
3217 4909 3271 4967 in
3309 4886 3554 4984 omnibus
3666 4911 3792 4966 Cor.

2182 5020 2271 5068 xv,
2300 5003 2390 5072 di,
2413 5003 2500 5072 42,
2537 5001 2655 5076 28),
2683 5013 2739 5057 ut
2758 5002 3006 5073 quoniam
3029 5001 3168 5057 Deus
3189 5001 3431 5078 Charitas
3452 5005 3532 5078 est
3554 5000 3598 5071 (Ι
3620 4999 3796 5077 Joan.

2183 5114 2241 5174 _1v
2263 5141 2276 5164 ,
2309 5097 2406 5174 8),
2439 5113 2534 5169 per
2561 5096 2874 5152 charitatem
2917 5094 3009 5149 ﬁat
3051 5103 3107 5149 ut
3145 5092 3284 5166 quod
3331 5092 3537 5170 habent
3558 5093 3795 5166 singuli,

2185 5171 2467 5266 commune
2511 5189 2580 5243 sit
2617 5188 2884 5244 omnibus.
2915 5185 3004 5244 Sic
3039 5185 3181 5244 enim
3223 5181 3449 5260 quisque
3476 5177 3639 5242 etiam
3672 5185 3798 5258 ipse

2183 5283 2366 5354 habet,
2397 5299 2517 5338 cum
2545 5292 2689 5338 amat
2715 5282 2765 5339 in
2797 5283 2967 5338 altero
2993 5279 3136 5354 quod
3161 5282 3274 5356 ipse
3305 5297 3410 5338 non
3451 5281 3633 5337 habet.
3668 5282 3798 5338 Non

2180 5377 2286 5454 erit
2328 5376 2504 5448 itaque
2531 5373 2706 5446 aliqua
2734 5375 2930 5430 invidia
2960 5375 3179 5447 imparis
3216 5376 3492 5452 claritatis,
3525 5375 3794 5448 quoniam

2183 5467 2426 5542 regnabit
2457 5468 2509 5522 in
2535 5468 2782 5523 omnibus
2810 5470 2985 5526 unitas
3015 5470 3307 5531 charitatis.

2251 5561 2306 5618 3.
2339 5559 2571 5618 Proinde
2612 5561 2898 5632 respuendi
2927 5570 3050 5620 sunt
3073 5579 3104 5620 a
3129 5563 3292 5621 corde
3330 5559 3660 5636 christiano,
3696 5566 3798 5642 qui

2244 5722 2262 5777 ί
2290 5745 2547 5815 Paueiores
2593 5743 2972 5815 Μεεεηστςᾱὶειε,
2993 5745 3135 5815 juxta
3171 5747 3455 5815 vulgatam:
3483 5758 3629 5815 porro

2178 5817 2291 5858 cum
2330 5810 2554 5881 verbum,
2577 5808 2706 5881 quod
2730 5809 2778 5858 in
2811 5807 3283 5881 boe'versiquiohis'
3294 5807 3502 5873 ponitur,
3528 5807 3800 5875 ρὶδεεὶιειὲὶ

2179 5883 2363 5984 “fit?
2373 5869 3306 5997 ﬁi‘l‘tﬁmﬁﬁﬁcﬁhﬁﬂi
