4102 6466
496 432 497 435 η
542 384 682 443 1813

544 517 751 577 regnum
774 498 986 572 (Matth.
1013 515 1139 567 xxv,
1156 496 1248 572 34)
1271 516 1284 552 :
1304 495 1357 553 id
1380 504 1481 561 est,
1504 495 1597 566 qui
1626 506 1855 563 regnum
1882 496 2046 544 eratis
2073 496 2142 543 et

546 613 652 654 non
675 597 1005 666 regnabatis,
1035 596 1211 651 venite
1232 636 1246 660 ,
1266 600 1534 661 .regnate;
1562 597 1623 644 ut
1645 586 1788 658 quod
1816 586 1868 640 in
1894 599 1989 655 spe
2011 583 2131 638 iue-

543 693 695 757 ratis,
723 691 883 746 etiam
912 690 963 743 in
993 703 1051 743 re
1081 702 1200 741 esse
1225 684 1461 755 possitis.
1490 682 1615 738 Haec
1641 694 1769 750 ergo
1795 679 1986 733 domus
2014 676 2126 743 Dei,

544 784 648 839 hoc
675 781 930 850 templum
961 779 1093 846 Dei,
1128 778 1226 832 hoc
1251 790 1474 845 regnum
1507 774 1596 829 Dei
1621 814 1637 838 ,
1663 784 1992 843 regnumque
2019 782 2102 823 cce

545 876 717 932 lorqu
740 874 913 929 adhuc
933 872 1245 935 aediﬁcatur,
1272 867 1447 923 adhuc
1473 866 1761 921 fabricatur
1777 864 1816 931 ¹,
1838 862 2012 917 adhuc
2038 874 2127 929 pa-

545 976 716 1033 ratur,
746 965 921 1020 adhuc
945 970 1316 1033 congregatur.
1362 960 1419 1015 ln
1450 958 1540 1014 illo
1588 966 1747 1013 erunt
1792 954 2131 1021 mansiones,

544 1059 681 1113 sicut
726 1072 818 1112 eas
860 1054 1035 1109 adhuc
1076 1062 1227 1124 parat
1272 1051 1574 1108 Dominus:
1609 1050 1663 1105 in
1706 1048 1800 1103 illo
1830 1048 1941 1118 jam
1970 1054 2128 1114 sunt,

544 1151 684 1206 sicut
714 1146 1108 1219 praedestinavit
1127 1146 1239 1216 jam
1270 1144 1550 1200 Dominus.
1938 1138 1941 1139 ⁷

617 1240 671 1293 5.
710 1238 813 1294 Sed
830 1237 959 1307 quid
987 1246 1069 1293 est
1087 1236 1229 1308 quod
1253 1246 1312 1291 ut
1335 1240 1658 1305 przepararet
1681 1231 1847 1298 abiit,
1870 1245 1993 1287 cum
2020 1244 2131 1300 pro-

548 1328 686 1384 fecto
709 1343 809 1384 nos
839 1329 980 1399 ipsos
1009 1337 1338 1399 prmpararet
1364 1330 1406 1395 ’,
1438 1325 1579 1397 quod
1602 1341 1705 1380 non
1734 1323 1894 1378 faciet
1916 1324 1959 1378 si
2004 1323 2133 1378 reli-

546 1421 762 1492 querit?
789 1423 1057 1493 Agnosco,
1088 1421 1331 1487 Domine,
1356 1428 1414 1474 ut
1440 1434 1655 1490 possum
1683 1435 1696 1470 :
1730 1417 1979 1472 nimirum
2006 1414 2135 1470 illud

546 1515 814 1585 signiﬁcas
835 1556 849 1577 ,
886 1514 1008 1585 quia
1042 1523 1103 1570 ut
1131 1522 1385 1584 parentur
1406 1512 1521 1567 ista:
1570 1511 1876 1565 mansiones
1903 1550 1918 1574 ,
1959 1508 2136 1563 vivere

547 1607 709 1663 debet
732 1608 908 1677 justus
928 1623 993 1663 ex
1022 1607 1121 1661 ﬁde
1153 1606 1326 1679 (Rom.
1353 1621 1405 1673 ι,
1437 1604 1547 1676 17).
1571 1602 1673 1671 Qui
1695 1603 1836 1657 enim
1858 1616 1888 1655 a
1911 1600 2136 1657 Domino

545 1701 939 1772 peregrinatur,
968 1717 1103 1771 Opus
1134 1701 1292 1756 habet
1343 1715 1409 1755 ex
1456 1697 1559 1753 ﬁde
1601 1698 1818 1761 vivere;
1868 1696 1991 1766 quia
2043 1709 2138 1765 per

548 1796 687 1850 hanc
712 1795 779 1849 ad
805 1797 1035 1865 speciem
1063 1793 1523 1863 contemplandam
1576 1799 1795 1861 paratur
1833 1788 1899 1859 (ll
1936 1788 2051 1843 Cor.
2076 1803 2134 1855 v,

547 1884 688 1956 6-8).
729 1883 871 1938 Beati
904 1886 1042 1939 enim
1094 1884 1281 1938 mundo
1311 1884 1461 1937 corde
1483 1924 1497 1949 ,
1536 1883 1653 1952 quia
1682 1881 1781 1950 ipsi
1811 1879 1975 1933 Deum
2001 1879 2141 1932 vide-

546 1974 669 2028 bunt
696 1974 908 2043 (Matth.
930 1990 983 2041 v,
1016 1974 1071 2044 8)
1095 1992 1106 2028 :
1140 1984 1212 2041 et,
1236 1973 1367 2029 Fide
1392 1974 1602 2027 mundat
1624 1973 1779 2027 corda
1804 1988 1975 2026 eorum
1997 1971 2135 2040 (Act.

547 2080 646 2126 xv,
677 2065 757 2134 9).
786 2064 921 2119 illud
950 2066 1001 2119 in
1030 2065 1338 2135 Evangelio,
1382 2064 1483 2119 hoc
1510 2065 1561 2119 in
1584 2065 1962 2134 Apostolorum
1992 2064 2138 2118 Acti-

545 2155 648 2211 bus
693 2157 909 2227 legitur.
961 2156 1118 2213 Fides
1171 2167 1388 2224 autem,
1440 2174 1541 2227 qua
1593 2172 1779 2213 eorum
1833 2156 1925 2228 qui
1969 2156 2139 2211 Deum

548 2247 714 2311 visuri
743 2257 895 2312 sunt,
926 2247 1177 2316 quamdiu
1222 2248 1657 2318 peregrinantur.
1690 2247 1848 2303 corda
1875 2248 2139 2302 mundan-

548 2346 669 2404 tur,
716 2338 857 2409 quod
893 2354 1001 2392 non
1050 2338 1192 2393 videt
1238 2339 1442 2393 credit:
1476 2354 1597 2393 nam
1623 2340 1667 2394 si
1694 2339 1876 2407 vides,
1907 2354 2011 2395 non
2057 2346 2142 2395 est

548 2427 705 2484 ﬁdes.
745 2428 996 2484 Credenti
1047 2429 1315 2501 colligitur
1342 2431 1621 2499 meritum,
1654 2430 1854 2486 videnti
1901 2432 2139 2487 redditur

549 2520 850 2590 prtemium.
880 2518 983 2574 Eat
1008 2536 1134 2592 ergo
1168 2521 1425 2577 Dominus
1450 2534 1505 2578 et
1530 2531 1679 2594 paret
1725 2524 1934 2590 locum;
1965 2534 2051 2580 eat
2073 2541 2105 2582 η

550 2610 815 2675 videatur,
849 2612 1008 2665 lateat
1058 2621 1114 2665 ut
1162 2612 1431 2667 credatur.
1464 2614 1612 2668 Tunc
1657 2615 1796 2668 enim
1848 2615 1997 2670 locus
2048 2630 2112 2686 pa

548 2706 798 2771 ratur,si
844 2721 910 2760 ex
958 2704 1063 2760 ﬁde
1118 2706 1344 2760 vivatur.
1388 2706 1633 2763 Creditus
1682 2708 2033 2775 desideretur,
2083 2716 2142 2763 ut

548 2794 883 2850 desideratus
915 2794 1174 2850 habeatur
1202 2812 1215 2849 :
1240 2796 1562 2851 desiderium
1590 2797 1911 2863 dilectionis,
1937 2814 2142 2868 prmpa—

548 2887 687 2942 ratio
717 2897 799 2942 est
827 2888 1141 2942 mansionis.
1172 2887 1246 2941 Ita
1268 2928 1283 2952 ,
1311 2887 1537 2944 Domine
1557 2930 1572 2955 ,
1604 2904 1730 2960 para
1780 2890 1920 2960 quod
1946 2905 2134 2959 paras:

550 2992 649 3033 nos
695 2979 838 3033 enim
883 2978 975 3033 tibi
1016 2994 1205 3050 paras,
1235 2987 1289 3035 et
1314 2988 1365 3034 te
1392 2979 1544 3036 nobis
1565 2995 1758 3052 paras;
1782 2982 2031 3051 quoniam
2061 2982 2140 3037 Io-

548 3085 674 3127 cum
701 3087 855 3141 paras
877 3114 890 3137 ,
919 3082 969 3127 et
1001 3072 1093 3127 tibi
1116 3073 1169 3127 in
1197 3073 1378 3137 nobis,
1402 3082 1457 3128 et
1483 3073 1537 3128 in
1562 3084 1615 3129 te
1656 3075 1832 3130 nobis.
1876 3076 1956 3131 Tu
1996 3074 2139 3131 enim

551 3161 768 3226 dixisti,
804 3162 1004 3215 Manete
1046 3164 1100 3216 in
1142 3179 1257 3227 me,
1304 3172 1349 3216 et
1375 3180 1465 3234 ego
1492 3163 1545 3218 in
1572 3164 1708 3218 vobis
1731 3164 1904 3233 (Joan.
1936 3181 2023 3233 xv,
2060 3166 2137 3239 4).

550 3252 817 3320 Quantum
846 3256 1071 3325 quisque
1121 3254 1281 3311 fuerit
1328 3256 1591 3325 particeps
1636 3259 1906 3325 tui,alius
1926 3262 2136 3330 minus,

549 3343 687 3397 alius
711 3345 963 3413 amplius,
995 3349 1109 3399 time
1137 3346 1239 3400 erit
1265 3344 1544 3402 diversitas
1574 3350 1909 3418 praemiorum
1936 3366 2033 3420 pro
2059 3352 2140 3407 di-

552 3435 807 3490 versitate
847 3436 1158 3492 meritorum
1185 3455 1198 3491 :
1230 3438 1343 3493 hare
1373 3440 1473 3494 erit
1496 3440 1776 3495 multitudo
1801 3443 2139 3498 mansionum

553 3542 654 3599 pro
672 3528 1022 3599 disparilitate
1068 3546 1408 3600 mansorum;
1457 3532 1550 3589 sed
1598 3542 1774 3590 tamen
1817 3537 2051 3592 omnium
2084 3539 2138 3593 in

548 3621 849 3676 aternitate
900 3621 1137 3677 vivorum
1163 3664 1179 3687 ,
1214 3633 1269 3678 et
1294 3624 1410 3679 sine
1432 3625 1534 3679 ﬁne
1556 3625 1853 3681 beatorum.
1882 3628 2019 3694 Quid
2057 3639 2140 3684 est

547 3710 693 3784 quod
713 3712 896 3767 vadis?
920 3710 1044 3784 quid
1074 3724 1157 3770 est
1176 3716 1317 3785 quod
1345 3718 1537 3773 venis?
1567 3718 1620 3773 Si
1639 3718 1773 3773 bene
1802 3729 1852 3776 te
1879 3720 2136 3793 intelligo,

547 3804 811 3861 necunde
835 3803 985 3860 vadis
1021 3821 1120 3862 nec
1146 3807 1285 3862 unde
1320 3809 1505 3875 venis,
1553 3810 1760 3866 recedis
1811 3829 1824 3865 :
1871 3812 2021 3867 vadis
2065 3814 2141 3869 la-

545 3896 745 3963 tendo,
774 3899 923 3953 venis
947 3900 1271 3969 apparendo.
1318 3900 1423 3955 Sed
1474 3902 1577 3956 nisi
1618 3917 1834 3958 maneas
1878 3905 2133 3975 regendo,

546 3999 609 4044 ut
638 3989 977 4059 proﬁciamus
1002 3992 1137 4047 bene
1163 3992 1422 4058 vivendo;
1451 3994 1723 4063 quomodo
1763 3996 2031 4065 parabitur
2059 3999 2138 4052 lo-

548 4092 646 4137 cus
672 4081 760 4135 ubi
788 4084 1054 4151 possimus
1078 4099 1295 4140 manere
1339 4085 1695 4155 perfruendo?
1722 4088 1845 4143 Hmc
1870 4089 1937 4145 de
1965 4091 2140 4146 verbis

548 4184 670 4239 quae
710 4177 925 4227 recitata
971 4182 1094 4227 sunt
1138 4175 1492 4245 evangelicis,
1532 4177 1663 4231 satis
1689 4177 1827 4232 dicta
1856 4179 1994 4243 sint,
2033 4195 2141 4250 quo

548 4274 719 4332 usque
746 4263 818 4315 ait
845 4263 1128 4330 Dominus,
1159 4262 1353 4319 lterum
1383 4267 1557 4335 venio,
1580 4278 1627 4322 et
1650 4270 1899 4340 accipiam
1943 4287 2029 4325 vos
2072 4272 2141 4327 ad

548 4351 815 4413 meinsum.
847 4352 982 4421 Quid
1013 4364 1191 4410 autem
1236 4357 1307 4411 sit
1352 4357 1496 4427 quod
1544 4360 1804 4429 sequitur,
1838 4358 1907 4414 Ut
1934 4361 2020 4414 ubi
2047 4378 2140 4433 ego

548 4458 695 4509 sum,
723 4454 769 4496 et
798 4459 882 4497 vos
910 4446 1038 4498 suis.
1060 4444 1124 4499 Et
1139 4463 1240 4518 quo
1267 4463 1358 4519 ego
1387 4448 1517 4503 vado
1544 4450 1679 4505 scitis
1702 4493 1717 4517 ,
1749 4461 1794 4506 et
1820 4453 1951 4506 viam
1970 4454 2142 4520 scitis;

549 4540 675 4603 post
698 4532 1164 4605 interrogationem
1184 4554 1300 4608 qua:
1324 4541 1567 4610 sequitur
1586 4558 1615 4596 a
1640 4542 1902 4615 discipulo
1922 4544 2137 4612 factam,

516 4626 798 4693 tanquam
849 4641 944 4695 per
987 4643 1107 4682 eum
1131 4637 1184 4683 et
1222 4644 1319 4685 nos
1369 4631 1787 4705 interrogemus,
1828 4637 2019 4694 melius
2045 4654 2141 4694 au-

544 4713 761 4773 diemus
786 4721 1246 4793 opportuniusque
1275 4725 1638 4783 tractabimus.

1027 4857 1437 4919 TRACTATUS
1472 4862 1661 4919 LXIX.

544 4964 618 5024 Ιιι
645 4971 702 5027 id
724 4973 859 5045 quod
881 4973 1133 5031 Dominus
1168 4976 1325 5046 dicit,
1357 4978 1427 5033 Et
1453 4995 1560 5050 quo
1584 4996 1684 5052 ego
1708 4982 1843 5037 vado
1871 4985 2020 5041 scitis
2038 5028 2053 5055 ,
2086 4996 2140 5043 et

616 5074 761 5159 viam
782 5066 969 5133 scitis;
1002 5085 1156 5139 usque
1198 5070 1267 5123 ad
1305 5070 1392 5140 id,
1438 5072 1605 5159 Nemo
1630 5077 1776 5132 venit
1800 5078 1867 5133 ad
1892 5078 2137 5152 Patrem,

620 5158 723 5211 nisn
748 5172 845 5229 per
873 5174 979 5215 me.
1012 5160 1139 5233 Cap.
1168 5177 1283 5231 xiv,
1327 5163 1366 5235 ᾗ
1388 5205 1403 5220 .
1433 5158 1554 5223 ι-ϐ.

622 5270 675 5324 1.
716 5270 867 5327 Nunc
891 5282 974 5329 est
999 5273 1370 5346 dilectissimi,
1403 5290 1460 5335 ut
1484 5290 1738 5351 quantum
1768 5285 2028 5359 valemus,
2059 5290 2141 5347 in-

548 5361 852 5431 telligamus
879 5366 946 5423 de
971 5369 1149 5423 verbis
1181 5371 1389 5427 Domini
1438 5378 1823 5446 posterioribus
1855 5384 2051 5452 priora,
2083 5394 2140 5442 et

546 5460 997 5527 consequentibus
1040 5465 1391 5532 praecedentia
1430 5510 1445 5536 ,
1507 5471 1557 5523 in
1603 5487 1668 5526 eo
1720 5474 1861 5542 quod
1917 5476 2139 5535 audistis

543 5547 789 5617 apostolo
829 5550 1049 5609 Thomas
1099 5556 1443 5631 interroganti
1498 5576 1617 5617 esse
1661 5578 1997 5634 responsum.
2045 5570 2137 5626 Dl-

541 5649 698 5696 xerat
735 5643 879 5698 enim
921 5648 1164 5716 superius
1195 5652 1484 5721 Dominus,
1517 5670 1637 5710 cum
1677 5657 1745 5713 de
1772 5660 2136 5721 mansionibus

602 5772 629 5866 ἔ
648 5773 1760 5866 muse.té§91'zes§;:.ed’ec..rmew-

651 5843 915 5902 I'rtepnret,
938 5841 1077 5904 juxta
1097 5850 1172 5893 Er.
1196 5847 1343 5910 Lugd.
1371 5855 1423 5898 et
1446 5841 1565 5900 v'en.
1619 5859 1676 5901 tt.

1414 320 1418 327 Ι
1492 377 1560 434 ΙΝ
1595 371 1874 434 JOANNIS
1922 365 2391 433 EVANGELIUM,
2432 366 2490 422 S.
2523 360 2888 419 AUGUSIINI

3682 375 3825 431 1816

2243 485 2568 556 loqueretur,
2594 500 2728 557 quas
2751 494 2807 542 et
2831 500 2952 541 esse
2975 484 3109 541 dixit
3128 485 3182 540 in
3213 484 3376 539 domo
3402 485 3575 542 Patris
3601 503 3685 542 sui
3713 530 3727 552 ,
3772 499 3828 542 et

2242 582 2319 634 ire
2345 594 2405 634 se
2432 590 2488 633 ut
2512 589 2773 651 praeparet
2798 595 2923 646 eas;
2965 580 3052 635 ubi
3083 580 3441 635 intelleximus
3473 592 3528 635 et
3561 598 3684 636 esse
3718 597 3832 651 Jun

2230 668 2541 732 mansiones
2571 676 2713 746 ipsas
2738 676 2791 731 in
2818 676 3305 745 prmdestinatione,
3337 684 3393 731 et
3418 676 3707 747 praeparari
3739 694 3833 731 eas

2239 783 2359 824 cum
2401 782 2586 824 eorum
2630 767 2720 837 qui
2757 767 2829 822 ibi
2867 767 3104 822 mansuri
3136 775 3280 832 sunt,
3326 782 3421 837 per
3466 767 3625 822 ﬁdem
3667 769 3831 821 corda

2241 861 2583 922 mundantur,
2626 860 2875 929 quoniam
2920 859 3035 929 ipsa
3073 858 3166 914 Dei
3211 858 3403 914 domus
3445 860 3543 930 ipsi
3582 869 3742 923 sunt;
3780 870 3836 914 et

2239 952 2364 1022 quid
2412 961 2495 1007 est
2537 950 2679 1005 aliud
2723 964 2942 1005 manere
2985 949 3037 1004 in
3078 948 3239 1004 domo
3277 949 3393 1015 Dei,
3425 964 3583 1020 quam
3620 965 3742 1005 esse
3779 952 3832 1004 in

2243 1045 2436 1115 populo
2468 1043 2583 1110 Dei,
2613 1059 2733 1099 cum
2760 1042 2901 1098 idem
2924 1042 3152 1114 populus
3180 1049 3263 1097 est
3286 1042 3342 1097 in
3368 1042 3500 1109 Deo,
3522 1051 3577 1098 et
3606 1043 3748 1097 Deus
3776 1044 3829 1098 in

2240 1136 2339 1191 eo?
2362 1135 2462 1189 hoc
2488 1146 2543 1189 ut
2563 1143 2909 1205 praepararet,
2934 1133 3191 1189 Dominus
3210 1132 3380 1201 abiit;
3407 1143 3464 1188 ut
3483 1134 3754 1189 credendo
3775 1135 3828 1188 iu

2239 1245 2361 1284 eum
2390 1230 2477 1300 qui
2507 1244 2610 1283 nou
2642 1228 2872 1295 videtur,
2898 1242 2962 1283 ea
2986 1243 3109 1298 qua:
3128 1227 3181 1281 in
3210 1228 3387 1298 specie
3406 1241 3621 1297 semper
3647 1226 3834 1282 futura

2240 1331 2343 1387 est,
2374 1336 2514 1377 nunc
2538 1336 2632 1391 per
2659 1321 2815 1376 ﬁdem
2844 1321 3053 1376 mansio
3077 1329 3407 1390 praeparetur
3436 1337 3449 1374 :
3479 1330 3698 1389 propter
3726 1320 3831 1374 hoc

2240 1428 2368 1484 ergo
2394 1413 2624 1479 dixerat,
2656 1412 2721 1467 Et
2740 1413 2783 1467 si
2806 1413 2996 1479 abiero,
3027 1421 3073 1466 et
3093 1428 3444 1484 praeparavero
3474 1411 3609 1465 vobis
3637 1411 3832 1477 locum,

2240 1506 2420 1560 iterum
2437 1505 2599 1570 venio,
2612 1514 2657 1559 et
2666 1505 2914 1575 accipiam
2927 1520 3012 1559 vos
3022 1504 3091 1557 ad
3106 1504 3369 1574 meipsum,
3382 1513 3437 1557 ut
3451 1503 3535 1557 ubi
3545 1520 3636 1575 ego
3653 1520 3769 1557 sum
3787 1512 3837 1557 et

2241 1614 2327 1653 vos
2337 1599 2465 1653 sitis.
2484 1596 2551 1651 Et
2568 1615 2665 1668 quo
2683 1614 2773 1669 ego
2788 1597 2916 1653 vado
2931 1597 3089 1663 scitis,
3105 1604 3149 1651 et
3160 1597 3290 1651 viam
3301 1597 3456 1651 scitis.
3479 1596 3560 1652 Ad
3574 1597 3687 1652 haec
3711 1598 3837 1651 dicit

2242 1695 2287 1749 ei
2314 1692 2537 1748 Thomas
2568 1708 2587 1748 .'
2612 1692 2849 1759 Domine,
2888 1692 3139 1747 nescimus
3169 1708 3268 1762 quo
3293 1691 3471 1755 vadis;
3500 1700 3545 1744 et
3581 1691 3837 1757 quomodo

2243 1803 2509 1860 possumus
2528 1787 2661 1840 viam
2688 1787 2817 1841 scire
2831 1786 2857 1840 .’
2878 1784 3173 1855 Utrumque
3194 1783 3315 1839 illos
3346 1783 3602 1837 Dominus
3620 1782 3836 1837 dixerat

2243 1880 2403 1947 scire,
2427 1887 2712 1950 utrumque
2731 1878 2861 1933 dicit
2888 1878 2991 1933 iste
3018 1877 3247 1943 nescire,
3273 1883 3329 1931 et
3355 1875 3531 1930 locum
3556 1890 3664 1946 quo
3696 1876 3825 1938 itur,

2244 1980 2300 2027 et
2339 1971 2479 2025 viam
2517 1985 2622 2041 qua
2655 1970 2779 2025 itur.
2816 1968 2923 2026 Sed
2956 1968 3127 2024 nescit
3160 1968 3249 2023 ille
3286 1967 3499 2022 mentiri
3533 1984 3547 2021 :
3576 1981 3706 2037 ergo
3748 1966 3838 2020 isti

2245 2061 2506 2129 sciebant,
2550 2072 2606 2117 et
2640 2062 2777 2117 scire
2812 2076 2872 2117 se
2916 2060 3244 2116 nesciebant.
3278 2056 3571 2115 Convincat
3597 2072 3693 2112 eos
3722 2057 3838 2126 jam

2245 2156 2423 2221 seire,
2454 2155 2595 2227 quod
2625 2171 2684 2210 se
2723 2163 2910 2225 putant
2948 2153 3123 2209 adhuc
3156 2167 3329 2223 usque
3368 2152 3597 2207 nescire.
3624 2149 3764 2204 Dicit
3790 2149 3841 2204 ei

2243 2246 2397 2303 Jesus
2424 2263 2443 2301 :
2474 2246 2583 2319 Ego
2608 2264 2719 2302 sum
2752 2248 2853 2313 eia,
2882 2256 2930 2302 et
2964 2247 3166 2313 veritas,
3197 2254 3245 2299 et
3273 2244 3392 2300 vita.
3426 2242 3565 2312 Quid
3590 2250 3693 2310 est,
3731 2240 3839 2294 fra-

2246 2339 2398 2395 tres?
2450 2338 2592 2395 Ecce
2652 2339 2949 2394 audivimus
2999 2338 3317 2409 discipulum
3376 2336 3837 2407 interrogantem,

2246 2430 2545 2485 audivimus
2570 2439 2625 2486 et
2652 2431 2962 2501 magistrum
2991 2430 3307 2495 docentem,
3338 2438 3394 2485 et
3419 2428 3653 2484 nondum
3683 2427 3840 2499 capi-

2247 2538 2398 2588 mus,
2429 2523 2589 2577 etiam
2627 2530 2747 2593 post
2781 2536 2966 2578 vocem
3004 2532 3317 2589 sonantem,
3353 2520 3673 2576 sententiam
3718 2521 3842 2575 lati-

2246 2620 2471 2667 tantem.
2512 2612 2618 2668 Sed
2660 2612 2786 2684 quid
2825 2628 2930 2668 non
2973 2628 3255 2683 possumus
3296 2612 3532 2683 capere?
3570 2610 3842 2683 Numquid

2246 2712 2496 2774 poterant
2520 2704 2571 2759 ei
2596 2704 2775 2760 dicere
2800 2704 3043 2775 Apostoli
3072 2704 3188 2773 ejus
3214 2718 3335 2760 cum
3364 2703 3556 2774 quibus
3577 2702 3841 2774 loqueba-

2245 2803 2355 2863 tur,
2378 2793 2655 2851 Nescimus
2684 2796 2774 2851 te?
2791 2795 3021 2851 Proinde
3045 2796 3087 2849 si
3109 2810 3229 2850 eum
3259 2796 3520 2861 sciebant,
3546 2805 3599 2851 et
3614 2796 3698 2850 via
3721 2795 3843 2867 ipse

2247 2895 2362 2951 est,
2392 2887 2531 2940 viam
2570 2887 2809 2942 sciebant
2840 2904 2853 2941 :
2883 2886 2930 2942 si
2956 2901 3078 2942 eum
3108 2886 3373 2952 sciebant,
3408 2895 3461 2942 et
3489 2887 3686 2942 veritas
3721 2890 3841 2957 ipse

2247 2987 2351 3044 est,
2377 2979 2653 3033 veritatem
2671 2980 2909 3035 sciebant
2939 2998 2951 3033 :
2978 2979 3022 3033 si
3057 2994 3180 3033 eum
3212 2979 3470 3048 sciebant,
3497 2988 3553 3035 et
3579 2980 3685 3035 vita
3715 2980 3835 3051 ipse

2247 3078 2349 3136 est,
2382 3072 2545 3125 vitam
2573 3072 2833 3127 sciebant.
2864 3071 3004 3128 Ecce
3031 3071 3170 3127 seire
3198 3072 3427 3128 convicti
3447 3080 3577 3128 sunt
3602 3072 3746 3143 quod
3776 3089 3840 3130 se

2246 3165 2385 3220 scire
2408 3165 2737 3221 nesciebant.

2315 3256 2371 3311 2.
2411 3256 2547 3326 Quid
2565 3257 2723 3327 igitur
2745 3266 2800 3311 et
2827 3271 2924 3312 nos
2952 3256 3004 3311 in
3032 3256 3135 3313 isto
3150 3270 3399 3313 sermone
3419 3272 3523 3314 non
3548 3257 3792 3328 cepimus
3807 3258 3836 3314 ?

2245 3348 2383 3417 Quid
2412 3350 2626 3421 putatis,
2656 3349 2844 3403 fratres
2870 3348 3000 3415 mei,
3029 3348 3130 3403 nisi
3156 3349 3277 3420 quia
3304 3347 3456 3413 dixit,
3489 3347 3557 3402 Et
3581 3365 3681 3420 quo
3703 3349 3839 3403 vado

2244 3443 2403 3507 scitis,
2448 3453 2494 3497 et
2522 3444 2653 3496 viam
2681 3443 2817 3497 scitis
2841 3442 2867 3496 .’
2893 3442 2959 3497 Et
2984 3456 3109 3498 ecce
3134 3441 3481 3513 cognovimus
3509 3441 3650 3513 quod
3691 3442 3839 3498 scie—

2246 3536 2375 3591 bant
2414 3536 2578 3604 viam,
2606 3536 2728 3606 quia
2757 3535 2995 3591 sciebant
3022 3535 3193 3606 ipsum
3220 3536 3312 3607 qui
3354 3542 3439 3592 est
3464 3535 3549 3591 via
3582 3553 3596 3590 :
3626 3534 3721 3591 sed
3752 3536 3839 3592 via

2244 3637 2329 3682 est
2354 3642 2454 3698 qua
2484 3626 2625 3691 itur;
2655 3625 2909 3697 numquid
2935 3626 3019 3681 via
3048 3634 3133 3682 est
3157 3634 3213 3681 et
3235 3640 3342 3697 quo
3370 3625 3514 3681 itur?
3544 3624 3841 3697 Utrumque

2244 3727 2421 3775 autem
2448 3718 2565 3774 illos
2593 3718 2801 3774 dixerat
2825 3719 2984 3786 scire,
3012 3727 3067 3775 et
3091 3733 3197 3789 quo
3224 3717 3387 3784 vadit,
3418 3726 3473 3773 et
3499 3718 3662 3775 viam.
3688 3719 3838 3787 Opus

2244 3827 2373 3883 ergo
2399 3823 2516 3867 erat
2553 3822 2610 3867 ut
2647 3812 2872 3879 diceret,
2914 3812 3027 3885 Ego
3055 3830 3168 3868 sum
3195 3813 3294 3879 via,
3329 3819 3385 3867 ut
3409 3811 3717 3868 ostenderet
3742 3827 3841 3868 eos

2243 3904 2334 3975 qui
2365 3919 2487 3960 eum
2516 3905 2735 3969 scirent,
2768 3906 2905 3960 viam
2935 3905 3071 3961 seire
3100 3921 3257 3976 quam
3290 3913 3603 3976 putaverant
3647 3919 3709 3961 se
3736 3919 3838 3960 ne-

2244 3997 2383 4051 scire
2410 4014 2423 4050 :
2450 3995 2576 4067 quid
2602 4006 2778 4052 autem
2807 4011 2944 4067 opus
2969 4006 3082 4053 erat
3109 4005 3168 4052 ut
3194 3997 3413 4066 diceret,
3448 3996 3558 4069 Ego
3586 4014 3701 4051 sum
3726 3997 3831 4064 via,

2242 4096 2292 4142 et
2315 4088 2514 4153 veritas,
2561 4098 2610 4143 et
2634 4090 2757 4158 vita,
2785 4104 2908 4145 cum
2946 4091 3031 4145 via
3068 4090 3278 4161 cognita
3306 4106 3409 4161 qua
3440 4090 3561 4157 iret,
3610 4098 3839 4146 restaret

2243 4193 2403 4237 nosse
2430 4194 2536 4251 quo
2578 4181 2716 4247 iret;
2758 4182 2857 4237 nisi
2901 4182 3026 4252 quia
3068 4182 3177 4239 ibat
3204 4182 3270 4238 ad
3298 4181 3599 4248 veritatem,
3629 4180 3742 4237 ibat
3769 4181 3837 4238 ad

2242 4272 2443 4327 vitam?
2470 4271 2585 4328 Ibat
2603 4288 2732 4344 ergo
2755 4272 2821 4327 ad
2841 4274 3095 4345 seipsum,
3119 4288 3217 4345 per
3230 4274 3487 4344 seipsum.
3516 4273 3585 4330 Et
3607 4288 3706 4329 nos
3728 4287 3835 4344 quo

2244 4365 2404 4432 imus,
2450 4364 2551 4421 nisi
2598 4365 2665 4421 ad
2693 4367 2903 4436 ipsum?
2946 4374 3000 4420 et
3023 4381 3125 4437 qua
3166 4366 3322 4431 imus,
3354 4366 3457 4421 nisi
3499 4381 3598 4438 per
3622 4366 3834 4436 ipsum?

2245 4456 2363 4526 lpse
2392 4456 2549 4526 igitur
2575 4455 2641 4511 ad
2684 4458 2919 4527 seipsum
2965 4473 3061 4528 per
3104 4456 3379 4528 seipsum;
3409 4472 3509 4513 nos
3545 4457 3612 4513 ad
3658 4458 3833 4528 ipsum

2244 4562 2341 4618 per
2381 4548 2553 4617 ipsum
2585 4564 2599 4601 :
2628 4548 2736 4602 imo
2766 4563 2897 4603 vero
2939 4557 2993 4604 et
3033 4547 3102 4604 ad
3133 4549 3343 4604 Patrem
3392 4558 3447 4605 et
3475 4549 3588 4620 ipse
3615 4559 3671 4605 et
3711 4565 3829 4604 nos.

2242 4639 2375 4696 Nam
2404 4649 2458 4697 et
2485 4640 2554 4696 de
2595 4642 2771 4713 seipse
2799 4640 2925 4696 alibi
2954 4641 3103 4709 dicit,
3134 4641 3215 4696 Ad
3243 4641 3450 4697 Patrem
3478 4642 3607 4697 uado
3650 4640 3833 4713 (Joan.

2242 4751 2350 4801 xw,
2386 4736 2478 4809 10)
2510 4754 2523 4790 :
2554 4746 2609 4792 et
2636 4735 2739 4792 hoc
2764 4737 2882 4792 loco
2912 4746 3128 4808 propter
3156 4751 3276 4803 nos,
3308 4735 3496 4803 Nemo,
3527 4736 3721 4807 inquit,
3748 4751 3835 4791 ne-

2242 4830 2317 4884 nit
2340 4830 2409 4883 ad
2438 4828 2665 4896 Patrem,
2685 4830 2782 4884 nisi
2810 4846 2899 4902 per
2920 4846 3017 4884 me.
3050 4830 3130 4886 Ae
3148 4844 3245 4901 per
3270 4828 3375 4885 hoc
3399 4838 3455 4885 et
3482 4829 3595 4900 ipse
3622 4843 3719 4899 per
3745 4843 3807 4882 se

2242 4922 2416 4993 ipsum
2456 4931 2511 4979 et
2534 4922 2600 4977 ad
2628 4923 2861 4994 seipsum
2888 4932 2944 4980 et
2971 4922 3039 4979 ad
3070 4922 3302 4989 Patrem,
3329 4932 3383 4980 et
3412 4936 3512 4977 nos
3543 4938 3637 4992 per
3660 4922 3834 4991 ipsum

2242 5024 2299 5073 et
2325 5016 2391 5071 ad
2420 5016 2591 5087 ipsum
2638 5026 2693 5073 et
2719 5019 2785 5074 ad
2833 5018 3064 5075 Patrem.
3097 5018 3228 5087 Quis
3257 5018 3372 5074 haec
3410 5018 3573 5089 capit,
3618 5016 3718 5073 nisi
3745 5018 3837 5088 qui

2244 5109 2590 5180 Spiritualiter
2630 5112 2801 5182 sapit?
2832 5112 2898 5167 Et
2937 5122 3190 5183 quantum
3227 5120 3313 5167 est
3340 5111 3481 5183 quod
3510 5110 3599 5166 hic
3641 5111 3785 5181 capit
3816 5150 3834 5179 ,

2244 5202 2453 5258 etiamsi
2499 5202 2843 5273 spiritualiter
2887 5204 3062 5274 sapit?
3105 5203 3341 5269 Fratres,
3375 5202 3500 5274 quid
3529 5218 3561 5257 a
3604 5217 3692 5258 me
3731 5201 3836 5257 ista

2244 5296 2400 5352 vobis
2438 5296 2597 5351 vultis
2623 5296 2856 5368 exponi?
2881 5297 3120 5368 Cogitate
3143 5312 3301 5368 quam
3329 5296 3539 5352 excelsa
3567 5294 3693 5349 sint.
3744 5293 3837 5348 Vi-

2244 5389 2382 5446 detis
2410 5388 2534 5460 quid
2579 5390 2701 5455 sim,
2744 5389 2899 5445 video
2927 5390 3055 5461 quid
3098 5390 3256 5445 sitis:
3286 5389 3339 5445 in
3381 5388 3632 5445 omnibus
3678 5385 3836 5442 nobis

2243 5496 2438 5551 corpus
2466 5483 2609 5553 quod
2638 5484 2998 5553 corrumpitur
3022 5494 3271 5555 aggravat
3293 5484 3548 5547 animam,
3578 5490 3634 5538 et
3653 5481 3817 5553 depri-

2242 5574 2339 5629 mit
2386 5586 2596 5630 terrena
2651 5575 2964 5631 inhabitatio
3024 5591 3240 5633 sensum
3292 5577 3456 5632 multa
3510 5576 3834 5648 cogitantem

2241 5666 2401 5739 (Sap.
2435 5685 2508 5733 ix,
2541 5670 2653 5739 15).
2694 5669 3020 5727 Putamusue
3045 5687 3327 5742 possumus
3351 5672 3551 5735 dicere,
3578 5671 3662 5726 Ad
3687 5670 3806 5725 tete

2239 5760 2349 5814 vavi
2376 5761 2598 5814 animam
2626 5778 2806 5829 meam,
2856 5764 2944 5833 qui
2970 5764 3163 5820 habitas
3188 5767 3241 5820 in
3283 5766 3405 5820 calo
3433 5763 3584 5834 (Psal
3640 5779 3705 5819 cx
3721 5779 3789 5820 tto
3815 5803 3831 5829 ,

2241 5852 2340 5925 υτ
2365 5852 2468 5909 Sed
2496 5855 2596 5912 sub
2627 5862 2772 5912 tanto
2800 5856 3037 5929 pondere
3063 5857 3153 5914 ubi
3182 5858 3580 5931 iugemiseimus
3605 5858 3832 5930 gravati,
