4102 6480
322 434 460 496 (81⁵1

326 544 598 622 quomodo
621 535 811 596 levabo
832 533 1061 589 animam
1081 543 1277 595 meam,
1307 525 1410 581 nisi
1431 537 1640 580 mecum
1661 521 1802 576 levet
1827 517 1917 589 qui

327 617 505 716 posuit
534 649 634 708 pro
664 647 750 687 me
792 625 984 683 suam?
1026 624 1205 678 Dicam
1231 635 1359 690 ergo
1386 617 1526 688 quod
1557 627 1794 685 possum,
1831 624 1920 716 ca-

327 704 438 810 piat
477 704 716 786 vestrum
746 723 837 794 qui
870 727 1066 792 potest.
1101 717 1218 784 Quo
1262 714 1495 768 donante
1540 708 1679 810 dico,
1726 720 1791 760 eo
1809 704 1918 810 Ido-

331 796 489 885 hante
516 822 658 892 capit
677 817 765 889 qui
789 815 946 884 capit,
965 820 1020 866 et
1040 825 1105 865 eo
1129 808 1362 863 donante
1381 802 1550 858 credit
1573 799 1660 870 qui
1683 796 1919 852 nondum

333 921 490 990 capit.
528 889 644 970 Nisi
673 910 816 967 enim
845 902 1179 966 credideritis,
1205 897 1377 968 inquit
1406 895 1684 967 pr0pheta,
1715 906 1817 944 non
1841 889 1922 942 in-

335 987 564 1079 telligetis
595 1002 749 1074 (Isai.
774 1013 866 1061 vu,
899 998 953 1059 il,
997 1010 1097 1048 sec.
1128 987 1318 1057 LXX).

403 1069 461 1155 δῖ
493 1069 766 1155 ῡὶειιιίιιί,
813 1087 1037 1142 Domine
1065 1095 1236 1147 meus,
1264 1077 1388 1150 quid
1413 1076 1584 1131 dicam
1624 1071 1792 1128 servis
1819 1069 1925 1124 tuis

337 1189 607 1249 conservis
631 1181 804 1240 meis?
828 1179 1064 1235 Thomas
1093 1171 1366 1244 apostolus
1387 1176 1444 1222 ut
1472 1176 1523 1222 te
1551 1166 1922 1232 interrogaret,

339 1281 524 1339 habuit
552 1287 605 1333 te
629 1283 753 1330 ante
778 1286 866 1337 se;
911 1283 1010 1323 nec
1037 1275 1215 1320 tamen
1243 1259 1561 1329 intelligeret
1595 1266 1667 1319 te,
1703 1253 1806 1308 nisi
1832 1252 1929 1306 ha-

338 1374 492 1430 beret
519 1371 571 1428 in
597 1383 655 1422 se
685 1383 699 1420 :
730 1378 828 1432 ego
851 1361 1123 1428 interrogo
1151 1364 1223 1420 te,
1252 1353 1374 1422 quia
1403 1358 1454 1405 te
1481 1348 1592 1403 scio
1620 1360 1739 1401 esse
1768 1357 1929 1414 super

341 1480 458 1529 me;
509 1464 781 1527 interrogo
833 1461 1010 1509 autem
1055 1450 1361 1518 inquantum
1397 1457 1614 1514 possum
1646 1452 1806 1507 super
1842 1450 1930 1491 me

342 1553 615 1612 eliundere
640 1550 871 1604 animam
898 1556 1096 1606 meam,
1119 1538 1208 1593 ubi
1237 1552 1342 1592 non
1371 1541 1649 1588 sonantem
1675 1539 1730 1586 et
1754 1539 1932 1583 tamen

342 1648 621 1702 docentem
663 1639 872 1694 audiam
914 1646 983 1690 te.
1036 1633 1128 1688 Dic
1174 1629 1326 1692 mihi,
1375 1626 1618 1688 obsecro,
1665 1619 1934 1692 quomodo

342 1737 490 1792 vadis
515 1734 584 1789 ad
617 1732 708 1789 te?
739 1725 1127 1798 Numquidnam
1143 1731 1202 1778 ut
1230 1719 1439 1775 venires
1460 1715 1528 1770 ad
1558 1729 1674 1778 nos,
1703 1713 1934 1783 relique-

343 1843 430 1885 ras
462 1836 514 1882 te
549 1845 563 1880 :
598 1823 830 1878 maxime
855 1818 976 1889 quia
1005 1831 1110 1872 non
1141 1828 1172 1868 a
1202 1811 1371 1881 teipso
1401 1807 1614 1873 venisti,
1641 1804 1734 1860 sed
1783 1805 1936 1859 Pater

344 1929 397 1974 te
432 1916 620 1973 misit?
649 1915 773 1970 Scio
797 1910 1010 1983 quidem
1052 1905 1193 1978 quod
1230 1912 1285 1958 te
1309 1899 1630 1964 exinanisti;
1670 1897 1764 1953 sed
1812 1895 1937 1966 quia

345 2009 571 2065 formam
599 2006 736 2061 servi
775 2001 1026 2071 accepisti
1058 1997 1311 2072 (Philipp.
1342 2010 1402 2060 ιι,
1433 1995 1514 2064 7),
1547 2005 1652 2046 non
1679 1989 1798 2060 quia
1828 1986 1938 2042 for-

347 2116 488 2156 mam
534 2099 626 2154 Dei
652 2096 737 2152 vel
775 2094 842 2151 ad
882 2107 1041 2165 quam
1089 2090 1293 2146 redires
1322 2084 1604 2152 demisisti,
1655 2082 1739 2139 vel
1777 2094 1937 2152 quam

349 2193 616 2261 reciperes
664 2187 889 2243 amisisti
922 2203 939 2242 ;
968 2193 1023 2239 et
1051 2193 1228 2238 tamen
1268 2179 1483 2242 venisti,
1529 2186 1584 2232 et
1634 2191 1740 2230 non
1768 2171 1939 2229 solum

350 2297 518 2352 usque
566 2280 633 2335 ad
677 2277 920 2334 carnales
965 2274 1171 2336 oculos,
1222 2285 1407 2326 verum
1459 2268 1616 2323 etiam
1669 2279 1837 2336 usque
1871 2262 1938 2319 ad

352 2387 541 2427 manus
570 2371 841 2425 hominum
868 2363 1178 2437 pervenisti.
1208 2359 1509 2429 Quomodo,
1537 2356 1639 2412 nisi
1663 2357 1713 2410 in
1743 2352 1942 2410 carne?

353 2463 456 2518 Per
498 2463 632 2516 hanc
661 2460 849 2516 venisti
877 2471 1101 2513 manens
1145 2453 1233 2508 ubi
1262 2466 1404 2518 eras,
1437 2465 1531 2520 per
1575 2448 1712 2502 hanc
1755 2446 1940 2502 redisti

353 2570 457 2611 non
490 2555 794 2623 relinquens
819 2566 924 2621 quo
950 2562 1193 2604 veneras.
1221 2545 1276 2602 Si
1304 2559 1430 2614 ergo
1460 2559 1556 2614 per
1586 2542 1722 2596 hanc
1750 2537 1939 2595 venisti

352 2657 408 2704 et
436 2646 618 2702 redisti
643 2662 658 2709 ;
685 2660 781 2714 per
805 2643 941 2697 hanc
967 2640 1151 2711 procul
1176 2637 1338 2692 dubio
1367 2652 1472 2690 non
1500 2634 1672 2689 solum
1704 2631 1858 2687 nobis
1881 2646 1941 2686 es

354 2753 457 2809 qua
487 2737 792 2791 veniremus
835 2733 902 2789 ad
931 2741 1004 2797 te,
1036 2745 1223 2786 verum
1261 2728 1420 2783 etiam
1469 2725 1565 2780 tibi
1592 2739 1693 2794 qua
1735 2724 1942 2778 venires

356 2838 412 2884 et
438 2828 663 2892 redires,
701 2826 786 2879 via
828 2824 989 2878 fuisti.
1041 2821 1174 2876 Cum
1206 2834 1333 2875 vero
1373 2819 1441 2872 ad
1481 2817 1667 2882 vitam,
1700 2815 1841 2886 quod
1884 2829 1943 2869 es

355 2922 491 2992 ipse,
519 2921 641 2986 isti;
684 2917 926 2974 eamdem
966 2915 1207 2986 profecto
1245 2927 1462 2968 carnem
1503 2920 1646 2964 tuam
1675 2908 1743 2964 de
1773 2896 1944 2964 morte

355 3013 422 3068 ad
450 3013 614 3066 vitam
640 3009 860 3066 duxisti.
887 3007 1045 3063 Aliud
1069 3006 1262 3076 quippe
1292 3003 1386 3058 Dei
1417 3002 1646 3058 Verbum
1674 3009 1774 3062 est,
1803 2998 1943 3052 aliud

357 3104 518 3159 homo
550 3123 562 3158 :
591 3103 684 3157 sed
727 3101 958 3156 Verbum
997 3113 1122 3154 caro
1165 3096 1362 3150 factum
1391 3102 1494 3158 est,
1538 3093 1589 3148 id
1637 3101 1718 3146 est
1761 3090 1941 3144 homo.

357 3194 474 3252 Non
504 3195 684 3264 itaque
711 3191 814 3245 alia
843 3190 1023 3255 Verbi,
1054 3187 1154 3242 alia
1177 3194 1259 3240 est
1280 3184 1510 3239 hominis
1536 3196 1782 3252 persona,
1810 3194 1944 3250 quo-

357 3288 498 3342 niam
529 3296 810 3355 utrumque
834 3291 918 3338 est
944 3281 1186 3337 Christus
1206 3292 1311 3333 una
1339 3291 1566 3347 persona
1594 3292 1607 3329 :
1633 3288 1696 3328 ac
1721 3288 1817 3342 per
1845 3270 1946 3326 hoc

358 3378 804 3450 quemadmodum
851 3391 975 3430 caro
1023 3389 1143 3429 cum
1189 3381 1396 3426 mortua
1444 3377 1546 3434 est,
1574 3368 1816 3422 Christus
1861 3373 1948 3420 est

358 3482 601 3529 mortuus
625 3489 639 3538 ;
669 3481 721 3526 et
746 3485 864 3524 cum
886 3482 1010 3524 caro
1039 3465 1242 3536 sepulta
1270 3472 1372 3526 est,
1399 3462 1642 3516 Christus
1662 3469 1743 3514 est
1769 3457 1948 3528 sepul-

360 3577 443 3622 tus
473 3567 589 3636 (sic
627 3565 766 3618 enim
797 3560 959 3617 corde
996 3558 1264 3615 credimus
1302 3555 1368 3609 ad
1406 3553 1686 3623 justitiam,
1735 3552 1814 3608 sic
1853 3567 1948 3607 ore

358 3656 748 3712 confessionem
776 3653 996 3707 facimus
1025 3650 1091 3704 ad
1129 3649 1352 3704 salutem
1377 3645 1550 3719 [Rom.
1582 3660 1638 3710 x,
1671 3642 1800 3716 10])
1828 3660 1842 3708 ;
1875 3643 1944 3696 ita

360 3765 479 3804 cum
507 3764 635 3803 caro
662 3763 691 3801 a
733 3758 904 3801 morte
944 3743 1089 3798 venit
1132 3723 1199 3796 ad
1226 3740 1411 3806 vitam,
1438 3738 1683 3793 Christus
1712 3737 1855 3791 venit
1881 3735 1948 3790 ad

359 3842 542 3896 vitam.
595 3840 663 3894 Et
703 3839 822 3909 quia
861 3837 1092 3892 Verbum
1122 3832 1216 3888 Dei
1262 3830 1506 3897 Christus
1554 3839 1651 3893 est,
1705 3826 1951 3884 Christus

362 3942 443 3988 est
471 3933 599 3985 vita.
627 3931 702 3984 lta
731 3931 863 3982 miro
889 3927 1117 3998 quodam
1143 3935 1196 3979 et
1220 3922 1474 3979 ineffabili
1499 3921 1678 3980 modo.
1705 3920 1794 3990 qui
1818 3935 1954 3973 nun-

361 4039 518 4093 quam
546 4023 761 4078 demisit
789 4022 871 4076 vel
901 4019 1080 4074 amisit
1123 4018 1379 4086 seipsum,
1423 4015 1566 4070 venit
1594 4013 1659 4067 ad
1694 4012 1948 4080 seipsum.

361 4112 596 4170 Venerat
634 4122 833 4177 autem,
879 4118 936 4165 ut
964 4111 1162 4165 dictum
1193 4116 1293 4172 est,
1327 4122 1422 4177 per
1449 4120 1662 4160 carnem
1704 4104 1844 4158 Deus
1884 4103 1953 4157 ad

364 4205 628 4270 homines,
673 4204 866 4258 veritas
915 4201 981 4256 ad
1023 4200 1308 4256 mendaces
1343 4216 1356 4251 :
1392 4199 1529 4251 Deus
1567 4197 1708 4251 enim
1745 4209 1908 4249 verax
1933 4236 1949 4262 ,

363 4299 537 4353 omnis
571 4307 748 4352 autem
777 4296 938 4351 homo
976 4295 1204 4349 mendax
1243 4291 1355 4364 (Id.
1390 4308 1466 4356 ιιι,
1508 4292 1586 4361 4).
1619 4291 1749 4345 Cum
1776 4290 1954 4360 itaque

365 4394 429 4448 ab
457 4392 764 4447 hominibus
787 4390 1022 4452 abstulit,
1054 4396 1212 4457 atque
1239 4387 1362 4440 illuc
1384 4385 1472 4440 ubi
1497 4399 1655 4439 nemo
1676 4384 1950 4451 mentitur,

365 4502 580 4542 carnem
611 4501 763 4541 suam
791 4484 1019 4547 levavit;
1057 4481 1196 4536 idem
1228 4480 1360 4548 ipse,
1403 4477 1522 4547 quia
1557 4477 1784 4530 Verbum
1829 4491 1954 4530 caro

367 4579 558 4634 factum
597 4589 699 4644 est,
728 4592 822 4646 per
845 4577 1098 4645 seipsum,
1131 4571 1183 4627 id
1220 4580 1303 4626 est
1333 4585 1427 4640 per
1452 4582 1690 4632 carnem,
1720 4567 1788 4621 ad
1812 4567 1953 4621 veri-

369 4680 549 4738 tatem,
569 4671 710 4742 quod
737 4680 820 4726 est
848 4671 982 4739 ipse,
1009 4666 1284 4722 remeavit.
1317 4664 1486 4733 Quam
1516 4661 1728 4733 quidem
1757 4661 1955 4716 verita-

370 4777 494 4834 tem,
527 4766 771 4838 quamvis
800 4766 939 4820 inter
980 4761 1286 4826 mendaces,
1313 4768 1368 4814 et
1405 4758 1458 4812 in
1486 4765 1656 4812 morte
1684 4755 1914 4810 servavit
1938 4771 1952 4807 :

367 4862 652 4933 aliquando
685 4861 827 4917 enim
854 4858 1096 4914 Christus
1123 4855 1221 4910 fuit
1257 4863 1517 4919 mortuus,
1545 4850 1641 4908 sed
1683 4863 1954 4920 nunquam

367 4954 462 5009 fuit
486 4955 671 5008 falsus.

435 5049 488 5102 4.
532 5046 772 5116 Accipite
823 5043 1064 5115 quamvis
1130 5041 1396 5096 diversum
1446 5045 1501 5092 et
1566 5036 1724 5105 longe
1785 5035 1956 5104 impar

367 5139 691 5210 exemplum,
719 5146 895 5191 tamen
926 5144 1211 5203 utcumque
1234 5131 1300 5185 ad
1333 5127 1731 5199 intelligendum
1763 5127 1953 5194 Deum,

367 5247 428 5287 ex
455 5231 539 5285 his
568 5245 688 5300 qum
715 5229 931 5298 propius
956 5226 1192 5296 subjecta
1219 5231 1343 5277 sunt
1372 5223 1502 5277 Deo.
1530 5220 1671 5275 Ecce
1695 5235 1792 5290 ego
1818 5221 1953 5289 ipse,

367 5332 622 5393 quantum
648 5322 834 5374 attinet
861 5319 925 5372 ad
946 5319 1180 5372 animum
1206 5330 1406 5382 meum,
1425 5328 1546 5369 cum
1575 5312 1675 5366 hoc
1695 5327 1793 5365 Slm
1814 5311 1956 5382 quod

367 5417 493 5470 estis
519 5425 575 5469 ct
603 5429 718 5480 vos,
747 5414 790 5467 si
820 5421 988 5476 taceo,
1021 5409 1158 5480 apud
1201 5408 1462 5477 meipsum
1495 5420 1612 5459 sum
1643 5421 1655 5458 :
1689 5405 1734 5457 si
1778 5412 1954 5458 autem

369 5507 555 5575 loquor
591 5506 743 5561 vobis
786 5505 924 5576 quod
955 5501 1277 5573 intelligatis,
1321 5497 1712 5570 quodammodo
1757 5496 1824 5552 ad
1862 5511 1958 5552 vos

372 5597 625 5668 procede,
668 5612 765 5651 nec
794 5612 880 5650 me
908 5595 1171 5665 relinquo,
1205 5592 1297 5649 sed
1337 5603 1391 5647 et
1428 5589 1495 5645 ad
1525 5605 1618 5643 vos
1645 5589 1863 5655 accedo,
1902 5596 1959 5644 et

369 5707 471 5746 non
497 5691 693 5747 recedo
720 5689 858 5745 unde
895 5688 1143 5760 procedo.
1191 5687 1325 5742 Cum
1357 5695 1531 5741 autem
1559 5693 1796 5751 tacuero,
1826 5699 1958 5756 quo—

369 5784 655 5837 dammodo
695 5782 762 5836 ad
806 5796 891 5835 me
932 5780 1126 5845 redeo;
1158 5788 1213 5834 ει
1245 5775 1638 5848 quodammodo
1683 5775 1956 5831 vobiscum

387 5888 581 5945 naneo,
612 5879 658 5932 si
685 5874 960 5932 tenueritis
989 5871 1131 5946 quod
1173 5870 1394 5927 audistis
1423 5870 1475 5926 in
1517 5883 1766 5926 sermone
1795 5883 1953 5942 quem

1392 404 1802 468 TRACTATUS
1837 398 1998 456 LXX.
2040 399 2264 458 CAPUT
2301 401 2441 459 XIV.

3455 405 3596 463 1818

2022 516 2163 572 dico.
2187 517 2243 573 Si
2270 517 2371 573 hoc
2397 527 2570 589 potest
2607 520 2782 590 imago
2822 534 2981 591 quam
3021 518 3145 574 fecit
3170 518 3331 586 Deus,
3360 518 3485 589 quid
3515 535 3607 590 po-

2025 619 2130 666 test
2150 626 2253 664 non
2275 627 2304 666 a
2325 613 2432 667 Deo
2455 612 2613 680 facta,
2645 614 2738 668 sed
2755 629 2819 668 ex
2846 615 2956 668 Deo
2975 624 3094 668 nata
3119 615 3292 685 imago
3314 615 3406 670 Dei
3428 615 3604 670 Deus:

2025 700 2174 771 cujus
2204 701 2353 768 illud,
2382 718 2488 772 quo
2508 704 2573 758 ad
2597 721 2692 760 nos
2717 719 2965 776 egressus
2991 714 3095 772 est,
3120 714 3176 760 et
3198 706 3250 760 in
3277 721 3381 776 quo
3401 721 3430 760 a
3454 706 3610 760 nobis

2029 808 2302 864 regressus
2329 807 2431 856 est.
2482 812 2698 867 corpus,
2748 814 2855 853 non
2902 799 3036 853 sicut
3081 813 3228 854 meus
3270 801 3483 869 elapsus
3527 809 3609 853 εει

2027 897 2213 948 sonus,
2243 885 2337 940 sed
2384 897 2562 942 manet
2611 888 2681 942 ibi
2725 888 2814 944 ubi
2837 889 2946 958 jam
2975 904 3081 943 non
3112 891 3356 956 moritur,
3387 898 3441 944 et
3467 906 3610 945 mors

2028 976 2080 1030 ei
2121 976 2258 1031 ultra
2287 991 2390 1031 non
2418 977 2778 1034 dominabitur
2820 979 2994 1050 (Rom.
3024 996 3095 1045 vi,
3132 980 3220 1053 9)?
3247 980 3405 1034 Multa
3430 980 3498 1047 de
3529 981 3612 1035 his

2030 1069 2348 1140 evangelicis
2373 1069 2550 1124 verbis
2575 1070 2747 1125 adhuc
2775 1071 2876 1126 dici
2908 1071 3132 1127 fortasse
3158 1081 3406 1143 poterant
3433 1083 3488 1127 et
3513 1072 3611 1127 de-

2032 1161 2227 1218 bebant
2255 1180 2271 1217 :
2301 1161 2395 1218 sed
2419 1178 2524 1217 non
2552 1172 2675 1217 sunt
2701 1163 2861 1218 corda
2890 1171 3064 1220 vestra
3091 1164 3452 1234 spiritualious
3474 1165 3606 1218 cibis

2033 1254 2322 1324 quamlibet
2349 1254 2598 1309 suavibus
2637 1255 2938 1319 oneranda;
2981 1256 3208 1309 maxime
3235 1256 3357 1325 quia
3396 1256 3612 1324 spiritus

2033 1354 2308 1418 promptus
2347 1355 2448 1412 est,
2475 1361 2602 1403 caro
2629 1359 2804 1402 autem
2849 1347 3058 1401 infirma
3105 1347 3466 1420 (Matth.xxvi,
3495 1349 3607 1418 41).

2532 1457 2939 1516 TRACTATUS
2979 1458 3138 1517 LXX.

2039 1570 2118 1627 De
2153 1587 2210 1626 eo
2245 1571 2382 1645 quod
2409 1571 2658 1628 Dominus
2698 1574 2789 1638 ait,
2817 1573 2874 1628 Si
2903 1573 3286 1643 cognovissetis
3308 1589 3412 1640 me,
3441 1583 3494 1627 et
3522 1574 3619 1628 Pa-

2112 1672 2246 1719 trem
2277 1679 2451 1718 meum
2477 1664 2657 1735 utique
2681 1664 3059 1735 cognovissetis
3082 1680 3097 1729 ;
3124 1681 3279 1734 usque
3304 1665 3372 1718 ad
3393 1664 3468 1730 id,
3500 1663 3616 1720 Non

2109 1755 2309 1918 credis,
2310 1758 2432 1827 quia
2459 1771 2558 1827 ego
2584 1759 2635 1812 in
2666 1757 2842 1826 Patre,
2871 1767 2924 1814 et
2951 1758 3109 1814 Pater
3136 1757 3191 1814 in
3217 1774 3304 1814 me
3332 1758 3451 1814 est?
3489 1756 3620 1830 Cap.

2111 1863 2229 1914 xiv,
2333 1887 2348 1901 .
2379 1849 2534 1904 7-10.

2111 1863 2229 1914 xiv,
2273 1849 2309 1914 7
2333 1887 2348 1901 .
2379 1849 2534 1904 7-10.

2113 1963 2168 2017 1.
2208 1961 2382 2018 Verba
2412 1963 2582 2018 sancti
2614 1962 2908 2032 Evangelii,
2951 1959 3164 2026 fratres,
3192 1961 3265 2017 ita
3302 1970 3446 2017 reete
3471 1961 3626 2016 intel-

2041 2053 2293 2124 liguntur,
2319 2056 2361 2109 si
2388 2070 2509 2109 cum
2530 2055 2890 2123 superioribus
2910 2054 3245 2123 reperiuntur
3270 2052 3466 2108 habere
3490 2067 3624 2108 con-

2043 2133 2276 2200 cor'diam
2306 2163 2319 2198 :
2350 2146 2635 2201 convenire
2663 2145 2807 2201 enim
2835 2144 3028 2200 debent
3056 2143 3408 2214 praecedentia
3430 2157 3617 2198 conse-

2045 2237 2348 2307 quentibus,
2378 2237 2588 2306 quando
2620 2238 2814 2292 veritas
2845 2237 3093 2305 loquitur.
3126 2235 3381 2304 Superius
3417 2235 3625 2289 dixerat

2046 2331 2319 2396 Dominus,
2346 2348 2365 2381 ι
2389 2330 2510 2384 Etsi
2536 2329 2734 2392 abiero,
2769 2337 2824 2384 et
2850 2341 3216 2397 praeparavcro
3239 2325 3388 2380 vobis
3413 2326 3619 2390 locum;

2046 2423 2237 2478 iterum
2259 2420 2432 2485 venio,
2459 2429 2513 2475 et
2531 2419 2786 2488 accipiam
2811 2432 2905 2472 vos
2929 2416 2994 2471 ad
3021 2417 3301 2486 meipsum,
3334 2425 3391 2470 ut
3411 2415 3499 2470 ubi
3529 2430 3628 2485 ego

2045 2527 2184 2577 sum,
2201 2520 2254 2566 et
2279 2525 2374 2565 vos
2390 2511 2532 2564 sitis:
2557 2527 2577 2562 ι
2594 2509 2786 2564 deinde
2805 2507 3097 2572 addiderat,
3117 2525 3137 2559 ι
3166 2506 3235 2560 Ει
3249 2521 3355 2576 quo
3370 2519 3468 2576 ego
3496 2505 3630 2559 vado

2046 2603 2211 2669 scitis,
2227 2611 2281 2658 et
2294 2601 2433 2655 viam
2456 2601 2601 2656 scitis
2620 2617 2635 2666 ;
2664 2620 2682 2654 ι
2705 2600 2939 2669 nihilque
2952 2599 3090 2654 aliud
3107 2598 3341 2654 ostendit
3359 2612 3477 2654 esse
3491 2596 3632 2667 quod

2046 2693 2195 2758 dixit,
2222 2693 2322 2748 nisi
2342 2693 2462 2762 quia
2485 2692 2654 2762 ipsum
2690 2690 2945 2745 sciebant.
2974 2689 3110 2757 Quid
3141 2705 3267 2761 ergo
3293 2699 3435 2743 esset
3454 2690 3531 2744 ire
3561 2689 3628 2743 ad

2046 2786 2280 2856 seipsum
2322 2799 2419 2856 per
2463 2785 2717 2853 seipsum,
2783 2782 2923 2854 quod
2970 2784 3130 2838 etiam
3180 2782 3451 2852 discipulis
3491 2797 3630 2852 prce-

2048 2887 2153 2932 stat
2176 2885 2232 2931 ut
2255 2885 2377 2930 eant
2401 2874 2467 2928 ad
2493 2875 2662 2944 ipsum
2690 2889 2784 2944 per
2811 2875 3002 2944 ipsum,
3033 2881 3087 2928 ut
3111 2872 3376 2943 potuimus
3404 2873 3631 2942 pristino

2049 2981 2296 3022 sermone
2320 2966 2428 3036 jam
2469 2964 2718 3020 diximus.
2763 2964 2916 3033 Quod
2960 2965 3137 3036 itaque
3183 2964 3276 3031 ait,
3330 2963 3398 3019 Ut
3423 2962 3507 3016 ubi
3544 2979 3635 3032 ego

2049 3074 2182 3122 sum,
2213 3064 2260 3110 et
2282 3073 2368 3110 vos
2395 3057 2524 3122 sitis,
2553 3055 2643 3110 ubi
2667 3065 2818 3110 erant
2845 3054 3004 3109 futuri
3046 3055 3148 3109 nisi
3178 3055 3229 3109 in
3258 3055 3416 3124 ipso?
3445 3057 3521 3109 Ac
3543 3069 3637 3123 per

2051 3149 2153 3205 hoc
2174 3158 2256 3205 est
2303 3150 2462 3204 etiam
2490 3150 2604 3218 ipse
2643 3148 2696 3202 in
2742 3147 2943 3218 seipso,
2989 3155 3045 3202 et
3074 3146 3193 3200 ideo
3234 3145 3304 3200 ibi
3343 3145 3418 3200 illi
3445 3145 3536 3200 ubi
3584 3152 3638 3199 et

2051 3241 2185 3312 ipse,
2216 3242 2267 3296 id
2311 3251 2412 3309 est,
2456 3241 2508 3295 in
2540 3241 2676 3311 ipso.
2731 3238 2848 3308 Ipse
2878 3247 2960 3293 est
3007 3238 3165 3308 igitur
3191 3237 3296 3291 vita
3340 3246 3537 3292 aeterna
3585 3238 3638 3291 in

2051 3349 2154 3405 qua
2185 3333 2346 3388 futuri
2389 3347 2596 3399 sumus,
2626 3347 2748 3387 cum
2778 3330 3045 3401 acceperit
3072 3346 3170 3384 nos
3205 3330 3270 3383 ad
3299 3345 3358 3385 se
3390 3347 3403 3384 :
3430 3339 3484 3384 et
3523 3329 3640 3398 ipsa

2052 3429 2159 3483 vita
2187 3438 2384 3484 :eterna
2415 3426 2554 3497 quod
2584 3427 2698 3496 ipse
2725 3434 2810 3481 est
2839 3425 2893 3478 in
2923 3425 3039 3495 ipso
3061 3432 3163 3491 est,
3193 3432 3251 3478 ut
3277 3421 3364 3477 ubi
3396 3431 3478 3477 est
3503 3421 3637 3493 ipse,

2053 3530 2108 3575 et
2130 3534 2228 3572 nos
2250 3519 2436 3585 simus,
2474 3517 2573 3572 hoc
2603 3526 2706 3585 est,
2734 3517 2787 3570 in
2818 3517 2953 3587 ipso.
2989 3515 3136 3571 Sicut
3160 3516 3294 3569 enim
3320 3513 3464 3568 habet
3485 3512 3643 3567 Pater

2053 3613 2206 3666 vitam
2231 3611 2284 3664 in
2308 3611 2590 3680 semetipso,
2618 3619 2672 3664 et
2698 3609 2877 3679 utique
2913 3623 3018 3662 non
3041 3606 3180 3661 aliud
3219 3614 3301 3660 est
3337 3607 3443 3658 vita
3480 3620 3639 3674 quam

2055 3702 2235 3769 habet,
2264 3701 2364 3756 nisi
2403 3700 2544 3770 quod
2580 3708 2661 3754 est
2702 3700 2815 3769 ipse
2862 3697 2951 3767 qui
2989 3699 3125 3750 hanc
3153 3695 3311 3748 habet
3349 3712 3362 3748 :
3393 3695 3463 3746 sic
3503 3693 3641 3746 dedit

2056 3792 2193 3847 Filio
2216 3793 2399 3846 habere
2417 3793 2568 3844 vitam
2594 3791 2648 3843 in
2670 3790 2934 3858 semetipso
2965 3786 3140 3858 (Joan.
3165 3801 3217 3851 ν,
3238 3784 3356 3856 26),
3386 3797 3506 3837 cum
3529 3787 3642 3852 ipse

2056 3889 2126 3942 sit
2165 3885 2351 3941 eadem
2380 3885 2486 3937 vita
2532 3898 2689 3953 quam
2734 3882 2894 3936 habet
2935 3881 2986 3934 in
3018 3879 3322 3946 semetipso.
3367 3876 3634 3946 Numquid

2055 3989 2233 4034 autem
2260 3993 2356 4032 nos
2385 3977 2491 4030 vita
2513 3975 2653 4046 quod
2685 3983 2765 4029 est
2791 3973 2925 4043 ipse,
2955 3973 3056 4026 hoc
3081 3972 3299 4035 erimus,
3328 3984 3448 4024 cum
3478 3969 3530 4022 in
3552 3968 3642 4023 illa

2056 4071 2181 4136 vita,
2227 4069 2327 4123 hoc
2355 4077 2438 4123 est
2480 4068 2531 4122 in
2563 4067 2678 4136 ipso
2723 4079 2843 4120 esse
2871 4063 3222 4134 coeperimus?
3264 4062 3379 4117 Non
3418 4062 3641 4130 utique,

2057 4163 2178 4233 quia
2204 4161 2317 4231 ipse
2337 4158 2614 4214 existendo
2641 4157 2747 4211 vita
2775 4156 2933 4211 habet
2959 4155 3141 4217 vitam,
3170 4163 3224 4208 et
3253 4153 3366 4222 ipse
3391 4160 3476 4207 est
3500 4150 3642 4222 quod

2059 4254 2238 4319 habet,
2260 4262 2310 4308 et
2337 4252 2476 4323 quod
2508 4252 2612 4305 vita
2642 4259 2724 4305 est
2745 4249 2796 4304 in
2820 4251 2955 4318 ipso,
2989 4249 3099 4318 ipse
3125 4257 3206 4301 est
3231 4247 3283 4300 in
3311 4247 3520 4316 seipso:
3545 4260 3646 4299 nos

2059 4355 2235 4400 autem
2254 4359 2356 4399 non
2383 4344 2494 4415 ipsa
2521 4343 2648 4410 vita,
2669 4341 2761 4396 sed
2781 4341 2945 4411 ipsius
2974 4339 3093 4392 vita:
3111 4338 3394 4407 participes
3422 4351 3607 4392 sumus
3625 4376 3641 4401 ,

2059 4446 2218 4507 atque
2247 4437 2316 4491 ita
2343 4435 2414 4489 ibi
2441 4435 2660 4500 erimus,
2703 4441 2761 4486 ut
2794 4432 2846 4486 in
2874 4430 3027 4485 nobis
3052 4429 3183 4498 ipsis
3221 4444 3325 4484 non
3355 4427 3496 4499 quod
3532 4428 3645 4497 ipse

2059 4536 2142 4582 est
2160 4541 2278 4581 esse
2294 4526 2576 4595 possimus,
2604 4523 2697 4578 sed
2721 4537 2818 4577 nos
2845 4521 2944 4592 ipsi
2969 4535 3075 4574 non
3097 4521 3222 4586 vita,
3255 4520 3425 4589 ipsum
3450 4519 3645 4572 habea-

2060 4631 2181 4672 mus
2212 4616 2390 4679 vitam,
2421 4614 2508 4685 qui
2540 4613 2775 4682 seipsum
2796 4611 2958 4666 habet
2977 4611 3160 4676 vitam,
3183 4623 3249 4664 eo
3273 4609 3412 4678 quod
3440 4608 3552 4677 ipse
3579 4609 3648 4662 sit

2060 4712 2187 4766 vita.
2220 4710 2458 4779 Denique
2496 4708 2610 4778 ipse
2637 4715 2692 4762 et
2719 4706 2773 4760 in
2815 4705 2994 4774 seipso
3019 4713 3102 4758 est
3145 4701 3563 4765 immutabiliter,
3596 4710 3649 4754 et

2061 4803 2113 4859 in
2143 4804 2299 4859 Patre
2327 4799 2748 4872 inseparabiliter
2775 4815 2788 4852 :
2818 4812 2916 4852 nos
2952 4786 3076 4851 vero
3103 4811 3224 4849 cum
3249 4795 3303 4849 in
3328 4794 3480 4849 nobis
3520 4793 3648 4864 ipsis

2061 4915 2180 4956 esse
2203 4900 2576 4962 voluissemus,
2622 4895 2690 4950 ad
2729 4909 2828 4950 nos
2856 4895 3000 4964 ipsos
3025 4890 3220 4946 turbati
3250 4905 3467 4955 sumus;
3509 4887 3650 4942 unde

2063 4993 2148 5048 illa
2175 5007 2277 5046 vox
2297 5002 2397 5054 est,
2425 4990 2504 5043 Ad
2527 4990 2772 5060 meipsum
2807 4986 3007 5040 turbata
3033 4993 3108 5039 est
3129 4984 3300 5036 anima
3326 4999 3439 5034 mea
3475 4978 3648 5050 (Psal.

2062 5101 2170 5150 xu,
2203 5082 2258 5157 7)
2289 5101 2303 5138 :
2332 5092 2490 5154 atque
2518 5084 2571 5138 in
2599 5081 2835 5138 deterius
2865 5077 3195 5141 commutati,
3226 5090 3400 5145 neque
3426 5073 3478 5128 id
3508 5072 3652 5144 quod

2063 5177 2277 5243 fuimus,
2308 5190 2524 5231 manere
2548 5174 2839 5246 potuimus.
2869 5171 3001 5227 Cum
3028 5178 3205 5222 autem
3238 5182 3332 5237 per
3355 5167 3529 5236 ipsum
3557 5180 3652 5220 ve-

2064 5285 2239 5324 nnnus
2279 5267 2346 5322 ad
2383 5267 2617 5331 Patrem,
2647 5266 2782 5321 sicut
2818 5264 2912 5326 ait,
2955 5261 3121 5316 Nemo
3145 5259 3276 5315 venit
3309 5257 3376 5310 ad
3403 5255 3611 5312 Patrem
3638 5295 3653 5320 ,

2063 5365 2161 5418 nisi
2199 5380 2288 5434 per
2310 5342 2434 5427 me;
2461 5370 2738 5415 manentes
2771 5358 2823 5413 in
2857 5357 2969 5423 illo,
2997 5369 3098 5410 nec
3124 5369 3156 5408 a
3183 5352 3342 5408 Patre
3367 5364 3466 5406 nos
3503 5351 3654 5422 quis-

2064 5473 2221 5529 quam
2251 5455 2444 5527 poterit
2470 5469 2740 5524 separare,
2787 5466 2887 5506 nec
2911 5451 2978 5505 ab
3007 5448 3119 5503 illo.

2133 5551 2188 5604 2.
2228 5548 2562 5603 Connectens
2589 5547 2764 5616 itaque
2791 5541 3168 5613 consequentia
3199 5539 3651 5611 praecedentibus:

2067 5643 2129 5700 Si
2142 5642 2448 5713 cognovistis
2478 5657 2556 5694 me
2581 5641 2621 5706 ¹,
2651 5637 2842 5708 inquit,
2880 5647 2925 5691 et
2950 5635 3156 5691 Patrem
3183 5652 3349 5690 meum
3371 5636 3542 5706 utique
3566 5650 3656 5688 co-

2130 5762 2255 5824 ξιιιε
2277 5756 2324 5803 in
2483 5759 2604 5813 erat,
2643 5749 2692 5800 si
2713 5747 2990 5824 cognovislis
3013 5761 3124 5810 me;
3156 5746 3312 5824 altero
3342 5747 3488 5808 hujus
3507 5746 3637 5824 vers)

2065 5816 2163 5868 culi
2185 5816 2307 5887 loco,
2331 5815 2490 5887 utique
2524 5807 2812 5887 cogrwscet'is
2844 5825 2861 5862 :
2893 5812 2980 5884 sed
3013 5807 3146 5887 tiunc
3184 5810 3350 5874 plures
3381 5807 3421 5861 a7
3446 5807 3660 5861 sectum

2064 5893 2209 5931 manu
2232 5878 2418 5932 habent
2433 5878 2713 5942 utrobique,
2738 5878 3086 5942 cognovisset“.
