4030 6498
461 550 718 625 gnavisiis.
746 548 860 607 Hoc
898 549 980 606 est
1017 535 1161 620 'qtl'dd
1189 547 1262 601 an
1292 547 1306 598 ὲ
1337 541 1503 598 Nemo
1536 539 1667 624 venit
1705 537 1772 591 ad
1803 534 2048 625 Patrem,

461 621 561 699 nisi
600 653 688 716 per
717 657 815 698 me.
847 642 1050 698 Deinde
1093 637 1365 708 subiungit
1391 649 1407 689 ξ
1438 634 1505 688 Et
1530 621 1712 687 amatio
1749 623 2053 702 cognoscetis

462 753 598 800 eum,
629 746 675 790 et
705 737 895 790 vidistis
925 731 1045 790 'eu'ni.
1097 730 1203 789 Sed
1233 729 1508 800 Philippus
1541 741 1683 783 unus
1709 727 1780 782 ex
1824 725 2052 794 Aposto-

460 829 549 893 lis,
593 829 718 899 quid
745 827 975 883 audierit
1012 825 1117 881 non
1166 822 1470 891 intelligens
1504 838 1516 874 :
1554 817 1768 873 Domine
1791 861 1803 881 ,
1839 815 2052 888 inquit,

463 917 671 974 ostende
709 920 856 974 nobis
897 917 1124 985 Patrem,
1158 917 1205 970 et
1232 914 1412 985 sufﬁcit
1436 913 1596 968 nobis.
1625 911 1724 966 Cui
1753 906 2010 964 Dominus
2039 927 2052 964 :

461 1012 648 1078 Tanto,
681 1014 870 1085 inquit,
914 999 1133 1083 tempore
1169 1009 1422 1064 vobiscum
1452 1017 1582 1074 sum,
1622 1005 1792 1060 etnon
1818 1000 2054 1074 cognovi-

463 1107 552 1161 stis
579 1106 678 1172 me,
711 1103 993 1177 Philippe?
1021 1095 1120 1169 Qui
1147 1103 1279 1157 videt
1305 1107 1402 1170 me,
1431 1099 1562 1155 videt
1587 1107 1634 1152 et
1657 1092 1882 1151 Pan-em.
1918 1091 2056 1150 Ecce

461 1199 700 1268 increpat
727 1198 866 1269 quod
889 1206 1035 1252 tanto
1063 1195 1304 1267 tempore
1325 1207 1444 1250 cum
1468 1191 1598 1265 ipsls
1619 1197 1752 1254 erat,
1774 1199 1827 1246 et
1843 1203 1948 1244 non
1963 1187 2056 1244 'co—

465 1291 837 1360 gnoscebatur.
865 1289 1052 1346 Nonne
1073 1291 1186 1360 ipse
1204 1288 1428 1354 dixerat,
1449 1287 1510 1341 Et
1527 1303 1623 1358 quo
1647 1289 1738 1357 ego
1759 1283 1885 1340 vado
1899 1281 2054 1350 scitis,

472 1392 518 1436 et
538 1385 668 1436 viam
686 1385 858 1450 scitis;
875 1393 928 1439 et
945 1389 1006 1439 Se
1020 1383 1225 1438 nescire
1236 1379 1492 1443 dicentes,
1509 1395 1600 1435 eos
1612 1380 1727 1434 hace
1738 1377 1871 1432 scire
1887 1375 2061 1431 eonvi-

467 1484 638 1543 cerat,
653 1475 900 1531 addendo
918 1483 1077 1546 atque
1089 1474 1334 1541 dicendo,
1349 1469 1462 1544 Ego
1481 1489 1589 1527 sum
1603 1473 1701 1537 via,
1718 1471 1894 1524 veritas
1913 1478 1960 1522 et
1981 1467 2058 1522 vi-

467 1574 520 1622 ta
539 1566 857 1635 ?Quomodo
877 1583 1018 1622 nunc
1045 1567 1196 1634 dicit,
1219 1566 1382 1622 Tanto
1409 1576 1630 1635 tempore
1652 1563 1904 1618 vobiscum
1923 1574 2056 1626 sunt,

466 1666 513 1712 et
531 1673 633 1711 non
653 1659 954 1729 cognovistis
971 1674 1051 1712 me
1069 1659 1094 1711 ?
1111 1674 1230 1713 cum
1253 1655 1512 1728 profecto,
1527 1664 1580 1711 et
1598 1669 1704 1725 quo
1721 1655 1840 1719 iret,
1854 1661 1909 1708 et
1921 1653 2059 1706 viam

468 1749 689 1818 scirent,
720 1766 825 1805 non
855 1749 924 1804 ob
954 1749 1097 1806 aliud
1121 1750 1220 1804 nisi
1245 1749 1388 1819 quod
1415 1749 1585 1820 ipsum
1616 1747 1800 1817 utique
1827 1745 2060 1802 scirent?

469 1841 573 1898 Sed
605 1843 757 1898 facile
779 1844 877 1898 ista
904 1844 1130 1898 solvitur
1159 1843 1402 1913 quaestio,
1437 1843 1482 1896 si
1506 1841 1744 1900 dicamus
1771 1839 1911 1910 quod
1935 1853 2062 1894 eum

467 1935 628 2006 aliqui
661 1952 845 1991 eorum
876 1938 1136 2004 sciebant,
1167 1937 1329 2007 aliqui
1361 1935 1690 2000 nesciebant,
1721 1943 1880 2005 atque
1902 1933 1954 2009 in
1982 1931 2064 1986 his

469 2031 560 2102 qui
586 2019 894 2084 nesciebant
919 2038 971 2084 et
998 2029 1272 2100 Philippus
1301 2037 1415 2088 erat
1443 2046 1455 2082 :
1486 2036 1542 2082 ut
1571 2025 1712 2097 quod
1741 2027 1836 2092 ait,
1870 2024 1935 2078 Et
1966 2040 2063 2094 quo

469 2138 560 2196 ego
591 2121 722 2184 vado
747 2109 903 2189 scitis,
936 2131 983 2174 et
1012 2122 1145 2174 viam
1178 2121 1335 2186 scitis,
1371 2119 1477 2175 illis
1518 2118 1718 2174 dixisse
1745 2117 2066 2185 intelligatur

470 2216 560 2286 qui
605 2215 881 2280 sciebant;
931 2229 1036 2268 non
1087 2213 1331 2282 Philippo
1378 2213 1464 2267 cui
1505 2211 1703 2266 dictum
1751 2219 1853 2274 est,
1900 2209 2065 2263 Tanto

473 2291 694 2376 tempore
721 2307 970 2361 vobiscum
993 2324 1124 2371 sum,
1156 2316 1201 2361 et
1231 2323 1330 2360 non
1352 2305 1653 2376 cognovistis
1675 2321 1772 2368 me,
1801 2303 2068 2374 Philippe?

474 2385 568 2453 llis
597 2414 723 2478 ergo
751 2399 838 2467 qui
871 2399 1064 2453 Filium
1091 2387 1199 2468 iam
1228 2406 1509 2464 noverant,
1532 2397 1692 2452 etiam
1719 2396 1849 2450 illud
1875 2397 1940 2456 de
1969 2396 2069 2450 Pa-

477 2500 558 2546 tre
596 2491 793 2552 dictum
824 2500 926 2556 est,
961 2491 1029 2545 Et
1055 2491 1238 2545 amodo
1283 2491 1592 2562 cognoscetis
1629 2507 1768 2553 eum,
1787 2497 1834 2543 et
1876 2488 2070 2544 vidistis

476 2597 588 2636 eum
623 2581 862 2643 :dictum
889 2590 971 2638 est
1014 2583 1154 2636 enim
1188 2590 1406 2654 propter
1434 2580 1795 2638 omnimodam
1823 2579 2070 2635 similitu-

476 2672 653 2727 dinem
683 2689 800 2743 qua:
829 2673 902 2726 illi
934 2690 1056 2728 cum
1085 2674 1241 2734 Patre
1265 2681 1366 2736 est,
1390 2683 1450 2727 ut
1472 2673 1591 2728 ideo
1616 2671 1808 2726 amodo
1829 2671 2072 2726 dicereu-

478 2772 564 2818 tur
607 2778 763 2819 nosse
816 2764 1048 2831 Patrem,
1103 2765 1225 2834 quia
1272 2773 1530 2818 noverant
1577 2762 1806 2818 similem
1853 2762 2068 2817 Filium.

475 2855 617 2922 Ergo
639 2843 750 2924 jam
781 2855 1020 2910 sciebant
1047 2856 1261 2921 Filium,
1291 2856 1389 2912 etsi
1419 2871 1525 2912 non
1551 2870 1759 2927 omnes,
1791 2866 1938 2910 certe
1957 2854 2075 2926 qui-

476 2945 599 3002 dam
630 2963 816 3006 eorum
845 2948 1037 3020 quibus
1063 2949 1276 3012 dicitur.
1308 2948 1372 3003 Et
1397 2967 1496 3021 quo
1521 2949 1648 3004 vado
1685 2950 1843 3016 scitis,
1870 2958 1917 3002 et
1943 2950 2074 3003 viam

477 3038 615 3092 scitis
645 3054 662 3091 :
687 3039 798 3112 ipse
817 3046 899 3093 est
920 3037 1062 3094 enim
1091 3040 1195 3094 via.
1227 3039 1334 3096 Sed
1354 3041 1565 3097 Patrem
1592 3040 1922 3106 nesciebant,
1955 3039 2075 3096 ideo

477 3130 720 3200 audiunt,
751 3129 810 3184 Si
850 3133 1150 3200 cognovistis
1180 3149 1276 3200 me,
1308 3143 1355 3187 et
1391 3131 1602 3188 Patrem
1635 3149 1802 3188 meum
1842 3133 2078 3203 cognovi-

479 3225 569 3278 stis
598 3241 616 3278 :
646 3239 743 3294 per
781 3239 867 3298 me
892 3225 1074 3296 utique
1119 3235 1172 3282 et
1203 3226 1372 3282 illum.
1421 3227 1571 3282 Alius
1609 3228 1752 3282 enim
1790 3241 1888 3296 ego
1915 3240 2033 3282 sum
2057 3268 2073 3292 ,

479 3316 618 3370 alius
650 3316 758 3370 ille.
786 3314 891 3370 Sed
921 3332 989 3372 ne
1017 3326 1262 3387 putarent
1287 3318 1622 3383 dissimilem,
1656 3318 1726 3374 Et
1751 3318 1956 3386 amodo,
1988 3319 2074 3374 iu-

480 3411 616 3483 quit,
648 3414 959 3487 cognoscetis
984 3430 1119 3478 eum,
1167 3421 1214 3470 et
1236 3412 1432 3472 vidistis
1469 3429 1604 3468 eum.
1634 3410 1893 3467 Viderunt
1931 3411 2076 3466 enim

479 3509 600 3579 ejus
641 3512 968 3572 simillimum
1008 3509 1221 3572 Filium,
1261 3507 1358 3563 sed
1402 3505 1722 3562 admonendi
1751 3505 1958 3562 fuerant
1995 3515 2078 3560 ta-

480 3599 586 3658 lem
611 3617 728 3660 esse
754 3603 915 3660 etiam
953 3603 1165 3658 Patrem
1193 3614 1353 3670 quem
1377 3599 1616 3658 nondum
1642 3596 1914 3663 videbant.
1946 3612 2079 3668 qua-

481 3693 550 3754 lis
587 3703 668 3754 est
706 3696 874 3752 Filius
909 3710 1068 3766 quem
1113 3692 1382 3750 videbant.
1432 3691 1500 3746 Et
1527 3691 1591 3748 ad
1633 3691 1735 3747 hoc
1765 3691 1906 3758 valet
1933 3689 2076 3761 quod

479 3795 664 3856 postea
689 3787 934 3858 Philippo
959 3786 1176 3852 dicitur,
1209 3783 1310 3852 Qui
1336 3781 1468 3837 videt
1492 3799 1589 3849 me,
1618 3783 1750 3838 videt
1773 3792 1820 3838 et
1841 3780 2071 3840 Patrem.

477 3879 597 3938 Non
617 3880 760 3950 quod
788 3880 903 3950 ipse
925 3886 1072 3936 esset
1098 3877 1254 3934 Pater
1279 3885 1334 3932 et
1360 3876 1548 3943 Filius,
1579 3874 1718 3945 quod
1746 3876 1801 3929 in
1823 3873 2077 3932 Sabellia-

481 3976 586 4042 nis.
618 3975 708 4044 qui
739 3983 994 4030 vocantur
1033 3974 1193 4028 etiam
1221 3969 1622 4046 Patripassiani,
1650 3968 1908 4024 catholica
1945 3967 2076 4024 fides

482 4065 700 4122 damnat
729 4084 742 4120 :
772 4065 868 4122 sed
895 4064 1038 4133 quod
1077 4072 1185 4117 tam
1226 4062 1428 4118 similes
1460 4060 1567 4116 sint
1601 4060 1761 4116 Pater
1797 4058 2072 4123 et.Filius,

484 4166 544 4212 ut
572 4157 659 4226 qui
693 4173 854 4211 unum
903 4156 1131 4218 noverit,
1162 4153 1352 4210 ambos
1381 4156 1604 4210 noverit.
1639 4152 1884 4208 Solemus
1929 4153 2072 4208 enim

481 4249 551 4306 de
575 4247 858 4303 simillimis
882 4247 1090 4304 duobus
1117 4246 1188 4300 ita
1227 4245 1371 4314 loqui
1409 4245 1487 4300 eis
1529 4244 1622 4312 qui
1660 4259 1822 4299 unum
1862 4243 2074 4299 illorum

485 4337 685 4402 vident,
713 4347 769 4392 et
797 4337 969 4406 qualis
998 4344 1080 4391 est
1107 4335 1246 4390 alius
1272 4333 1453 4389 volunt
1482 4347 1660 4397 nosse,
1691 4341 1750 4388 ut
1784 4332 2026 4390 dicamus
2058 4351 2072 4387 :

485 4429 704 4485 Vidistis
731 4430 911 4494 istum,
942 4429 1089 4484 illum
1114 4427 1339 4485 vidistis.
1371 4427 1459 4482 Sic
1473 4440 1600 4497 ergo
1625 4426 1823 4483 dictum
1842 4434 1946 4493 est,
1978 4426 2077 4493 Qui

483 4538 564 4576 me
586 4522 738 4589 videt,
768 4522 900 4579 videt
943 4531 990 4577 et
1019 4520 1223 4576 Patrem
1252 4537 1270 4575 :
1300 4536 1406 4576 non
1437 4521 1618 4591 utique
1643 4529 1700 4574 ut
1726 4520 1841 4589 ipse
1873 4523 1944 4578 sit
1973 4521 2075 4576 Pa-

486 4628 567 4674 ter
590 4619 684 4689 qui
711 4618 897 4684 Filius,
931 4618 1024 4674 sed
1052 4617 1194 4687 quod
1219 4633 1251 4672 a
1278 4617 1450 4672 Patris
1479 4616 1824 4672 similitudine
1850 4617 1902 4671 in
1929 4617 2076 4672 nullo

484 4723 707 4779 prorsus
734 4709 1001 4779 discrepet
1025 4708 1212 4764 Filius.
1232 4707 1364 4763 Nam
1387 4707 1488 4762 nisi
1516 4707 1621 4762 duo
1645 4717 1828 4763 essent
1851 4706 2077 4763 Pateret

482 4802 671 4868 Filius,
700 4818 806 4858 non
833 4803 1030 4858 dictum
1057 4809 1220 4868 esset,
1252 4801 1316 4856 Si
1341 4800 1641 4872 cognovistis
1663 4817 1763 4866 me,
1787 4810 1832 4855 et
1868 4800 2076 4856 Patrem

483 4912 650 4950 meum
671 4895 991 4966 cognovistis.
1020 4893 1214 4964 Utique
1239 4892 1404 4959 enim,
1433 4893 1555 4963 quia
1577 4909 1743 4959 nemo,
1771 4892 1962 4962 inquit,
1994 4908 2078 4948 ve-

484 4987 558 5041 nit
576 4988 644 5041 ad
669 4985 898 5050 Patrem,
926 4986 1023 5041 nisi
1049 5003 1138 5057 per
1161 5001 1274 5049 me;
1297 4985 1341 5038 si
1359 4984 1659 5056 cognovistis
1681 5000 1776 5050 me,
1800 4993 1846 5038 et
1869 4982 2076 5040 Patrem

484 5098 649 5135 meum
673 5081 973 5153 cognovistis
999 5098 1018 5136 :
1043 5081 1296 5151 quoniam
1322 5093 1423 5148 ego
1450 5091 1547 5148 per
1577 5093 1736 5148 quem
1767 5079 1979 5134 venitur
2006 5077 2074 5133 ad

483 5173 717 5238 Patrem,
737 5173 1026 5244 perducam
1041 5188 1135 5228 vos
1157 5171 1225 5229 ad
1251 5186 1392 5234 eum,
1419 5179 1476 5227 ut
1499 5171 1670 5239 ipsum
1692 5169 1854 5226 etiam
1875 5184 2075 5240 cogno-

484 5265 664 5320 scatis.
715 5264 822 5322 Sed
865 5265 1116 5335 quoniam
1169 5263 1245 5320 illi
1292 5277 1414 5318 sum
1464 5262 1684 5317 omnino
1734 5262 2072 5329 simillimus,

483 5354 668 5410 amotio
700 5356 1007 5425 cognoscetis
1037 5371 1171 5421 eum,
1203 5367 1324 5410 cum
1367 5353 1688 5423 cognoscitis
1716 5368 1802 5408 me
1830 5371 1846 5409 ς
1872 5362 1920 5410 et
1949 5353 2078 5408 vidi-

483 5444 574 5497 stis
600 5461 733 5509 eum,
766 5445 812 5499 si
841 5447 1007 5501 oculis
1035 5446 1212 5504 cordis
1241 5445 1448 5500 vidistis
1477 5459 1583 5500 me.

557 5536 612 5592 '5.
651 5534 789 5604 Quid
817 5553 944 5610 ergo
972 5548 1056 5595 est
1084 5537 1224 5609 quod
1251 5537 1405 5602 dicis.
1443 5535 1705 5606 Philippe,
1738 5533 1956 5593 Ostende
1980 5553 2074 5591 no-

483 5626 560 5684 bis
593 5621 820 5694 Patrem,
859 5639 906 5683 et
949 5631 1126 5700 sufﬁcit
1173 5629 1354 5685 nobis?
1381 5627 1566 5695 Tanto,
1614 5628 1812 5699 inquit,
1855 5638 2075 5698 tempore

484 5718 738 5774 vobiscum
763 5736 897 5788 sum,
920 5730 965 5775 et
992 5739 1090 5776 non
1120 5721 1416 5792 cognovistis
1439 5737 1535 5786 me,
1565 5719 1846 5790 Philippe?
1879 5720 1978 5790 Qui
2003 5721 2075 5775 vi-

454 5815 568 5870 les
610 5831 710 5882 me,
749 5815 881 5869 videt
907 5825 953 5871 et
987 5813 1210 5870 Patrem.
1249 5815 1403 5884 Quod
1445 5816 1490 5870 si
1530 5816 1594 5870 ad
1640 5824 1693 5871 te
1727 5815 1949 5870 multum
1991 5823 2074 5870 est

481 5905 588 5965 hoc
624 5907 840 5978 videre,
876 5908 1065 5965 saltem
1093 5905 1236 5980 quod
1266 5923 1373 5966 non
1399 5907 1550 5966 vides
1581 5907 1684 5965 hoc
1719 5907 1896 5965 crede.
1929 5908 2072 5975 Quo-

1393 428 1466 484 m
1501 409 1778 484 JOANNlS
1817 403 2264 477 EVANGELlUM
2327 406 2385 475 ει.
2425 409 2797 480 AUGUSTINI

2158 533 2309 594 modo
2338 539 2478 594 enim
2505 537 2650 604 dicis,
2678 539 2870 611 inquit;
2901 536 3120 597 Ostende
3141 541 3288 597 nobis
3323 535 3752 603 Petraitismre

2158 628 2335 688 Vidistl
2380 633 2468 704 qui
2508 632 2816 689 omnimodo
2856 632 3046 688 Similis
3075 635 3214 702 sum,
3244 633 3428 689 vidisti
3468 636 3622 691 illum
3663 639 3750 693 ci

2159 721 2347 785 similis
2375 744 2514 785 sum.
2545 729 2696 796 Quod
2741 729 2785 783 si
2830 727 3013 783 videre
3051 739 3158 782 non
3201 733 3383 798 potes,
3417 743 3519 783 non
3562 729 3749 786 Saltem

2159 822 2321 878 credis
2347 823 2464 893 quia
2485 837 2576 892 ego
2595 822 2649 876 in
2669 820 2846 900 Patre,
2866 821 2913 874 et
2937 818 3096 874 Pater
3122 817 3175 875 in
3201 835 3280 874 me
3304 821 3411 875 est?
3431 821 3645 877 Poterat
3667 822 3754 879 hic

2161 908 2340 972 dicere
2365 913 2643 985 Philippus
2671 931 2686 969 :
2725 911 2890 969 Video
2918 899 3130 984 quidem
3162 915 3233 979 le,
3266 917 3321 969 et
3347 911 3508 969 credo
3538 915 3753 971 similli-

2165 1024 2308 1063 mum
2332 1024 2449 1062 esse
2471 1007 2647 1071 Patri;
2674 1005 2765 1062 sed
2788 1003 3042 1075 numquid
3070 1004 3372 1076 arguendus
3393 1014 3447 1060 et
3471 1005 3755 1078 objurgan-

2161 1098 2261 1155 dus
2291 1107 2372 1154 est
2397 1091 2629 1170 quicum
2657 1092 2886 1154 similem
2908 1094 3073 1160 videt,
3099 1096 3256 1152 etiam
3284 1084 3426 1153 illum
3454 1099 3538 1154 cui
3565 1100 3757 1154 similis

2160 1179 2243 1266 est
2266 1193 2381 1247 vult
2409 1180 2631 1248 videre?
2660 1183 2900 1248 Similem
2935 1186 3146 1263 quidem
3179 1191 3320 1255 novi,
3349 1192 3442 1247 sed
3472 1192 3645 1248 adhuc
3673 1193 3756 1247 al-

2162 1275 2336 1340 terum
2359 1286 2473 1340 sine
2501 1275 2669 1340 altero
2694 1281 2850 1348 novi;
2873 1299 2980 1337 non
3011 1277 3141 1337 mihi
3163 1281 3380 1351 suﬁlcit,
3399 1284 3499 1338 nisi
3527 1287 3580 1339 et
3605 1285 3756 1340 illum

2162 1363 2315 1449 cujus
2343 1390 2425 1436 est
2468 1381 2569 1438 iste
2612 1368 2804 1438 vsimilis
2829 1368 3090 1437 noverim.
3131 1379 3354 1436 Ostende
3396 1380 3571 1450 itaque
3613 1381 3759 1434 nobis

2171 1455 2394 1539 Patrem,
2424 1479 2470 1528 et
2496 1475 2677 1546 stt/ﬁcit
2701 1474 2861 1528 nobis.
2887 1467 2996 1528 Sed
3025 1463 3143 1528 ideo
3167 1463 3420 1542 magister
3438 1471 3757 1541 discipulum

2167 1549 2453 1636 arguebat,
2484 1566 2730 1638 quoniam
2765 1582 2859 1621 cor
2889 1553 3202 1637 postulantis
3226 1565 3455 1620 videbat.
3480 1561 3757 1634 Tanquam

2167 1657 2309 1712 enim
2345 1659 2535 1713 melior
2560 1667 2721 1738 esset
2759 1641 2918 1738 Pater
2962 1648 3118 1738 quam
3152 1649 3331 1730 Filius,
3371 1656 3441 1711 ita
3481 1656 3762 1726 Philippus

2166 1739 2379 1806 Patrem
2413 1735 2573 1807 nosse
2602 1733 2848 1822 cupiebat
2878 1772 2890 1806 :
2920 1755 2971 1807 et
3011 1733 3131 1806 ideo
3170 1767 3270 1806 nec
3303 1737 3490 1806 Filium
3535 1751 3760 1818 sciebat,

2172 1858 2277 1912 quo
2311 1837 2502 1898 melius
2541 1860 2658 1899 csse
2701 1841 2898 1914 aliquid
2935 1841 3206 1899 credebat.
3241 1841 3321 1898 Ad
3360 1833 3503 1897 hunc
3541 1835 3763 1896 Sensum

2170 1935 2541 2022 cerrigendum
2562 1933 2760 1993 dictum
2789 1948 2889 2004 est,
2917 1935 3016 2008 Qui
3041 1937 3171 1992 videt
3195 1955 3288 1998 me,
3315 1937 3446 1990 videt
3467 1946 3511 1989 et
3533 1923 3760 1988 Patrem.

2170 2021 2437 2111 Quomodo
2469 2029 2520 2084 tit
2552 2029 2700 2108 dicis,
2735 2029 2955 2084 Ostende
2983 2027 3123 2084 nobis
3155 2027 3403 2084 Patrem?
3430 2023 3599 2082 Vide‘o
3629 2039 3767 2098 quo-

2172 2100 2330 2176 modo
2448 2121 2594 2179 dicas
2625 2144 2637 2179 :
2668 2115 2771 2178 non
2803 2124 3030 2202 alterum
3066 2113 3262 2195 quieris
3297 2119 3478 2177 videre
3507 2121 3766 2184 similem,

2171 2213 2263 2288 sed
2292 2199 2437 2270 illum
2469 2226 2622 2286 putas
2648 2203 2767 2272 esse
2795 2199 3099 2288 meliorem.
3125 2205 3244 2268 Non
3274 2211 3434 2288 credis
3460 2199 3576 2283 quia
3596 2230 3686 2282 eqo
3713 2214 3769 2267 in

2174 2284 2351 2383 Patre,
2383 2320 2428 2363 et
2453 2284 2607 2363 Pater
2636 2310 2690 2363 in
2717 2309 2795 2363 me
2827 2301 2936 2363 est?
2961 2305 3069 2363 Cur
3093 2284 3145 2361 in
3173 2286 3432 2372 similibus
3459 2304 3770 2359 distantiam

2173 2399 2323 2471 cupis
2350 2401 2612 2455 cernere?
2639 2416 2735 2455 cur
2765 2395 3151 2470 inSeparabiles
3175 2396 3460 2466 separatim
3491 2394 3773 2450 desideras

2175 2494 2367 2548 nosse?
2396 2483 2599 2548 Deinde
2636 2509 2740 2546 non
2783 2490 2849 2546 ad
2892 2491 3064 2546 solum
3105 2473 3424 2558 Philippum,
3452 2487 3546 2542 sed
3577 2483 3643 2540 ad
3673 2501 3774 2541 eos

2176 2585 2452 2656 pluraliter
2491 2586 2745 2655 loquitur,
2774 2601 2894 2656 qua:
2922 2600 3028 2639 non
3060 2591 3184 2638 sunt
3223 2581 3276 2636 in
3305 2579 3573 2652 angustias
3611 2594 3774 2634 coar-

2176 2676 2388 2744 ctanda,
2420 2685 2479 2732 ut
2506 2675 2790 2748 adjuvante
2818 2675 2936 2744 ipso
2966 2674 3272 2748 diligentius
3303 2678 3653 2742 exponantur.

2526 2823 2532 2834 ,
2573 2745 2583 2748 ⁷
2654 2753 3066 2822 TRACTATUS
3105 2745 3290 2819 LXXI.

2179 2857 2244 2914 In
2268 2857 2320 2913 id
2343 2857 2475 2930 quod
2498 2845 2741 2913 Dominus
2762 2857 2907 2923 dicit,
2928 2857 3099 2914 Verba
3123 2873 3241 2928 quae
3262 2871 3360 2925 ego
3382 2856 3573 2925 inquor
3591 2843 3774 2922 vobis,

2250 2969 2279 3007 a
2311 2954 2517 3023 meipso
2545 2969 2650 3008 non
2685 2943 2906 3023 loquor;
2937 2968 3091 3021 usque
3114 2947 3182 3004 ad
3207 2949 3280 3016 id,
3317 2948 3372 3003 Si
3400 2943 3522 3018 quid
3551 2949 3784 3019 petieria

2250 3045 2318 3101 tis
2349 3028 2559 3099 Patrem
2593 3043 2648 3099 in
2679 3039 2895 3100 nomine
2924 3045 3066 3112 meo,
3104 3039 3204 3097 hoc
3247 3041 3454 3097 faciam.
3483 3038 3612 3112 Cap.
3654 3056 3777 3108 xxv,

2266 3138 2301 3209 ᾗ
2361 3137 2542 3194 lO-ti.

2252 3252 2305 3306 t.
2344 3251 2543 3310 Audite
2579 3250 2820 3318 auribus,
2845 3248 3071 3321 accipite
3099 3247 3383 3312 mentibus,
3418 3246 3778 3316 dilectissimi,

2179 3341 2518 3411 loquentibus
2543 3329 2757 3413 quidem
2792 3339 2968 3403 nobis.
2997 3337 3093 3395 sed
3126 3338 3242 3408 ipso
3271 3338 3495 3394 docente
3533 3338 3624 3408 qui
3663 3353 3779 3394 non

2182 3433 2382 3491 recedit
2405 3450 2435 3488 a
2463 3434 2634 3490 nobis.
2660 3433 2914 3490 Dominus
2943 3432 3092 3499 dicit,
3119 3429 3261 3504 quod
3292 3429 3450 3485 modo
3475 3445 3596 3485 cum
3628 3430 3783 3502 lege-

2181 3536 2329 3585 retur
2373 3527 2630 3592 audistis,
2675 3525 2837 3581 Verba
2861 3541 2974 3596 qua?
3008 3540 3098 3596 ego
3128 3524 3305 3593 loquor
3340 3522 3491 3586 vobis,
3526 3539 3557 3576 a
3583 3523 3785 3594 meipso

2181 3636 2283 3676 non
2313 3619 2528 3690 loquor:
2548 3618 2704 3673 Pater
2723 3627 2889 3673 autem
2912 3618 2963 3670 in
2987 3633 3064 3670 me
3087 3632 3294 3671 nionem
3318 3616 3423 3687 ipse
3451 3615 3572 3687 facit
3597 3632 3782 3686 opera.

2180 3711 2320 3783 Ergo
2344 3718 2398 3767 et
2419 3711 2579 3766 verba
2605 3724 2767 3780 opera
2788 3709 2951 3764 sunt?
2973 3707 3136 3762 Plane
3163 3707 3232 3761 ita
3260 3715 3360 3760 est.
3382 3704 3513 3759 Nam
3539 3706 3783 3774 profecto

2180 3802 2271 3873 qui
2313 3803 2616 3873 proximum
2659 3799 2924 3872 loquendo
2957 3798 3213 3862 mdilicat,
3247 3795 3443 3852 bonum
3473 3810 3610 3864 opus
3643 3812 3781 3866 ope-

2181 3903 2348 3949 ratur.
2369 3893 2473 3949 Sed
2503 3893 2627 3964 quid
2655 3902 2757 3962 est,
2776 3911 2807 3946 a
2825 3894 3013 3964 meipso
3032 3907 3134 3945 non
3159 3891 3354 3961 loquor,
3377 3889 3496 3948 nisi,
3517 3906 3546 3942 a
3568 3891 3785 3960 mcipso

2181 4002 2287 4044 non
2317 4003 2434 4042 sum
2463 3987 2551 4059 qui
2581 3984 2801 4057 loquor?
2830 3985 2891 4042 Ei
2923 3984 3120 4055 quippe
3151 3981 3333 4038 tribuit
3361 3981 3501 4052 quod
3528 3980 3679 4046 facit,
3715 3981 3784 4040 de

2179 4094 2284 4150 quo
2311 4088 2393 4136 est
2415 4081 2528 4150 ipse
2549 4080 2639 4151 qui
2665 4077 2810 4134 facit.
2840 4077 2996 4134 Pater
3027 4075 3169 4130 enim
3196 4075 3334 4146 Deus
3362 4089 3464 4128 non
3489 4083 3569 4128 est
3589 4073 3661 4128 de
3685 4073 3788 4128 ali-

2179 4188 2305 4244 quo.
2335 4173 2501 4230 Filius
2529 4179 2704 4227 autem
2731 4169 2869 4226 Deus
2897 4175 2980 4224 est
3004 4165 3217 4237 quidem
3250 4163 3392 4224 Patri
3418 4164 3664 4234 arqualis,
3685 4165 3783 4222 sed

2179 4261 2248 4318 de
2277 4263 2434 4318 Patre
2457 4263 2583 4317 Deo.
2617 4260 2742 4316 ideo
2774 4259 2864 4315 ille
2895 4258 3056 4324 Deus,
3086 4256 3179 4312 sed
3209 4271 3313 4312 non
3343 4255 3411 4311 de
3436 4255 3579 4320 Deo;
3612 4265 3670 4312 ct
3697 4256 3782 4312 lu-

2179 4368 2326 4422 men,
2353 4353 2447 4409 sed
2479 4353 2673 4409 nonde
2701 4352 2902 4408 lumine
2928 4369 2940 4404 :
2972 4351 3074 4407 iste
3104 4365 3231 4406 vero
3260 4348 3402 4405 Deus
3429 4346 3497 4404 de
3526 4336 3670 4416 Deo,
3699 4349 3785 4404 lu-

2177 4459 2302 4502 men
2327 4444 2392 4501 de
2418 4444 2634 4516 lumine.
2833 4501 2836 4522 ἓ

2250 4536 2303 4592 2.
2343 4537 2475 4592 Nam
2519 4537 2571 4591 in
2602 4535 2685 4590 his
2725 4523 2926 4592 duabus
2972 4535 3284 4602 sententiis,
3312 4548 3415 4590 una
3445 4549 3546 4605 qua
3575 4534 3785 4594 dictum

2181 4638 2282 4694 est,
2311 4629 2433 4683 Non
2458 4646 2491 4681 a
2516 4628 2704 4700 meipso
2734 4626 2949 4698 loquor:
2975 4627 3077 4684 alia
3104 4642 3208 4698 qua
3241 4625 3440 4681 dictum
3476 4634 3589 4690 est,
3619 4625 3787 4680 Pater

2181 4731 2347 4775 autem
2379 4722 2429 4775 in
2461 4737 2539 4775 me
2566 4737 2795 4786 manens,
2818 4720 2928 4790 ipse
2951 4721 3073 4790 facit
3103 4736 3257 4790 opera
3282 4735 3300 4774 ε
3326 4718 3558 4790 singulas
3581 4728 3786 4775 tenen-

2183 4820 2282 4881 tes,
2314 4811 2510 4867 diversi
2553 4813 2708 4867 nobis
2744 4811 3099 4868 adversantur
3130 4811 3385 4879 haeretici,
3418 4812 3508 4881 qui
3557 4827 3665 4866 non
3718 4828 3783 4866 ex

2182 4905 2284 4960 una
2313 4913 2462 4975 parte
2482 4946 2498 4971 ,
2537 4904 2631 4958 sed
2665 4905 2716 4958 in
2757 4904 3022 4959 contraria
3053 4913 3330 4966 conantes,
3359 4918 3390 4958 a
3421 4901 3505 4956 via
3537 4902 3787 4957 veritatis

2181 4995 2506 5052 exorbitant.
2533 4995 2716 5051 Ariani
2747 4995 2941 5067 quippe
2963 4995 3146 5050 dicunt
3179 5012 3191 5048 :
3221 4995 3357 5050 Ecce
3387 4993 3671 5062 inaequalis
3704 5004 3784 5047 est

2181 5089 2326 5145 Patri
2357 5088 2547 5156 Filius,
2577 5105 2606 5142 a
2640 5089 2818 5159 seipso
2848 5104 2952 5144 non
2983 5089 3236 5159 loquitur.
3267 5089 3460 5142 Dicunt
3483 5085 3786 5141 Sabelliani

2179 5191 2388 5250 contra,
2422 5181 2475 5236 id
2503 5189 2587 5236 est
2624 5181 3004 5252 Patripassiani
3033 5199 3043 5235 :
3075 5180 3216 5236 Ecce
3244 5181 3332 5251 qui
3363 5163 3520 5234 Pater
3548 5188 3632 5232 est
3666 5178 3789 5248 ipse

2180 5286 2235 5332 et
2261 5276 2457 5342 Filius;
2481 5274 2610 5348 quid
2637 5274 2779 5332 enim
2806 5283 2909 5340 est,
2939 5273 3096 5329 Pater
3124 5275 3176 5327 in
3202 5291 3279 5328 me
3305 5288 3529 5335 manens,
3557 5272 3667 5342 ipse
3699 5271 3791 5340 [a-

2180 5368 2246 5421 cit
2283 5385 2454 5438 opera,
2488 5367 2609 5433 nisi,
2641 5367 2692 5421 in
2725 5381 2810 5422 me
2840 5381 3033 5422 maneo
3062 5381 3160 5436 ego
3186 5366 3272 5436 qui
3307 5362 3787 5418 facio?Coutraria

2181 5459 2357 5514 dicitis
2381 5476 2394 5511 :
2419 5457 2513 5515 sed
2542 5473 2650 5513 nou
2679 5473 2745 5512 eo
2771 5457 2930 5512 modo
2955 5460 3092 5512 sicut
3121 5466 3200 5512 est
3229 5457 3416 5512 falsum
3443 5455 3788 5512 contrarium

2181 5569 2327 5632 vero,
2361 5553 2453 5610 sed
2485 5553 2622 5609 sicut
2643 5551 2771 5608 sunt
2801 5551 2936 5608 inter
2957 5535 3017 5608 Se
3040 5551 3146 5607 duo
3184 5550 3314 5606 falsa
3349 5547 3636 5605 contraria.
3676 5547 3790 5603 Er-

2180 5647 2348 5704 raudo
2375 5647 2424 5701 in
2453 5647 2665 5703 diversa
2697 5646 2830 5712 istis,
2867 5646 2920 5702 in
2951 5646 3127 5702 medio
3155 5656 3235 5702 cst
3261 5645 3342 5700 via
3369 5659 3524 5714 quam
3555 5645 3788 5702 relumi-

2181 5740 2277 5797 stis
2311 5741 2348 5793 ί.
2381 5737 2525 5794 inter
2567 5755 2661 5794 vos
2720 5741 2865 5810 ipsos
2919 5739 3155 5810 longiore
3209 5737 3488 5792 intervallo
3539 5746 3790 5806 separati

2245 5855 2260 5888 ³
2289 5862 2363 5906 Er.
2390 5855 2534 5912 luga.
2562 5861 2614 5905 et
2637 5863 2754 5908 ven.
2794 5865 2867 5906 su:
2903 5855 3088 5910 habent
3129 5854 3258 5905 hunc
3277 5852 3474 5906 locum;
3504 5860 3559 5904 In
3579 5853 3790 5908 damst:

2178 5913 2276 5980 itis,
2299 5917 2350 5967 in
2372 5913 2531 5967 medio
2551 5922 2621 5967 est
2642 5915 2719 5967 ria
2741 5930 2885 5981 quam
2907 5913 3193 5980 relinquitis.
3250 5923 3304 5965 Μ.
