4102 6484
312 546 469 614 estis,
490 542 657 616 quam
699 540 768 597 ab
814 536 931 611 ipsa
970 538 1055 595 via
1090 537 1246 609 cujus
1281 532 1585 591 desertores
1623 532 1772 589 estis.
1803 531 1908 588 Vos

314 640 460 705 hinc,
482 650 582 693 vos
608 644 789 691 autem
818 630 990 700 illinc,
1019 628 1125 687 huc
1147 630 1327 687 venite
1355 646 1368 683 :
1398 629 1558 685 alteri
1599 628 1668 684 ad
1709 627 1907 683 alteros

312 730 544 788 transire
572 728 760 794 nolite,
778 722 878 782 sed
905 724 1028 779 hinc
1052 718 1211 795 atque
1236 721 1384 777 illinc
1403 720 1470 775 ad
1498 728 1596 775 nos
1620 719 1905 787 veniendo,

311 827 545 883 invicem
567 836 667 878 vos
689 821 941 876 invenite.
966 816 1273 883 Sabelliani,
1302 816 1572 887 agnoscite
1593 827 1749 885 quem
1771 818 1909 884 prae-

307 916 641 981 ter-mittitis;
673 906 877 977 Ariani,
905 920 1112 981 :equate
1140 922 1301 980 quem
1338 906 1585 971 subditis,
1625 915 1682 961 et
1723 905 1775 959 in
1821 904 1906 960 via

306 1022 435 1065 vera
459 1008 736 1063 nobiscum
758 1002 1118 1060 ambulabitis.
1144 1001 1239 1056 Est
1258 1000 1400 1055 enim
1422 997 1563 1068 quod
1590 994 1816 1051 invicem
1838 1010 1906 1051 ex

306 1104 463 1159 vobis
506 1098 663 1156 alteri
706 1112 774 1155 ex
820 1094 1003 1152 alteris
1056 1093 1335 1150 admoneri
1383 1091 1594 1161 utrique
1640 1088 1901 1144 debeatis.

307 1194 470 1259 Audi,
499 1190 792 1247 sabelliane
819 1206 833 1243 :
862 1201 1030 1258 usque
1060 1185 1195 1241 adeo
1220 1194 1327 1238 non
1355 1184 1469 1253 ipse
1491 1182 1668 1247 Pater,
1699 1180 1792 1235 sed
1819 1179 1903 1234 al-

306 1292 394 1341 ter
414 1294 497 1341 est
516 1284 704 1351 Filius,
725 1291 784 1336 ut
801 1295 923 1337 eum
944 1280 1157 1334 arianus
1179 1276 1491 1348 inaequalem
1514 1283 1717 1330 asserat
1736 1274 1899 1329 Patri.

308 1377 471 1441 Audi,
502 1376 686 1431 ariane
717 1392 730 1429 :
760 1382 931 1444 usque
958 1372 1093 1427 adeo
1115 1369 1282 1425 Filius
1309 1368 1527 1439 aequalis
1546 1374 1629 1422 est
1654 1366 1815 1430 Patri,
1842 1373 1904 1419 ut

307 1468 631 1525 sabellianus
667 1466 918 1523 eumdem
962 1476 1087 1520 esse
1124 1462 1267 1517 dicat
1306 1468 1362 1516 et
1399 1460 1630 1515 Patrem.
1660 1456 1741 1512 Tu
1766 1455 1903 1511 adde

306 1578 467 1635 quem
517 1561 662 1617 tollis
682 1602 696 1625 ,
727 1567 783 1614 tu
814 1557 1044 1628 adimpte
1086 1568 1246 1626 quem
1293 1552 1509 1617 minuis,
1542 1559 1597 1606 et
1624 1550 1900 1604 nobiscum

306 1656 466 1712 ambo
508 1652 802 1709 consistitis
827 1669 841 1706 :
868 1642 992 1721 quia
1036 1656 1136 1703 nec
1180 1656 1239 1701 tu
1277 1646 1440 1710 tollis,
1469 1656 1570 1699 nec
1611 1651 1666 1698 tu
1705 1642 1901 1695 miuuis

307 1762 432 1804 eum
457 1747 551 1817 qui
593 1754 648 1800 et
688 1745 824 1799 alter
864 1750 947 1798 est
988 1756 1020 1795 a
1054 1740 1231 1805 Patre,
1260 1746 1319 1792 ut
1344 1736 1628 1792 convincas
1656 1732 1901 1788 sabellia-

306 1854 455 1904 num,
480 1846 537 1893 et
559 1835 775 1907 aequalis
792 1828 957 1898 Patri,
979 1839 1036 1886 ut
1062 1826 1349 1886 convincas
1370 1828 1631 1882 arianum.
1655 1825 1900 1895 Utrisque

304 1932 450 1989 enim
476 1930 692 1996 clamat,
716 1926 829 1998 Ego
858 1933 903 1979 et
929 1921 1083 1978 Pater
1103 1937 1261 1976 unum
1290 1935 1466 1975 sumus
1498 1918 1674 1993 (Joan.
1702 1934 1757 1983 κ,
1780 1916 1895 1985 '50).

303 2023 459 2092 Quod
485 2023 580 2089 ait,
604 2036 781 2087 unum,
804 2017 1025 2073 audiant
1044 2015 1259 2081 Ariani;
1287 2013 1431 2085 quod
1455 2013 1551 2080 ait,
1581 2027 1776 2077 sumus,
1799 2025 1897 2063 au-

303 2114 457 2170 diant
477 2111 767 2168 Sabelliani
796 2127 811 2163 :
838 2118 895 2165 et
922 2121 1023 2165 nec
1048 2106 1125 2162 illi
1150 2106 1428 2177 aequalem,
1452 2119 1551 2161 nec
1580 2103 1653 2158 illi
1672 2103 1898 2159 alterum

305 2203 553 2277 negando
581 2202 690 2259 sint
722 2200 865 2256 vani.
894 2198 951 2255 Si
980 2213 1108 2269 ergo
1131 2196 1380 2266 quoniam
1408 2194 1562 2262 dixit,
1597 2192 1760 2249 Verba
1787 2209 1899 2263 qua:

303 2313 395 2369 ego
426 2296 609 2365 loquor
628 2292 786 2359 vobis,
811 2308 844 2345 α
869 2292 1059 2361 meipso
1088 2306 1190 2344 non
1216 2289 1414 2358 loquor,
1443 2296 1722 2357 propterea
1746 2296 1898 2356 puta-

306 2398 394 2445 tur
422 2402 597 2457 usque
634 2386 771 2441 adeo
808 2383 1026 2453 imparis
1064 2381 1360 2452 potestatis,
1395 2389 1451 2435 ut
1477 2395 1583 2435 non
1612 2378 1755 2450 quod
1784 2380 1898 2448 ipse

303 2480 420 2536 vult
461 2479 655 2544 faciat;
681 2476 929 2533 audiatur
963 2474 1107 2546 quod
1138 2474 1303 2539 dixit,
1333 2472 1481 2528 Sicut
1507 2471 1665 2526 Pater
1691 2473 1899 2527 suscitat

304 2582 533 2628 mortuos
575 2580 623 2626 et
670 2571 909 2639 uioiﬁcat,
937 2570 1012 2625 sic
1052 2578 1101 2623 et
1139 2568 1309 2622 Filius
1346 2581 1472 2638 quos
1513 2567 1621 2621 uult
1658 2566 1893 2635 viviﬁcat.

305 2663 437 2720 item
463 2663 513 2719 si
545 2662 799 2733 quoniam
831 2660 988 2727 dixit,
1012 2659 1168 2714 Pater
1200 2658 1254 2713 in
1286 2674 1366 2712 me
1396 2672 1625 2722 manens,
1648 2662 1756 2727 ipse
1778 2656 1897 2725 facit

303 2775 482 2829 apera,
517 2764 798 2827 prepterea
837 2764 1054 2827 putatur
1090 2769 1196 2810 non
1234 2753 1371 2808 alius
1408 2767 1529 2808 esse
1558 2752 1736 2817 Pater,
1764 2750 1897 2805 alius

302 2854 451 2922 ipse;
475 2849 721 2905 audiatur
745 2848 883 2919 quod
904 2848 1053 2915 dixit,
1084 2847 1424 2917 Quacumque
1448 2845 1605 2901 Pater
1631 2846 1770 2916 facit,
1790 2846 1897 2899 lucc

302 2953 348 2999 ct
374 2942 546 2998 Filius
574 2943 807 2997 similiter
830 2943 953 3011 facit
982 2940 1000 3014 (
1028 2941 1110 2995 Id.
1136 2958 1187 3005 v,
1214 2942 1306 3007 21,
1340 2939 1406 2996 19
1430 2940 1469 3011 );
1496 2948 1552 2996 et
1576 2940 1898 3010 intelligatur

302 3050 411 3091 non
441 3034 525 3090 bis
552 3047 709 3099 unus,
735 3033 830 3090 sed
851 3032 957 3088 duo
988 3048 1172 3087 unum.
1200 3030 1399 3088 Verum
1426 3030 1551 3100 quia
1576 3031 1654 3086 sic
1678 3032 1897 3101 aequalis

302 3129 436 3185 alter
464 3127 639 3191 alteri,
673 3136 733 3183 ut
760 3135 937 3182 tamen
966 3125 1103 3181 alter
1124 3141 1192 3181 ex
1214 3124 1405 3191 altero,
1431 3123 1551 3179 ideo
1576 3138 1684 3178 non
1722 3123 1895 3192 loqui-

304 3230 387 3278 tur
414 3236 445 3276 a
472 3219 783 3289 semetipso,
806 3218 929 3288 quia
955 3232 1063 3273 non
1091 3225 1174 3273 est
1201 3230 1231 3271 a
1260 3216 1439 3287 seipse
1465 3234 1478 3271 :
1505 3224 1563 3271 et
1589 3214 1711 3271 ideo
1740 3216 1897 3272 Pater

304 3310 354 3366 in
380 3310 476 3367 illo
507 3323 729 3365 manens
754 3307 881 3362 facit
899 3322 1060 3377 opera
1086 3307 1221 3377 ipse,
1247 3306 1371 3377 quia
1396 3318 1492 3375 per
1509 3321 1669 3375 quem
1693 3314 1750 3361 et
1770 3310 1896 3361 cum

303 3417 405 3472 quo
435 3400 582 3467 facit,
615 3415 723 3455 non
753 3409 835 3455 est
864 3399 965 3454 nisi
998 3397 1066 3453 ab
1094 3397 1231 3468 ipso.
1255 3397 1495 3467 Denique
1527 3396 1768 3467 adjungit
1787 3436 1801 3463 ,
1841 3404 1897 3453 et

300 3495 428 3550 dicit
458 3512 471 3547 :
505 3492 628 3549 Non
667 3491 870 3547 creditis
898 3492 1019 3561 quia
1058 3506 1149 3562 ego
1177 3490 1233 3543 in
1267 3487 1448 3557 Patre,
1478 3498 1525 3543 et
1552 3487 1710 3542 Pater
1737 3490 1790 3542 in
1818 3490 1898 3542 'me

300 3596 372 3642 est
393 3587 419 3640 ?
441 3585 682 3655 Alioquin
722 3594 926 3654 propter
968 3599 1125 3654 opera
1162 3582 1277 3652 ipsa
1320 3580 1527 3636 credite.
1553 3580 1724 3636 Antea
1751 3581 1896 3636 solus

302 3677 579 3746 Philippus
605 3675 946 3746 arguebatur,
969 3689 1111 3729 nunc
1136 3682 1313 3728 autem
1340 3688 1447 3727 non
1474 3670 1545 3726 ibi
1571 3688 1693 3728 eum
1720 3670 1895 3727 solum

300 3768 468 3825 fuisse
507 3768 597 3838 Qui
630 3775 775 3824 esset
805 3766 1106 3837 arguendus
1134 3764 1450 3821 ostenditur.
1475 3763 1696 3835 Propter
1721 3780 1893 3834 opera,

303 3860 495 3932 inquit,
521 3861 634 3931 ipsa
671 3861 855 3914 credite
887 3860 1005 3929 quia
1038 3876 1131 3929 ego
1160 3859 1215 3913 in
1242 3856 1427 3924 Patre,
1462 3866 1510 3912 et
1550 3855 1707 3910 Pater
1735 3858 1789 3911 in
1818 3873 1896 3911 me

300 3965 372 4009 est
396 3971 415 4009 :
445 3969 623 4024 neque
650 3955 792 4009 enim
826 3954 872 4009 si
910 3954 1139 4024 separati
1170 3966 1431 4018 essemus,
1471 3951 1897 4035 inseparabiliter

300 4046 517 4115 operari
544 4046 647 4100 ulla
670 4046 876 4102 ratione
900 4059 1201 4116 possemus.

370 4139 423 4193 3.
465 4136 573 4193 Sed
596 4136 721 4207 quid
742 4144 825 4191 est
846 4136 989 4206 quod
1018 4136 1280 4205 sequitur,
1313 4153 1334 4187 ι
1372 4133 1567 4200 Amen,
1594 4134 1749 4189 amen
1777 4132 1896 4190 dico

304 4229 475 4295 vobis,
500 4228 594 4299 qui
620 4227 791 4283 credit
822 4229 876 4282 in
904 4242 1013 4293 me,
1040 4242 1204 4297 opera
1234 4242 1354 4297 quas
1381 4241 1482 4297 ego
1509 4226 1667 4293 facio,
1699 4235 1753 4282 et
1784 4227 1898 4297 ipse

303 4320 497 4387 faciet,
533 4329 591 4376 et
632 4320 835 4389 majora
866 4320 1058 4375 horum
1089 4319 1276 4385 faciet;
1306 4319 1426 4389 quia
1463 4333 1562 4389 ego
1587 4317 1654 4373 ad
1684 4317 1896 4373 Patrem

304 4412 439 4467 vado
466 4429 481 4467 :
510 4421 565 4466 et
594 4422 942 4481 quaecumque
971 4410 1229 4480 petieritis
1268 4411 1322 4466 in
1359 4409 1578 4465 nomine
1611 4423 1752 4474 meo,
1783 4410 1898 4464 hch

303 4504 516 4558 faciam.
536 4502 607 4558 Ut
626 4502 953 4573 gloriﬁcatur
974 4502 1132 4557 Pater
1150 4502 1207 4557 in
1232 4501 1390 4568 Filio,
1419 4501 1465 4556 si
1491 4501 1615 4572 quid
1640 4500 1896 4570 petieritis

303 4596 355 4650 in
404 4595 624 4649 nomine
667 4608 809 4659 meo,
851 4594 955 4649 hoc
1000 4593 1212 4649 faciam.
1249 4611 1267 4645 ι
1301 4593 1443 4664 Ergo
1478 4604 1532 4647 et
1576 4590 1661 4647 illa
1693 4591 1897 4662 majora

301 4703 466 4759 opera
497 4688 733 4757 seipsum
757 4687 1019 4742 facturum
1039 4701 1159 4743 esse
1179 4685 1443 4757 promisit.
1468 4686 1583 4742 Non
1604 4700 1661 4741 se
1677 4685 1898 4741 extollat

302 4796 488 4835 servus
532 4795 698 4850 supra
746 4780 1051 4846 Dominum,
1099 4788 1154 4834 et
1196 4779 1488 4849 discipulus
1534 4792 1694 4849 supra
1732 4780 1900 4851 magi-

303 4883 473 4928 strum
500 4871 611 4945 (Id.
637 4889 758 4937 xm,
784 4872 872 4943 16)
900 4891 914 4926 :
939 4874 1141 4943 majora
1163 4888 1321 4943 quam
1349 4874 1463 4943 ipse
1484 4872 1627 4941 facit,
1651 4873 1779 4929 dicit
1804 4889 1896 4930 eos

302 4984 422 5023 esse
456 4967 729 5033 facturos;
762 4967 855 5023 sed
886 4968 938 5022 in
970 4968 1047 5023 eis
1073 4965 1160 5023 vel
1186 4983 1283 5038 per
1312 4982 1406 5023 eos
1431 4981 1490 5023 se
1520 4967 1765 5034 faciente,
1790 4983 1893 5024 non

303 5059 430 5130 ipsis
458 5069 713 5130 tanquam
743 5075 809 5115 ex
839 5060 1049 5129 seipsis.
1070 5059 1130 5114 Ei
1159 5060 1353 5129 quippe
1382 5060 1644 5125 cantatur,
1672 5057 1898 5131 Diligam

306 5160 369 5218 te,
400 5150 640 5218 Domine,
682 5153 838 5205 virtus
876 5166 987 5205 mea
1020 5148 1193 5220 (Psal.
1223 5164 1356 5215 xvn,
1386 5152 1465 5221 2).
1496 5150 1601 5206 Sed
1628 5166 1746 5221 quae
1777 5161 1900 5206 sunt

306 5245 519 5301 tandem
551 5245 652 5299 ista
678 5244 914 5314 majora?
942 5244 1023 5298 An
1049 5242 1185 5299 forte
1207 5241 1346 5314 quod
1371 5258 1539 5314 aegros
1568 5240 1697 5313 ipsis
1726 5252 1900 5298 trans-

304 5337 576 5405 euntibus,
614 5336 775 5392 etiam
812 5351 1000 5392 eorum
1033 5336 1218 5391 umbra
1244 5332 1467 5391 sanabat
1497 5334 1652 5407 (Act.
1682 5353 1732 5400 v,
1765 5337 1830 5393 15
1852 5336 1898 5407 )?

304 5426 475 5497 Majas
496 5437 582 5482 est
610 5429 753 5483 enim
780 5436 838 5484 ut
868 5437 1018 5484 sanet
1046 5427 1237 5483 umbra
1260 5443 1417 5500 quam
1446 5427 1649 5483 ﬁmbria
1679 5428 1895 5499 (Matth.

308 5534 421 5583 xiv,
470 5520 603 5591 56).
653 5512 930 5602 Illud/per
976 5535 1055 5588 se,
1099 5519 1201 5576 hoc
1239 5536 1333 5591 per
1376 5520 1553 5591 ipsos;
1583 5518 1679 5576 sed
1721 5529 1899 5577 tamen

302 5620 594 5683 utrumque
614 5611 746 5683 ipse.
771 5602 1148 5669 Verumtamen
1172 5610 1383 5684 quando
1406 5614 1505 5667 ista
1527 5612 1757 5679 diccbat,
1780 5629 1902 5669 vcr-

306 5705 495 5761 borum
521 5720 739 5762 suorum
772 5720 936 5779 opera
964 5705 1374 5763 commendabat
1404 5724 1416 5761 :
1447 5704 1523 5762 sic
1564 5707 1705 5761 enim
1748 5706 1899 5763 dixe-

307 5809 411 5864 rat,
448 5797 613 5854 Verba
639 5816 753 5870 quae
779 5817 869 5873 ego
899 5802 1077 5869 loquor
1104 5798 1260 5866 vobis,
1285 5817 1315 5853 a
1345 5801 1533 5870 meipso
1562 5816 1664 5854 non
1690 5801 1900 5871 loquor;

311 5889 470 5951 Pater
489 5904 659 5950 autem
682 5896 733 5950 in
757 5912 835 5951 me
856 5912 1082 5966 manens,
1102 5896 1211 5968 ipsa
1235 5895 1360 5968 facit
1383 5911 1558 5968 opera.
1582 5894 1713 5963 Qua:
1737 5910 1903 5966 opera

1382 415 1791 477 TRACTATUS
1823 414 2039 474 LXXII.
2077 416 2302 478 CAPUT
2337 419 2480 481 XIV.

3460 428 3603 492 1829

2016 534 2144 588 tunc
2165 532 2398 603 dicebat,
2433 534 2538 591 nisi
2570 536 2734 594 verba
2766 552 2891 610 quae
2928 538 3279 612 loquebatur?
3305 542 3604 602 Audiehant

2016 633 2072 682 et
2091 625 2379 681 credebant
2406 627 2503 695 illi,
2525 638 2580 684 et
2603 631 2914 685 eorumdem
2938 632 3226 688 verborum
3258 634 3457 690 fructus
3485 645 3601 695 erat

2013 717 2148 775 ﬁdes
2176 718 2388 775 illorum
2417 740 2429 776 :
2457 732 2823 780 verumtamen
2848 728 3337 797 evangelizantibus
3362 730 3599 801 discipu-

2033 811 2102 878 is,
2127 828 2234 867 non
2262 819 2371 867 tam
2411 815 2562 885 pauci
2598 824 2757 886 quam
2799 818 2877 872 illi
2908 826 3080 889 erant,
3105 821 3199 877 sed
3226 834 3410 894 gentes
3438 826 3597 881 etiam

2012 904 2389 972 crediderunt;
2433 907 2547 963 haec
2575 918 2699 965 sunt
2734 911 2850 967 sine
2877 911 3205 970 dubitatione
3233 916 3455 986 majora.
3486 917 3596 975 Nec

2012 1005 2189 1053 tamen
2218 998 2325 1067 ait,
2356 999 2551 1070 Majora
2584 1002 2772 1057 horum
2809 1005 3032 1074 facietis,
3059 1017 3115 1062 ut
3144 1009 3290 1063 solos
3315 1009 3596 1081 Apostolus

2012 1105 2074 1146 ea
2101 1100 2414 1161 putaremus
2433 1109 2553 1149 esse
2583 1095 2843 1163 facturos;
2873 1099 2988 1166 sed,
3015 1099 3116 1166 Qui
3144 1102 3303 1155 credit
3320 1100 3374 1156 in
3394 1121 3493 1171 me,
3516 1104 3595 1159 in.

2009 1184 2145 1253 quit,
2172 1201 2327 1253 opera
2350 1202 2463 1255 qua:
2490 1202 2579 1257 ego
2610 1188 2763 1257 facio,
2788 1199 2834 1242 et
2861 1191 2971 1260 ipse
3001 1192 3167 1262 faciet,
3197 1203 3244 1249 et
3276 1196 3472 1265 majora
3500 1197 3594 1250 Ito-

2009 1291 2125 1329 rum
2149 1278 2318 1347 faciet.
2342 1278 2487 1334 Itane
2513 1279 2831 1351 quicumque
2868 1283 3040 1339 credit
3072 1284 3125 1339 in
3152 1284 3441 1352 curiatum,
3471 1287 3595 1344 facit

2006 1383 2127 1437 quae
2145 1369 2402 1437 Christus,
2425 1372 2507 1427 vel
2535 1372 2737 1442 majora
2758 1390 2915 1443 quam
2934 1376 3211 1432 Christus?
3231 1378 3345 1434 Non
3366 1390 3592 1449 praeter-

2006 1471 2199 1517 eunter
2242 1462 2344 1519 ista
2386 1466 2658 1521 tractanda
2694 1474 2840 1534 sunt,
2876 1480 2977 1524 nec
3012 1469 3209 1527 debent
3253 1470 3593 1530 festinatione

2008 1558 2362 1628 praecipitari;
2408 1559 2504 1617 sed
2548 1569 2612 1617 ea
2654 1562 2799 1632 cogit
2838 1563 3235 1621 concludendus
3273 1564 3384 1636 jam
3411 1578 3590 1624 sermo

2006 1647 2107 1707 iste
2132 1648 2353 1706 differri.

2468 1766 2877 1825 TRACTATUS
2915 1767 3125 1825 LXXII.

2481 1868 2548 1939 in
2575 1884 2799 1939 eamdem
2834 1866 3112 1941 lectionem.

2076 2018 2129 2073 l.
2153 2016 2289 2086 Quid
2309 2017 2411 2075 sibi
2433 2018 2583 2086 velit,
2610 2028 2666 2075 et
2681 2020 2947 2090 quomodo
2966 2020 3332 2092 accipiendum
3358 2022 3429 2078 sit
3447 2023 3590 2094 quod

2003 2108 2262 2165 Dominus
2289 2109 2382 2177 ait,
2415 2108 2515 2175 Qui
2542 2111 2699 2166 credit
2724 2112 2777 2165 in
2807 2128 2903 2178 me,
2928 2128 3083 2181 opera
3111 2128 3225 2184 qua:
3247 2131 3338 2183 ego
3363 2116 3513 2187 facio,
3545 2125 3592 2181 et

2002 2202 2112 2272 ipse
2131 2204 2302 2273 faciet,
2328 2218 2433 2257 non
2456 2211 2538 2258 est
2562 2203 2713 2259 facile
2738 2206 3192 2275 comprehendere
3223 2227 3237 2263 :
3264 2218 3461 2264 etcum
3490 2210 3591 2265 hoc

2003 2294 2070 2350 ad
2096 2295 2500 2364 intelligendum
2526 2295 2895 2351 difficillimum
2925 2300 3013 2365 sit,
3046 2298 3240 2368 adjecit
3267 2299 3409 2355 aliud
3450 2301 3591 2355 diffi-

2001 2387 2177 2453 cilius,
2209 2386 2278 2441 Et
2304 2388 2502 2458 majora
2526 2388 2708 2444 [totum
2736 2388 2905 2457 faciet.
2940 2389 3078 2456 Quid
3104 2399 3186 2445 est
3219 2390 3353 2447 hoc?
3381 2391 3482 2457 Qui
3508 2391 3591 2446 fa-

2002 2489 2151 2536 ceret
2190 2493 2350 2550 0pera
2394 2494 2512 2549 quae
2538 2479 2780 2535 Christus
2817 2480 2968 2546 fecit,
3014 2497 3122 2536 non
3158 2476 3589 2549 inveniebamus;

2002 2573 2092 2643 qui
2114 2572 2273 2628 etiam
2294 2571 2497 2641 majora
2520 2571 2694 2637 faciet,
2716 2572 2979 2628 inventuri
3007 2573 3232 2627 sumus?
3257 2572 3363 2630 Sed
3381 2573 3593 2629 dixera-

2004 2679 2125 2720 mus
2170 2677 2417 2718 sermone
2458 2663 2683 2734 pristino
2725 2664 2850 2733 quia
2890 2664 3061 2733 majus
3099 2663 3198 2719 fuit
3238 2664 3442 2720 umbrae
3482 2679 3592 2719 suae

2006 2755 2229 2810 transitu
2250 2795 2266 2821 ,
2297 2753 2441 2824 quod
2470 2754 2713 2823 discipuli
2743 2754 2980 2810 fecerunt
3013 2756 3150 2825 (Act.
3182 2772 3244 2821 v,
3285 2757 3396 2827 i5),
3428 2770 3588 2826 quam

2002 2848 2226 2904 fnubriae
2260 2862 2370 2903 sua:
2400 2856 2561 2915 tactu,
2588 2847 2731 2918 quod
2773 2849 2889 2917 ipse
2919 2848 3176 2903 Dominus
3204 2846 3329 2903 fecit
3355 2849 3373 2919 (
3402 2848 3587 2902 Matth.

2002 2958 2112 3007 xiv,
2140 2941 2253 3012 56),
2287 2954 2477 2998 sanare
2498 2942 2844 3011 languentes;
2875 2948 2930 2995 et
2953 2941 3077 3011 quia
3098 2942 3274 3011 plures
3295 2942 3587 3012 Apostolis,

1999 3048 2162 3104 quam
2185 3032 2303 3103 ipso
2330 3048 2426 3104 per
2454 3047 2517 3087 os
2554 3033 2825 3103 proprium
2863 3032 3188 3103 praedicante
3215 3034 3437 3089 Domino
3466 3051 3588 3091 cre-

2000 3124 2287 3180 diderunt:
2323 3132 2381 3180 ut
2407 3124 2524 3179 huic
2554 3124 2864 3179 viderentur
2892 3138 3053 3193 opera
3092 3120 3431 3195 intelligenda
3472 3139 3594 3181 esse

2001 3219 2204 3288 majora
2235 3236 2248 3273 :
2281 3233 2386 3273 non
2413 3228 2519 3288 quo
2545 3218 2716 3288 major
2739 3225 2883 3272 esset
2903 3217 3155 3287 Magistro
3171 3217 3479 3287 discipulus,
3508 3218 3592 3272 vel

2000 3310 2228 3365 Domino
2270 3324 2476 3378 servus,
2508 3310 2593 3365 vel
2629 3308 2911 3378 adoptatus
2958 3308 3271 3379 Unigenito,
3312 3309 3396 3362 vel
3430 3306 3590 3362 homo

2002 3402 2142 3468 Deo;
2170 3401 2264 3458 sed
2293 3402 2435 3473 quod
2465 3417 2561 3472 per
2588 3402 2705 3457 illos
2736 3402 2848 3471 ipse
2872 3401 3183 3471 dignaretur
3211 3399 3396 3455 eadem
3427 3401 3596 3468 majo-

2001 3510 2059 3550 ra
2080 3495 2276 3562 facere,
2306 3495 2397 3565 qui
2419 3494 2548 3550 dicit
2573 3494 2679 3555 illis
2699 3494 2803 3549 alio
2830 3494 2969 3559 loco,
2993 3493 3118 3548 Sine
3138 3510 3215 3547 me
3240 3492 3369 3547 nihil
3389 3494 3595 3565 potestis

2002 3589 2168 3659 facere
2196 3589 2375 3659 (Joan.
2401 3602 2489 3654 xv,
2518 3587 2595 3660 5).
2621 3588 2737 3658 ipse
2757 3589 2974 3658 quippe,
2994 3584 3170 3640 utalia
3193 3576 3455 3650 oinittam,
3475 3602 3593 3657 qua:

2001 3687 2126 3734 sunt
2153 3678 2579 3745 innumerabilia,
2604 3678 2717 3733 sine
2744 3678 2872 3746 ipsis
2900 3676 3021 3731 fecit
3041 3691 3154 3741 eos,
3179 3677 3293 3730 sine
3318 3676 3447 3745 ipsis
3469 3677 3593 3731 fecit

2002 3770 2145 3826 hunc
2160 3770 2452 3835 mundum;
2480 3778 2535 3823 et
2558 3770 2679 3839 quia
2702 3769 2864 3822 homo
2889 3768 3047 3822 etiam
3070 3767 3183 3837 ipse
3207 3760 3320 3821 fieri
3345 3756 3590 3836 dignatus

2001 3872 2103 3926 est,
2130 3863 2244 3917 sine
2282 3861 2410 3931 ipsis
2436 3861 2559 3915 fecit
2591 3868 2645 3915 et
2673 3860 2927 3928 scipsum.
2970 3858 3105 3926 Quid
3157 3868 3332 3912 autem
3363 3857 3439 3911 illi
3470 3858 3589 3912 sine

2002 3954 2148 4024 ipso,
2189 3952 2291 4007 nisi
2330 3950 2645 4021 peccatum?
2676 3951 2911 4020 Denique
2938 3958 2991 4004 et
3022 3949 3108 4003 hic
3136 3948 3186 4003 id
3217 3949 3357 4019 quod
3396 3949 3463 4003 de
3492 3949 3590 4005 hac

2001 4059 2061 4099 re
2085 4052 2293 4114 poterat
2331 4058 2430 4097 nos
2459 4042 2705 4109 movere,
2735 4056 2859 4095 mox
2898 4036 3117 4096 abstulit
3150 4059 3162 4094 :
3189 4057 3307 4096 cum
3340 4040 3478 4096 enim
3509 4026 3593 4096 di—

2002 4136 2199 4203 xisset,
2232 4135 2335 4200 Qui
2359 4135 2515 4189 credit
2544 4135 2596 4187 in
2634 4149 2740 4201 me,
2773 4149 2926 4203 opera
2954 4148 3069 4203 qua:
3097 4150 3186 4205 ego
3223 4134 3383 4204 facio,
3414 4144 3460 4187 et
3484 4135 3591 4204 ipse

2002 4228 2173 4298 faciet,
2202 4236 2248 4283 et
2264 4229 2462 4297 majora
2483 4228 2665 4281 horum
2686 4227 2869 4298 faciet;
2891 4227 3144 4280 continuo
3166 4236 3377 4281 secutus
3405 4226 3591 4295 adjun-

2001 4320 2094 4386 xit,
2130 4321 2261 4385 Quia
2288 4334 2377 4391 ego
2403 4321 2471 4375 ad
2495 4319 2704 4374 Patrem
2729 4320 2877 4387 vado,
2902 4329 2947 4374 et
2970 4336 3299 4393 quaecumque
3327 4321 3584 4391 petieritis,

2002 4414 2055 4467 in
2080 4414 2280 4468 nomine
2296 4428 2425 4479 meo,
2450 4413 2555 4468 lucc
2586 4414 2790 4484 faciam.
2819 4413 2920 4480 Qui
2948 4412 3153 4467 dixerat
3183 4414 3351 4482 faciet,
3381 4423 3497 4484 post
3518 4414 3593 4470 ait

2003 4507 2226 4577 faciant;
2260 4513 2508 4575 tanquam
2537 4505 2742 4560 diceret
2773 4546 2787 4570 ,
2811 4505 2925 4560 Non
2957 4505 3106 4560 vobis
3134 4504 3462 4577 impossibile
3491 4508 3593 4563 hoc

2000 4595 2243 4652 videatur
2274 4616 2287 4651 :
2321 4611 2425 4651 nou
2459 4598 2599 4651 enim
2628 4598 2822 4667 poterit
2849 4610 2969 4653 esse
2998 4598 3168 4668 major
3198 4613 3283 4653 me
3310 4600 3396 4668 qui
3423 4599 3592 4653 credit

2002 4690 2056 4745 in
2083 4704 2190 4757 me,
2223 4689 2317 4745 sed
2348 4704 2447 4759 ego
2475 4688 2713 4743 facturus
2746 4704 2862 4743 sum
2911 4697 2965 4745 et
3009 4696 3136 4745 tunc
3184 4696 3384 4759 majora
3434 4706 3590 4760 quam

2001 4795 2179 4846 nunc;
2207 4782 2409 4851 majora
2432 4795 2527 4851 per
2551 4796 2673 4835 eum
2700 4783 2789 4852 qui
2812 4782 2982 4837 credit
3002 4782 3053 4836 in
3082 4797 3186 4848 me,
3214 4797 3370 4852 quam
3399 4791 3591 4851 prmtcr

2001 4888 2125 4929 eum
2155 4887 2250 4942 per
2276 4886 2364 4927 me
2392 4889 2406 4925 :
2438 4886 2538 4942 ego
2586 4881 2760 4927 tamen
2790 4873 2904 4943 ipse
2932 4881 3126 4942 praeter
3153 4888 3274 4927 cum
3294 4916 3307 4941 ,
3346 4888 3444 4944 ego
3482 4873 3592 4941 ipse

2002 4978 2100 5034 per
2126 4978 2249 5018 eum
2278 4980 2292 5016 :
2322 4963 2417 5018 sed
2451 4963 2662 5033 quando
2690 4973 2886 5034 praeter
2911 4980 3030 5020 eum
3049 5008 3063 5031 ,
3107 4978 3212 5019 non
3246 4964 3401 5019 faciet
3446 4964 3589 5033 nise;

2003 5056 2216 5128 quando
2231 5068 2406 5113 autem
2433 5072 2529 5127 per
2545 5073 2686 5122 eum,
2708 5058 2949 5127 quamvis
2978 5074 3081 5112 non
3108 5072 3204 5128 per
3225 5059 3592 5126 semetipsum,

2005 5148 2163 5204 faciet
2200 5157 2254 5204 et
2295 5150 2427 5219 ipse.
2468 5150 2636 5204 Porro
2674 5157 2851 5205 autem
2883 5151 3085 5220 majora
3124 5151 3298 5206 facere
3341 5166 3435 5220 per
3472 5166 3593 5205 cum

2004 5256 2163 5313 quam
2200 5252 2394 5312 printer
2432 5256 2575 5307 eum,
2628 5256 2736 5296 non
2780 5250 2863 5299 est
2898 5241 3159 5309 defectio,
3200 5242 3292 5296 sed
3337 5241 3592 5312 dignatio.

2004 5334 2141 5401 Quid
2168 5335 2310 5389 enim
2332 5334 2627 5390 retribuant
2647 5334 2786 5390 servi
2814 5335 3057 5401 Domino,
3089 5349 3184 5404 pro
3203 5332 3451 5389 omnibus
3475 5350 3594 5405 qua:

2005 5425 2250 5482 retribuit
2273 5428 2352 5482 eis
2380 5426 2552 5500 (Psat.
2577 5443 2698 5496 cxv,
2724 5427 2851 5499 12)?
2876 5426 3315 5499 Quandoquidem
3337 5429 3477 5485 inter
3494 5446 3600 5485 ca:-

2010 5528 2120 5575 tera
2152 5520 2289 5575 bona
2316 5522 2475 5576 etiam
2508 5521 2608 5576 hoc
2634 5521 2713 5577 eis
2739 5520 2940 5576 donare
2974 5521 3219 5592 dignatus
3248 5531 3329 5577 est
3349 5566 3363 5590 ,
3394 5531 3453 5578 ut
3478 5538 3596 5578 ma-

2003 5612 2122 5683 jOra
2148 5614 2345 5669 faceret
2371 5628 2465 5685 per
2490 5614 2611 5669 illos
2638 5603 2795 5685 quam
2824 5618 3017 5684 prtcter
3037 5614 3176 5669 illos.
3200 5615 3386 5671 Nonne
3413 5617 3480 5671 ab
3503 5632 3601 5671 ore

2009 5707 2149 5763 illius
2176 5707 2325 5763 dives
2353 5707 2446 5763 ille
2488 5708 2653 5763 tristis
2679 5709 2956 5776 abscessit,
2988 5710 3198 5781 quando
3226 5712 3349 5766 vitm
3380 5720 3594 5765 :otcrnae

2009 5803 2289 5858 consilium
2318 5802 2562 5873 quaesivit
2590 5801 2803 5876 (Matth.
2838 5818 2948 5869 xix,
2980 5802 3210 5877 16-22)?
3238 5804 3469 5874 Audivit,
3498 5800 3597 5860 ab-

2010 5896 2174 5962 iecit:
2204 5904 2259 5951 et
2286 5901 2465 5952 tamen
2498 5903 2682 5968 postea
2702 5894 2844 5968 quod
2872 5896 3056 5956 abillo
3080 5898 3318 5956 auditum
3344 5915 3449 5959 non
3475 5892 3600 5960 fecit
