4102 6514
514 558 677 609 unus,
709 539 947 596 fecenmt
990 537 1159 603 multi,
1188 550 1307 590 cum
1337 535 1644 605 loqueretur
1667 545 1765 601 per
1802 525 2094 597 discipulos

515 635 768 705 magister
795 634 996 697 bonus;
1036 626 1451 696 contemptibilis
1484 626 1535 682 ei
1560 638 1717 695 quem
1742 621 1961 676 divitem
2000 633 2097 689 per

524 729 748 798 .eipsum
791 725 1021 787 monuit,
1052 722 1292 777 amabilis
1320 721 1398 775 eis
1425 734 1560 790 quos
1587 735 1652 775 ex
1680 716 1929 773 divitibus
1960 727 2093 783 pau-

518 835 672 892 peres
710 834 804 889 per
832 830 1092 887 pauperes
1122 808 1264 869 fecit.
1294 813 1432 867 Ecce
1458 811 1658 881 majora
1686 808 1810 865 fecit
1835 805 2093 878 praedica-

515 921 599 967 tus
622 927 657 967 ι
683 908 1043 972 credentibus,
1073 921 1229 975 quam
1260 905 1467 959 locutus
1494 901 1851 958 audientibus.

583 1001 640 1056 2.
686 999 880 1056 Verum
904 998 1003 1052 hoc
1028 997 1200 1051 adhuc
1220 1006 1430 1061 movet,
1460 994 1601 1066 quod
1628 992 1743 1048 haec
1766 991 1968 1060 majora
1998 1003 2094 1058 per

514 1096 801 1165 Apostolos
838 1094 997 1169 fecit;
1030 1108 1134 1147 non
1165 1101 1343 1148 autem
1377 1092 1520 1162 ipsos
1564 1099 1767 1145 tantum
1792 1086 2094 1166 significans

514 1188 605 1252 ait,
635 1188 805 1257 Opera
826 1202 942 1256 qua:
963 1201 1061 1255 ego
1083 1186 1217 1241 facio
1241 1195 1295 1241 et
1317 1200 1412 1240 vos
1438 1185 1661 1250 facietis,
1687 1192 1742 1239 et
1766 1183 1968 1252 majora
2001 1181 2096 1235 ho-

515 1300 634 1341 rum
667 1287 867 1343 facietis
896 1307 909 1343 :
940 1288 1032 1343 sed
1064 1304 1251 1343 omnes
1276 1286 1342 1342 ad
1372 1302 1519 1341 suam
1549 1284 1798 1340 familiam
1825 1283 2093 1353 pertinen-

517 1383 594 1428 tes
635 1378 855 1449 intelligi
903 1379 1105 1442 volens,
1151 1378 1252 1444 Qui
1288 1377 1443 1431 credit
1476 1376 1529 1429 in
1573 1391 1670 1439 me,
1722 1373 1909 1443 inquit,
1942 1388 2095 1443 Opera

511 1482 625 1535 quae
649 1485 739 1539 ego
764 1470 896 1538 facio
916 1512 931 1533 ,
959 1480 1006 1524 et
1028 1472 1135 1539 ipse
1154 1471 1322 1542 faciet,
1353 1480 1401 1523 et
1422 1471 1619 1540 majora
1643 1467 1823 1521 horum
1843 1466 2012 1535 faciet.
2037 1464 2095 1520 Si

514 1572 643 1628 ergo
681 1561 771 1630 qui
800 1562 971 1617 credit
1003 1562 1180 1630 faciet,
1215 1578 1318 1617 non
1358 1562 1525 1617 credit
1559 1562 1739 1632 utique
1765 1560 1855 1630 qui
1885 1575 1989 1613 non
2018 1558 2089 1612 fa-

516 1650 620 1705 ciet
659 1671 669 1705 :
705 1653 855 1707 sicuti
892 1664 992 1719 est,
1027 1655 1127 1721 Qui
1153 1655 1317 1726 diligit
1344 1671 1422 1708 me
1445 1696 1459 1719 ,
1486 1653 1727 1707 mandata
1746 1668 1857 1705 mea
1875 1651 2094 1705 custodit

518 1742 696 1814 (Joan.
727 1761 834 1810 xlv,
866 1745 954 1818 21)
979 1764 993 1812 ;
1020 1747 1157 1802 unde
1196 1748 1431 1817 profecto
1458 1747 1546 1817 qui
1573 1762 1677 1800 non
1703 1744 1951 1809 custodit,
1987 1760 2095 1799 non

514 1835 703 1905 diligit.
737 1837 865 1892 item
907 1840 1011 1894 alio
1040 1840 1176 1904 loco,
1212 1840 1310 1905 Qui
1352 1841 1521 1905 audit,
1552 1839 1750 1909 inquit,
1799 1838 1943 1892 verba
1984 1855 2095 1891 mea

515 1928 622 1980 haec
647 1937 691 1981 et
718 1930 841 1999 facit
863 1946 940 1992 ea,
973 1931 1201 1985 similabo
1242 1948 1354 1984 eum
1380 1932 1483 1985 viro
1507 1930 1737 2000 prudenti
1762 1929 1847 2001 qui
1875 1929 2096 1997 aediﬁcat

514 2020 717 2074 domum
740 2039 882 2075 suam
908 2040 1063 2090 supra
1092 2032 1280 2094 petrant
1322 2022 1530 2095 (Matth.
1562 2039 1653 2089 VII,
1679 2022 1769 2093 24)
1803 2041 1815 2076 :
1849 2022 1935 2091 qui
1965 2035 2095 2090 ergo

513 2126 619 2165 non
676 2119 759 2166 est
801 2112 990 2167 similis
1040 2114 1163 2168 huic
1216 2114 1332 2168 viro
1376 2113 1658 2184 prudenti,
1708 2113 1891 2182 procul
1932 2111 2095 2165 dubio

513 2210 605 2256 aut
655 2202 815 2257 verba
864 2204 977 2258 lucc
1031 2204 1179 2259 audit
1228 2212 1283 2259 et
1340 2221 1446 2260 non
1500 2205 1659 2269 facit,
1721 2212 1811 2259 aut
1876 2204 2095 2260 omnino

512 2307 612 2347 nec
649 2294 813 2348 audit.
858 2294 955 2360 Qui
997 2297 1175 2361 credit,
1204 2297 1406 2367 inquit,
1434 2297 1487 2350 in
1513 2313 1621 2364 me,
1659 2297 1776 2350 licet
1823 2298 2091 2363 moriatur,

511 2383 636 2437 vivet
660 2381 836 2452 (Joan.
858 2402 934 2451 ιι,
958 2386 1050 2458 25)
1091 2404 1105 2441 :
1146 2389 1234 2457 qui
1265 2402 1391 2458 ergo
1417 2404 1522 2442 non
1576 2390 1735 2453 vivet,
1764 2402 1869 2441 non
1911 2386 2095 2457 utique

511 2473 697 2528 credit.
722 2475 849 2530 Tale
883 2478 1042 2531 etiam
1074 2478 1175 2533 hoc
1206 2487 1306 2544 est,
1354 2478 1454 2544 Qui
1487 2481 1644 2534 credit
1670 2481 1725 2534 in
1752 2496 1863 2544 me,
1905 2481 2094 2551 faciet:

512 2579 618 2620 non
647 2567 828 2637 utique
848 2570 1020 2625 credit
1045 2571 1130 2641 qui
1176 2587 1281 2626 non
1313 2572 1484 2627 faciet.
1528 2571 1664 2639 Quid
1694 2581 1777 2627 est
1818 2572 1939 2637 hoc,
1983 2571 2092 2627 fra-

514 2657 663 2712 tres?
701 2658 967 2730 Numquid
1012 2662 1151 2718 iuter
1178 2663 1458 2719 credentes
1498 2664 1549 2719 in
1575 2664 1845 2720 Christum
1872 2680 1976 2719 non
2011 2674 2094 2720 est

514 2750 934 2818 computandus,
980 2753 1069 2822 qui
1114 2769 1220 2809 non
1264 2754 1448 2810 fecerit
1489 2769 1649 2825 opera
1692 2756 1891 2825 majora
1933 2771 2091 2826 quam

513 2834 791 2893 Christus?
817 2841 1014 2896 Durum
1034 2853 1135 2908 est,
1159 2845 1445 2901 absurdum
1466 2856 1568 2912 est,
1598 2846 1723 2902 ferri
1744 2862 1848 2902 non
1874 2856 2088 2918 potest:

514 2944 622 2985 non
652 2933 907 2989 toleratur
935 2936 1034 2990 nisi
1077 2937 1416 3009 intelligatur.
1452 2942 1764 3010 Apostolum
1794 2942 1955 3011 igitur
1992 2956 2090 2996 au-

516 3019 726 3077 diamus
749 3042 764 3076 :
789 3024 1035 3091 Credenti,
1062 3028 1251 3098 inquit,
1277 3030 1330 3083 in
1355 3046 1467 3085 eum
1486 3032 1570 3101 qui
1587 3032 1836 3102 justi/icat
1858 3030 2088 3103 impium,

509 3112 779 3184 deputatur
803 3118 928 3186 ﬁdes
955 3120 1061 3190 ejus
1088 3122 1156 3174 ad
1183 3122 1439 3193 justitiam
1468 3122 1641 3189 (Rom.
1680 3139 1751 3187 tv,
1791 3123 1871 3191 5).
1906 3124 1961 3178 In
1990 3122 2091 3178 hoc

513 3217 676 3273 Opere
705 3206 956 3283 faciamus
986 3224 1146 3278 opera
1177 3210 1394 3279 Christi,
1426 3212 1549 3282 quia
1584 3221 1639 3268 et
1665 3213 1838 3283 ipsum
1872 3213 2090 3269 credere

512 3291 565 3347 in
593 3291 880 3361 Christum,
912 3313 1045 3367 opus
1073 3309 1157 3354 est
1182 3297 1396 3355 Christi.
1420 3301 1532 3356 Hoc
1555 3312 1803 3371 operatur
1830 3303 1882 3357 in
1913 3303 2086 3369 nobis,

510 3400 616 3440 non
655 3388 832 3457 utique
866 3390 981 3445 sine
1020 3391 1192 3446 nobis.
1234 3394 1369 3448 Audi
1411 3410 1537 3464 ergo
1565 3396 1708 3464 jam,
1740 3404 1793 3450 et
1821 3395 2087 3466 intellige,

513 3478 614 3545 Qui
644 3482 799 3535 credit
832 3483 884 3536 in
923 3500 1000 3538 me
1017 3525 1032 3550 ,
1064 3501 1215 3555 Opera
1238 3502 1351 3555 qua:
1373 3504 1463 3558 ego
1490 3489 1651 3559 facio,
1696 3498 1741 3542 et
1766 3489 1873 3558 ipse
1897 3489 2048 3558 faciet
2071 3505 2091 3543 :

508 3572 657 3641 prius
697 3588 796 3643 ego
824 3574 993 3642 facio,
1024 3575 1215 3632 deinde
1241 3587 1296 3632 et
1334 3578 1449 3648 ipse
1477 3578 1665 3644 faciet;
1708 3580 1830 3649 quia
1858 3578 1994 3635 facio
2031 3587 2091 3634 ut

508 3661 685 3717 faciat.
714 3664 842 3731 Quae
870 3681 1052 3735 opera,
1082 3667 1181 3722 nisi
1210 3679 1265 3721 ut
1293 3684 1357 3723 ex
1389 3668 1552 3739 impio
1574 3670 1749 3739 justus
1774 3671 1898 3725 fiat?

580 3756 632 3811 3.
676 3755 743 3810 Et
761 3759 957 3828 majora
976 3760 1154 3813 horum
1172 3761 1339 3831 faciet.
1362 3762 1619 3829 Quorum,
1646 3766 1905 3820 obsecro?
1928 3765 2091 3820 Num-

509 3846 760 3915 quidnam
803 3849 1038 3904 omnium
1083 3866 1302 3921 operum
1331 3851 1528 3909 Christi
1556 3854 1753 3923 majora
1800 3855 1956 3919 facit,
1998 3858 2089 3927 qui

508 3949 628 3989 cum
658 3937 847 3992 timore
875 3946 931 3993 et
960 3948 1189 3996 tremore
1217 3956 1366 3997 suam
1397 3943 1562 4013 ipsius
1581 3944 1805 3999 salutem
1840 3956 2091 4016 operatur

510 4025 769 4097 (Philipp.
798 4046 855 4095 ιι,
891 4031 1013 4101 l2)?
1038 4032 1190 4099 Quod
1228 4034 1409 4103 utique
1458 4034 1510 4088 in
1540 4035 1659 4103 illo,
1692 4036 1789 4091 sed
1829 4052 1935 4092 non
1974 4038 2090 4093 sine

510 4116 602 4170 illo
637 4116 878 4174 Christus
906 4133 1173 4190 operatur.
1208 4124 1432 4180 Prorsus
1464 4125 1636 4194 majus
1662 4125 1763 4181 hoc
1791 4142 1911 4183 esse
1936 4128 2086 4184 dixe-

509 4207 635 4271 ritn,
680 4224 837 4278 quam
882 4222 964 4265 est
987 4214 1179 4268 coelum
1206 4223 1261 4269 et
1304 4224 1462 4281 terra,
1493 4224 1548 4270 et
1589 4232 1936 4288 quaecumque
1972 4234 2089 4275 cer-

510 4307 709 4353 nuntur
749 4300 799 4354 in
832 4303 968 4356 caelo
1005 4312 1060 4358 et
1084 4305 1133 4359 in
1179 4313 1341 4360 terra.
1369 4307 1434 4361 Et
1471 4309 1665 4363 malum
1695 4312 1839 4365 enim
1868 4320 1922 4367 et
1948 4320 2089 4367 terra

511 4391 755 4446 transibit
779 4392 1004 4463 (Matth.
1037 4412 1175 4463 xxiv,
1202 4398 1270 4452 55
1295 4397 1341 4466 );
1371 4399 1865 4467 prtedestinatorum
1888 4414 2084 4471 autem,

511 4480 562 4535 id
592 4490 674 4536 est
697 4498 879 4537 eorum
908 4500 1041 4556 quos
1064 4488 1291 4556 prazscit,
1315 4489 1461 4543 salus
1480 4498 1533 4545 et
1552 4490 1859 4560 justiflcatio
1880 4509 2091 4564 perma-

508 4574 671 4628 nebit.
706 4574 762 4629 ln
794 4577 897 4630 illis
934 4586 1136 4633 tantum
1171 4594 1330 4649 Opera
1360 4581 1481 4648 Dei,
1512 4582 1566 4636 in
1613 4583 1695 4639 his
1723 4594 1900 4640 autem
1928 4587 2088 4643 etiam

508 4673 591 4718 est
618 4666 790 4737 imago
819 4668 931 4722 Dei.
960 4668 1065 4723 Sed
1092 4679 1147 4725 et
1178 4672 1229 4724 in
1258 4671 1430 4738 caelis,
1453 4672 1638 4740 Sedes,
1666 4675 2086 4744 Dominationes,

508 4757 863 4829 Principatus,
883 4761 1096 4816 Potesta
1106 4774 1202 4827 tes,
1227 4764 1566 4836 Archangeli,
1587 4768 1769 4839 Angeli
1788 4784 1948 4839 opera
1966 4780 2090 4826 sunt

507 4853 731 4918 Christi;
764 4856 1017 4924 numquid
1044 4858 1202 4911 etiam
1226 4858 1306 4912 his
1328 4860 1576 4928 operibus
1605 4862 1802 4932 majora
1828 4863 1968 4929 facit,
1998 4867 2086 4935 qui

506 4957 762 5014 operante
790 4948 843 5002 in
881 4962 939 5004 se
962 4948 1176 5006 Christo
1197 4993 1211 5017 ,
1239 4962 1556 5021 cooperatur
1584 4962 1835 5011 aeternam
1863 4957 2089 5012 salutem

506 5052 568 5089 ac
606 5038 1037 5104 justificatiouem
1068 5042 1253 5096 suam?
1282 5042 1397 5097 Non
1436 5044 1521 5099 hic
1548 5044 1718 5099 audeo
1757 5047 2091 5117 praecipitare

509 5129 825 5183 sententiam
852 5148 865 5183 :
894 5131 1155 5203 intelligat
1178 5134 1268 5204 qui
1295 5144 1506 5204 potest,
1535 5135 1737 5205 judicet
1762 5139 1850 5209 qui
1874 5148 2086 5209 potest,

507 5230 681 5275 utrum
705 5223 876 5294 majus
900 5225 970 5279 sit
989 5226 1160 5296 justos
1182 5242 1365 5283 creare
1385 5244 1544 5298 quam
1566 5229 1755 5299 impios
1775 5231 2085 5300 justificare.

506 5312 661 5368 Certe
681 5315 822 5369 enim
844 5316 888 5370 si
910 5319 1129 5387 aequalis
1148 5326 1231 5373 est
1250 5328 1535 5389 utrumque
1560 5323 1829 5390 potentiae,
1854 5324 1955 5379 hoc
1978 5341 2091 5380 ma-

505 5403 634 5473 joris
655 5414 737 5461 est
766 5408 1162 5464 misericordiae.
1197 5410 1310 5465 Hoc
1338 5422 1410 5466 est
1452 5412 1595 5467 enim
1625 5430 1865 5481 magnum
1893 5417 2091 5485 pietatis

503 5509 892 5567 sacramentum,
920 5503 1055 5572 quod
1082 5504 1454 5573 manifestatum
1474 5514 1546 5560 est
1573 5506 1626 5560 in
1650 5522 1819 5573 carne,
1835 5509 2090 5578 justiﬁed-

506 5597 613 5643 tum
643 5600 713 5644 est
732 5593 785 5645 in
805 5593 1024 5661 Spiritu,
1054 5597 1291 5667 apparuit
1325 5596 1552 5669 Angelis,
1582 5598 1910 5670 prtedicatum
1936 5610 2007 5654 est
2036 5603 2089 5656 in

504 5682 750 5753 gentibus,
790 5684 1033 5738 creditum
1060 5696 1131 5740 est
1159 5689 1211 5741 in
1242 5690 1448 5758 mundo,
1479 5700 1791 5762 assumptum
1816 5692 1956 5745 estin
1976 5694 2087 5763 glo-

503 5775 623 5846 ria(
650 5775 666 5829 l
697 5775 830 5830 Tim.
860 5792 935 5841 Ill,
970 5777 1097 5851 16).
1139 5781 1243 5836 Sed
1273 5783 1451 5837 omnia
1478 5798 1640 5854 opera
1664 5782 1863 5839 Christi
1890 5784 2087 5841 intelli-

501 5880 631 5943 gere
660 5868 747 5927 ubi
769 5868 865 5940 ait,
896 5868 1100 5944 Majora
1133 5872 1315 5930 liorem
1350 5875 1521 5948 faciet,
1554 5875 1696 5933 nulla
1724 5891 1822 5934 nos
1847 5878 2084 5935 necessi-

1469 416 1535 474 IN
1570 411 1847 474 JOANNIS
1884 405 2355 475 EVANGELIUM,
2397 404 2455 462 S.
2494 402 2862 462 AUGUSTINI

3645 402 3796 464 1824

2207 530 2290 577 tas
2314 521 2475 592 cogit.
2507 519 2707 574 Horum
2730 520 2872 575 enim
2896 520 3116 576 forsitan
3138 519 3294 589 dixit,
3314 536 3435 592 qua:
3463 522 3515 577 in
3541 523 3627 578 illa
3655 522 3794 579 hora

2200 614 2426 670 faciebat
2447 632 2461 668 :
2484 622 2611 669 tunc
2630 621 2808 669 autem
2823 613 2983 668 verba
3001 613 3123 669 fidei
3141 613 3382 679 faciebat,
3401 623 3456 669 et
3476 614 3545 669 de
3562 616 3643 671 bis
3657 631 3790 686 ope.

2200 706 2347 761 ribus
2373 705 2545 761 fuerat
2572 706 2890 774 praelocutus
2917 704 3121 771 dicens,
3168 703 3328 759 Verba
3350 722 3462 775 qua:
3495 723 3585 779 ego
3612 708 3796 777 loquor

2200 796 2356 862 vobis,
2377 813 2410 850 a
2429 797 2617 867 meipso
2638 813 2735 850 non
2759 796 2932 865 loquor
2953 813 2971 849 :
3001 794 3155 850 Pater
3179 808 3343 849 autem
3371 797 3423 850 in
3452 813 3531 850 me
3553 813 3789 864 manens,

2199 890 2310 961 ipse
2351 890 2473 960 facit
2516 907 2689 962 opera.
2716 889 2865 944 Tunc
2894 890 3050 961 igitur
3086 890 3243 944 verba
3282 888 3398 960 ejus
3434 898 3585 944 erant
3624 905 3793 959 Opera

2201 982 2338 1053 ejus.
2367 983 2435 1038 Et
2464 983 2643 1053 utique
2685 982 2860 1037 minus
2903 992 2983 1037 est
3025 983 3185 1038 verba
3207 982 3425 1052 justitire
3465 983 3791 1053 prtedicare,

2200 1076 2343 1148 quod
2386 1077 2508 1132 fecit
2536 1085 2733 1146 printer
2752 1091 2869 1142 nos,
2903 1090 3059 1145 quam
3087 1075 3278 1145 impios
3302 1073 3614 1144 justiﬁeare,
3643 1075 3793 1145 quod

2202 1168 2275 1223 ita
2300 1168 2424 1223 facit
2449 1168 2503 1222 in
2532 1168 2706 1233 nobis,
2735 1176 2794 1222 ut
2816 1166 3069 1221 faciamus
3089 1174 3143 1220 et
3176 1180 3292 1222 nos.
3315 1165 3499 1221 Restat
3518 1166 3793 1235 inquirere

2199 1261 2469 1332 quomodo
2499 1260 2862 1329 accipiendum
2902 1259 2989 1325 sit,
3045 1258 3404 1329 Quodcumque
3450 1258 3689 1327 petieritis
3729 1258 3791 1311 in

2200 1352 2400 1406 nomine
2427 1368 2554 1415 meo,
2587 1351 2680 1405 hoc
2709 1351 2911 1421 faciam.
2942 1350 3165 1420 Propter
3195 1349 3358 1404 multa
3384 1348 3525 1404 enim
3549 1364 3668 1419 quae
3697 1364 3794 1418 pe-

2202 1451 2321 1498 tunt
2350 1442 2531 1498 fideles
2557 1442 2673 1512 ejus
2692 1483 2708 1509 ,
2750 1456 2849 1497 nec
2872 1442 3167 1512 accipiunt,
3198 1456 3303 1496 non
3329 1455 3485 1510 parva
3510 1440 3633 1494 hinc
3658 1454 3792 1494 exo-

2201 1538 2337 1591 ritur
2355 1536 2577 1606 quaestio
2609 1554 2622 1590 :
2650 1535 2746 1591 sed
2769 1536 3017 1605 quoniam
3043 1550 3224 1590 sermo
3248 1534 3347 1588 iste
3375 1534 3485 1604 jam
3527 1533 3790 1588 clauden—

2198 1626 2300 1682 dus
2324 1638 2441 1694 est,
2472 1627 2522 1682 ei
2562 1626 2963 1682 considerandae
3004 1634 3164 1697 atQue
3206 1625 3497 1682 tractandae
3524 1624 3793 1682 tribuatur

2199 1718 2389 1774 saltem
2412 1732 2571 1788 parva
2590 1717 2794 1774 dilatio.
2848 1731 2901 1765 -η

2654 1810 3061 1868 TRACTATUS
3096 1809 3327 1866 LXXIII.

2598 1902 2731 1957 Item
2755 1920 2809 1957 in
2837 1903 3063 1957 eamdem
3090 1903 3370 1957 lectionem.

2272 2016 2325 2070 l.
2366 2015 2609 2086 Magnam
2635 2030 2785 2085 spem
2817 2015 3073 2071 Dominus
3107 2016 3217 2069 suis
3247 2015 3490 2085 promisit
3519 2013 3788 2083 speranti-

2200 2106 2353 2174 bus‘,
2380 2105 2567 2161 dicens
2592 2122 2604 2159 :
2640 2104 2773 2170 Quia
2799 2122 2891 2175 ego
2914 2106 2983 2159 ad
3017 2104 3225 2160 Patrem
3248 2106 3398 2172 vado,
3430 2116 3477 2158 et
3503 2105 3787 2175 quodcum-

2198 2214 2296 2268 que
2319 2199 2557 2267 petieritis
2580 2200 2632 2251 in
2654 2200 2855 2252 nomine
2883 2216 3012 2264 meo,
3046 2199 3139 2253 hoc
3162 2200 3366 2269 faciam.
3398 2197 3488 2253 Sic
3516 2214 3642 2267 ergo
3664 2212 3791 2267 per-

2197 2289 2336 2344 rexit
2372 2289 2438 2343 ad
2468 2289 2710 2353 Patrem,
2739 2300 2799 2343 ut
2837 2304 2941 2343 non
2982 2290 3305 2359 relinqueret
3334 2289 3655 2359 indigentes,
3688 2287 3788 2343 sed

2198 2380 2474 2435 exaudiret
2502 2387 2760 2450 petentes.
2790 2378 2895 2435 Sed
2927 2379 3053 2450 quid
3087 2388 3187 2444 est,
3216 2381 3559 2450 quodcumque
3578 2379 3787 2450 petieri-

2199 2471 2282 2538 tis,
2314 2484 2434 2526 cum
2474 2469 2748 2524 videamus
2790 2470 3099 2540 plerumque
3131 2470 3313 2525 fideles
3338 2471 3454 2540 ejus
3484 2478 3663 2539 petere
3683 2511 3698 2534 ,
3730 2477 3790 2524 et

2198 2576 2302 2617 non
2331 2561 2606 2632 accipere?
2635 2562 2717 2614 An
2757 2560 2893 2615 forte
2937 2572 3217 2631 propterea
3247 2563 3368 2631 quia
3397 2563 3535 2616 male
3564 2562 3787 2631 petunt?

2195 2653 2327 2709 Nam
2356 2654 2457 2709 hoc
2483 2654 2824 2724 exprobravit
2848 2656 3123 2725 apostolus
3160 2655 3388 2710 Jacobus
3416 2655 3599 2711 dicens
3630 2673 3644 2709 :
3677 2654 3787 2708 Pe-

2197 2749 2319 2816 titis,
2347 2760 2392 2804 et
2422 2769 2522 2807 non
2547 2754 2797 2825 accipitis,
2826 2770 2883 2808 eo
2906 2754 3041 2824 quod
3060 2755 3193 2808 male
3220 2755 3413 2825 petatis,
3438 2764 3491 2807 ut
3512 2754 3565 2807 in
3592 2770 3785 2807 concu-

2196 2840 2454 2910 piscentiis
2495 2845 2670 2899 vestris
2706 2845 2969 2900 insumatis
3000 2845 3220 2915 (Jacobi
3245 2861 3319 2911 tv,
3352 2846 3443 2917 5).
3486 2845 3618 2900 Male
3650 2861 3787 2913 ergo

2195 2946 2388 2987 usurus
2426 2949 2492 2990 eo
2520 2935 2661 3005 quod
2694 2937 2805 2990 vult
2827 2937 3069 3006 accipere
3091 2979 3106 3003 ,
3151 2938 3260 2992 Deo
3289 2937 3463 3006 potius
3494 2937 3786 2991 miserante

2196 3039 2301 3078 non
2330 3027 2538 3095 accipit.
2572 3028 2798 3083 Proinde
2827 3029 2873 3082 si
2904 3028 3006 3083 hoc
3030 3029 3098 3083 ab
3124 3028 3213 3082 illo
3238 3029 3433 3097 petitur
3451 3027 3593 3082 unde
3621 3027 3785 3081 homo

2196 3116 2418 3172 lzedatur
2457 3120 2755 3188 exauditus,
2807 3122 2975 3191 magis
3019 3120 3358 3176 metuendum
3405 3120 3487 3175 est
3528 3135 3595 3174 ne
3636 3119 3784 3189 quod

2194 3217 2379 3278 posset
2398 3225 2504 3264 non
2528 3209 2656 3266 dare
2678 3212 2958 3281 prOpitius,
2987 3211 3079 3267 det
3096 3212 3279 3266 iratus.
3305 3212 3386 3265 An
3416 3226 3519 3266 non
3540 3210 3784 3267 videmus

2193 3297 2461 3355 lsraelitas
2483 3302 2624 3357 malo
2664 3317 2761 3357 suo
2788 3303 3103 3372 impetrasse
3135 3303 3273 3373 quod
3304 3302 3552 3374 culpabili
3580 3318 3783 3357 concu-

2193 3390 2451 3459 piscentia
2472 3392 2774 3459 petierunt?
2798 3389 3190 3461 Concupierant
3207 3392 3348 3447 enim
3371 3392 3619 3446 carnibus
3639 3393 3783 3447 vesci

2195 3477 2379 3549 (Num.
2401 3497 2475 3545 xi,
2499 3481 2609 3551 5‘2),
2625 3482 2816 3551 quibus
2842 3482 3323 3552 pluebaturmanna
3342 3483 3410 3537 de
3428 3483 3583 3538 coelo.
3603 3483 3780 3537 Fasti-

2192 3569 2410 3626 diebant
2451 3573 2648 3643 quippe
2687 3574 2829 3644 quod
2863 3574 3163 3639 habebant;
3211 3583 3265 3629 et
3292 3575 3431 3644 quod
3469 3590 3573 3629 non
3613 3575 3783 3630 habe-

2194 3659 2353 3727 bant,
2386 3662 2721 3730 impudenter
2761 3664 3053 3733 petebant:
3084 3665 3232 3733 quasi
3268 3680 3373 3719 non
3402 3666 3589 3721 melius
3633 3675 3785 3736 pete-

2194 3762 2335 3819 rent,
2384 3769 2488 3809 non
2538 3764 2596 3809 ut
2632 3756 2781 3811 cibus
2829 3758 2918 3827 qui
2966 3757 3154 3812 deerat
3197 3757 3460 3813 indecenti
3512 3759 3781 3815 desiderio

2195 3853 2554 3913 praestaretur,
2581 3846 2676 3901 sed
2708 3856 2763 3900 ut
2788 3847 2877 3903 ille
2900 3848 2991 3917 qui
3021 3847 3204 3902 aderat
3232 3859 3418 3903 sanato
3448 3848 3657 3905 fastidio
3687 3867 3781 3905 su-

2195 3944 2449 3989 meretur.
2481 3935 2707 4003 Quando
2753 3939 2900 3993 enim
2945 3953 3045 3993 nos
3073 3939 3336 3995 delectant
3364 3941 3503 3995 mala
3528 3983 3541 4005 ,
3573 3951 3628 3996 et
3674 3957 3783 3997 non

2194 4024 2461 4081 delectant
2490 4028 2648 4095 bona,
2681 4044 2870 4099 rogare
2896 4030 3155 4086 debemus
3197 4034 3374 4101 potius
3404 4034 3565 4089 Deum
3591 4043 3651 4088 ut
3681 4035 3783 4090 de-

2196 4117 2392 4173 lectent
2429 4120 2600 4186 bona,
2643 4137 2800 4191 quam
2846 4131 2904 4176 ut
2927 4124 3290 4178 concedantur
3316 4126 3473 4179 mala.
3510 4125 3625 4179 Non
3656 4128 3782 4196 quia

2194 4211 2390 4264 malum
2413 4220 2494 4266 est
2520 4228 2680 4267 carne
2720 4215 2886 4281 vesci,
2915 4230 3035 4269 cum
3063 4215 3129 4270 de
3159 4216 3258 4271 hac
3287 4233 3346 4272 re
3374 4218 3593 4287 loquens
3634 4219 3781 4289 Apo-

2194 4302 2364 4355 stolus
2392 4303 2553 4369 dicat,
2589 4303 2766 4360 Omnis
2795 4316 3025 4360 creatura
3042 4306 3143 4361 Dei
3158 4309 3287 4362 bona
3306 4317 3397 4376 est,
3420 4318 3467 4363 et
3495 4311 3622 4363 nihil
3647 4311 3782 4383 abji-

2193 4391 2425 4446 ciendum
2444 4395 2578 4463 quod
2597 4412 2712 4449 cum
2753 4398 3037 4467 gratiarum
3062 4400 3260 4454 actione
3299 4401 3547 4468 accipitur
3576 4401 3617 4472 (l
3644 4401 3778 4456 Tim.

2194 4495 2267 4547 tv,
2298 4481 2356 4553 4)
2388 4501 2401 4537 :
2431 4485 2525 4539 sed
2556 4486 2676 4556 quia
2708 4487 2846 4543 sicut
2871 4489 2996 4543 item
3028 4490 3139 4558 ipse
3166 4492 3259 4554 ait,
3284 4490 3479 4545 Malunt
3499 4502 3572 4547 est
3590 4494 3783 4547 homini

2192 4572 2281 4641 qui
2310 4560 2400 4642 per
2427 4573 2757 4640 offensionem
2792 4579 3059 4632 manducat
3102 4580 3291 4651 (Rom.
3335 4598 3441 4649 xxv,
3470 4582 3542 4638 20
3563 4585 3610 4653 );
3652 4593 3706 4638 et
3736 4584 3782 4639 si

2196 4662 2428 4719 hominis
2471 4666 2854 4736 offensionem,
2905 4679 3104 4739 quanto
3142 4673 3310 4742 magis
3351 4673 3479 4727 Dei?
3526 4674 3689 4743 Cujus
3729 4675 3783 4730 in

2194 4753 2445 4810 lsraelitis
2476 4773 2580 4812 non
2607 4774 2771 4829 parva
2804 4770 2918 4815 erat
2941 4762 3185 4829 offensio,
3216 4764 3492 4832 repudiare
3516 4766 3653 4835 quod
3684 4766 3782 4820 da-

2195 4843 2287 4899 bat
2312 4846 2592 4916 sapientia,
2621 4858 2671 4904 et
2695 4859 2874 4919 petere
2900 4852 2949 4904 id
2977 4853 3118 4921 quod
3145 4854 3377 4909 inhiabat
3401 4857 3784 4925 concupiscen-

2198 4932 2268 4988 tia
2296 4950 2309 4987 :
2338 4938 2578 5004 quamvis
2608 4938 2681 4992 illi
2710 4954 2808 4994 nec
2850 4948 3109 5009 peterent,
3133 4942 3229 4997 sed
3262 4945 3383 5013 quia
3410 4945 3591 5000 deerat
3632 4963 3784 5001 mur-

2196 5036 2488 5082 murarent.
2516 5028 2624 5083 Sed
2663 5039 2719 5084 ut
2756 5031 3019 5091 sciremus
3053 5049 3157 5088 non
3197 5034 3290 5089 Dei
3319 5045 3618 5091 creaturam
3662 5053 3787 5094 esse

2194 5114 2509 5183 culpabilem
2529 5158 2544 5182 ,
2576 5118 2673 5173 sed
2712 5121 3123 5177 inobedientiam
3155 5133 3521 5180 contumacem
3553 5136 3607 5181 et
3636 5128 3783 5183 inor-

2196 5203 2428 5259 dinatam
2467 5209 2841 5278 cupiditatem;
2870 5230 2975 5267 non
3004 5224 3222 5284 propter
3263 5230 3511 5285 porcum,
3541 5218 3633 5272 sed
3664 5235 3789 5289 pro-

2197 5306 2314 5366 pter
2334 5314 2551 5381 pomum
2572 5310 2797 5358 tnortem
2823 5304 3024 5373 primus
3050 5305 3421 5363 homoinvenit
3438 5307 3685 5379 (Gen.tn,
3703 5310 3784 5382 6),

2195 5397 2250 5443 et
2274 5391 2413 5446 Esau
2442 5395 2698 5463 primatus
2720 5411 2845 5451 suos
2874 5413 2982 5452 non
3008 5410 3223 5470 propter
3247 5402 3519 5471 gallinam,
3543 5402 3638 5459 sed
3661 5419 3788 5474 pro-

2197 5489 2315 5550 pter
2339 5482 2644 5541 lenticulam
2673 5487 2902 5556 perdidit
2930 5489 3039 5561 (Id.
3069 5507 3193 5558 xxv,
3222 5492 3334 5565 54).

2266 5578 2321 5630 ‘2.
2363 5576 2640 5645 Quomodo
2676 5595 2803 5651 ergo
2844 5582 3241 5657 intelligendum
3282 5584 3382 5653 es’t,
3424 5589 3786 5662 Quodcumque

2196 5670 2454 5741 petieritis,
2488 5671 2580 5725 hoc
2611 5674 2812 5744 faciam,
2848 5676 2892 5730 si
2924 5677 3062 5733 Deus
3087 5679 3258 5750 aliqua
3282 5683 3584 5749 petentibus
3612 5683 3786 5740 fideli—

2194 5762 2296 5819 bus
2324 5762 2485 5817 etiam
2523 5765 2853 5821 consulendo
2882 5782 2988 5825 non
3024 5769 3181 5828 facit?
3218 5772 3303 5830 An
3322 5771 3460 5831 forte
3484 5773 3620 5831 solis
3642 5775 3787 5847 Apot-

2258 5889 2277 5922 ί
2301 5894 2352 5938 in
2376 5889 2531 5941 tribus
2546 5896 2673 5955 uss,
2695 5892 2957 5947 omnibus.
