4102 6482
265 388 399 447 i895

261 507 409 565 stolis
426 503 627 561 dictum
655 496 910 555 debemus
938 494 1210 566 accipere?
1230 493 1403 549 Absit.
1434 493 1585 550 Unde
1605 494 1748 549 enim
1769 489 1837 545 ad

261 604 367 657 hoe
397 599 542 652 venit
572 604 629 649 ut
656 593 875 656 diceret,
908 587 1150 659 superius
1188 586 1425 653 dixerat,
1462 585 1562 652 Qui
1603 584 1757 638 credit
1785 582 1840 636 in

257 710 367 759 me,
400 706 553 761 opera
581 703 695 760 qua:
724 702 813 757 ego
841 684 972 756 facio
994 722 1008 747 ,
1040 681 1225 754 faciet,
1257 690 1302 734 et
1329 681 1525 746 maiora
1548 678 1727 732 horum
1755 680 1838 749 fa-

256 796 353 841 ciet
387 802 406 839 :
443 784 510 838 de
534 798 637 852 qua
666 795 728 835 re
759 776 983 848 pristino
1011 790 1256 830 sermone
1287 773 1647 828 tractavimus.
1678 772 1744 825 Et
1773 785 1840 825 ne

254 876 535 947 quisquam
564 872 665 925 hoc
694 869 792 923 sibi
817 856 1103 930 tribueret,
1135 874 1193 918 ut
1220 863 1379 917 etiam
1418 862 1504 916 illa
1532 875 1694 930 opera
1722 874 1839 913 ma-

252 967 367 1037 jora
399 966 631 1034 seipsum
673 960 847 1015 facere
890 956 1228 1020 ostenderet,
1260 953 1478 1023 adjecit,
1524 961 1683 1022 atque
1726 951 1836 1005 ait:

258 1059 389 1127 Quia
415 1074 503 1129 ego
533 1056 601 1110 ad
627 1054 836 1108 Patrem
859 1051 1020 1117 vado;
1058 1059 1104 1104 et
1142 1048 1487 1118 quodcumque
1523 1045 1759 1117 petieritis
1786 1044 1840 1098 in

254 1152 456 1205 nomine
474 1164 605 1209 meo,
628 1146 722 1199 ltoc
744 1143 949 1217 faciam.
977 1139 1241 1210 Numquid
1265 1140 1316 1193 in
1338 1154 1458 1194 eum
1480 1138 1579 1192 soli
1600 1136 1840 1208 Apostoli

253 1238 643 1298 crediderunt?
687 1236 767 1292 Ad
796 1250 891 1290 eos
916 1234 1094 1303 itaque
1121 1230 1436 1301 loquebatur
1461 1228 1710 1294 dicendo,
1742 1226 1841 1293 Qui

254 1331 409 1384 credit
452 1331 505 1383 in
537 1345 639 1392 me,
668 1328 721 1381 in
746 1326 936 1397 quibus
961 1339 1027 1379 eo
1055 1323 1287 1379 donante
1313 1321 1471 1375 etiam
1502 1335 1600 1375 nos
1634 1334 1839 1386 sumus,

255 1421 341 1491 qui
387 1420 568 1490 utique
610 1433 715 1473 non
766 1415 1135 1486 quodcumque
1180 1412 1492 1482 petierimus
1530 1409 1837 1480 accipimus.

256 1512 405 1584 Ipsos
434 1526 644 1581 quoque
669 1507 1005 1563 beatissimos
1034 1505 1078 1558 si
1108 1504 1402 1574 cogitemus
1429 1500 1731 1571 Apostolos,
1761 1499 1840 1553 in-

255 1605 499 1660 venimus
527 1617 648 1657 eum
678 1599 767 1670 qui
810 1598 928 1668 plus
949 1596 1193 1652 onmibus
1216 1592 1506 1658 laboravit,
1531 1606 1638 1646 non
1662 1599 1839 1645 autem

255 1700 390 1768 ipse,
416 1696 509 1752 sed
534 1695 701 1766 gratia
731 1692 823 1747 Dei
849 1706 970 1747 cum
1000 1692 1116 1760 ipso
1138 1690 1155 1758 (
1176 1687 1198 1742 Ι
1217 1686 1335 1742 Cor.
1357 1702 1445 1751 xv,
1475 1685 1601 1756 10),
1633 1694 1712 1739 ter
1740 1683 1843 1737 Do-

255 1789 459 1844 minum
498 1799 718 1856 rogasse
758 1791 814 1838 ut
841 1782 909 1837 ab
937 1796 1003 1835 eo
1036 1778 1332 1834 discederet
1358 1776 1578 1846 angelus
1606 1783 1835 1839 satanas,

256 1896 352 1936 nec
383 1889 561 1934 tamen
586 1876 727 1947 quod
767 1882 1045 1944 rogaverat
1083 1869 1353 1938 accepisse
1373 1866 1438 1939 (ll
1464 1866 1578 1921 Cor.
1614 1881 1711 1932 xu,
1758 1863 1837 1934 8).

256 1970 393 2041 Quid
442 1970 708 2035 dicemus,
750 1962 1126 2022 eharissimi‘?
1158 1960 1535 2016 Putahimusne
1574 1958 1674 2011 hoc
1713 1971 1840 2026 pro-

256 2064 478 2119 missum
497 2061 585 2115 ubi
602 2060 693 2123 ait,
721 2058 1080 2127 Quodcumque
1106 2053 1362 2126 petieritis,
1388 2053 1479 2105 hoc
1510 2052 1713 2123 faciam,
1743 2064 1841 2104 nec

256 2155 528 2227 Apostolis
556 2153 717 2208 fuisse
755 2151 824 2206 ab
869 2150 959 2204 illo
999 2147 1353 2216 completum?
1398 2146 1465 2199 Et
1506 2142 1591 2199 cui
1626 2142 1839 2197 tandem

256 2247 395 2319 quod
423 2246 684 2317 promittit
706 2242 964 2314 implebit,
994 2241 1039 2295 si
1062 2239 1341 2310 Apostolos
1370 2252 1494 2293 suos
1519 2236 1573 2290 in
1595 2251 1686 2290 sua
1718 2250 1844 2305 pro-

254 2342 513 2397 missione
539 2337 837 2394 fraudavit?

325 2432 381 2485 5.
420 2430 625 2499 Evigila
664 2429 840 2499 igitur,
888 2425 1049 2480 homo
1096 2423 1286 2490 ﬁdelis,
1318 2430 1373 2477 et
1411 2421 1691 2493 vigilanter
1718 2418 1841 2474 audi

255 2524 397 2596 quod
446 2524 561 2577 illic
597 2523 825 2594 positum
856 2528 958 2587 est,
989 2520 1042 2573 in
1079 2518 1279 2572 nomine
1308 2533 1415 2571 meo
1442 2533 1462 2571 :
1490 2516 1660 2586 ipsum
1698 2513 1840 2569 enim

256 2615 626 2686 quodcumque,
667 2628 772 2667 non
820 2612 912 2675 ait,
961 2609 1220 2680 petieritis
1265 2617 1581 2678 utcumque;
1626 2605 1741 2670 sed,
1790 2605 1843 2659 in

257 2708 458 2761 nomine
502 2722 631 2759 meo.
664 2704 765 2771 Qui
800 2702 1041 2773 promisit
1065 2716 1191 2770 ergo
1217 2709 1323 2754 tam
1363 2713 1608 2769 magnum
1640 2696 1844 2752 beneﬁ-

258 2801 426 2861 cium,
452 2797 582 2868 quid
610 2795 870 2852 vocatur?
900 2792 1093 2863 Utique
1115 2790 1355 2846 Christus
1383 2790 1539 2846 Jesus
1564 2809 1576 2843 :
1600 2786 1844 2844 Christus

256 2892 523 2963 signiﬁcat
573 2906 775 2961 regem,
824 2890 979 2945 Jesus
1022 2886 1283 2958 signiﬁcat
1327 2885 1655 2941 Salvatorem
1690 2902 1702 2937 :
1736 2899 1844 2939 non

257 2986 438 3055 utique
461 3000 559 3039 nos
588 2984 764 3036 salvos
787 2981 961 3044 faciet,
990 2980 1310 3049 quicumque
1338 2993 1453 3043 rex,
1483 2976 1574 3031 sed
1615 2991 1708 3031 rex
1737 2975 1846 3030 Sal-

256 3084 446 3141 vator;
474 3090 538 3130 ac
563 3090 658 3143 per
685 3072 786 3127 hoc
812 3070 1183 3142 quodcumque
1212 3069 1439 3138 petimus
1459 3067 1711 3121 adversus
1738 3065 1844 3121 uti-

258 3167 464 3222 litatem
511 3165 716 3228 salutis,
768 3178 873 3217 non
921 3161 1151 3232 petimus
1189 3159 1245 3213 in
1288 3157 1505 3212 nomine
1533 3156 1841 3211 Salvatoris.

258 3260 323 3314 Et
346 3267 533 3313 tamen
564 3257 676 3326 ipse
715 3253 958 3311 Salvator
998 3261 1100 3318 est,
1128 3265 1232 3306 non
1259 3251 1429 3305 solum
1473 3248 1683 3320 quando
1722 3247 1847 3303 facit

258 3349 405 3421 quod
447 3348 698 3419 petimus,
733 3360 919 3401 verum
964 3344 1121 3398 etiam
1158 3341 1368 3411 quando
1396 3356 1497 3394 non
1527 3339 1683 3400 facit;
1710 3354 1845 3409 quo-

260 3444 405 3497 niam
444 3440 583 3511 quod
627 3439 772 3495 videt
815 3439 919 3509 peti
961 3445 1143 3492 contra
1176 3436 1421 3501 salutem,
1454 3451 1559 3489 non
1608 3432 1846 3490 faciendo

258 3534 439 3604 potius
484 3547 540 3587 se
592 3530 806 3586 exhibet
855 3528 1200 3584 Salvatorem.
1236 3526 1390 3581 Novit
1427 3527 1566 3581 enim
1610 3526 1848 3581 medicus

258 3623 387 3695 quid
419 3638 517 3692 pro
542 3636 655 3688 sua,
684 3620 807 3690 quid
832 3628 1014 3674 contra
1045 3633 1193 3671 suam
1221 3618 1442 3671 salutem
1465 3623 1650 3686 poscat
1674 3630 1845 3686 tegm-

259 3724 382 3780 tus;
414 3722 462 3769 et
485 3713 607 3768 ideo
628 3715 890 3766 contraria
920 3709 1184 3777 poscentis
1217 3722 1324 3761 non
1344 3706 1470 3761 facit
1498 3706 1842 3772 voluntatem,

258 3814 314 3860 ut
340 3805 509 3861 faciat
542 3805 842 3858 sanitatem.
887 3800 1218 3870 Quapropter
1255 3797 1466 3867 quando
1506 3797 1748 3850 volumus
1791 3804 1848 3850 ut

258 3897 423 3953 faciat
438 3895 806 3966 quodcumque
824 3893 1071 3963 petimus,
1091 3905 1197 3945 non
1215 3898 1518 3958 utcumque,
1542 3885 1634 3941 sed
1668 3888 1718 3941 in
1748 3901 1846 3941 no-

259 3990 410 4044 mine
438 3989 552 4058 ejus
576 3998 837 4058 petamus,
868 3985 969 4039 hoc
996 3993 1079 4039 est
1108 3983 1161 4036 in
1196 3982 1411 4036 nomine
1436 3980 1724 4035 Salvatoris
1751 3995 1846 4049 pe-

260 4093 458 4138 tamus.
490 4082 604 4137 Non
648 4096 776 4151 ergo
804 4089 985 4134 contra
1033 4086 1269 4131 nostram
1300 4076 1521 4130 salutem
1562 4083 1801 4144 petamus
1830 4088 1844 4126 :

259 4176 408 4247 quod
435 4176 482 4231 si
512 4175 715 4239 fecerit,
761 4190 866 4229 non
907 4182 963 4227 ut
1001 4172 1243 4227 Salvator
1271 4171 1416 4237 facit,
1455 4170 1595 4240 quod
1641 4178 1722 4224 est
1748 4184 1849 4223 no-

261 4284 389 4323 men
416 4268 532 4337 ejus
559 4266 801 4321 ﬁdelibus
823 4265 958 4334 ejus.
991 4264 1089 4318 Est
1116 4263 1309 4333 quippe
1347 4262 1522 4331 impiis
1551 4272 1604 4316 et
1633 4262 1851 4314 damna-

262 4369 369 4423 tor,
417 4358 504 4428 qui
535 4358 781 4428 dignatur
823 4355 1065 4411 ﬁdelibus
1107 4370 1228 4409 esse
1270 4353 1528 4409 Salvator.
1578 4353 1676 4419 Qui
1724 4368 1850 4423 ergo

261 4452 435 4507 credit
466 4452 517 4506 in
547 4467 691 4517 eum,
747 4449 1114 4522 quodcumque
1162 4448 1374 4519 petierit
1412 4448 1462 4501 in
1510 4461 1575 4501 eo
1614 4447 1847 4511 nomine,

262 4543 408 4613 quod
433 4552 516 4598 est
548 4543 652 4597 illis
684 4542 772 4611 qui
796 4541 1017 4596 credunt
1042 4541 1092 4594 in
1117 4554 1259 4603 eum,
1290 4538 1391 4592 hoc
1416 4536 1571 4602 facit;
1601 4537 1849 4607 quoniam

263 4637 367 4691 hoc
397 4637 533 4691 sicut
562 4636 803 4691 Salvator
834 4634 977 4690 facit.
1005 4633 1060 4689 Si
1097 4642 1270 4687 autem
1297 4632 1386 4702 qui
1429 4631 1481 4684 in
1512 4646 1633 4686 eum
1660 4630 1849 4693 credit,

261 4730 465 4800 aliquid
506 4745 601 4799 per
641 4728 987 4799 ignorantiam
1030 4734 1213 4780 contra
1241 4740 1389 4778 suam
1430 4724 1652 4777 salutem
1697 4722 1847 4792 petit,

208 4864 213 4871 .
264 4836 371 4875 non
422 4821 473 4874 in
505 4820 724 4875 nomine
768 4818 1059 4875 Salvatoris
1101 4816 1261 4887 petit;
1293 4815 1414 4885 quia
1456 4814 1696 4870 Salvator
1738 4814 1852 4884 ejus

265 4930 372 4967 non
400 4910 522 4979 erit,
545 4913 589 4967 si
610 4911 753 4983 quod
781 4912 898 4981 ejus
932 4911 1158 4965 salutem
1187 4907 1426 4978 impedit,
1460 4907 1664 4962 fecerit.
1695 4906 1851 4962 Unde

267 5015 395 5059 tunc
423 5005 639 5075 expedit
681 5004 853 5075 potius
902 5011 957 5056 nt
1006 5018 1111 5056 non
1162 4999 1401 5055 faciendo
1449 5007 1663 5069 propter
1708 4997 1849 5068 quod

267 5098 564 5162 invocatur,
598 5095 755 5150 faciat
795 5094 935 5165 quod
962 5104 1197 5148 vocatur.
1230 5093 1516 5161 Propterea
1543 5106 1646 5145 non
1677 5090 1847 5145 solum

266 5185 525 5252 Salvator,
553 5186 646 5240 sed
684 5184 842 5240 etiam
887 5185 1137 5255 magister
1179 5183 1368 5250 bonus,
1407 5192 1465 5237 ut
1495 5182 1652 5237 faciat
1686 5182 1854 5253 quod-

268 5294 499 5349 cumque
550 5279 882 5349 petierimus,
937 5279 989 5331 in
1039 5277 1151 5346 ipsa
1202 5279 1443 5331 oratione
1486 5291 1645 5347 quam
1701 5274 1853 5329 nobis

264 5369 434 5437 dedit,
463 5371 646 5425 docuit
689 5370 815 5440 quid
860 5380 1135 5439 petamus;
1185 5377 1241 5423 ιιι
1279 5370 1439 5423 etiam
1486 5368 1563 5423 sic
1591 5366 1852 5436 intelliga-

269 5477 390 5517 mus
424 5477 529 5517 non
578 5472 759 5532 petere
798 5476 897 5515 nos
933 5462 984 5514 in
1014 5460 1227 5515 nomine
1254 5460 1513 5530 magistri,
1545 5459 1686 5530 quod
1717 5459 1851 5529 peti-

268 5568 390 5609 mus
421 5564 616 5623 practer
640 5554 873 5624 regulam
903 5553 1067 5622 ipsius
1088 5553 1394 5623 magisterii.

336 5648 391 5702 4.
432 5647 575 5702 Sane
599 5646 841 5718 qumdam
867 5646 1107 5716 quamvis
1133 5646 1185 5699 in
1204 5645 1419 5701 nomine
1442 5644 1557 5715 ejus
1587 5652 1850 5715 petamus,

334 5782 351 5815 ι
376 5788 423 5855 tn
461 5790 532 5841 Β..
568 5781 932 5855 quiddicimus,
958 5779 1241 5833 carissimi?
1283 5788 1360 5831 Er.
1383 5786 1530 5845 Lugd.
1578 5790 1696 5833 Ven.
1744 5789 1851 5834 Lov.

268 5854 609 5897 semusumus.
665 5854 720 5896 Μ.

1303 371 1707 432 ruacrarus
1741 368 1978 430 LXXIV.
2018 370 2243 431 CAPUT
2284 373 2423 463 xlv.

3385 388 3410 443 1
3421 377 3524 443 826

1944 488 1997 543 id
2026 497 2107 544 est
2131 491 2423 547 secundum
2459 491 2789 549 Salvatorem
2811 500 2864 548 et
2896 494 3189 552 secundum
3219 500 3527 570 magistrum

1944 592 2215 652 petamus;
2251 601 2353 641 non
2384 594 2509 642 tunc
2536 587 2747 658 quando
2786 588 3013 659 petimus
3053 589 3197 657 facit,
3220 592 3313 646 sed
3353 602 3529 647 tamen

1944 675 2086 732 facit.
2114 677 2296 748 Neque
2333 680 2474 734 enim
2502 681 2625 751 quia
2663 690 2718 737 et
2745 681 2872 736 illud
2896 684 3125 753 petimus
3150 694 3208 740 ut
3236 686 3412 741 veniat
3437 701 3528 742 re-

1944 784 2105 840 gnum
2150 770 2267 839 Dei,
2298 781 2577 842 propterea
2619 789 2724 829 non
2768 773 2892 830 facit
2937 777 3077 846 quod
3124 778 3373 848 petimus,
3404 781 3528 849 quia

1945 880 2053 919 non
2073 866 2247 921 statim
2276 882 2397 921 cum
2419 868 2509 923 illo
2535 868 2587 922 in
2616 870 2911 925 aeternitate
2931 886 3215 940 regnamus
3243 890 3257 926 :
3284 872 3528 929 differtur

1945 960 2085 1015 enim
2115 960 2255 1031 quod
2283 962 2531 1031 petimus,
2565 978 2671 1017 nou
2699 973 2937 1035 negatur.
2970 964 3346 1021 Verumtamen
3373 982 3532 1022 oran-

1946 1058 2028 1104 tes
2074 1058 2324 1120 tanquam
2374 1052 2696 1108 seminantes
2745 1069 2848 1109 non
2902 1055 3243 1122 deﬁciamus;
3289 1065 3533 1126 tempore

1945 1139 2086 1194 enim
2118 1141 2333 1210 pr0prio
2372 1150 2632 1197 metemus
2660 1142 2857 1215 (Galat.
2884 1161 2957 1211 v1,
2991 1146 3069 1216 9).
3093 1146 3159 1200 Et
3196 1147 3353 1201 simul
3380 1154 3532 1217 peta-

1944 1245 2063 1285 mus
2091 1231 2300 1301 quando
2331 1231 2466 1287 bene
2497 1234 2722 1303 petimus
2742 1275 2759 1300 ,
2805 1243 2866 1289 ut
2904 1250 3008 1289 non
3054 1236 3210 1290 faciat
3238 1237 3377 1307 quod
3424 1251 3531 1291 non

1943 1320 2079 1375 bene
2110 1323 2372 1392 petimus;
2398 1324 2518 1394 quia
2542 1333 2596 1378 et
2624 1324 2691 1379 ad
2718 1324 2819 1380 hoc
2846 1326 3074 1395 pertinet
3097 1328 3236 1397 quod
3264 1329 3317 1383 in
3344 1328 3529 1383 eadem

1944 1413 2185 1467 oratione
2220 1412 2484 1469 dominica
2530 1414 2774 1479 dicimus,
2809 1414 2892 1469 Ne
2926 1434 3015 1471 nos
3055 1417 3245 1489 inferas
3286 1418 3340 1472 in
3368 1428 3531 1472 tenta-

1945 1504 2129 1559 tionem
2157 1504 2366 1578 (Matth.
2396 1524 2471 1574 vr,
2502 1507 2682 1579 9-15).
2714 1508 2899 1579 Neque
2933 1510 3075 1564 enim
3112 1525 3271 1579 parva
3302 1520 3384 1565 est
3412 1519 3531 1564 ten-

1943 1595 2094 1661 tatio,
2127 1598 2171 1652 si
2196 1608 2380 1653 contra
2410 1608 2554 1654 tuam
2585 1600 2652 1653 sit
2694 1614 2907 1655 causam
2950 1610 3034 1654 tua
3076 1600 3384 1669 postulatio.
3416 1599 3529 1656 Non

1944 1696 2120 1742 autem
2148 1689 2476 1759 negligenter
2501 1690 2821 1745 audiendum
2853 1699 2954 1758 est,
2982 1690 3123 1760 quod
3155 1691 3430 1755 Dominus,
3463 1706 3530 1745 ne

1944 1780 2218 1849 quisquam
2248 1796 2367 1835 eum
2397 1790 2606 1851 putaret
2634 1780 2774 1851 quod
2795 1797 2855 1836 se
2876 1781 3120 1851 promisit
3148 1779 3327 1835 facere
3346 1790 3531 1849 peten-

1944 1870 2104 1933 tibus,
2133 1870 2247 1926 sine
2278 1871 2434 1927 Patre
2462 1887 2580 1927 esse
2610 1871 2890 1937 facturum,
2921 1886 3043 1927 cum
3082 1871 3320 1937 dixisset,
3352 1870 3532 1936 Quod-

1943 1980 2150 2035 cumque
2186 1966 2421 2034 petieritis
2450 1967 2502 2019 in
2527 1965 2726 2019 nomine
2749 1981 2879 2031 meo,
2910 1964 3004 2017 hoc
3035 1964 3240 2035 faciam,
3279 1962 3533 2019 continuo

1942 2055 2186 2125 subjecit,
2218 2056 2285 2111 Ut
2310 2057 2622 2128 gloriﬁcetur
2658 2056 2816 2110 Pater
2855 2056 2909 2110 in
2953 2054 3115 2120 Filio,
3146 2056 3191 2109 si
3215 2055 3336 2125 quid
3372 2054 3532 2125 petie-

1942 2147 2053 2201 ritis
2076 2148 2130 2201 in
2174 2148 2375 2202 nomine
2415 2165 2544 2215 meo,
2577 2150 2670 2202 hoc
2713 2149 2918 2219 faciam.
2967 2147 3122 2202 Nullo
3170 2147 3329 2201 modo
3373 2146 3531 2216 igitur

1945 2239 2060 2294 sine
2085 2239 2240 2294 Patre
2282 2240 2385 2295 hoc
2427 2241 2599 2296 Filius
2633 2242 2778 2308 facit,
2821 2240 3245 2311 quandoquidem
3281 2240 3417 2294 utin
3442 2238 3533 2295 illo

1945 2331 2104 2385 Pater
2130 2331 2476 2401 gloriﬁcatur,
2518 2340 2798 2402 propterea
2844 2331 2987 2385 facit.
3032 2330 3184 2405 Facit
3220 2345 3347 2399 ergo
3376 2330 3535 2384 Pater

1945 2421 1998 2476 in
2029 2422 2185 2489 Filio,
2215 2431 2271 2476 ut
2307 2423 2474 2478 Filius
2501 2422 2825 2493 gloriﬁcetur
2869 2421 2919 2475 in
2968 2421 3125 2476 Patre
3154 2437 3167 2473 :
3198 2428 3253 2474 et
3279 2420 3403 2474 facit
3441 2417 3534 2472 Fi-

1944 2514 2047 2569 lius
2081 2514 2133 2568 in
2168 2514 2326 2569 Patre
2347 2556 2362 2580 ,
2390 2522 2449 2569 ut
2478 2514 2641 2570 Pater
2661 2513 2989 2585 gloriﬁcetur
3012 2512 3064 2567 in
3092 2511 3261 2579 Filio;
3284 2509 3536 2582 quoniam

1945 2620 2107 2660 unum
2137 2615 2260 2660 sunt
2286 2604 2444 2661 Pater
2467 2615 2522 2661 et
2541 2604 2725 2659 Filius.

2394 2738 2807 2796 TRACTATUS
2844 2738 3058 2796 LXXIV

1946 2853 2026 2909 De
2051 2870 2108 2909 eo
2134 2854 2269 2927 quod
2296 2855 2392 2922 ait,
2420 2854 2477 2911 Si
2505 2853 2723 2924 diligitis
2744 2869 2851 2919 me,
2880 2852 3128 2908 mandata
3157 2865 3273 2907 mea
3292 2858 3531 2917 servate;

2017 2963 2172 3017 usque
2205 2946 2273 3000 ad
2311 2947 2384 3014 id,
2428 2946 2582 3016 Apud
2624 2961 2721 3001 vos
2766 2946 3020 3011 manebit,
3060 2952 3115 3001 et
3147 2945 3200 2999 in
3232 2943 3383 2999 vobis
3406 2943 3531 2999 erit.

2017 3038 2146 3111 Cap.
2177 3055 2292 3107 x1v,
2335 3040 2373 3109 ᾗ
2395 3077 2412 3095 .
2438 3039 2625 3095 15-17.

2019 3173 2073 3227 1.
2113 3172 2445 3239 Audivimus,
2473 3171 2684 3237 fratres,
2719 3186 2839 3227 cum
2866 3171 3209 3242 Evangelium
3242 3172 3531 3242 legeretur,

1948 3263 2235 3318 Dominum
2281 3262 2545 3318 dicentem
2586 3280 2601 3317 :
2639 3263 2699 3317 St
2746 3262 2955 3332 diligitis
2998 3280 3097 3328 me,
3143 3261 3383 3315 mandata
3424 3278 3535 3316 mea

1948 3364 2137 3408 servate
2177 3363 2269 3407 :et
2310 3370 2401 3424 ego
2442 3352 2628 3426 rogabo
2668 3350 2895 3420 Patrem,
2933 3360 2980 3406 et
3012 3352 3170 3406 alium
3212 3351 3538 3405 Paracletum

1950 3445 2087 3499 dabit
2115 3445 2251 3501 vobis
2270 3487 2285 3511 ,
2315 3456 2370 3500 ut
2401 3455 2599 3500 maneat
2628 3446 2880 3499 vobiscum
2907 3446 2959 3498 in
2988 3455 3250 3511 internum,
3284 3445 3537 3515 Spiritum

1950 3537 2191 3602 veritatis,
2222 3554 2367 3607 quem
2408 3536 2626 3591 mundus
2664 3554 2764 3591 non
2808 3545 2967 3605 potest
3009 3537 3268 3607 accipere;
3291 3537 3412 3603 quia
3439 3553 3539 3589 non

1948 3631 2077 3685 videt
2106 3647 2240 3697 eum,
2286 3647 2375 3683 nec
2420 3631 2511 3684 scit
2548 3647 2680 3684 eum.
2721 3629 2822 3683 Vos
2859 3639 3025 3682 autem
3066 3629 3371 3699 cognoscetis
3399 3644 3535 3694 eum,

1949 3722 2069 3793 quia
2114 3721 2253 3791 apud
2292 3736 2379 3774 vos
2422 3722 2657 3787 manebit,
2687 3729 2734 3773 et
2775 3722 2829 3774 in
2868 3720 3004 3773 vobis
3043 3721 3155 3773 erit.
3203 3718 3362 3773 Multa
3390 3728 3534 3785 sunt,

1949 3829 2068 3882 quae
2119 3812 2171 3866 in
2222 3813 2337 3866 istis
2385 3812 2562 3881 paucis
2605 3812 2781 3866 verbis
2821 3810 3028 3865 Domini
3058 3811 3414 3879 requirantur;
3442 3808 3537 3863 sed

1950 3905 2174 3959 multum
2205 3914 2289 3959 est
2326 3903 2392 3958 ad
2420 3919 2517 3958 nos
2540 3903 2621 3957 vel
2651 3904 2828 3957 omnia
2850 3906 2968 3972 qua:
2996 3902 3083 3956 hic
3103 3901 3388 3972 quaerenda
3414 3906 3540 3954 sunt

1951 4010 2211 4065 quaerere,
2237 3995 2321 4049 vel
2350 3994 2527 4048 omnia
2566 4010 2685 4064 qua:
2714 3994 2797 4047 hic
2824 3993 3111 4063 quaerimus
3144 3991 3404 4046 invenire.
3429 3990 3537 4047 Ve-

1950 4096 2249 4143 rumtamen
2278 4095 2534 4157 quantum
2563 4086 2718 4141 nobis
2748 4086 3006 4140 Dominus
3033 4085 3234 4140 donare
3270 4084 3536 4156 dignatur,

1951 4195 2048 4250 pro
2094 4187 2273 4234 nostra
2313 4187 2367 4233 et
2408 4188 2585 4233 vestra
2630 4177 2941 4247 capacitate,
2969 4176 3094 4246 quid
3136 4175 3314 4231 dicere
3340 4175 3540 4231 debea-

1953 4288 2093 4337 mus,
2121 4282 2174 4327 ct
2213 4270 2340 4343 quid
2382 4272 2567 4326 audire
2604 4268 2863 4332 debeatis,
2899 4269 3253 4336 attendentes,
3285 4284 3381 4338 per
3418 4284 3537 4336 nos,

1952 4363 2270 4429 charissimi,
2313 4363 2452 4434 quod
2496 4377 2777 4433 possumus
2822 4362 3035 4427 sumite,
3066 4368 3120 4415 et
3157 4361 3225 4415 ab
3269 4360 3360 4413 illo
3396 4358 3538 4429 quod

1952 4470 2057 4510 non
2090 4469 2371 4524 possumus
2400 4452 2618 4523 poscite.
2659 4451 2911 4522 Spiritum
2944 4451 3265 4520 paracletnm
3294 4450 3542 4506 Christus

1954 4547 2197 4617 promisit
2257 4546 2554 4616 Apostolis;
2612 4559 2716 4615 quo
2770 4550 2946 4598 autem
2996 4542 3156 4597 modo
3216 4542 3539 4612 promiserit,

1953 4639 2315 4694 advertamus.
2344 4636 2406 4692 Si
2431 4636 2641 4707 diligitis
2666 4651 2777 4703 me,
2807 4635 2995 4705 inquit,
3027 4634 3268 4688 mandata
3295 4650 3405 4688 mea
3429 4649 3541 4686 ser-

1953 4739 2062 4784 vale
2091 4745 2109 4782 :
2137 4738 2181 4782 et
2216 4744 2308 4799 ego
2328 4727 2514 4798 rogabo
2541 4725 2766 4792 Patrem,
2799 4735 2845 4779 et
2873 4725 3029 4779 alium
3056 4723 3379 4779 Paracletum
3405 4723 3541 4779 dabit

1955 4822 2108 4885 vobis,
2138 4831 2193 4875 ut
2220 4830 2418 4875 maneat
2458 4819 2709 4873 vobiscum
2746 4819 2799 4871 in
2838 4826 3096 4882 aeternum,
3130 4816 3380 4887 Spiritum
3409 4814 3543 4869 veri-

1959 4913 2094 4968 tatis.
2143 4912 2239 4966 Hic
2284 4920 2367 4966 est
2411 4911 2589 4981 utique
2632 4910 2683 4963 in
2739 4908 2996 4963 Trinitate
3038 4906 3267 4977 Spiritus
3304 4916 3543 4973 sanctus,

1956 5021 2114 5076 quem
2147 5003 2290 5059 Patri
2319 5013 2373 5058 et
2400 5002 2535 5058 Filio
2577 5000 3082 5056 consubstantialem
3129 5006 3185 5054 et
3217 5009 3544 5055 coaeternurn

1957 5096 2091 5151 ﬁdes
2119 5095 2384 5150 catholica
2418 5094 2702 5150 conﬁtetur
2730 5112 2742 5147 :
2774 5094 2888 5162 ipse
2914 5102 2997 5148 est
3019 5094 3086 5148 de
3119 5107 3225 5163 quo
3248 5092 3376 5147 dicit
3401 5093 3547 5163 Apo-

1954 5188 2146 5254 stolus,
2180 5186 2413 5241 Charitas
2438 5184 2533 5240 Dei
2557 5184 2745 5251 diffusa
2777 5193 2849 5239 est
2885 5184 2940 5238 in
2977 5182 3211 5238 cordibus
3240 5182 3428 5237 nostris
3458 5197 3546 5252 per

1958 5278 2209 5351 Spiritum
2254 5287 2507 5344 sanctum,
2554 5276 2641 5348 qui
2686 5276 2832 5330 datus
2875 5284 2948 5330 est
2995 5275 3136 5328 nobis
3178 5272 3354 5344 (Rom.
3389 5288 3446 5339 v,
3467 5273 3545 5343 5).

1957 5369 2234 5438 Quomodo
2259 5384 2386 5440 ergo
2409 5369 2664 5424 Dominus
2694 5367 2841 5434 dicit,
2865 5367 2924 5423 Si
2949 5366 3162 5436 diligitis
3184 5380 3284 5447 me,
3306 5363 3550 5417 mandata

1957 5481 2069 5519 mea
2108 5472 2296 5519 servate
2332 5480 2350 5517 :
2385 5472 2430 5516 et
2459 5480 2548 5535 ego
2573 5462 2760 5533 rogabo
2805 5461 3031 5525 Patrem,
3056 5470 3100 5515 et
3123 5459 3283 5513 alium
3303 5457 3551 5513 Paracle-

1959 5566 2063 5610 tum
2106 5556 2245 5610 dabit
2294 5555 2467 5620 vobis;
2493 5570 2617 5610 cum
2660 5554 2762 5609 hoc
2789 5553 2930 5608 dicat
2975 5551 3044 5606 de
3086 5550 3288 5623 Spiritu
3339 5559 3547 5618 sancto,

1958 5666 2115 5720 quem
2156 5650 2259 5703 nisi
2291 5649 2600 5715 habeamus,
2635 5662 2735 5702 nec
2764 5647 2985 5715 diligere
3031 5645 3196 5700 Deum
3242 5659 3544 5716 possumus,

1960 5759 2061 5800 nec
2079 5744 2196 5813 ejus
2220 5742 2462 5796 mandata
2492 5740 2742 5797 servare?
2764 5737 3043 5808 Quomodo
3063 5738 3329 5809 diligimus
3351 5746 3410 5795 ut
3426 5753 3547 5794 eum

1961 5836 2305 5908 accipiamus,
2337 5848 2495 5899 quem
2539 5832 2643 5889 nisi
2686 5832 2995 5899 habeamus,
3024 5830 3243 5903 diligere
3272 5847 3377 5889 non
3402 5832 3543 5888 vale-
