4102 6466
541 321 694 394 1897.

539 454 698 512 mus?
723 456 814 506 aut
839 427 1114 524 quomodo.
1131 437 1378 500 mandata
1399 433 1726 492 servabimus
1752 438 1811 486 ut
1835 445 1956 486 eum
1985 427 2125 484 acci-

541 555 765 621 piamus,
797 525 956 616 quem
997 523 1096 592 nisi
1136 535 1449 596 habeamus,
1476 525 1721 621 mandata
1759 537 1972 621 servare
2017 535 2124 574 non

543 611 830 712 possumus
843 611 865 687 2'
888 634 968 686 An
1015 629 1148 683 forte
1186 617 1445 696 praecedit
1477 619 1529 700 in
1557 615 1712 708 nobis
1738 614 1989 712 charitas,
2022 626 2123 700 qua

540 702 807 804 diligimus
851 723 1138 788 Christum,
1174 724 1232 770 ut
1272 705 1860 804 diligendoAChr‘is—tum‘
1904 704 2124 794 ejusque

444 835 446 837 ’
538 793 786 879 mandata
822 811 1087 879 faciendo,
1133 820 1435 863 mereamur
1462 801 1703 872 accipere
1723 793 1976 868 Spiritum
2003 809 2125 848 san-

538 924 704 980 ctum,
735 920 793 965 ut
817 906 1049 963 Charitas
1078 917 1184 970 non
1214 895 1434 962 Christi,
1475 910 1593 976 quae
1617 893 1726 963 jam
1754 893 2120 972 prateesserat,

538 1005 632 1061 sed
667 1003 757 1058 Dei
798 999 968 1056 Patris
1010 991 1339 1060 diffundatur
1388 991 1442 1044 in
1489 985 1737 1042 cordibus
1786 982 1982 1037 nostris
2030 989 2125 1049 per

537 1094 788 1166 Spiritum
834 1095 1076 1143 sanctum
1111 1085 1200 1155 qui
1239 1083 1393 1138 datus
1426 1085 1508 1135 est
1542 1075 1733 1154 nobis?
1758 1075 2014 1166 Perversa
2043 1077 2126 1125 est

539 1165 637 1250 ista
665 1183 943 1242 sententia.
968 1165 1078 1250 Qui.
1105 1180 1245 1234 enim
1273 1193 1331 1232 se
1361 1174 1554 1229 Filium
1590 1169 1811 1240 diligere
1839 1165 2026 1244 credit,
2070 1171 2124 1218 et

538 1285 746 1338 Patrem
787 1261 892 1342 nun
921 1275 1123 1346 diligit;
1155 1253 1390 1345 profecto
1437 1281 1538 1323 nec
1576 1265 1767 1348 Filium
1809 1260 2000 1333 diligit,
2029 1256 2123 1314 sed

538 1373 679 1446 quod
709 1355 809 1430 sibi
838 1372 952 1442 ipse
979 1357 1254 1446 eonlinxit.
1302 1360 1502 1417 Deinde
1548 1355 1837 1446 apostolica
1877 1368 1981 1446 vos
2018 1360 2116 1446 est,

537 1443 704 1520 Iliemo
731 1447 870 1528 dicit,
899 1461 1144 1515 Dominus
1163 1443 1332 1523 Iesus,
1350 1453 1447 1518 uisi
1470 1453 1521 1507 in
1544 1443 1737 1520 piritu
1762 1455 1934 1506 sancto
1948 1443 1988 1518 (l
2001 1443 2122 1532 Cor.

535 1573 636 1626 xn,
663 1556 718 1625 3)
756 1573 769 1610 :
803 1562 856 1614 et
881 1552 998 1637 quis
1041 1549 1320 1605 Dominum
1347 1545 1550 1606 Jesum,
1581 1541 1680 1608 nisi
1721 1539 1810 1612 qui
1841 1553 1962 1620 eum
1998 1535 2121 1637 dili:

535 1621 632 1720 git,
661 1621 911 1708 dicit.isi1
949 1658 1014 1698 eo
1065 1641 1222 1712 modo
1261 1638 1388 1693 dicit
1433 1650 1540 1708 quo
1578 1629 1865 1710 Apostolus
1905 1625 2124 1720 intelligi

533 1739 737 1802 voluit?
765 1737 911 1801 Multi
939 1735 1082 1800 enim
1108 1747 1236 1788 voce
1266 1730 1466 1806 dicunt,
1499 1725 1660 1808 corde
1689 1721 1867 1779 autem
1892 1731 1944 1776 et
1972 1719 2123 1774 factis

534 1837 768 1908 negant:
797 1809 932 1906 sicut
962 1826 1029 1902 de
1061 1825 1252 1880 talibus
1275 1821 1367 1884 ait,
1395 1819 1712 1887 Conﬁtentur
1738 1815 1873 1868 enim
1897 1829 1951 1866 se
1980 1828 2123 1866 nosse

534 1897 720 1990 Deum,
767 1897 913 1996 {actis
961 1899 1129 1974 autem
1166 1901 1357 1986 negant
1403 1908 1524 1980 (Tit.
1576 1925 1614 1977 1,
1658 1906 1767 1978 16).
1802 1905 1858 1961 Si
1901 1912 2125 1978 negatur

533 2015 708 2078 factis,
736 2010 921 2082 procul
951 2007 1114 2079 dubio
1157 2005 1315 2067 etiam
1347 2001 1540 2064 dicitur
1584 1999 1754 2068 factis.
1806 1996 1971 2070 Nemo
2021 1996 2124 2054 ita-

535 2120 639 2175 que
663 2103 806 2178 dicit,
838 2099 1087 2164 Dominus
1105 2097 1277 2165 Jesus,
1307 2093 1507 2166 animo,
1531 2094 1716 2158 verbo,
1749 2090 1912 2158 facto,
1939 2088 2122 2180 corde,

534 2214 649 2266 ore,
674 2211 856 2274 opere,
884 2210 1027 2258 nemo
1063 2193 1202 2258 dicit,
1233 2177 1479 2244 Dominus
1516 2187 1688 2258 Jesus,
1724 2185 1823 2239 nisi
1847 2177 2125 2264 in'Spjritu

533 2299 709 2350 sancto
723 2272 745 2353 V;
776 2297 829 2347 et
862 2302 1020 2346 nemo
1047 2287 1124 2350 sic
1152 2272 1297 2346 dicit,
1336 2279 1439 2336 nisi
1469 2280 1555 2353 qui
1585 2278 1771 2350 diligit.
1801 2277 1921 2333 Jam
1947 2276 2126 2362 itaque

533 2381 779 2453 Apostoli
829 2379 1097 2454 dicebant,
1146 2375 1396 2442 Dominus
1437 2371 1590 2428 Iesus
1621 2388 1638 2426 :
1666 2380 1718 2427 et
1760 2371 1805 2452 si
1858 2386 1922 2425 eo
1967 2367 2125 2454 modo

536 2474 808 2542 dicebant,
828 2483 885 2534 ut
915 2487 1020 2534 non
1053 2471 1172 2531 ﬁcte
1199 2468 1456 2532 dicerent,
1482 2481 1575 2546 ore
1603 2465 1938 2546 conﬁtentes,
1963 2460 2126 2542 corde

534 2576 590 2623 et
613 2566 764 2620 factis
787 2561 1083 2635 negantes;
1123 2575 1341 2632 prorsus
1367 2560 1410 2630 si
1437 2557 1693 2626 veraciter
1723 2557 1824 2627 hoc
1854 2555 2124 2626 dicebant,

534 2659 719 2730 procul
747 2657 907 2712 dubio
948 2655 1254 2726 diligebant.
1303 2651 1580 2734 Quomodo
1621 2651 1778 2721 igitur
1814 2650 2122 2720 diligebant,

533 2751 638 2805 nisi
674 2750 728 2803 in
757 2749 958 2818 Spiritu
987 2747 1209 2802 saneto?
1250 2745 1314 2800 Et
1349 2753 1526 2799 tamen
1553 2742 1630 2798 eis
1666 2742 1813 2812 prius
1833 2742 2126 2812 imperatur

532 2849 593 2896 ut
619 2840 844 2910 diligant
870 2853 1014 2904 eum,
1045 2837 1233 2907 eteius
1253 2835 1506 2896 mandata
1531 2843 1866 2900 conservent,
1899 2842 1958 2893 ut
1985 2834 2126 2891 θεοῖο

531 2933 683 3004 piant
724 2932 979 3001 Spiritum
1020 2937 1260 2986 sanctum
1292 2947 1305 2983 :
1338 2944 1496 2999 quem
1541 2928 1645 2984 nisi
1685 2928 1964 2997 haberent,
2004 2943 2126 2999 pro-

529 3022 671 3078 fecto
695 3022 915 3093 diligere
942 3030 996 3077 et
1021 3020 1266 3075 mandata
1289 3033 1505 3076 servare
1534 3034 1638 3074 non
1669 3027 1909 3089 possent.

601 3112 656 3184 2.
699 3113 885 3174 Restat
922 3127 1049 3188 ergo
1091 3121 1148 3164 ut
1193 3109 1549 3180 intelligamus
1587 3109 1842 3184 Spiritum
1881 3117 2124 3188 sanctum

530 3199 730 3260 habere
757 3203 847 3276 qui
873 3199 1062 3273 diligit,
1088 3209 1141 3256 et
1177 3199 1420 3256 habendo
1449 3202 1645 3256 mereri
1677 3210 1732 3255 ut
1761 3197 1879 3274 plus
1901 3197 2120 3276 habeat,

531 3303 586 3351 et
615 3294 731 3370 plus
767 3291 1014 3366 habendo
1060 3291 1177 3366 plus
1221 3291 1420 3368 diligat.
1471 3290 1588 3346 Jam
1634 3291 1810 3380 itaque
1859 3289 2126 3372 habebant

530 3386 788 3462 Spiritum
822 3383 1088 3462 discipuli,
1119 3399 1275 3462 quem
1321 3381 1575 3437 Dominus
1618 3383 1981 3458 promittebat,
2009 3384 2125 3458 sine

529 3495 638 3551 quo
665 3494 788 3550 eum
835 3475 1117 3548 Dominum
1166 3490 1270 3529 non
1315 3471 1562 3530 dicebant
1610 3493 1622 3529 :
1667 3490 1766 3530 nec
1797 3471 2124 3530 tamencum

528 3571 704 3644 adhuc
732 3569 1018 3643 habebant,
1057 3569 1198 3638 sicut
1235 3583 1358 3622 eum
1387 3567 1642 3627 Dominus
1668 3567 2027 3638 promittebat.
2057 3566 2124 3630 Et

529 3663 798 3720 habebant
823 3678 974 3733 ergo,
1006 3670 1060 3717 et
1089 3677 1193 3715 non
1217 3645 1501 3726 habebant,
1522 3660 1610 3730 qui
1636 3670 1891 3742 quantum
1925 3660 2124 3736 haben-

527 3755 629 3811 dus
672 3756 862 3819 fuerat,
905 3754 1140 3808 nondum
1169 3745 1457 3832 habebant.
1490 3752 1765 3808 llabebant
1801 3753 1977 3830 itaque
2016 3753 2119 3808 mi-

527 3863 650 3921 nus,
677 3843 882 3915 dandus
911 3855 1024 3901 erat
1053 3845 1131 3900 eis
1169 3839 1416 3914 amplius.
1450 3843 1727 3910 Ilabebant
1768 3839 1997 3914 occulte,
2027 3861 2121 3901 ae-

527 3937 734 4012 ccpturi
783 3937 992 3993 fuerant
1041 3935 1352 4010 manifeste;
1411 3936 1533 4010 quia
1580 3949 1632 3992 et
1676 3938 1779 3992 hoc
1835 3937 1899 3992 ad
1949 3937 2122 4010 majus

527 4032 728 4087 donum
750 4030 918 4104 sancti
957 4030 1188 4102 Spiritus
1222 4029 1627 4104 pertinebat,.ut
1655 4029 1732 4086 eis
1761 4032 2122 4088 innotesceret

527 4123 669 4194 quod
709 4121 992 4184 habebant.
1042 4122 1116 4178 De
1146 4139 1252 4193 quo
1302 4138 1524 4194 munere
1566 4124 1790 4198 loquens
1834 4125 2118 4198 Apostolus

526 4220 602 4274 ait
630 4236 643 4272 :
680 4215 791 4282 Nos
827 4225 994 4290 autem
1033 4233 1131 4270 non
1158 4217 1391 4288 spiritum
1419 4210 1571 4294 hujus
1599 4217 1774 4296 mundi
1811 4217 2115 4288 accepimus,

526 4303 613 4376 sed
645 4308 895 4386 Spiritum
924 4310 1009 4380 qui
1042 4325 1104 4363 ea;
1135 4301 1240 4362 Deo
1268 4317 1359 4373 est,
1383 4319 1438 4361 ut
1466 4309 1683 4376 sciamus
1710 4303 1820 4380 qua:
1839 4326 1870 4374 α
1899 4307 2003 4386 Dco
2029 4301 2120 4362 (10-

527 4411 647 4456 nata
672 4410 788 4464 sunt
822 4399 963 4468 nobis
1000 4401 1040 4472 (Ι
1069 4397 1186 4454 Cor.
1217 4417 1273 4467 ιι,
1309 4395 1417 4469 19).
1456 4399 1586 4468 Nam
1617 4410 1670 4455 et
1696 4402 1864 4472 ipsam
1895 4397 2118 4457 manife—

525 4501 662 4562 stam
706 4492 1118 4572 impertitionem
1164 4492 1392 4566 Spiritus
1433 4491 1601 4566 sancti
1642 4507 1746 4568 non
1793 4494 1981 4560 semel,
2023 4494 2118 4559 sed

525 4584 605 4647 his
636 4599 856 4658 numero
889 4583 1145 4654 Dominus
1183 4584 1310 4654 egit.
1349 4583 1466 4636 Mox
1511 4583 1654 4644 enim
1683 4593 1738 4656 ut
1768 4585 2059 4656 resurrexit
2084 4601 2115 4640 a

523 4676 769 4748 mortuis,
808 4663 1087 4742 iusutilans
1136 4675 1209 4729 ait
1265 4693 1277 4729 :
1327 4674 1546 4743 Accipite
1595 4674 1844 4746 Spiritum
1887 4688 2114 4731 sanctum

523 4767 703 4842 (.louit.
730 4751 823 4840 ῃ,
854 4750 967 4842 22).
1002 4747 1269 4838 Numquid
1301 4767 1461 4838 igitur
1487 4766 1607 4846 quia
1645 4776 1767 4824 tunc
1793 4766 1959 4834 dedit,
1995 4769 2115 4823 ideo

522 4875 627 4920 non
659 4859 804 4924 misit
829 4860 988 4945 etiam
1015 4868 1200 4943 postea
1226 4874 1383 4930 quem
1413 4856 1685 4946 promisit?
1713 4862 1817 4944 Aut
1845 4849 1950 4928 non
1974 4860 2112 4916 idem

522 4951 637 5021 ipse
667 4961 751 5008 est
793 4951 1023 5030 Spiritus
1067 4961 1301 5017 sanctus,
1339 4951 1428 5030 qui
1459 4960 1513 5018 et
1542 4961 1666 5020 tunc
1695 4961 1775 5010 est
1816 4953 2114 5015 insufﬂatns

521 5043 588 5097 ab
616 5031 752 5130 ipso,
779 5051 834 5118 et
871 5031 1052 5125 postea
1084 5044 1149 5099 ab
1179 5042 1296 5114 ipso
1322 5043 1516 5098 missus
1545 5059 1574 5108 e
1599 5043 1736 5111 coelo
1767 5042 1897 5118 (Act.
1931 5061 1988 5111 ιι,
2019 5043 2113 5119 ti)?

519 5127 856 5209 QuaprOpter
893 5154 987 5214 cur
1024 5137 1136 5210 ipsa
1166 5154 1284 5216 qua:
1314 5138 1448 5204 facta
1477 5148 1558 5202 est
1589 5137 1863 5200 evidenter
1895 5127 2112 5200 denatio

520 5231 658 5298 ejus,
687 5231 768 5302 bis
798 5215 932 5306 facta
963 5229 1139 5310 fuerit,
1163 5219 1264 5292 alia
1292 5230 1515 5312 quaestio
1544 5238 1623 5284 est
1656 5249 1668 5284 :
1699 5228 1938 5312 fortassis
1967 5233 2112 5290 enim

521 5330 740 5394 prOpter
778 5323 884 5404 duo
933 5332 1196 5403 prarcepta
1243 5322 1558 5391 dilectionis,
1613 5321 1715 5386 hoc
1763 5311 1843 5386 εει
1883 5326 2111 5395 proximi

519 5425 571 5470 et
605 5415 719 5486 Dei,
746 5424 800 5480 ut
827 5417 1293 5484 commendaretur
1318 5416 1385 5476 ad
1416 5416 1672 5488 Spiritum
1705 5429 1944 5478 sanetum
1983 5435 2108 5491 pcr-

521 5507 691 5566 tinere
733 5491 968 5590 dilectio,
1022 5509 1135 5572 lucc
1178 5509 1294 5580 ejus
1343 5510 1551 5582 gemina
1580 5519 1661 5570 est
1703 5511 1756 5565 in
1802 5511 2110 5570 manifesta-

522 5598 670 5662 tione
707 5597 844 5675 facta
888 5600 1127 5666 donatio.
1160 5601 1229 5664 Et
1263 5603 1309 5658 si
1349 5603 1453 5668 alia
1494 5619 1651 5668 causa
1685 5607 1972 5678 quaerenda
2004 5619 2108 5684 est,

519 5709 627 5757 non
655 5708 799 5780 atque
821 5692 936 5776 ejus
960 5695 1304 5778 inquisitione
1323 5697 1378 5780 iu
1397 5698 1690 5776 longiorem
1711 5719 1869 5774 quam
1897 5713 2111 5779 oportet

519 5785 738 5854 modum
765 5801 950 5873 sermo
1111 5789 1402 5872 mittendus
1439 5802 1522 5872 est
1554 5813 1566 5849 :
1596 5795 1724 5860 dum
1767 5811 1941 5871 tamen
1989 5825 2114 5874 ρθμ,

1481 302 1549 374 in
1585 310 1864 374 JOANNIS
1902 307 2368 390 EVANGELttIu.
2413 310 2471 370 s.
2510 308 2882 410 aususque

2232 436 2356 505 stet,
2386 427 2501 482 sine
2549 427 2751 504 Spiritu
2802 435 2989 485 sancto
3033 428 3308 486 Christum
3351 447 3451 490 nos
3497 433 3725 509 diligere
3775 448 3832 496 et

2231 518 2478 592 mandata
2521 519 2636 598 ejus
2675 536 2890 577 servare
2945 536 3050 576 non
3098 537 3288 594 posse;
3319 531 3375 579 et
3417 525 3472 581 id
3519 529 3619 584 nos
3667 546 3832 606 posse

2231 623 2389 685 atque
2435 629 2593 685 agere
2639 622 2786 670 tanto
2829 611 3454 687 minus,'quanto'illum
3501 621 3831 694 percipimus

2231 705 2438 772 minus;
2472 713 2618 781 tanto
2659 717 2838 762 autem
2881 708 3127 782 amplius,
3175 718 3374 783 quanto
3412 710 3558 769 illum
3591 716 3827 792 percipi-

2231 814 2349 853 mus
2370 793 2616 879 amplius.
2644 800 2873 872 Proinde
2899 817 3004 856 non
3036 803 3209 858 solum
3237 819 3341 860 non
3372 804 3611 876 habenti,
3637 825 3832 868 verum

2231 889 2390 945 etiam
2433 886 2666 962 habenti,
2713 907 2817 948 non
2859 887 3491 970 incassum’proinittitur
3522 919 3536 956 :
3571 917 3678 958 non
3724 903 3828 958 ha-

2228 986 2374 1042 benti
2400 988 2632 1064 quidem,
2656 998 2714 1043 ut
2739 979 3026 1056 habeatur;
3054 990 3268 1060 habenti
3289 1004 3488 1060 autem,
3514 1005 3572 1051 ut
3596 999 3832 1068 amplius

2231 1077 2506 1148 habeatur.
2546 1079 2678 1135 Nam
2728 1081 2829 1135 nisi
2863 1081 2930 1136 ab
2966 1081 3071 1137 alio
3113 1084 3309 1154 minus,
3349 1085 3417 1141 ab
3457 1088 3563 1143 alio
3593 1091 3830 1162 amplius

2231 1171 2536 1248 haberetur,
2566 1182 2780 1229 sanctus
2817 1173 3038 1230 Elisreus
3078 1186 3262 1246 saneto
3295 1179 3422 1236 Elia:
3448 1197 3554 1242 non
3581 1181 3826 1238 diceret:

2231 1265 2454 1338 Spiritus
2475 1265 2560 1335 qui
2595 1257 2679 1334 est
2697 1265 2747 1322 in
2775 1275 2842 1334 te,
2863 1266 3019 1338 duplo
3040 1268 3104 1321 sit
3140 1255 3194 1321 in
3219 1286 3296 1323 me
3322 1271 3337 1300 ¹
3366 1269 3455 1341 (ιν
3487 1257 3614 1342 Reg.
3641 1289 3709 1340 ιι,
3744 1273 3825 1343 9)..

2301 1360 2353 1438 5.
2395 1359 2616 1440 Quando
2653 1368 2830 1440 autem
2859 1361 2931 1414 ait
2968 1349 3204 1426 Joannes
3241 1363 3474 1436 Baptista
3500 1408 3514 1432 ,
3541 1364 3662 1430 Non
3688 1384 3827 1420 enim

2229 1453 2297 1506 ad
2331 1435 2618 1510 mensuram
2647 1435 2733 1508 dat
2761 1454 2897 1509 Deus
2929 1455 3181 1528 Spiritum
3236 1457 3411 1529 (Joan.
3458 1475 3514 1514 ιιι
3534 1501 3549 1526 ,
3582 1441 3704 1532 54),
3759 1447 3829 1518 de

2229 1547 2350 1626 ipso
2373 1548 2466 1605 Dei
2492 1547 2628 1610 Filio
2654 1549 2971 1626 loquebatur
2992 1591 3006 1616 ,
3058 1551 3143 1628 cui
3170 1566 3276 1620 non
3304 1563 3388 1608 est
3412 1553 3568 1632 datus
3595 1535 3827 1626 Spiritus

2229 1641 2296 1713 ad
2319 1657 2662 1720 mensuram;
2695 1643 2820 1718 quia
2863 1643 2917 1722 iu
2937 1643 3030 1704 illo
3060 1643 3328 1724 inhabitat
3353 1646 3528 1701 omnis
3549 1631 3828 1726 plenitudo

2230 1731 2520 1804 divinitatis
2543 1732 2762 1806 (Coloss.
2791 1750 2848 1800 ιι,
2876 1734 2958 1804 9).
2987 1735 3170 1806 Neque
3196 1737 3336 1808 enim
3360 1737 3475 1816 sine
3504 1740 3672 1809 gratia
3695 1740 3825 1814 Spi-

2230 1823 2364 1896 ritus
2393 1828 2563 1900 sancti
2592 1834 2675 1894 est
2705 1827 2966 1888 mediator
2997 1828 3088 1902 Dei
3115 1837 3169 1886 et
3193 1827 3466 1910 hominum
3491 1831 3655 1892 homo
3673 1834 3830 1890 Chri-

2230 1927 2345 1988 stus
2385 1917 2540 1978 Jesus
2593 1918 2651 1990 (ι
2690 1917 2823 1976 Tim.
2869 1936 2937 1990 ιι,
2984 1919 3056 1992 5)
3085 1937 3100 1986 ;
3131 1937 3253 1983 nam
3289 1931 3344 1996 et
3376 1922 3488 1994 ipse
3516 1923 3646 1994 dicit
3674 1925 3741 1982 de
3768 1941 3830 1982 se

2230 2007 2395 2070 fuisse
2430 2008 2796 2085 prapheticutn
2825 2011 2953 2068 illud
2979 2012 3254 2089 impletum
3281 2055 3296 2080 ,
3338 2013 3564 2092 Spiritus
3612 2016 3826 2094 Domitii

2230 2118 2383 2175 super
2403 2119 2515 2169 me;
2542 2113 2748 2176 promer
2777 2106 2912 2178 quod
2940 2107 3085 2162 unxit
3121 2124 3233 2174 me,
3267 2111 3608 2184 ettangelieare
3627 2094 3828 2184 paupe-

2230 2195 2367 2262 ribus
2394 2195 2529 2250 misit
2555 2212 2632 2264 me
2654 2195 2801 2268 (Luc.
2826 2212 2900 2263 Iv,
2934 2197 3142 2268 18-21).
3168 2197 3320 2274 Quod
3350 2179 3825 2278 enimest

2231 2288 2375 2342 nitus
2416 2289 2636 2359 aequalis
2685 2290 2862 2357 Patri,
2917 2307 3022 2346 non
3069 2300 3151 2347 est
3174 2291 3400 2363 gratiae,
3447 2295 3541 2372 sed
3571 2305 3826 2372 naturas;

2232 2381 2375 2456 quod
2396 2389 2576 2452 autem
2604 2382 2657 2446 in
2677 2384 2935 2440 unitatem
2958 2399 3199 2458 persona:
3221 2386 3491 2464 Unigepiti
3518 2399 3830 2466 assumptus

2233 2484 2315 2534 est
2338 2475 2518 2548 homo,
2550 2477 2734 2552 gratia:
2755 2486 2855 2543 est,
2887 2493 2992 2536 non
3018 2488 3240 2547 naturae,
3269 2481 3558 2552 conﬁtente
3581 2484 3826 2558 Evauge-

2232 2565 2306 2632 lio
2327 2577 2484 2638 atque
2504 2567 2739 2637 dicente,
2767 2568 2901 2624 Puer
2920 2581 3086 2635 autem
3106 2573 3354 2636 crescebat
3376 2583 3422 2627 et
3444 2575 3831 2646 conﬂuebant:

2233 2657 2410 2727 plenus
2438 2659 2684 2734 sapientia
2703 2701 2719 2729 ,
2749 2671 2794 2715 et
2814 2662 2978 2732 gratia
3005 2661 3102 2728 Dei
3131 2671 3239 2722 erat
3265 2663 3318 2718 in
3343 2663 3436 2736 itte
3459 2663 3570 2737 (Id.
3599 2682 3675 2732 ιι,
3705 2668 3826 2739 40).

2232 2747 2455 2823 Creteris
2481 2761 2662 2816 autem
2686 2753 2752 2808 ad
2781 2769 3088 2832 mensuram
3119 2755 3292 2828 datur,
3321 2766 3375 2826 et
3402 2758 3558 2818 datus
3588 2761 3828 2834 additur,

2233 2841 2404 2920 donec
2432 2845 2719 2918 unicuique
2757 2863 2857 2918 pro
2893 2847 3052 2906 modo
3093 2865 3204 2908 sua:
3239 2851 3582 2920 perfectionis
3607 2857 3830 2927 propria

2230 2951 2482 3010 mensura
2512 2939 2860 3014 compleatur.
2891 2939 3046 3008 Unde
3068 2949 3122 2996 et
3151 2951 3333 3013 monet
3354 2931 3662 3016 Apestolus,
3690 2947 3818 3015 Non

2233 3028 2352 3098 plus
2388 3045 2568 3100 sapere
2591 3047 2746 3102 quam
2784 3040 2976 3105 Oportet
2996 3049 3201 3102 sapere,
3229 3034 3320 3102 sed
3346 3051 3523 3107 sapere
3543 3039 3612 3094 ad
3639 3049 3836 3111 tempe-

2231 3122 2492 3188 rantiam;
2542 3123 2810 3192 unicuique
2837 3113 2964 3191 sicut
2998 3123 3140 3195 Deus
3169 3127 3383 3197 partitus
3427 3117 3501 3182 est
3539 3145 3834 3201 metuamus

2232 3213 2353 3282 fidei
2379 3212 2552 3283 (Rom.
2580 3230 2655 3286 xu
2679 3255 2694 3280 ,
2741 3216 2818 3284 5).
2848 3215 3030 3287 Neque
3053 3217 3199 3286 enim
3224 3218 3338 3288 ipse
3363 3219 3615 3278 dividitur
3640 3222 3820 3292 Spiri-

2232 3313 2318 3364 tus
2339 3348 2353 3372 ,
2397 3305 2492 3362 sed
2529 3306 2667 3362 dona
2715 3323 2810 3377 per
2853 3308 3110 3378 Spiritum
3144 3329 3156 3364 :
3189 3326 3310 3366 nam
3337 3311 3632 3378 divisiones
3661 3315 3832 3381 dona-

2238 3401 2440 3470 tionum
2469 3411 2612 3468 sunt,
2644 3401 2786 3468 idem
2813 3411 2988 3464 autem
3008 3402 3236 3472 Spiritus
3257 3404 3299 3478 (Ι
3325 3404 3443 3472 Cor.
3474 3424 3572 3476 xu,
3601 3410 3677 3480 ι).

2301 3494 2357 3548 4.
2399 3493 2552 3560 Quod
2581 3509 2708 3549 vero
2739 3494 2840 3560 ait,
2875 3493 3084 3566 Rogabo
3111 3495 3356 3565 Patrem,
3402 3508 3448 3554 et
3467 3501 3624 3560 alium
3657 3500 3832 3564 Para-

2231 3585 2417 3642 ctetum
2445 3585 2585 3651 dabit
2629 3585 2763 3641 vobis
2783 3627 2797 3653 ,
2829 3586 3062 3649 ostendit
3090 3597 3144 3648 et
3172 3589 3404 3659 seipsum
3433 3607 3554 3648 esse
3581 3595 3818 3663 paracle-

2231 3685 2364 3743 tum.
2396 3677 2701 3739 Paracletus
2727 3677 2871 3741 enim
2893 3679 3054 3734 latine
3081 3679 3275 3742 dicitur
3299 3682 3588 3740 advocatus
3617 3702 3630 3736 :
3659 3693 3716 3745 et
3739 3685 3830 3747 di-

2229 3777 2374 3831 ctum
2402 3779 2484 3830 est
2510 3769 2580 3826 de
2602 3768 2834 3838 Christo,
2873 3770 3184 3834 Advocatum
3214 3773 3452 3836 habemus
3485 3776 3553 3830 ad
3587 3775 3824 3845 Patrem,

2229 3861 2408 3918 losum
2461 3863 2716 3922 Christum
2753 3865 2958 3934 justum
3011 3865 3247 3936 (Usen.
3291 3883 3362 3932 ιι,
3397 3869 3486 3940 1).
3518 3869 3608 3927 Sic
3637 3879 3822 3932 autem

2230 3953 2488 4010 mundum
2509 3954 2641 4017 dixit
2673 3969 2776 4012 non
2809 3971 2968 4026 posse
2999 3957 3240 4027 accipere
3268 3959 3522 4029 Spiritum
3549 3972 3820 4031 sanctum,

2229 4044 2368 4100 sicut
2394 4046 2554 4102 etiam
2584 4047 2784 4108 dictum
2810 4056 2911 4115 est,
2944 4047 3227 4106 Prudentia
3255 4052 3422 4118 carnis
3441 4053 3647 4108 inimica
3670 4065 3743 4110 est
3769 4058 3828 4112 iis

2227 4136 2396 4192 Deum
2420 4155 2438 4192 :
2467 4139 2564 4210 legi
2594 4140 2726 4194 enim
2759 4138 2855 4196 Dei
2876 4157 2976 4198 non
3003 4151 3075 4196 est
3099 4142 3322 4209 subjecta
3344 4161 3362 4208 ;
3390 4161 3480 4200 nec
3502 4147 3636 4202 enim
3658 4158 3825 4217 potest

2229 4227 2406 4297 (Rom.
2435 4245 2548 4296 vni,
2579 4231 2672 4300 7);
2703 4231 2842 4288 velut
2865 4233 2911 4294 si
2933 4232 3171 4292 dicamus
3195 4276 3210 4302 ,
3245 4234 3504 4304 lnjustitia
3527 4237 3670 4306 justa
3697 4255 3822 4302 esse

2227 4335 2334 4386 non
2362 4329 2555 4390 potest.
2584 4321 2834 4391 Mundam
2873 4325 3072 4396 quippe
3099 4326 3173 4389 ait
3202 4325 3302 4388 hoc
3330 4327 3450 4390 loco
3472 4371 3486 4394 ,
3533 4331 3717 4394 mundi
3741 4333 3820 4387 εἰς

2227 4414 2485 4483 gniﬁcans
2532 4415 2847 4482 dilectores,
2900 4435 3020 4498 qua)
3067 4419 3282 4483 dilectio
3319 4437 3429 4486 non
3477 4433 3562 4484 est
3598 4439 3630 4478 a
3663 4425 3824 4485 Patre

2229 4506 2271 4580 (l
2298 4506 2457 4570 loqu.
2494 4525 2566 4576 ιι,
2600 4510 2713 4576 16).
2756 4511 2823 4568 Et
2851 4511 2972 4568 ideo
3003 4512 3274 4570 dilectioni
3316 4515 3473 4587 hujus
3498 4518 3681 4574 mundi
3702 4560 3717 4582 ,
3749 4519 3822 4582 de

2225 4613 2327 4670 qua
2358 4599 2486 4660 satis
2507 4600 2713 4670 agimus
2744 4603 2764 4663 ³
2791 4611 2848 4658 ιιι
2874 4602 3142 4660 minuatur
3170 4615 3224 4664 et
3260 4618 3606 4670 consumatur
3633 4609 3686 4664 in
3715 4626 3821 4666 no-

2224 4689 2327 4757 bis,
2353 4694 2618 4752 contraria
2640 4701 2723 4752 est
2745 4693 2964 4754 dilectio
2994 4695 3106 4762 Dei,
3139 4713 3258 4768 qua}
3282 4699 3592 4762 dillunditur
3614 4701 3666 4756 in
3693 4717 3822 4763 cor.

2225 4780 2379 4836 dibus
2406 4784 2602 4838 nostris
2630 4800 2725 4855 per
2751 4783 3004 4855 Spiritum
3033 4798 3276 4852 sanctum
3307 4792 3396 4861 qui
3428 4792 3584 4851 datus
3607 4802 3689 4852 est
3710 4810 3817 4851 no-

2222 4872 2323 4928 bis.
2356 4873 2582 4941 Muudus
2623 4892 2753 4947 ergo
2780 4893 2902 4932 eum
2937 4881 3163 4948 accipere
3197 4899 3297 4955 non
3327 4893 3524 4952 potest,
3565 4886 3686 4955 quia
3714 4904 3818 4942 non

2222 4965 2354 5022 videt
2382 4983 2495 5022 cum
2513 5009 2528 5034 ,
2551 4985 2706 5040 neque
2735 4971 2829 5026 scit
2851 4988 2984 5026 eunt.
3014 4972 3131 5032 Non
3157 4975 3299 5031 enim
3330 4975 3491 5034 habet
3519 4979 3818 5036 invisibiles

2222 5058 2406 5114 oculos
2444 5060 2711 5116 mundana
2758 5062 3008 5129 dilectio,
3063 5080 3159 5134 per
3202 5083 3337 5137 quos
3375 5069 3542 5129 videri
3579 5070 3818 5142 Spiritus

2219 5160 2456 5214 sanctus,
2490 5151 2589 5215 nisi
2619 5153 2951 5219 invisibiliter
2982 5171 3084 5215 non
3108 5167 3306 5232 potest.

2221 5273 2224 5276 ~
2291 5243 2345 5298 5.
2401 5242 2495 5297 Vos
2520 5253 2718 5312 autem,
2747 5245 2950 5316 inquit,
2980 5252 3286 5319 cognoscetis
3311 5268 3428 5310 eum
3451 5295 3465 5320 ,
3507 5255 3628 5325 quia
3666 5258 3814 5329 apud

2218 5351 2304 5392 vos
2331 5337 2566 5402 manebit,
2593 5346 2637 5392 et
2665 5339 2718 5396 in
2746 5340 2883 5396 vobis
2903 5342 3013 5396 erit.
3043 5342 3158 5398 Erit
3182 5344 3236 5418 iu
3265 5347 3343 5402 eis
3366 5356 3422 5404 ut
3439 5358 3669 5416 maneat,
3703 5367 3812 5408 non

2219 5429 2455 5494 manebit
2485 5439 2541 5486 ut
2571 5430 2640 5486 sit
2673 5449 2685 5485 :
2727 5432 2871 5502 prius
2915 5442 2997 5490 est
3041 5436 3181 5490 enim
3221 5453 3353 5518 esse
3381 5439 3602 5505 alicubi,
3647 5459 3811 5512 quiem

2218 5535 2454 5576 manere.
2485 5521 2592 5576 Sed
2621 5537 2687 5577 ne
2728 5532 2975 5592 putarent
3006 5526 3146 5596 quod
3169 5526 3367 5584 dictum
3395 5539 3477 5586 est
3499 5569 3514 5597 ,
3556 5534 3698 5602 apud
3719 5549 3812 5589 vos

2218 5614 2468 5684 manebit,
2516 5615 2589 5678 ita
2635 5615 2840 5678 dictum
2883 5619 3330 5689 quemadmodum
3359 5623 3502 5696 apud
3535 5623 3806 5683 hominm

2281 5758 2298 5831 ξ
2325 5755 2460 5831 ωειλ
2478 5752 2662 5831 dare
2684 5754 2745 5831 sit
2767 5767 2819 5831 ιδ
2839 5769 2935 5831 ne
2953 5763 3010 5831 At.
3030 5765 3156 5831 νέες.»
3181 5758 3350 5831 me

2276 5824 2294 5852 ε
2313 5828 2596 5883 spargimus,
2625 5819 2765 5882 juxta
2783 5825 2856 5867 Er.
2881 5819 3026 5884 Lugd.
3050 5829 3168 5870 Ven.
3188 5819 3296 5874 Iov.
3341 5831 3398 5875 tl.
