4030 6476
465 355 604 423 1831

913 470 1325 531 TRACTATUS
1359 469 1593 527 LXXVI.

468 613 544 673 De
563 628 623 669 eo
650 610 787 683 quod
808 609 1050 681 sequitur,
1082 607 1219 663 Dicit
1238 605 1287 661 ei
1311 603 1493 670 ludas,
1510 617 1616 658 non
1642 601 1731 659 ille
1747 600 2045 668 lscariotes,

533 717 656 773 etc.,
670 722 826 776 usque
848 704 998 768 adid,
1017 701 1205 759 Sermo
1226 714 1384 771 quem
1405 696 1629 753 audistis
1649 711 1753 752 non
1769 703 1854 752 est
1872 708 2046 757 meus.

532 797 630 854 sed
654 797 769 866 ejus
792 795 879 866 qui
910 792 1054 849 misit
1082 807 1188 856 me,
1215 788 1408 846 Patris.
1434 786 1564 860 Cap.
1595 802 1707 854 xxv,
1754 786 1791 857 Ῡ
1813 824 1829 840 .
1857 784 2043 839 22-21.

532 932 586 987 1.
608 927 1055 999 lnterrogantibus
1079 924 1350 995 discipulis
1375 933 1429 980 et
1446 922 1525 979 eis
1552 922 1807 993 magistro
1826 934 2047 990 respon-

461 1021 624 1080 dente
650 1020 799 1088 Jesu,
823 1020 983 1074 etiam
1025 1031 1125 1072 nos
1173 1025 1425 1087 tanquam
1453 1029 1574 1070 cum
1622 1014 1729 1070 illis
1770 1011 2043 1079 discimus,

461 1112 674 1185 quando
694 1120 934 1167 sanctum
962 1109 1304 1180 Evangelium
1330 1107 1414 1164 vel
1431 1107 1659 1179 legimus
1672 1106 1756 1161 vel
1776 1104 2043 1161 audimus.

461 1206 592 1274 Quia
622 1221 748 1276 ergo
775 1205 984 1261 dixerat
1016 1203 1292 1267 Dominus,
1320 1200 1500 1256 Adhuc
1524 1200 1801 1267 modicum,
1828 1208 1874 1254 et
1898 1214 2045 1252 mun-

460 1299 555 1354 dus
576 1316 654 1353 me
660 1301 772 1370 jam
799 1314 899 1352 non
923 1296 1075 1363 videt,
1105 1312 1192 1350 vos
1220 1304 1385 1349 autem
1413 1293 1640 1349 videbitis
1669 1308 1788 1358 me;
1814 1292 2043 1347 interro-

460 1392 600 1460 gavit
617 1406 741 1447 eum
770 1390 835 1445 de
857 1390 958 1445 hoc
986 1391 1102 1459 ipso
1125 1388 1308 1453 Judas,
1333 1403 1439 1442 non
1467 1386 1554 1443 ille
1576 1384 1797 1441 traditor
1817 1384 1933 1453 ejus
1952 1382 2041 1453 qui

462 1483 741 1538 lscariotes
767 1482 1171 1553 cognominatus
1199 1490 1301 1545 est,
1348 1478 1443 1535 sed
1468 1478 1619 1549 cujus
1644 1477 1875 1548 Epistola
1906 1476 2044 1530 inter

456 1574 757 1645 Scripturas
798 1575 1081 1629 canonicas
1117 1561 1308 1643 legitur
1338 1590 1351 1626 :
1387 1571 1621 1639 Domine,
1669 1570 1793 1644 quid
1846 1572 2040 1641 factum

457 1676 550 1729 est,
579 1667 699 1736 quia
743 1666 883 1720 nobis
914 1665 1323 1736 manifestatum
1352 1680 1403 1718 es
1426 1664 1661 1733 teipsum,
1688 1671 1737 1717 et
1764 1678 1865 1716 non
1890 1678 2042 1716 mun—

458 1758 524 1812 do
547 1760 574 1813 7
597 1759 772 1813 Simus
798 1773 916 1813 cum
937 1757 1066 1827 ipsis
1092 1766 1337 1826 tanquam
1361 1756 1755 1825 interrogantes
1774 1752 2038 1824 discipuli,

457 1863 899 1919 communemque
943 1848 1250 1918 magistrum
1290 1845 1568 1901 audiamus
1609 1852 1663 1899 et
1704 1859 1823 1900 nos.
1877 1843 2041 1900 ludas

456 1942 599 1997 enim
623 1950 858 2009 sanctus,
889 1956 993 1996 non
1025 1938 1349 2006 immundus,
1370 1953 1470 1994 nec
1496 1939 1781 1993 insectator
1809 1937 2036 2004 Domini,

455 2032 553 2089 sed
582 2041 831 2099 sectator,
863 2046 1074 2087 causam
1104 2030 1536 2101 quaesivitquare
1564 2045 1631 2091 se
1668 2044 1773 2085 non
1819 2028 2037 2097 mundo,

455 2122 550 2178 sed
574 2123 685 2178 suis
706 2122 1133 2177 manifestaturus
1155 2130 1299 2177 esset
1317 2120 1509 2187 Iesus;
1538 2136 1702 2191 quare
1726 2120 1897 2175 adhuc
1922 2133 2040 2175 mo-

453 2211 629 2268 dicunt
644 2222 700 2268 et
735 2211 962 2268 mundus
987 2227 1093 2267 non
1118 2210 1328 2268 videret
1351 2226 1500 2280 eum,
1544 2211 1647 2283 ipsi
1670 2218 1850 2266 autem
1892 2209 2038 2266 vide-

454 2312 574 2358 rent
593 2318 735 2358 eum.

523 2393 583 2448 2.
622 2393 908 2466 Respondit
934 2394 1106 2461 Iesus,
1150 2403 1199 2450 et
1222 2394 1348 2450 dixit
1372 2394 1419 2448 ei
1444 2409 1463 2449 :
1488 2393 1686 2465 Siquis
1726 2393 1894 2466 diligit
1935 2411 2035 2462 me,

452 2501 731 2540 sermonem
757 2502 923 2541 meum
945 2486 1158 2541 servabit
1189 2501 1209 2540 :
1233 2495 1281 2541 et
1310 2483 1465 2540 Pater
1482 2502 1622 2540 meus
1641 2486 1813 2558 diliget
1839 2502 1972 2554 eum,
1991 2494 2038 2541 et

452 2576 523 2630 ad
565 2593 680 2631 eum
713 2577 987 2644 veniemus,
1035 2586 1083 2632 et
1111 2577 1424 2631 mansionem
1465 2576 1607 2648 apud
1634 2592 1746 2631 eum
1774 2577 2034 2646 faciemus.

456 2667 557 2735 Qui
575 2672 676 2722 non
704 2669 868 2739 diligit
898 2685 994 2735 me,
1017 2684 1271 2722 sermones
1290 2684 1426 2723 meos
1453 2684 1555 2722 non
1578 2677 1759 2723 servat.
1783 2668 1921 2725 Ecce
1937 2683 2034 2725 ex-

450 2759 625 2829 posita
651 2767 734 2814 est
757 2774 916 2815 causa
945 2774 1109 2830 quare
1132 2774 1193 2815 se
1220 2758 1333 2815 suis
1348 2758 1783 2815 manifestaturus
1797 2770 1900 2828 est,
1926 2775 2036 2817 non

451 2847 659 2914 alienis,
682 2863 816 2919 quos
835 2848 1017 2903 mundi
1039 2848 1256 2904 nomine
1277 2849 1541 2919 appellat;
1572 2858 1628 2905 et
1651 2849 1763 2921 ipsa
1779 2859 2036 2907 estcausa

453 2938 597 3009 quod
644 2939 701 2994 hi
728 2938 968 3010 diligant,
1000 2939 1073 2994 illi
1098 2954 1205 2994 non
1230 2938 1469 3011 diligant.
1508 2938 1626 3011 Ipsa
1673 2956 1834 2997 causa
1858 2950 1943 2999 est
1969 2941 2037 3000 de

448 3044 553 3100 qua
568 3043 720 3085 sacer
743 3030 951 3085 insonat
968 3030 1232 3096 Psalmus,
1256 3029 1445 3085 Judica
1467 3047 1566 3099 me,
1593 3031 1751 3101 Deus,
1771 3042 1819 3088 et
1844 3034 2036 3090 discer-

450 3137 512 3176 ne
537 3137 743 3176 causam
770 3138 935 3181 meam
963 3122 1027 3176 de
1049 3132 1195 3194 gente
1221 3138 1324 3177 non
1349 3131 1524 3177 sancta
1551 3122 1572 3195 (
1597 3121 1744 3178 Psal.
1777 3140 1911 3191 xm,
1935 3126 1960 3181 1
2074 3148 2075 3151 η

449 3209 550 3279 Qui
582 3212 724 3267 enim
753 3211 979 3283 diligunt
1006 3214 1046 3276 ⁸.
1075 3212 1198 3283 quia
1225 3212 1471 3285 diligunt,
1492 3213 1759 3285 eliguntur
1788 3233 1802 3270 :
1829 3214 1920 3286 qui
1941 3231 2034 3273 ve-

450 3317 513 3357 ro
540 3317 646 3357 non
670 3302 909 3373 diligunt,
944 3304 989 3358 si
1033 3302 1227 3375 linguis
1246 3302 1520 3360 hominum
1540 3305 1822 3376 loquantur
1844 3316 1899 3363 et
1921 3308 2033 3363 An-

447 3396 709 3466 gelorum,
750 3396 885 3450 fiunt
922 3406 1269 3452 aeramentum
1303 3412 1498 3454 sonans
1530 3407 1586 3454 et
1601 3399 1902 3470 cymbalum
1933 3400 2035 3455 tin-

448 3486 633 3552 niens;
660 3495 716 3542 et
742 3487 785 3542 si
814 3487 1096 3543 habuerint
1123 3487 1472 3559 prophetiam,
1500 3496 1556 3544 et
1602 3489 1819 3545 scierint
1855 3492 2033 3548 omnia

446 3587 796 3644 sacramenta,
815 3587 870 3634 et
882 3594 1094 3635 omnem
1121 3579 1414 3644 scientiam,
1437 3589 1494 3636 et
1516 3579 1797 3638 habuerint
1819 3598 2031 3641 omnem

447 3668 605 3724 fidem
633 3679 690 3725 ut
712 3680 923 3727 montes
967 3670 1306 3741 transferant,
1356 3671 1487 3727 nihil
1515 3683 1673 3740 sunt;
1701 3676 1824 3731 etsi
1850 3676 2033 3733 distri-

445 3758 659 3817 buerint
684 3777 898 3818 omnem
928 3762 1275 3819 substantiam
1303 3777 1477 3831 suam,
1506 3773 1561 3820 et
1580 3765 1894 3822 tradiderint
1910 3783 2032 3824 cor-

445 3868 547 3925 pus
569 3870 723 3911 suum
751 3865 809 3911 ut
852 3856 1091 3921 ardeant,
1135 3855 1268 3911 nihil
1306 3856 1386 3913 eis
1424 3858 1681 3930 prodest(
1711 3858 1733 3913 ι
1766 3859 1883 3915 Cor.
1913 3877 2029 3929 xm,

439 3946 546 4000 1-5
571 3946 612 4018 ).
644 3947 865 4002 Dilectio
906 3958 1119 4003 sanctos
1148 3946 1402 4004 discernit
1448 3964 1478 4002 a
1517 3951 1733 4017 mundo,
1762 3969 1882 4023 qua:
1910 3954 2033 4009 facit

441 4037 720 4092 unanimes
757 4037 1000 4093 habitare
1029 4039 1082 4091 in
1117 4039 1280 4094 domo
1308 4038 1495 4112 (Psal.
1527 4057 1689 4107 van,
1719 4041 1815 4114 7).
1841 4041 1897 4097 In
1927 4060 2029 4114 qua

440 4125 602 4180 domo
628 4125 754 4180 facit
781 4127 945 4181 Pater
973 4136 1029 4181 et
1052 4127 1219 4182 Filius
1238 4130 1602 4197 mansionem;
1633 4132 1722 4202 qui
1755 4131 1956 4188 donant
1974 4142 2032 4190 et

441 4214 611 4284 ipsam
639 4214 997 4284 dilectionem,
1024 4218 1217 4287 quibus
1240 4218 1443 4275 donent
1458 4221 1509 4275 in
1538 4220 1646 4277 ﬁne
1671 4223 1829 4278 etiam
1860 4224 2029 4294 ipsam

438 4320 589 4360 suam
614 4306 1094 4364 manifestationem
1124 4327 1137 4362 :
1165 4310 1232 4365 de
1260 4326 1362 4381 qua
1386 4311 1681 4383 discipulus
1711 4316 2027 4387 magistrum

438 4394 805 4467 interrogavit,
838 4406 895 4452 ut
919 4414 1026 4453 non
1045 4399 1218 4455 solum
1240 4400 1315 4455 illi
1355 4403 1444 4472 qui
1472 4410 1599 4461 tunc
1626 4405 1911 4463 audiebant
1933 4424 2030 4479 per

434 4503 497 4543 os
517 4489 651 4558 ejus,
685 4490 778 4545 sed
807 4491 966 4546 etiam
997 4507 1095 4547 nos
1111 4507 1207 4563 per
1232 4493 1577 4565 Evangelium
1601 4496 1718 4567 ejus
1741 4498 1842 4555 hoc
1870 4515 2029 4558 nosse

433 4593 735 4649 possemus.
766 4580 1063 4648 Quaesierat
1090 4584 1232 4639 enim
1255 4584 1322 4641 de
1353 4586 1551 4643 Christi
1580 4590 2023 4662 manifestatione,

430 4680 484 4725 et
509 4671 713 4727 audivit
738 4672 807 4729 de
823 4673 1105 4731 dilectione
1120 4684 1279 4747 atque
1302 4679 1598 4735 mansione.
1620 4681 1714 4736 Est
1737 4698 1863 4753 ergo
1883 4700 2029 4755 quae-

440 4760 564 4816 dam
591 4762 684 4818 Dei
707 4764 1066 4821 manifestatio
1111 4766 1353 4836 interior,
1402 4786 1561 4841 quam
1609 4788 1826 4843 prorsus
1878 4777 2024 4848 impii

428 4872 536 4913 non
565 4871 849 4927 noverunt,
872 4860 1063 4931 quibus
1081 4861 1174 4917 Dei
1195 4862 1367 4919 Patris
1384 4873 1438 4919 et
1460 4864 1689 4935 Spiritus
1708 4871 1878 4925 sancti
1907 4887 2023 4926 ma-

430 4949 699 5006 nifestatio
724 4952 869 5007 nulla
892 4962 975 5009 est
1005 4972 1019 5008 :
1053 4952 1175 5009 Filii
1196 4969 1322 5010 vero
1347 4957 1678 5026 potuitesse,
1705 4960 1799 5015 sed
1827 4961 1879 5016 in
1906 4978 2026 5018 car-

429 5054 534 5105 ne;
565 5056 685 5110 quae
733 5058 835 5099 nec
861 5043 981 5099 talis
1028 5053 1113 5099 est
1160 5045 1332 5116 qualis
1369 5046 1480 5114 illa,
1519 5063 1621 5105 nec
1673 5065 1887 5121 semper
1915 5053 2021 5109 illis

424 5129 612 5188 adesse
638 5140 811 5203 potest
832 5134 1231 5206 qualiscumque
1250 5138 1339 5205 sit,
1365 5138 1460 5193 sed
1487 5138 1553 5193 ad
1592 5141 1858 5197 modicum
1886 5154 2021 5200 tem-

424 5233 522 5289 pus
547 5231 637 5289 ;et
660 5222 762 5280 hoc
779 5224 845 5279 ad
866 5225 1144 5294 judicium,
1173 5242 1279 5283 non
1307 5227 1374 5283 ad
1398 5228 1647 5299 gaudium
1672 5248 1687 5298 ;
1723 5233 1791 5288 ad
1818 5234 2021 5305 suppli-

423 5312 562 5368 cium
592 5332 720 5380 ,non
740 5317 807 5373 ad
834 5318 1135 5389 praemium.
2024 5394 2025 5399 η

493 5404 546 5460 5.
578 5404 729 5463 Nunc
757 5418 841 5463 est
863 5424 992 5481 ergo
1020 5420 1077 5465 ut
1112 5410 1488 5483 intelligamus,
1516 5422 1771 5484 quantum
1807 5419 2013 5488 aperire

424 5510 534 5565 ipse
562 5497 829 5569 dignatur,
852 5504 1120 5573 quomodo
1161 5505 1361 5561 dictum
1388 5507 1479 5574 sit,
1511 5508 1691 5564 Adhuc
1734 5513 2006 5581 modicum,

418 5594 464 5639 et
503 5590 719 5645 mundus
764 5610 842 5647 me
858 5595 971 5663 jam
998 5613 1098 5651 non
1125 5596 1278 5665 videt,
1316 5614 1401 5654 vos
1444 5610 1614 5655 autem
1659 5602 1885 5658 videbitis
1908 5621 2004 5660 me.

425 5675 619 5738 Verum
650 5692 734 5740 est
762 5686 975 5755 quidem
998 5690 1137 5760 quod
1161 5701 1281 5761 post
1311 5694 1579 5763 paululum
1623 5697 1781 5752 etiam
1812 5712 2005 5769 corpus

483 5796 1410 5871 ‘Deccmmmuienimdiliauntur.

1399 352 1468 411 IN
1501 348 1782 411 JOANNIS
1817 343 2289 420 EVANGELIUM,
2329 352 2391 408 S.
2437 349 2810 411 AUGUSTINI

3606 361 3753 425 1839

2157 482 2311 524 suum
2336 469 2388 524 in
2417 485 2523 543 quo
2546 480 2791 541 poterant
2819 487 2942 528 eum
2971 483 3026 530 et
3052 473 3202 545 impii
3221 475 3420 548 videre,
3444 481 3615 539 oculis
3641 500 3746 540 eo-

2154 574 2272 616 rum
2315 560 2486 618 fuerat
2536 564 2939 632 subtracturus;
2968 568 3393 639 quandoquidem
3426 584 3545 643 post
3568 591 3749 632 resur-

2153 654 2440 712 rectionem
2474 671 2632 711 nemo
2662 656 2870 714 illorum
2898 659 3029 714 vidit
3074 676 3216 715 eum.
3247 661 3352 718 Sed
3378 681 3628 734 quomam
3654 668 3743 723 di-

2153 755 2298 802 ctum
2344 757 2429 803 est
2457 748 2774 804 testantibus
2803 750 3039 821 Angelis,
3070 750 3161 808 Sic
3208 754 3366 809 ueniet
3411 758 3748 826 quemadmo-

2153 838 2275 892 dum
2298 839 2488 894 vidistis
2541 856 2654 894 eum
2708 850 2907 896 euntem
2933 841 2987 896 in
3017 842 3232 916 ωειιιηι(
3256 843 3367 899 Act.
3396 861 3434 912 ι,
3468 848 3525 903 ll
3558 846 3614 920 );
3643 863 3750 905 nec

2150 930 2293 987 aliud
2331 932 2602 989 credimus
2629 948 2788 1004 quam
2815 948 2937 988 eum
2982 934 3035 989 in
3054 933 3239 991 eodem
3263 949 3487 1007 corpore
3505 937 3572 994 ad
3601 939 3750 1009 judi-

2159 1023 2300 1080 cium
2340 1024 2581 1080 vivorum
2605 1033 2662 1080 et
2688 1033 3019 1081 mortuorum
3050 1041 3169 1082 esse
3218 1038 3532 1085 venturum:
3561 1031 3747 1100 procul

2149 1116 2311 1173 dubio
2354 1128 2481 1174 tunc
2503 1133 2625 1173 eum
2660 1117 2862 1174 videbit
2889 1119 3139 1187 mundus,
3164 1135 3272 1192 quo
3298 1122 3513 1177 nomine
3540 1123 3748 1194 signitio

2148 1209 2254 1264 cati
2282 1218 2408 1265 sunt
2426 1225 2456 1263 a
2486 1224 2651 1282 regno
2677 1210 2793 1280 ejus
2815 1211 2995 1267 alieni.
3019 1212 3095 1267 Ae
3119 1227 3215 1282 per
3238 1213 3339 1269 hoc
3362 1213 3520 1285 longe
3554 1216 3749 1272 melius

2148 1299 2458 1371 intelligitur
2478 1300 2589 1370 jam
2614 1300 2743 1356 illud
2765 1310 2974 1372 tempus
3002 1303 3302 1373 signiﬁcare
3320 1305 3571 1374 voluisse,
3596 1308 3648 1361 in
3675 1322 3750 1363 eo

2146 1390 2289 1462 quod
2310 1392 2404 1459 ait,
2430 1391 2609 1447 Adhuc
2628 1394 2899 1461 modicum,
2922 1405 2968 1448 et
2992 1395 3211 1450 mundus
3237 1413 3316 1451 me
3332 1398 3447 1466 jam
3467 1414 3567 1452 non
3586 1399 3745 1466 uidet,

2147 1482 2361 1553 quando
2388 1486 2442 1538 in
2472 1483 2579 1539 line
2596 1484 2778 1539 saculi
2795 1484 3067 1541 auferetur
3090 1486 3158 1542 ab
3174 1488 3339 1543 oculis
3349 1488 3746 1560 damnatorum,

2146 1583 2208 1631 ut
2250 1575 2327 1631 illi
2355 1592 2478 1633 eum
2519 1577 2588 1634 de
2623 1589 2817 1634 caetero
2843 1579 3077 1647 videant,
3122 1581 3260 1652 apud
3287 1598 3424 1654 quos
3461 1583 3747 1657 diligentes

2145 1681 2269 1724 eum
2295 1668 2419 1725 facit
2438 1669 2594 1726 Pater
2608 1679 2766 1743 atque
2780 1672 2894 1743 ipse
2914 1674 3260 1730 mansionem.
3288 1675 3548 1732 Modicum
3562 1689 3747 1736 autem

2145 1757 2301 1825 dixit,
2336 1760 2456 1831 quia
2500 1769 2556 1817 et
2598 1761 2650 1817 id
2697 1762 2841 1833 quod
2877 1764 3138 1833 prolixum
3180 1764 3389 1822 videtur
3417 1767 3745 1838 hominibus,

2144 1849 2517 1906 brevissimum
2536 1860 2620 1908 est
2647 1863 2773 1909 ante
2793 1854 2984 1910 oculos
3013 1855 3111 1912 Dei
3143 1874 3158 1913 :
3186 1856 3256 1914 de
3280 1857 3381 1914 hoc
3405 1860 3599 1932 quippe
3626 1878 3749 1918 mo-

2144 1940 2264 1998 dico
2292 1942 2392 1998 iste
2411 1942 2524 2014 ipse
2552 1942 2784 2000 Joannes
2807 1946 3157 2017 evangelista,
3192 1947 3393 2019 Filioli,
3427 1950 3619 2024 inquit,
3640 1970 3743 2009 no-

2144 2036 2347 2091 uissima
2371 2035 2497 2090 hora
2517 2046 2589 2092 est
2609 2036 2666 2108 (ι
2701 2036 2859 2110 Ιοαη.
2888 2054 2947 2107 ιι,
2976 2039 3100 2112 18).

2215 2129 2267 2183 4.
2290 2126 2366 2184 Ne
2386 2128 2506 2199 quis
2532 2144 2696 2202 porro
2722 2130 2988 2187 existimet
3034 2132 3246 2189 Patrem
3278 2135 3649 2192 tantummodo
3684 2146 3743 2193 et

2145 2219 2336 2277 Filium
2361 2222 2478 2278 sine
2506 2221 2705 2293 Spiritu
2722 2233 2907 2279 sancto
2928 2227 3065 2296 apud
3080 2224 3365 2283 dilectores
3392 2243 3519 2284 suos
3559 2229 3743 2285 facere

2143 2314 2497 2384 mansionem,
2524 2314 2725 2371 recolat
2762 2315 2902 2386 quod
2946 2317 3192 2388 superius
3217 2318 3284 2374 de
3308 2319 3507 2390 Spiritu
3552 2331 3747 2377 sancto

2141 2404 2341 2460 dictum
2364 2413 2470 2473 est,
2499 2403 2660 2473 Quem
2678 2405 2896 2461 mundus
2915 2424 3017 2462 non
3047 2418 3208 2479 potest
3231 2410 3475 2481 accipere,
3498 2412 3616 2481 quia
3635 2429 3747 2466 non

2141 2495 2275 2548 videt
2302 2512 2437 2563 eum,
2495 2511 2588 2551 nec
2629 2497 2726 2550 scit
2752 2512 2869 2552 eum
2892 2511 2912 2552 :
2939 2513 3025 2552 vos
3062 2507 3229 2552 autent
3259 2501 3568 2571 cognoscetis
3596 2518 3739 2568 eum,

2141 2586 2260 2654 quia
2278 2585 2418 2657 apud
2446 2602 2531 2642 vos
2556 2586 2800 2653 manebit,
2822 2596 2870 2643 et
2898 2587 2952 2642 in
2972 2587 3107 2643 vobis
3134 2590 3227 2643 erit
3253 2588 3437 2661 (Joan.
3457 2606 3574 2659 xw,
3599 2591 3737 2663 17).

2141 2674 2281 2732 Ecce
2301 2675 2427 2732 facit
2447 2676 2500 2732 in
2529 2677 2729 2733 sanctis
2756 2692 2877 2734 cum
2899 2676 3057 2734 Patre
3084 2687 3140 2735 et
3162 2678 3299 2735 Filio
3325 2690 3540 2737 sanctus
3565 2684 3739 2738 etiam

2142 2766 2371 2839 Spiritus
2402 2770 2730 2826 mansionem
2756 2786 2770 2835 ;
2804 2770 2948 2825 intus
2988 2770 3188 2842 utique,
3219 2780 3470 2843 tanquam
3515 2773 3655 2829 Deus
3683 2775 3747 2832 in

2141 2862 2343 2934 templo
2364 2876 2483 2918 suo.
2524 2862 2669 2919 Deus
2696 2861 2948 2926 Trinitas,
2973 2862 3131 2919 Pater
3159 2871 3214 2919 et
3239 2863 3404 2920 Filius
3429 2874 3484 2921 et
3506 2865 3747 2936 Spiritus

2141 2961 2384 3020 sanctus,
2408 2952 2629 3007 veniunt
2642 2953 2707 3008 ad
2726 2968 2846 3021 nos,
2863 2953 2989 3009 dum
3010 2954 3252 3010 venimus
3267 2954 3335 3011 ad
3349 2970 3444 3012 eos
3466 2974 3479 3011 :
3513 2959 3746 3015 veniunt

2139 3046 2520 3113 subveniendo,
2552 3046 2797 3102 venimus
2816 3046 3151 3113 obediendo;
3182 3048 3403 3104 veniunt
3429 3050 3744 3107 illuminan-

2139 3139 2232 3207 do,
2254 3139 2496 3195 venimus
2510 3138 2772 3194 intuendo
2796 3155 2812 3205 ;
2843 3139 3362 3211 veniuntimplendo,
3386 3144 3745 3200 venimusca—

2140 3227 2337 3300 piendo
2361 3246 2375 3284 :
2399 3236 2457 3284 ut
2474 3229 2544 3283 sit
2572 3228 2726 3284 nobis
2752 3245 2936 3285 eorum
2959 3244 3065 3285 non
3094 3232 3326 3287 extraria
3354 3233 3506 3300 visio,
3532 3234 3626 3289 sed
3650 3234 3746 3290 in-

2138 3328 2328 3385 terna;
2355 3318 2482 3374 etin
2512 3318 2663 3374 nobis
2685 3335 2869 3375 eorum
2895 3334 3002 3376 non
3032 3322 3337 3377 transitoria
3367 3326 3594 3392 mansio,
3631 3325 3736 3382 sed

2139 3422 2361 3469 aeterna.
2390 3411 2479 3468 Sic
2508 3411 2707 3467 mundo
2738 3427 2841 3468 non
2870 3428 2930 3469 se
2953 3413 3120 3470 Filius
3146 3415 3481 3472 manifestat:
3504 3417 3745 3475 mundus

2139 3504 2281 3559 enim
2310 3502 2482 3559 dictus
2506 3511 2589 3559 est
2621 3502 2724 3559 hoc
2749 3504 2889 3573 loco,
2908 3504 2978 3561 de
3002 3506 3197 3576 quibus
3223 3509 3480 3564 continuo
3509 3509 3744 3581 subjun-

2139 3596 2236 3664 xit,
2266 3595 2368 3665 Qui
2398 3613 2498 3651 non
2520 3597 2690 3667 diligit
2718 3613 2817 3665 me,
2853 3614 3108 3653 sermones
3133 3614 3271 3653 meos
3314 3617 3416 3655 non
3453 3612 3635 3655 servat.
3664 3602 3741 3659 Hi

2138 3698 2263 3743 sunt
2286 3689 2376 3759 qui
2398 3688 2609 3744 Patrem
2628 3698 2681 3743 et
2696 3688 2951 3758 Spiritum
2964 3698 3204 3745 sanctum
3224 3706 3489 3761 nunquam
3508 3692 3696 3748 vident
3720 3711 3737 3749 :

2140 3780 2334 3835 Filium
2362 3790 2539 3836 autem
2564 3795 2667 3834 non
2699 3788 2757 3835 ut
2794 3780 3184 3849 beatificentur,
3211 3782 3303 3837 sed
3323 3792 3379 3837 ut
3399 3782 3769 3853 judicentur,‘

2137 3872 2204 3927 ad
2242 3872 2508 3927 modicum
2531 3871 2751 3937 vident;
2783 3886 2886 3928 nec
2914 3872 3084 3941 ipsum
3109 3873 3163 3927 in
3193 3872 3356 3928 forma
3390 3874 3504 3940 Dei,
3534 3875 3623 3931 ubi
3646 3886 3742 3935 est

2136 3979 2258 4020 cum
2287 3963 2444 4020 Patre
2473 3975 2527 4019 et
2554 3963 2754 4034 Spiritu
2778 3972 2964 4019 sancto
2984 3964 3181 4035 pariter
3206 3964 3518 4033 invisibilis;
3548 3968 3643 4024 sed
3675 3969 3741 4027 in

2136 4057 2308 4113 forma
2336 4056 2587 4123 hominis,
2621 4056 2709 4111 ubi
2728 4071 2850 4112 esse
2879 4055 3045 4111 voluit
3074 4056 3275 4113 mundo
3314 4058 3564 4128 patiendo
3593 4074 3738 4116 eon-

2138 4149 2471 4220 temptibilis,
2494 4148 2781 4220 judicando
2808 4148 3077 4205 terribilis.

2206 4241 2261 4296 5.
2289 4239 2442 4308 Quod
2463 4254 2592 4295 vero
2616 4239 2876 4308 adjunxit,
2908 4238 2976 4293 Et
2999 4254 3163 4294 sermo
3196 4255 3345 4310 quem
3381 4240 3597 4297 audistis
3625 4258 3741 4299 non

2135 4338 2209 4386 est
2235 4348 2397 4400 meus,
2428 4332 2519 4386 sed
2532 4332 2641 4401 ejus
2663 4331 2750 4403 qui
2768 4330 2902 4386 misit
2916 4347 3014 4397 me,
3057 4329 3231 4386 Patris
3259 4346 3282 4397 ;
3309 4348 3415 4387 non
3442 4333 3739 4406 miremur,

2134 4442 2242 4482 non
2260 4442 2549 4497 paveamus
2571 4444 2585 4485 :
2610 4441 2718 4482 non
2746 4435 2828 4481 est
2855 4425 3030 4481 minor
3054 4425 3237 4494 Patre,
3259 4427 3355 4483 sed
3379 4442 3483 4484 non
3512 4436 3596 4484 est
3624 4431 3743 4487 nisi

2134 4532 2165 4572 a
2190 4517 2386 4585 Patre;
2418 4533 2523 4573 non
2549 4528 2631 4574 est
2659 4518 2831 4589 impar
2877 4518 3014 4587 ipso,
3042 4517 3137 4573 sed
3186 4533 3289 4573 non
3334 4528 3417 4574 est
3457 4534 3488 4575 a
3525 4521 3739 4592 seipso.

2132 4608 2315 4680 Neque
2329 4610 2471 4665 enim
2501 4612 2754 4666 mentitus
2779 4618 2863 4667 est
2889 4610 3139 4679 dicendo,
3173 4611 3274 4680 Qui
3299 4630 3402 4667 non
3425 4613 3589 4683 diligit
3623 4631 3738 4684 me,

2132 4718 2383 4757 sermones
2402 4719 2538 4757 meos
2564 4720 2665 4757 non
2688 4711 2871 4757 servat.
2903 4703 3041 4759 Ecce
3067 4718 3194 4759 suos
3215 4703 3351 4758 dixit
3373 4719 3491 4760 esse
3519 4720 3745 4762 sermo-

2132 4808 2264 4859 nes;
2297 4793 2551 4863 numquid
2577 4792 2678 4848 sibi
2705 4794 2820 4864 ipse
2850 4803 2935 4849 est
2961 4796 3281 4862 contrarius,
3317 4796 3404 4850 ubi
3430 4811 3613 4852 rursus
3638 4798 3741 4853 di-

2136 4886 2232 4951 xit,
2268 4885 2334 4939 Et
2357 4902 2519 4940 sermo
2547 4902 2694 4956 quem
2719 4886 2932 4941 audistis
2959 4904 3058 4941 non
3084 4896 3157 4942 est
3197 4888 3375 4942 meus!
3401 4888 3465 4943 Et
3498 4887 3745 4948 fortaSSc

2131 4987 2348 5049 propter
2368 4978 2599 5049 aliquam
2642 4978 3064 5047 distinctionem,
3110 4979 3196 5034 ubi
3244 4994 3371 5035 suos
3397 4979 3548 5046 dixit,
3591 4980 3743 5039 dixit

2130 5073 2424 5143 pluraliter,
2477 5072 2579 5129 hoc
2623 5082 2707 5129 est
2753 5089 3044 5140 sermones;
3072 5072 3162 5128 ubi
3200 5082 3378 5129 autem
3420 5090 3740 5144 sermonem,

2129 5162 2231 5219 hoc
2259 5172 2342 5219 est
2359 5162 2615 5231 Verbum,
2640 5180 2746 5220 non
2779 5180 2933 5220 suum
2957 5164 3253 5232 dixitesse,
3285 5165 3377 5221 sed
3424 5165 3617 5232 Patris,
3635 5182 3738 5222 se-

2127 5257 2307 5329 ipsum
2331 5258 2552 5330 intelligi
2575 5259 2765 5315 voluit.
2792 5260 2848 5314 in
2880 5260 3140 5330 principio
3159 5260 3301 5316 enim
3319 5268 3433 5315 erat
3456 5258 3736 5329 Verbum,

2124 5360 2178 5405 et
2193 5349 2425 5406 Verbum
2441 5360 2556 5406 erat
2572 5352 2713 5423 apud
2732 5352 2916 5419 Deum,
2930 5362 2984 5408 et
3004 5353 3144 5409 Deus
3163 5364 3280 5409 erat
3300 5352 3735 5422 Verbumann.

2123 5457 2161 5507 ι,
2192 5444 2217 5498 1
2246 5441 2288 5515 ).
2317 5442 2433 5498 Non
2456 5443 2637 5514 utique
2662 5460 2837 5512 suum,
2867 5446 2959 5501 sed
2984 5446 3155 5501 Patris
3175 5458 3255 5502 est
3289 5446 3546 5501 Verbum:
3579 5462 3738 5516 quo-

2121 5535 2281 5590 modo
2298 5551 2400 5590 nec
2415 5550 2509 5590 sua
2537 5536 2732 5607 imago,
2755 5536 2848 5591 sed
2873 5537 3084 5603 Patris;
3114 5553 3211 5593 nec
3238 5553 3364 5593 suus
3390 5537 3554 5591 Filius
3572 5537 3735 5595 idem

2120 5628 2253 5699 ipse,
2278 5628 2372 5683 sed
2395 5628 2585 5683 Patris.
2618 5628 2783 5684 Recte
2811 5629 2968 5700 igitur
3006 5631 3183 5686 tribuit
3224 5630 3428 5686 auctori
3457 5629 3739 5701 quidquid

2117 5719 2503 5791 facittequalis,
2534 5736 2563 5775 a
2595 5737 2700 5791 quo
2730 5722 2887 5778 habet
2916 5723 3015 5777 hoc
3058 5724 3384 5795 ipsumquod
3412 5723 3485 5779 illi
3509 5734 3595 5779 est
3623 5725 3729 5780 iu-

2122 5812 2421 5869 :lilfercnter
2445 5813 2682 5886 aequalis.
