4102 6468
331 315 460 371 1855

770 412 1177 474 TRACTATUS
1214 409 1471 468 LXXVII.

328 518 395 571 De
420 532 473 568 eo
496 512 631 580 quod
654 511 895 575 sequitur,
933 508 1058 561 Ilaec
1082 507 1289 559 locutus
1317 519 1432 558 sum
1461 502 1610 556 vobis
1636 497 1773 570 apud
1805 511 1897 550 vos

388 620 642 668 manens;
670 618 827 671 usque
850 600 916 653 ad
940 598 1012 661 id,
1044 597 1236 652 Pacem
1262 610 1433 649 meam
1462 592 1531 648 do
1557 590 1744 656 vobis;
1794 604 1898 641 non

389 695 661 767 quomodo
692 690 923 747 mundus
947 688 1058 756 dat,
1095 701 1194 757 ego
1219 685 1289 742 do
1318 684 1486 740 vobis.
1514 681 1639 754 Cap.
1672 696 1781 745 xw,
1823 678 1857 749 Ῡ
1883 716 1896 729 .

386 788 478 842 25-
496 787 585 841 27.

390 902 441 955 l.
472 900 527 953 In
550 894 864 968 praecedenti
881 886 1109 949 lectione
1133 888 1303 945 sancti
1327 884 1616 956 Evangelii,
1639 898 1796 953 quam
1817 898 1903 936 se-

318 992 498 1060 quitur
526 991 625 1043 ista
647 1003 762 1056 qua:
782 984 943 1038 modo
968 983 1184 1036 recitata
1209 987 1313 1046 est,
1340 977 1597 1032 Dominus
1636 974 1791 1029 Iesus
1815 972 1901 1027 di-

330 1089 481 1135 xerat
520 1062 579 1132 se
604 1087 657 1131 et
687 1076 897 1131 Patrem
923 1073 989 1127 ad
1014 1072 1297 1126 dilectores
1325 1083 1449 1123 suos
1478 1081 1598 1121 esse
1624 1073 1894 1129 venturos,

314 1182 372 1227 et
392 1170 531 1241 apud
558 1182 652 1223 eos
677 1166 1010 1221 mansionem
1038 1176 1160 1217 esse
1185 1161 1437 1215 facturos.
1459 1157 1707 1212 Jamvero
1731 1164 1787 1210 et
1806 1169 1901 1208 su-

316 1262 499 1332 perius
526 1261 733 1314 dixerat
758 1256 827 1311 de
850 1254 1050 1324 Spiritu
1076 1259 1280 1315 sancto,
1314 1248 1413 1303 Vos
1438 1257 1606 1303 autem
1632 1261 1905 1317 cognosce-

313 1356 379 1408 tis
423 1368 557 1417 eum,
602 1350 720 1421 quia
746 1346 884 1419 apud
910 1362 996 1399 vos
1032 1342 1271 1407 manebit,
1298 1341 1411 1396 etin
1435 1339 1570 1394 vobis
1596 1337 1722 1409 erit(
1743 1336 1900 1391 Joan.

316 1460 436 1509 xiv,
464 1443 571 1513 l7)
610 1460 622 1494 :
656 1440 795 1495 unde
840 1436 1202 1493 intelleximus
1240 1435 1291 1489 in
1333 1433 1532 1489 sanctis
1576 1442 1825 1501 tanquam
1848 1432 1903 1486 in

315 1535 519 1604 templo
555 1547 652 1587 suo
674 1530 829 1585 simul
850 1543 1067 1583 manere
1086 1526 1398 1581 Trinitatem
1425 1525 1611 1578 Deum.
1632 1523 1780 1577 Nunc
1804 1536 1901 1575 au-

314 1635 424 1680 tem
448 1623 576 1679 dicit
605 1640 617 1676 :
652 1621 775 1675 Ηωε
800 1621 995 1675 locutus
1018 1632 1126 1671 sum
1148 1615 1283 1671 vobis
1301 1615 1438 1686 apud
1459 1631 1542 1668 vos
1562 1628 1785 1667 manens.
1810 1611 1902 1667 Illa

315 1719 500 1786 itaque
523 1714 730 1769 mansio
758 1712 862 1767 alia
898 1720 1000 1777 est,
1031 1725 1191 1781 quam
1217 1709 1459 1780 promisit
1486 1707 1750 1771 futuram;
1780 1704 1897 1760 haec

311 1825 445 1865 vero
469 1809 594 1877 alia,
615 1822 774 1878 quam
800 1813 1113 1877 prtesentem
1135 1817 1253 1858 esse
1277 1810 1518 1857 testatur.
1537 1800 1625 1854 Illa
1644 1799 1898 1870 spiritum-

312 1901 384 1955 lis
433 1908 539 1967 est,
588 1910 748 1969 atque
787 1897 1116 1952 intrinsecus
1159 1894 1426 1949 mentibus
1467 1891 1708 1946 redditur
1740 1908 1753 1945 :
1784 1888 1901 1944 haec

310 1990 610 2061 corporalis
637 1989 931 2043 forinsecus
953 1986 1123 2040 oculis
1157 1995 1316 2055 atque
1340 1984 1557 2038 auribus
1583 1981 1884 2037 exhibetur.

313 2084 406 2138 Illa
435 2086 487 2137 in
507 2093 766 2138 :eternum
806 2080 1071 2137 beatiﬁcat
1101 2079 1386 2141 liberatos;
1416 2077 1531 2130 lucc
1573 2075 1627 2129 in
1659 2084 1900 2143 tempore

310 2175 491 2229 visitat
511 2172 836 2228 liberandos.
860 2170 1160 2227 Secundum
1182 2170 1327 2223 illam
1350 2168 1603 2221 Dominus
1619 2182 1647 2220 a
1677 2166 1787 2220 suis
1814 2164 1899 2219 di-

309 2265 604 2322 lectoribus
631 2280 735 2318 non
765 2262 999 2327 recedit;
1025 2259 1316 2315 secundum
1345 2258 1481 2312 hanc
1506 2257 1616 2312 itet
1643 2255 1895 2311 recedit‘.

316 2358 466 2425 nec,
507 2358 699 2428 inquit,
753 2358 948 2412 locutus
993 2369 1105 2410 sum
1146 2354 1300 2417 vobis,
1349 2350 1487 2420 apud
1535 2365 1624 2404 vos
1649 2362 1901 2403 manem:

311 2453 497 2520 utique
523 2448 807 2520 przescntia
835 2446 1119 2517 corporali,
1147 2459 1248 2515 qua
1273 2458 1395 2499 cum
1426 2442 1533 2497 illis
1566 2440 1786 2496 visibilis
1814 2440 1898 2496 lo-

309 2541 769 2680 ῳῗζᾚίιὲκιειω
796 2633 986 2687 autem,
1015 2621 1203 2692 inquit,
1234 2619 1459 2692 Spiritus
1498 2626 1720 2683 sanctus,
1751 2632 1898 2687 quem

310 2717 479 2770 mittet
510 2715 662 2769 Pater
682 2717 735 2769 in
781 2716 983 2769 nomine
1028 2729 1159 2776 meo,
1187 2712 1273 2766 ille
1297 2726 1385 2764 vos
1406 2709 1597 2763 docebit
1634 2708 1824 2771 omnia,
1852 2714 1901 2760 et

308 2806 719 2862 commemorabit
737 2821 823 2859 vos
837 2803 1007 2859 omnia
1025 2818 1347 2875 quacumque
1366 2800 1541 2854 dixero
1562 2798 1717 2852 vobis.
1735 2796 1901 2851 Nunh

308 2898 567 2969 quidnam
594 2898 720 2952 dicit
746 2896 926 2960 Filius,
956 2904 1008 2949 et
1033 2895 1191 2949 docet
1216 2893 1447 2962 Spiritus
1465 2900 1699 2956 sanctus,
1727 2896 1786 2943 ut
1813 2888 1867 2943 di

309 2998 471 3045 cente
515 2987 652 3043 Filio
692 2988 851 3042 verba
904 2986 1196 3055 capiamus,
1227 2982 1452 3038 docente
1480 2988 1655 3035 autem
1699 2978 1900 3049 Spiritu

311 3090 503 3137 sancto
525 3080 713 3136 eadem
750 3080 909 3134 verba
937 3076 1323 3147 intelligamus?
1350 3074 1510 3142 Quasi
1553 3073 1694 3127 dicat
1734 3072 1899 3128 Filius

311 3176 433 3228 sine
462 3172 666 3242 Spiritu
695 3181 898 3233 sancto,
928 3179 1020 3223 aut
1065 3168 1294 3238 Spiritus
1317 3173 1531 3220 sanctus
1556 3163 1745 3219 doceat
1783 3164 1899 3219 sine

312 3263 456 3319 Filio
489 3281 502 3316 :
535 3272 627 3317 aut
663 3278 789 3317 vero
816 3277 919 3315 non
946 3269 999 3315 et
1041 3260 1210 3314 Filius
1234 3258 1423 3312 doceat
1444 3266 1500 3312 et
1523 3256 1750 3324 Spiritus
1776 3270 1901 3309 san-

310 3363 434 3408 ctus
461 3353 623 3418 dicat,
642 3361 831 3407 etcum
852 3352 992 3405 Deus
1020 3349 1217 3419 aliquid
1243 3349 1371 3402 dicit
1395 3357 1448 3402 et
1471 3346 1647 3409 docet,
1666 3345 1899 3400 Trinitas

312 3445 430 3514 ipsa
453 3444 595 3499 dicat
619 3444 915 3498 etdoceat?
943 3440 1048 3495 Sed
1069 3441 1319 3510 quoniam
1342 3438 1577 3493 Trinitas
1606 3445 1707 3501 est,
1736 3451 1898 3505 opor-

314 3530 466 3584 tcbat
512 3528 630 3596 ejus
670 3527 904 3597 singulas
932 3525 1200 3579 insinuare
1244 3536 1518 3592 personas,
1551 3535 1775 3590 eamque
1802 3533 1900 3573 nos

311 3621 569 3675 distincte
590 3619 792 3683 audire,
822 3616 1240 3686 inseparabiliter
1282 3614 1597 3682 intelligere.
1630 3611 1763 3664 Audi
1794 3611 1898 3664 Pa-

313 3722 455 3768 trem
471 3712 732 3767 dicentem
760 3710 851 3764 ubi
895 3708 1045 3776 legis,
1079 3706 1325 3758 Dominus
1365 3703 1493 3756 dixit
1520 3704 1586 3753 ad
1612 3716 1705 3763 me,
1735 3699 1899 3753 Filius

312 3820 462 3857 meus
483 3819 535 3857 es
556 3802 651 3873 tu(
682 3799 824 3854 Psal.
851 3816 907 3864 ιι,
938 3800 1009 3869 7)
1041 3797 1197 3851 :audi
1244 3804 1300 3849 et
1322 3794 1601 3848 docentem
1627 3791 1716 3845 ubi
1748 3791 1895 3861 legis,

316 3893 502 3947 Omnia
528 3892 615 3964 qui
640 3891 826 3944 audivit
854 3906 886 3941 a
916 3888 1068 3942 Patre
1086 3896 1129 3941 et
1156 3886 1352 3947 didicit,
1378 3885 1505 3937 venit
1523 3883 1589 3936 ad
1610 3898 1687 3935 me
1707 3880 1725 3951 (
1740 3880 1894 3933 Joan.

311 4003 394 4050 τι,
418 3987 489 4042 45
512 3985 556 4056 ).
590 3984 778 4038 Filium
809 3996 935 4037 vero
958 3980 1225 4035 dicentem
1270 3975 1427 4031 modo
1475 3974 1705 4037 audisti;
1738 3973 1803 4027 de
1839 3987 1899 4026 se

313 4080 517 4151 quippe
553 4078 647 4143 ait,
688 4077 1021 4143 Quamcumque
1054 4072 1227 4126 dixero
1254 4070 1389 4124 vobis
1416 4085 1435 4122 ς
1459 4082 1616 4138 quem
1640 4067 1685 4121 si
1714 4075 1769 4120 et
1799 4066 1898 4119 do-

314 4182 528 4227 centem
551 4170 631 4224 vis
658 4184 835 4233 nosse,
864 4166 1172 4234 magistrum
1201 4162 1396 4228 recole,
1424 4159 1565 4215 Unus
1591 4167 1682 4223 est,
1708 4158 1896 4226 inquit,

317 4262 569 4333 Hagister
595 4270 751 4314 vester
779 4257 1041 4324 Christus(
1074 4254 1259 4307 Matth.
1295 4267 1448 4316 xxm,
1476 4248 1605 4322 10).
1643 4248 1896 4318 Spiritum

315 4368 485 4425 porro
504 4360 763 4415 sanctum,
791 4364 946 4419 quem
972 4346 1129 4400 modo
1165 4344 1354 4399 audisti
1381 4342 1657 4397 docentem
1698 4340 1790 4395 ubi
1816 4339 1899 4393 di-

316 4455 465 4499 ctum
487 4451 586 4508 est,
620 4440 739 4511 Ipse
758 4456 843 4493 vos
867 4438 1057 4492 docebit
1073 4436 1261 4501 omnia,
1288 4433 1409 4487 audi
1433 4434 1592 4488 etiam
1609 4431 1895 4496 dicentem,

317 4537 413 4591 ubi
443 4536 576 4605 legis
596 4534 650 4588 in
680 4533 897 4587 Actibus
924 4529 1318 4599 Apostolorum,
1338 4528 1489 4581 beato
1517 4526 1673 4580 Petro
1698 4524 1899 4580 dixisse

316 4627 580 4696 Spiritum
609 4632 872 4687 sanctum,
917 4620 1053 4675 Vade
1077 4634 1188 4673 cum
1211 4619 1333 4685 illis,
1380 4617 1499 4686 quia
1548 4632 1638 4687 ego
1677 4615 1790 4668 misi
1816 4631 1899 4668 eos

319 4717 340 4788 (
368 4716 481 4770 Act.
505 4714 700 4783 x,20).
732 4711 917 4768 Omnis
946 4711 1102 4780 igitur
1126 4717 1181 4764 et
1206 4708 1334 4763 dicit
1361 4717 1416 4761 et
1442 4706 1602 4761 docet
1628 4705 1860 4759 Trinitas
1883 4720 1895 4756 :

319 4806 418 4861 sed
445 4807 547 4860 nisi
572 4805 731 4859 etiam
755 4802 1059 4871 singillatim
1088 4796 1576 4859 commendaretur,
1612 4811 1728 4850 eam
1757 4795 1900 4847 nullo

319 4895 488 4951 modo
524 4896 755 4949 humana
782 4908 972 4961 capere
998 4891 1178 4959 utique
1227 4896 1407 4958 posset
1436 4886 1731 4940 inﬁrmitas.
1766 4883 1899 4938 Cum

320 5002 453 5057 ergo
479 4987 693 5041 omnino
714 4985 782 5039 sit
808 4982 1196 5052 inseparabilis,
1227 4994 1498 5049 nunquam
1528 4979 1759 5032 Trinitas
1784 4991 1901 5030 esse

321 5080 568 5141 sciretur,
592 5077 636 5130 si
667 5089 877 5144 semper
906 5072 1331 5141 inseparabiliter
1370 5071 1669 5125 diceretur:
1700 5084 1818 5121 nam
1848 5077 1903 5122 ct

322 5184 445 5223 cum
475 5168 700 5222 dicimus
726 5166 937 5221 Patrem
965 5173 1020 5218 et
1044 5163 1231 5218 Filium
1255 5173 1309 5217 et
1340 5161 1593 5231 Spiritum
1635 5168 1897 5223 sanctum,

324 5276 432 5315 non
474 5275 566 5314 eos
590 5258 771 5327 utique
798 5257 1025 5310 dicimus
1055 5255 1231 5316 simul,
1264 5269 1385 5308 cum
1420 5253 1517 5324 ipsi
1558 5267 1662 5305 non
1696 5250 1901 5321 possint

321 5366 445 5404 esse
469 5364 572 5403 non
601 5348 774 5402 simul.
805 5347 955 5414 Quod
983 5361 1108 5401 vero
1129 5345 1347 5411 addidit,
1376 5342 1898 5408 commemorabilem,

325 5441 621 5509 intelligere
649 5438 905 5493 debemus
932 5438 1113 5501 etiam,
1139 5436 1281 5507 quod
1299 5436 1545 5505 jubemur
1570 5447 1676 5488 non
1713 5432 1902 5487 oblivi-

331 5534 411 5586 sci
436 5531 814 5586 saluberrimos
851 5529 1083 5583 monitus
1102 5528 1169 5582 ad
1189 5530 1409 5598 gratiam
1434 5528 1716 5598 pertinere,
1740 5539 1897 5594 quam

325 5637 424 5677 nos
444 5630 831 5676 commemorat
854 5619 1102 5690 Spiritus.

392 5733 409 5765 ⁸
434 5740 541 5783 Lov.
586 5730 731 5783 redit.
749 5732 917 5782 (:tcteri
935 5730 1144 5790 codices,
1163 5731 1358 5780 recedit.

606 5818 830 5878 Bauer.
882 5819 1157 5876 Aueusr.
1206 5817 1313 5876 Ill.

1375 291 1782 353 TRACTATUS
1822 291 2077 349 LXXVII.
2117 295 2339 354 CAPUT
2380 297 2515 354 XIV.

3452 304 3581 359 1853

2078 407 2132 462 5.
2160 406 2368 473 Pacem,
2400 410 2601 481 inquit,
2642 409 2869 480 relinquo
2906 412 3060 477 vobis,
3104 431 3277 483 pacem
3317 433 3475 469 meam
3515 422 3580 470 do

2008 497 2162 550 vobis.
2190 497 2300 553 Hoc
2328 509 2409 554 est
2433 500 2570 571 quod
2602 500 2825 570 legimus
2854 501 2990 570 apud
3032 502 3360 572 prophetam,
3394 504 3580 561 Pacem

2007 603 2156 657 super
2197 606 2368 659 pacem
2399 608 2418 645 :
2448 607 2631 661 pacem
2668 592 2823 648 nobis
2865 594 3112 664 relinquit
3148 595 3316 651 iturus
3341 638 3356 662 ,
3396 613 3580 668 pacem

2009 692 2158 732 suam
2201 680 2351 736 nobis
2379 681 2525 737 dabit
2551 684 2603 739 in
2634 683 2738 739 line
2767 692 3041 741 venturus.
3081 685 3271 741 Pacem
3310 688 3464 743 nobis
3494 705 3579 745 rc-

2009 769 2195 841 linquit
2238 772 2290 826 in
2337 772 2438 829 hoc
2483 776 2713 843 saeculo,
2755 792 2939 846 pacem
2983 793 3130 833 suam
3173 779 3325 835 nobis
3352 781 3498 836 dabit
3530 783 3583 837 in

2008 859 2182 915 futuro
2210 864 2424 917 saeculo.
2465 865 2654 921 Pacem
2697 882 2846 922 suam
2887 869 3036 924 nobis
3076 871 3344 943 relinquit,
3391 869 3441 929 in
3480 894 3581 947 qua

2010 960 2282 1007 manentes
2304 952 2507 1011 hostem
2524 956 2780 1013 vincimus
2812 976 2824 1014 :
2854 974 3039 1029 pacem
3064 978 3213 1018 suam
3242 966 3393 1021 nobis
3415 967 3578 1032 dabit,

2007 1042 2219 1111 quando
2249 1044 2363 1099 sine
2392 1045 2541 1101 hoste
2571 1049 2924 1117 reguabimus.
2968 1052 3155 1109 Pacem
3199 1057 3447 1129 relinquit
3485 1076 3583 1115 no-

2007 1130 2125 1198 bis,
2176 1141 2234 1188 ut
2280 1135 2437 1189 etiam
2485 1134 2573 1192 hic
2623 1137 2844 1195 invicem
2872 1141 3146 1212 diligamus
3176 1162 3189 1199 :
3219 1161 3401 1216 pacem
3428 1164 3578 1204 suam

2008 1225 2163 1279 nobis
2183 1225 2347 1293 dabit,
2377 1227 2465 1282 ubi
2495 1245 2757 1299 nunquam
2783 1232 3062 1289 dissentire
3086 1238 3367 1304 possimus.
3389 1241 3579 1296 Pacem

2007 1315 2261 1386 relinquit
2288 1318 2473 1384 nobis,
2507 1335 2574 1375 ne
2600 1319 2667 1375 de
2695 1323 2915 1377 occultis
2956 1326 3150 1381 nostris
3189 1329 3413 1385 invicem
3439 1331 3581 1402 judi-

2006 1421 2209 1475 cemus,
2234 1423 2353 1463 cum
2383 1410 2434 1463 in
2461 1410 2563 1466 hoc
2589 1426 2772 1466 sumus
2788 1412 3018 1468 mundo:
3045 1430 3225 1485 pacem
3257 1435 3404 1474 suam
3434 1421 3580 1476 dabit

2005 1498 2180 1565 nobis,
2224 1515 2345 1556 cum
2384 1498 2747 1560 manifestabit’
2768 1508 3114 1577 cogitationes
3137 1512 3347 1580 cordis,
3373 1523 3427 1569 et
3454 1523 3579 1570 tunc

2006 1588 2123 1646 laus
2155 1590 2256 1647 erit
2282 1592 2559 1665 unicuique
2584 1611 2613 1649 a
2643 1597 2752 1652 Deo
2780 1598 2835 1667 (I
2862 1598 2979 1653 Cor.
3003 1616 3075 1668 Iv,
3099 1603 3177 1673 5).
3197 1601 3253 1656 In
3281 1605 3369 1659 illo
3399 1613 3575 1662 tamen

2004 1689 2163 1752 atque
2189 1683 2257 1738 ab
2282 1684 2372 1739 illo
2401 1685 2551 1742 nobis
2577 1699 2658 1742 est
2686 1705 2805 1758 pax,
2837 1691 2947 1747 sive
2975 1708 3130 1763 quam
3160 1696 3312 1751 nobis
3333 1698 3581 1769 relinquit

2004 1770 2175 1830 iturus
2213 1774 2278 1829 ad
2320 1776 2550 1844 Patrem,
2580 1780 2695 1835 sive
2723 1796 2881 1849 quam
2934 1785 3087 1840 nobis
3134 1785 3278 1842 dabit
3324 1803 3420 1842 nos
3462 1805 3583 1859 pcr-

2004 1864 2258 1923 ducturus
2304 1870 2369 1924 ad
2412 1870 2642 1925 Patrem.
2696 1873 2829 1939 Quid
2885 1886 3059 1930 autem
3118 1878 3272 1933 nobis
3333 1881 3583 1952 relinquit

2004 1958 2296 2013 ascendens
2342 1975 2373 2015 a
2417 1962 2589 2028 nobis,
2622 1964 2719 2017 nisi
2749 1965 3001 2033 scipsum,
3035 1967 3157 2024 dum
3189 1986 3292 2025 non
3325 1973 3521 2028 recedit
3549 1989 3580 2029 a

2002 2046 2193 2102 nobis?
2223 2049 2337 2118 Ipse
2375 2060 2452 2104 est
2484 2054 2624 2106 enim
2666 2069 2762 2122 pax
2796 2068 3007 2121 nosu'a;
3053 2059 3142 2128 qui
3190 2060 3312 2116 fecit
3359 2071 3580 2134 utraque

2004 2151 2165 2192 unum
2198 2138 2409 2211 (Ephes.
2458 2157 2515 2209 tl,
2564 2143 2674 2215 14).
2726 2144 2837 2199 Pax
2883 2164 3009 2216 ergo
3057 2150 3167 2217 ipse
3213 2153 3364 2206 nobis
3393 2163 3492 2216 est,
3527 2164 3581 2209 et

2002 2242 2124 2282 cum
2168 2230 2433 2285 credimus
2476 2233 2595 2302 quia
2625 2244 2707 2289 est
2730 2276 2743 2298 ,
2774 2245 2828 2291 et
2855 2251 2974 2291 cum
3008 2240 3245 2294 videmus
3273 2258 3393 2297 eum
3424 2245 3578 2299 sicuti

2002 2326 2085 2372 est
2109 2318 2164 2389 (I
2186 2318 2343 2374 Joan.
2377 2338 2452 2383 ιιι.
2481 2321 2559 2394 2).
2592 2323 2647 2379 Si
2678 2326 2819 2379 enim
2855 2329 3101 2396 quamdiu
3150 2346 3331 2386 sumus
3373 2333 3425 2387 in
3455 2350 3581 2387 cor-

2002 2424 2134 2480 pore
2177 2410 2503 2482 corruptibili
2547 2418 2686 2485 quod
2735 2429 2986 2488 aggravat
3027 2421 3289 2487 animam,
3324 2439 3443 2478 cmn
3482 2442 3577 2495 per

2002 2500 2158 2556 Iidem
2185 2504 2539 2574 ambulamus,
2561 2523 2664 2563 non
2692 2524 2787 2579 per
2812 2512 3063 2579 speciem,
3098 2529 3202 2567 non
3232 2514 3422 2571 deserit
3458 2533 3580 2587 per-

2000 2594 2302 2663 egrinantes
2329 2612 2356 2650 a
2386 2612 2445 2652 se
2475 2597 2553 2669 (ll
2583 2599 2699 2653 Cor.
2729 2617 2782 2667 v,
2807 2600 2858 2664 6,
2898 2603 2985 2671 7);
3016 2615 3211 2673 quanto
3248 2609 3413 2677 magis
3457 2624 3577 2669 cum

2002 2685 2068 2740 ad
2099 2686 2265 2756 ipsam
2294 2690 2527 2757 speciem
2559 2691 2890 2757 venerimus,
2925 2710 3023 2746 nos
3053 2696 3289 2764 implebit
3313 2713 3381 2752 ex
3413 2700 3510 2753 se?

2072 2776 2126 2830 4.
2157 2776 2262 2832 Sed
2288 2778 2413 2847 quid
2437 2788 2518 2833 est
2545 2781 2684 2849 quod
2715 2782 2800 2836 ubi
2828 2784 2921 2847 ait,
2954 2783 3139 2838 Pacem
3168 2788 3392 2858 relinquo
3421 2790 3575 2856 vobis,

2002 2883 2109 2922 non
2145 2869 2349 2924 addidit
2389 2887 2588 2934 meam;
2629 2872 2713 2927 ubi
2760 2888 2886 2929 vero
2911 2876 3004 2940 ait,
3033 2878 3097 2930 do
3134 2878 3289 2943 vobis,
3336 2880 3405 2935 ibi
3445 2883 3579 2938 dixit

2002 2976 2163 3013 meum
2186 2962 2211 3014 ?
2243 2961 2424 3016 Utrum
2447 2962 2863 3019 subaudiendum
2888 2977 2969 3021 est
2986 2984 3169 3034 nteant,
3193 2979 3245 3023 et
3272 2971 3357 3024 ubi
3381 2971 3577 3028 dictum

2003 3068 2108 3107 non
2138 3063 2238 3117 est,
2267 3054 2387 3123 quia
2420 3064 2592 3124 potest
2631 3057 2816 3112 referri
2852 3059 2916 3111 ad
2946 3068 3225 3131 utrumque
3254 3068 3411 3118 etiam
3436 3068 3576 3134 (μιοά

2004 3144 2171 3198 semel
2190 3145 2387 3198 dictum
2414 3147 2534 3200 est?
2560 3148 2641 3201 An
2668 3149 2801 3202 forte
2839 3158 2892 3203 et
2934 3149 3021 3205 hic
3045 3152 3239 3220 aliquid
3272 3155 3397 3208 latet
3436 3159 3577 3226 quod

2003 3237 2289 3305 petendum
2312 3245 2394 3292 est
2418 3246 2473 3293 et
2501 3240 2842 3308 quxcrendum
2862 3282 2877 3305 ,
2908 3252 2961 3296 et
2989 3242 3053 3296 ad
3082 3244 3222 3313 quod
3248 3246 3579 3314 pulsantibus

2003 3331 2383 3401 aperiendum?
2411 3332 2545 3400 Quid
2571 3333 2617 3386 si
2646 3333 2788 3388 enim
2835 3349 3016 3402 pacem
3059 3351 3207 3389 suam
3253 3353 3369 3392 cam
3419 3341 3580 3395 voluit

2002 3422 2223 3492 intelligi
2252 3424 2461 3492 qualem
2487 3422 2643 3478 habet
2670 3424 2818 3493 ipse?
2849 3424 2952 3479 Pax
2982 3441 3108 3479 vero
3129 3428 3226 3481 ista
3248 3444 3404 3496 quam
3428 3432 3581 3485 nobis

2002 3515 2252 3586 relinquit
2291 3516 2341 3569 in
2387 3514 2487 3570 hoc
2532 3517 2756 3581 sazculo,
2804 3529 2982 3571 nostra
3018 3528 3099 3572 est
3143 3521 3315 3588 potius
3354 3521 3578 3577 dicenda

2002 3621 2160 3674 quam
2187 3606 2370 3675 ipsius.
2395 3605 2471 3659 Illi
2503 3606 2696 3676 quippe
2727 3606 2856 3659 nillil
2887 3618 3144 3676 repugnat
3183 3610 3237 3661 in
3268 3611 3462 3679 seipse,
3486 3612 3576 3680 qui

2002 3696 2205 3749 nullum
2237 3695 2398 3750 habet
2421 3698 2638 3751 omnino
2683 3707 2957 3765 peccatum
3000 3716 3012 3751 :
3060 3713 3155 3750 nos
3194 3708 3369 3752 autem
3417 3700 3577 3753 talem

2004 3802 2188 3857 pacem
2241 3802 2383 3841 nunc
2434 3787 2708 3852 habemus,
2756 3788 2807 3842 in
2848 3804 2948 3857 qua
2978 3788 3152 3843 adhuc
3177 3788 3433 3855 dicamus,
3482 3789 3580 3844 Di-

2003 3882 2143 3934 mitte
2188 3879 2333 3933 nobis
2381 3879 2546 3933 debita
2595 3889 2766 3932 nostra
2812 3878 3024 3950 (Matth.
3072 3896 3146 3945 vi,
3186 3880 3299 3951 l2).
3330 3882 3423 3935 Est
3447 3897 3577 3952 ergo

2005 3974 2158 4028 nobis
2202 3989 2305 4042 pax
2344 3973 2536 4042 aliqua,
2582 3974 2832 4042 quoniam
2871 3973 3302 4028 condclectamur
3339 3975 3438 4045 legi
3487 3977 3579 4030 Dei

2004 4064 2295 4120 secundum
2328 4065 2633 4119 interiorem
2664 4063 2932 4119 hominem
2961 4082 2976 4118 :
3008 4064 3101 4119 sed
3128 4082 3233 4120 non
3263 4074 3345 4119 est
3390 4067 3540 4136 plena
3560 4104 3578 4133 ,

2003 4156 2124 4224 quia
2169 4155 2411 4209 videmus
2452 4155 2609 4208 aliam
2649 4154 2816 4224 legem
2849 4155 2900 4208 in
2931 4156 3181 4209 membris
3219 4156 3412 4210 nostris
3436 4197 3449 4220 ,
3492 4172 3579 4211 re-

2004 4256 2322 4318 pugnantem
2359 4247 2457 4317 legi
2498 4247 2690 4301 mentis
2733 4256 2929 4300 nostra:
2972 4246 3145 4318 (Rom.
3186 4246 3579 4318 vu,22et25).

2004 4342 2240 4411 Itemque
2278 4342 2415 4394 inter
2435 4355 2531 4394 nos
2557 4340 2701 4409 ipsos
2729 4347 2814 4393 est
2851 4339 3003 4393 nobis
3035 4353 3157 4409 pax,
3185 4340 3307 4409 quia
3352 4340 3581 4396 invicem

2005 4429 2166 4487 nobis
2209 4431 2474 4486 credimus
2521 4430 2664 4501 quod
2705 4430 2928 4484 invicem
2975 4430 3254 4500 diligamus
3298 4448 3313 4485 :
3361 4431 3453 4485 sed
3484 4447 3583 4486 nec

2006 4526 2118 4596 ipsa
2159 4526 2311 4595 plena
2354 4534 2434 4579 est
2457 4558 2472 4589 ,
2515 4524 2634 4593 quia
2665 4523 3011 4592 cogitationes
3039 4522 3216 4577 cordis
3247 4524 3410 4580 nostri
3444 4524 3582 4577 invi-

2005 4633 2121 4672 cem
2149 4632 2253 4670 non
2280 4616 2552 4679 videmus;
2576 4622 2629 4668 et
2655 4613 2896 4683 quaedam
2922 4613 2989 4667 de
3014 4613 3166 4668 nobis
3184 4628 3303 4683 qua-
3320 4628 3425 4666 non
3453 4623 3580 4667 sunt

2004 4710 2056 4763 in
2089 4708 2259 4771 nobis,
2296 4707 2377 4761 vel
2426 4707 2476 4758 in
2526 4704 2713 4758 melius
2753 4703 2976 4758 invicem
3009 4704 3092 4758 vel
3121 4705 3170 4757 in
3197 4703 3429 4759 deterius
3459 4705 3577 4772 opi-

2007 4817 2213 4857 namur.
2245 4800 2423 4870 Itaque
2451 4800 2547 4853 ista
2576 4797 2783 4853 etiamsi
2812 4799 2877 4852 ab
2904 4798 2993 4853 illo
3022 4798 3173 4852 nobis
3214 4799 3397 4852 relicta
3450 4806 3534 4852 est
3561 4838 3576 4860 ,

2008 4910 2105 4963 pax
2136 4900 2316 4946 nostra
2343 4899 2425 4946 est
2451 4906 2465 4942 :
2498 4890 2596 4943 nisi
2626 4889 2767 4944 enim
2795 4889 2862 4943 ab
2891 4889 3000 4952 illo,
3034 4902 3139 4941 non
3185 4888 3501 4943 haberemus
3524 4895 3581 4943 et

2008 4985 2200 5045 talem;
2252 4982 2345 5035 sed
2395 4982 2508 5050 ipse
2554 4994 2657 5034 non
2710 4979 2867 5033 habet
2917 4980 3095 5034 talem.
3147 4979 3202 5033 Si
3255 4979 3581 5032 tenuerimus

2007 5089 2172 5143 usque
2199 5073 2252 5126 in
2280 5073 2437 5126 linem
2468 5070 2676 5140 qualem
2702 5070 3033 5139 accepimus,
3063 5069 3269 5139 qualem
3301 5069 3460 5124 habet
3489 5069 3582 5123 ha-

2007 5164 2269 5226 bebimus,
2301 5163 2388 5217 ubi
2419 5163 2549 5216 nihil
2595 5161 2749 5216 nobis
2776 5169 3030 5231 repugnet
3055 5175 3122 5214 ex
3148 5161 3301 5214 nobis
3320 5201 3335 5225 ,
3371 5169 3423 5215 ct
3449 5160 3581 5216 nihil

2008 5273 2106 5312 nos
2148 5258 2372 5310 invicem
2415 5256 2576 5310 lateat
2621 5254 2674 5308 in
2719 5254 2967 5308 cordibus
3011 5253 3225 5307 nostris.
3258 5252 3364 5307 Nec
3394 5254 3583 5323 ignoro

2010 5349 2107 5403 ista
2140 5347 2342 5401 Domini
2372 5346 2528 5399 verba
2555 5346 2714 5400 etiam
2741 5344 2817 5398 sic
2840 5344 3006 5413 accipi
3046 5358 3225 5413 posse,
3254 5352 3314 5398 ut
3338 5345 3579 5413 ejusdem

2008 5439 2284 5494 sententize
2316 5437 2563 5506 repetitio
2590 5435 2848 5502 videatur,
2891 5434 3080 5490 Pacem
3123 5432 3351 5505 relinquo
3398 5437 3537 5491 vobis
3562 5477 3580 5502 ,

2010 5546 2184 5602 pacem
2212 5544 2374 5582 meam
2417 5530 2480 5581 do
2509 5527 2644 5580 vobis
2672 5542 2691 5580 :
2722 5535 2776 5580 ut
2812 5525 2951 5595 quod
2991 5524 3216 5588 dixerat,
3248 5541 3444 5595 pacem,
3476 5526 3581 5580 hoc

2011 5623 2281 5693 repetierit
2316 5622 2516 5685 dicens,
2549 5636 2720 5689 pacem
2749 5635 2948 5686 meam;
2984 5626 3039 5673 et
3079 5618 3218 5674 uuod
3245 5618 3474 5675 dixerat.
3502 5637 3583 5671 rr-

2014 5719 2185 5787 linquo
2214 5714 2370 5781 robis,
2396 5710 2499 5767 hoc
2521 5710 2793 5781 repetierit
2820 5709 3020 5776 dicens,
3051 5715 3115 5763 do
3141 5714 3293 5765 vobis.
3332 5710 3401 5768 Ut
3440 5717 3582 5767 votet

2718 5804 3341 5884 (Cinqttantc—httit.)
