4030 6474
512 318 557 375 ’ἢ
570 320 672 375 835

524 437 754 501 quisque
796 431 1019 498 accipiat
1049 446 1061 482 :
1094 443 1177 482 me
1204 435 1375 481 tamen
1406 426 1628 479 delectat
1647 467 1659 488 .
1692 422 1851 478 credo
1890 432 1944 477 et
1970 436 2061 475 vos
2081 463 2095 487 ,

534 523 721 577 fratres
749 522 850 576 mei
878 520 1079 585 dilecti,
1110 520 1186 573 sic
1218 527 1398 572 tenere
1426 516 1578 570 istam
1606 530 1786 586 pacem
1808 555 1822 579 ,
1866 516 1958 569 ubi
2004 513 2100 567 ad-

533 613 824 668 versarium
851 609 1189 666 concorditer
1227 607 1505 673 vincimus,
1537 614 1593 661 ut
1618 605 1983 661 desideremus
2003 618 2100 674 pa-

515 720 672 769 rcem,
705 703 794 758 ubi
826 702 1185 757 adversarium
1212 714 1320 755 non
1345 698 1679 754 habebimus.

602 795 656 848 5.
696 792 846 862 Quod
893 805 1020 846 vero
1067 790 1319 845 Dominus
1365 788 1623 858 adjunxit,
1653 798 1809 857 atque
1836 788 1930 852 ait,
1978 785 2100 840 Non

531 883 782 951 quomodo
810 883 1028 936 mundus
1063 881 1188 945 dat,
1235 896 1324 951 ego
1365 878 1431 933 do
1470 878 1641 943 vobis;
1672 877 1795 948 quid
1826 886 1905 933 est
1932 876 2095 943 aliud,

533 976 667 1042 nisi,
711 990 815 1029 non
853 972 1117 1044 quomodo
1154 972 1395 1026 homines
1423 970 1551 1025 dant
1577 970 1662 1040 qui
1701 969 1919 1040 diligunt
1946 984 2099 1023 mun-

531 1067 679 1132 dum,
709 1068 779 1121 ita
807 1066 877 1121 do
906 1064 1098 1119 vobis?
1132 1063 1230 1131 Qui
1278 1072 1554 1133 propterea
1601 1061 1727 1115 dant
1766 1061 1862 1115 sibi
1894 1074 2095 1129 pacem,

533 1168 590 1214 nt
615 1160 731 1215 sine
760 1158 996 1212 molestia
1027 1157 1194 1211 litium
1222 1164 1380 1224 atque
1414 1153 1693 1219 bellorum,
1717 1167 1819 1205 non
1852 1152 1979 1215 Deo,
2003 1151 2095 1204 sed

532 1249 704 1303 amico
727 1260 825 1302 suo
850 1245 1049 1301 mundo
1076 1242 1412 1315 perfruantur
1436 1260 1448 1295 :
1471 1250 1525 1297 et
1550 1242 1759 1311 quando
1792 1240 1947 1310 justis
1973 1240 2100 1293 dant

534 1352 716 1409 pacem
739 1346 795 1391 lli.
821 1352 925 1391 non
954 1350 1046 1392 805
1078 1343 1477 1405 persequantur,
1505 1348 1609 1402 pax
1638 1347 1742 1386 non
1772 1339 1945 1401 ροιεει
1979 1345 2097 1385 esse

530 1443 678 1495 vera,
706 1427 793 1482 ubi
823 1442 927 1481 non
957 1435 1038 1481 est
1058 1440 1183 1481 vera
1203 1422 1519 1490 concordia;
1555 1423 1675 1493 quia
1696 1422 1954 1491 disjuncta
1976 1430 2099 1473 sunt

529 1518 710 1574 corda.
754 1517 1029 1584 Quomodo
1064 1516 1203 1571 enim
1242 1529 1460 1571 consors
1502 1513 1723 1579 dicitur,
1764 1512 1851 1582 qui
1899 1520 2096 1565 sortem

526 1610 731 1680 jungit;
761 1609 830 1663 ita
857 1608 946 1663 ille
974 1621 1197 1663 concors
1218 1606 1471 1660 dicendus
1493 1613 1594 1669 est,
1613 1604 1703 1676 qui
1724 1602 1882 1657 corda
1900 1601 2092 1671 jungit.

531 1701 637 1755 Nos
664 1714 792 1770 ergo
814 1741 829 1765 ,
870 1698 1164 1755 charissimi
1185 1738 1200 1762 ,
1241 1697 1429 1767 quibus
1457 1694 1694 1751 Christus
1722 1708 1904 1764 pacem
1933 1694 2095 1749 relin-

530 1792 664 1860 quit,
692 1798 745 1845 et
772 1804 954 1859 pacem
979 1802 1128 1842 suam
1157 1788 1309 1842 nobis
1328 1786 1436 1853 dat,
1456 1800 1561 1839 non
1585 1784 1982 1850 sicutmundus,
2003 1783 2095 1838 sed

530 1882 667 1936 sicut
694 1880 781 1935 ille
806 1895 901 1950 per
923 1894 1079 1949 quem
1101 1877 1266 1932 factus
1296 1886 1377 1932 est
1406 1876 1632 1931 mundus
1659 1916 1673 1941 ,
1716 1884 1771 1930 ut
1807 1876 2096 1930 concordes

528 1974 727 2035 simus;
770 1971 1050 2042 jungamus
1093 1969 1314 2024 invicem
1345 1966 1533 2033 corda,
1564 1976 1618 2021 et
1667 1981 1761 2021 eor
1788 1981 1949 2021 unum
1976 1980 2095 2020 sur-

530 2077 647 2117 sum
672 2062 980 2124 habeamus,
1008 2075 1075 2115 ne
1099 2066 1465 2127 corrumpatur
1492 2058 1541 2111 in
1574 2066 1733 2111 terra.

952 2147 1359 2204 TRACTATUS
1395 2146 1673 2202 LXXVIII.

516 2240 556 2292 ίι
565 2259 596 2295 ιι
618 2240 672 2294 id
693 2240 828 2310 quod
858 2238 1103 2293 Dominus
1126 2239 1264 2304 dicit,
1290 2238 1403 2292 Non
1433 2238 1673 2291 turbetur
1700 2250 1794 2290 eor
1820 2245 2048 2291 vestrum
2078 2275 2093 2304 ,

685 2345 855 2400 neque
876 2329 1140 2395 formidet,
1164 2338 1256 2383 etc.
1283 2328 1409 2399 Cap.
1433 2344 1540 2393 stv,
1584 2329 1618 2397 ᾗ
1656 2329 1688 2397 ᾗ
1713 2366 1727 2380 .
1748 2328 1837 2392 ’27,
1864 2328 1953 2383 28.

601 2422 653 2475 1.
669 2418 1002 2489 Accepimus,
1019 2418 1389 2481 fratres,verba
1406 2417 1610 2471 Domini
1630 2417 1850 2472 dicentis
1862 2417 1926 2471 ad
1939 2418 2098 2472 disci-

531 2513 681 2583 pulos
704 2526 830 2566 suos
853 2528 866 2563 :
893 2508 1012 2564 Non
1029 2510 1250 2563 turbetur
1273 2525 1359 2563 cor
1386 2520 1598 2563 vestrum
1614 2551 1628 2573 ,
1668 2525 1821 2579 neque
1842 2510 2095 2580 formidet.

531 2604 756 2659 Audistis
779 2603 898 2671 quia
925 2616 1017 2671 ego
1040 2601 1147 2655 dixi
1169 2601 1323 2666 vobis,
1364 2600 1523 2667 Vada,
1569 2609 1614 2655 et
1641 2601 1781 2654 venio
1810 2601 1877 2653 ad
1904 2616 1989 2655 vos
2015 2617 2033 2653 :
2055 2602 2101 2657 ei

530 2694 801 2765 diligentis
842 2706 938 2757 me,
962 2690 1243 2761 gaudentis
1270 2690 1455 2757 utique,
1480 2690 1598 2758 quia
1626 2705 1716 2760 ego
1740 2689 1868 2744 vado
1892 2690 1958 2742 ad
1990 2690 2099 2743 Pa-

531 2793 691 2846 trem;
716 2782 835 2852 quia
863 2778 1019 2834 Pater
1056 2780 1220 2849 major
1252 2795 1331 2833 me
1373 2787 1464 2831 est.
1510 2778 1643 2833 Hinc
1669 2793 1797 2848 ergo
1823 2779 2019 2833 turbari
2046 2790 2099 2833 et

531 2872 813 2929 formidare
863 2877 1074 2940 poterat
1112 2884 1206 2924 cor
1251 2868 1490 2932 illorum,
1538 2868 1681 2938 quod
1728 2868 1835 2923 ibat
1881 2870 1949 2923 ab
1990 2871 2096 2935 eis,

533 2965 779 3037 quamvis
816 2972 1069 3018 venturus
1103 2961 1168 3015 ad
1199 2975 1293 3016 eos
1319 2977 1332 3013 :
1360 2975 1426 3016 ne
1455 2961 1668 3015 forsitan
1703 2975 1916 3031 gregem
1949 2962 2101 3029 lupus

531 3056 634 3111 hoe
681 3053 959 3109 intervallo
1006 3051 1310 3114 invaderet,
1354 3050 1581 3119 pastoris
1622 3050 1879 3105 absentia.
1926 3050 2031 3104 Sed
2070 3066 2099 3103 a

530 3146 723 3215 quibus
750 3143 910 3197 homo
933 3140 1272 3205 abscedebat,
1300 3140 1437 3193 Deus
1457 3155 1560 3192 non
1585 3139 1986 3208 derelinqnehat
2011 3158 2024 3192 :
2049 3150 2103 3194 et

532 3239 672 3293 idem
702 3238 815 3307 ipse
854 3234 1095 3290 Christus
1126 3235 1287 3287 homo
1323 3242 1379 3287 et
1426 3232 1583 3285 Deus.
1632 3231 1771 3300 Ergo
1799 3240 1852 3285 et
1878 3232 1985 3286 ibat
2011 3247 2103 3301 per

534 3330 586 3382 id
630 3328 769 3398 quod
818 3328 977 3380 homo
1017 3332 1162 3389 erat,
1210 3334 1264 3377 et
1306 3322 1553 3376 manebat
1588 3336 1684 3391 per
1716 3321 1767 3375 id
1794 3321 1935 3391 quod
1966 3324 2104 3378 Deus

533 3427 682 3473 erat:
714 3417 821 3475 ibat
847 3432 940 3485 per
968 3414 1017 3469 id
1045 3413 1183 3484 quod
1214 3429 1318 3467 uno
1341 3413 1456 3468 loco
1483 3422 1617 3479 erat,
1649 3413 1896 3467 manebat
1923 3429 2017 3483 per
2050 3413 2102 3468 id

534 3506 673 3577 quod
705 3507 895 3576 ubique
920 3513 1053 3560 erat.
1074 3504 1182 3558 Cur
1204 3504 1379 3573 itaque
1402 3503 1699 3558 turbaretur
1721 3511 1775 3559 et
1797 3501 2103 3560 formidaret

535 3614 629 3653 cor
651 3638 666 3663 ,
715 3596 928 3668 quando
962 3597 1032 3649 ita
1063 3595 1339 3649 deserebat
1368 3594 1583 3660 oculos,
1617 3604 1672 3648 nt
1702 3610 1804 3648 non
1834 3595 2105 3650 desereret

533 3690 661 3744 cur?
682 3688 936 3756 Quamvis
964 3688 1103 3742 Deus
1131 3688 1287 3741 etiam
1315 3685 1404 3755 qui
1445 3685 1589 3739 nullo
1625 3685 1922 3740 continetur
1947 3687 2063 3739 loco
2083 3726 2099 3751 ,

532 3780 773 3835 discedat
797 3779 866 3833 ab
887 3794 1071 3833 eorum
1100 3776 1367 3838 cordibus,
1386 3777 1473 3846 qui
1514 3792 1634 3831 cum
1660 3776 1962 3846 relinquunt
1988 3791 2105 3831 mo-

536 3876 704 3941 ribus,
725 3888 830 3928 non
852 3872 1105 3942 pedibus;
1136 3879 1190 3925 et
1213 3870 1389 3925 veniat
1410 3870 1476 3924 ad
1504 3885 1596 3924 eos
1621 3871 1708 3938 qui
1730 3878 2107 3925 convertuntur

536 3965 607 4019 ad
647 3980 767 4019 eum
809 3979 917 4017 non
965 3962 1133 4028 facie,
1183 3962 1278 4016 sed
1324 3963 1463 4025 fide,
1504 3970 1557 4015 et
1596 3962 1856 4015 accedunt
1890 3962 1956 4016 ad
1985 3979 2105 4017 eum

538 4065 736 4121 mente,
754 4070 857 4109 non
878 4068 1055 4109 carne.
1087 4053 1153 4109 Ut
1182 4062 1358 4107 autem
1390 4054 2107 4122 intelligerentsecundnmid

538 4146 679 4216 quod
710 4147 868 4199 homo
908 4154 1024 4199 erat
1050 4160 1170 4200 eum
1201 4145 1398 4198 dixisse
1421 4186 1435 4209 ,
1478 4143 1620 4198 Vada
1649 4156 1694 4199 et
1723 4148 1861 4199 venio
1889 4148 1958 4200 ad
1981 4164 2109 4214 vos;

539 4237 753 4308 adjecit,
782 4246 937 4306 atque
960 4238 1051 4301 ait,
1082 4236 1141 4289 Si
1168 4236 1436 4305 diligeretis
1464 4251 1568 4301 me,
1599 4237 1880 4305 gauderetis
1902 4239 2072 4302 utique
2089 4278 2107 4306 ,

539 4332 658 4400 quia
703 4346 793 4399 ego
830 4328 958 4381 uado
995 4328 1063 4380 ad
1107 4325 1346 4389 Patrem;
1383 4327 1501 4396 quia
1544 4326 1700 4379 Pater
1724 4329 1889 4397 major
1912 4345 1989 4382 me
2014 4338 2105 4383 est.

541 4421 643 4477 Per
669 4418 808 4489 quod
835 4433 961 4488 ergo
990 4417 1155 4472 Filius
1189 4430 1293 4471 non
1333 4425 1414 4472 est
1446 4418 1664 4486 aequalis
1694 4418 1855 4483 Patri,
1884 4434 1982 4489 per
2011 4420 2110 4474 hoc

541 4513 711 4567 iturus
736 4520 853 4567 erat
875 4510 941 4565 ad
972 4510 1204 4576 Patrem,
1235 4522 1264 4561 a
1291 4523 1397 4577 quo
1419 4517 1671 4563 venturus
1694 4518 1777 4563 est
1802 4508 1947 4564 vivos
1970 4510 2111 4578 judi-

540 4610 755 4657 caturus
779 4610 835 4655 et
860 4609 1095 4654 mortuos
1128 4618 1141 4652 :
1174 4614 1269 4669 per
1297 4598 1423 4653 illud
1456 4606 1630 4653 autem
1669 4600 1719 4652 in
1746 4615 1853 4669 quo
1894 4600 2110 4669 aequalis

542 4703 630 4749 est
653 4692 888 4764 gignenti
916 4691 1248 4761 Uuigeuitns,
1298 4704 1563 4757 nunquam
1599 4690 1796 4744 recedit
1836 4705 1865 4744 a
1912 4691 2109 4755 Patre;

540 4784 634 4839 sed
663 4798 783 4837 cum
811 4783 901 4836 illo
924 4789 1006 4835 est
1044 4781 1237 4850 ubique
1271 4788 1411 4833 totus
1459 4780 1569 4847 pari
1612 4780 1902 4845 divinitate,
1953 4797 2110 4850 quam

540 4873 719 4929 nullus
754 4873 991 4926 continet
1032 4871 1198 4926 locus.
1242 4869 1365 4924 Cum
1392 4870 1532 4923 enim
1559 4871 1610 4924 in
1639 4873 1803 4939 {arma
1828 4870 1923 4926 Dei
1951 4882 2106 4938 esset,

539 4967 678 5022 sicut
709 4963 993 5033 Apostolus
1014 4962 1279 5032 loquitur,
1308 4978 1411 5015 non
1453 4962 1684 5033 rapinam
1729 4962 1999 5018 arbitratus
2039 4975 2113 5020 est

539 5074 648 5112 esse
670 5056 877 5122 aqualis
903 5053 1030 5107 Deo.
1060 5053 1339 5121 Quomodo
1374 5052 1517 5108 enim
1558 5054 1738 5122 rapina
1778 5063 1956 5122 posset
1992 5070 2111 5110 esse

542 5158 729 5202 natura
754 5161 871 5217 qua:
896 5160 1005 5200 non
1033 5155 1149 5199 erat
1169 5153 1439 5214 usurpata,
1468 5142 1561 5196 sed
1591 5144 1743 5198 nata?
1779 5142 2111 5215 Semetipsum

539 5248 707 5294 autem
730 5238 1032 5301 exiuauirit,
1073 5240 1288 5307 formam
1312 5236 1438 5288 seni
1465 5235 1715 5305 accipiens
1748 5233 2006 5305 (Philipp.
2033 5252 2071 5290 ιι
2094 5276 2108 5301 ,

542 5329 597 5395 6,
625 5328 684 5401 7)
716 5344 730 5380 :
762 5342 868 5383 non
891 5339 1021 5397 ergo
1042 5325 1291 5381 amittens
1316 5326 1487 5386 illam.
1520 5325 1613 5379 sed
1639 5324 1905 5394 accipiens
1933 5327 2109 5382 istam.

545 5420 623 5472 Eo
663 5417 822 5473 modo
861 5431 923 5473 se
958 5417 1291 5483 exinaniens,
1337 5430 1445 5486 quo
1486 5415 1572 5469 hic
1613 5415 1785 5469 minor
1824 5416 2113 5484 apparebat

542 5524 700 5579 quam
728 5508 866 5579 apud
896 5508 1106 5565 Patrem
1136 5508 1399 5563 manebat.
1422 5506 1611 5563 Forma
1636 5506 1830 5576 quippe
1857 5507 1997 5562 servi
2019 5522 2111 5564 ac-

545 5603 724 5670 cessit,
752 5615 856 5657 non
878 5600 1046 5657 forma
1072 5601 1165 5656 Dei
1186 5600 1407 5657 recessit
1428 5616 1442 5654 :
1467 5598 1583 5655 haec
1601 5606 1683 5654 est
1696 5608 1986 5669 assumpta,
2005 5613 2110 5654 non

548 5695 634 5749 iha
660 5702 989 5768 consumpta.
1024 5695 1248 5767 Propter
1284 5693 1421 5749 hanc
1460 5691 1625 5760 dicit,
1658 5689 1812 5746 Pater
1840 5693 2003 5765 major
2034 5710 2111 5749 me

1432 312 1495 367 IN
1531 310 1802 367 JOANNIS
1842 310 2294 377 EVANGIiLanl,
2336 311 2393 366 S.
2435 311 2793 369 AUGUSTlNl

3640 319 3775 375 18⁸56

2205 433 2321 479 cst:
2350 434 2563 494 propter
2590 424 2731 478 illam
2757 438 2902 493 vero,
2948 423 3058 496 Ego
3100 435 3147 479 et
3197 424 3353 482 Pater
3396 445 3548 483 unum
3601 448 3774 485 minus

2206 513 2380 584 (Ιοαιι-
2413 531 2466 581 x,
2498 514 2611 585 30).
3338 542 3341 545 λ

2272 603 2326 656 2.
2358 604 2469 658 lloc
2510 605 2745 659 attendat
2792 607 3034 675 arianus,
3072 615 3128 661 ει
3154 608 3441 664 attentione
3469 610 3540 665 sit
3563 625 3727 667 sanus
3755 631 3771 664 :

2205 710 2273 749 ne
2304 697 2644 751 contentione
2670 698 2738 751 sit
2763 712 2946 762 vanus,
2964 700 3226 769 aut,qnod
3247 710 3328 755 est
3346 702 3513 771 pejus,
3537 703 3773 758 insanus.

2206 784 2328 839 lhce
2372 797 2453 840 est
2504 788 2644 841 enim
2694 788 2859 842 forma
2899 790 3057 853 servi,
3086 791 3137 843 in
3163 805 3261 860 qua
3290 792 3380 845 Dei
3410 792 3574 849 Filius
3602 797 3777 850 minor

2204 883 2305 941 est,
2332 890 2435 930 non
2462 876 2617 932 Patre
2647 878 2792 944 solo,
2823 878 2918 933 sed
2943 880 3098 935 etiam
3125 880 3324 949 Spiritu
3350 890 3571 937 sancto:
3599 899 3772 954 neque

2204 965 2254 1018 id
2284 975 2505 1029 tantum,
2532 967 2627 1021 sed
2651 968 2809 1023 etiam
2834 970 3042 1038 seipso;
3071 971 3194 1039 quia
3223 972 3359 1027 idem
3387 973 3498 1042 ipse
3524 975 3576 1028 in
3605 975 3772 1030 forma

2205 1056 2295 1110 Dei
2324 1059 2493 1126 major
2518 1068 2599 1113 est
2622 1061 2814 1129 seipse.
2845 1060 3028 1130 Neque
3053 1062 3194 1116 enim
3222 1062 3379 1119 homo
3397 1064 3645 1121 Christus
3668 1082 3775 1123 non

2201 1146 2392 1202 dicitur
2416 1149 2583 1203 Filius
2612 1150 2704 1204 Dei
2728 1189 2743 1214 ,
2784 1151 2925 1219 quod
2968 1153 3128 1208 etiam
3165 1154 3439 1211 sola'caro
3460 1157 3576 1226 ejus
3604 1158 3659 1212 in
3686 1174 3774 1214 se-

2204 1239 2384 1307 pulcro
2411 1239 2602 1293 meruit
2620 1240 2893 1309 appellari.
2921 1241 3051 1297 Nam
3079 1244 3205 1313 quid
3234 1245 3375 1301 aliud
3402 1246 3727 1303 conﬁtemur
3751 1291 3769 1315 ,

2202 1342 2324 1383 eum
2353 1328 2581 1397 dicimus
2607 1330 2828 1386 credere
2868 1345 2964 1387 nos
2993 1332 3044 1387 in
3069 1334 3397 1403 unigenitum
3423 1336 3517 1393 Dei
3539 1336 3729 1393 Filium
3756 1380 3775 1403 ,

2203 1420 2289 1488 qui
2338 1419 2440 1474 sub
2478 1416 2665 1475 Pontio
2702 1420 2870 1477 Pilato
2907 1424 3188 1479 cruciﬁxus
3213 1434 3295 1482 est
3322 1434 3376 1481 et
3401 1429 3677 1496 sepultus?
3708 1430 3777 1484 Et

2201 1511 2324 1579 quid
2352 1511 2467 1579 ejus
2491 1512 2592 1567 nisi
2633 1526 2758 1568 caro
2803 1514 3006 1583 sepulta
3035 1525 3119 1571 est
3153 1517 3270 1573 sine
3307 1520 3514 1575 anima?
3556 1522 3636 1575 Ac
3673 1538 3770 1592 per

2202 1598 2303 1655 hoc
2349 1615 2469 1656 cum
2504 1601 2769 1657 credimus
2798 1605 2850 1659 in
2878 1604 2972 1661 Dei
3008 1605 3198 1661 Filium
3227 1608 3320 1677 qui
3362 1610 3599 1679 sepultus
3644 1622 3730 1667 est
3754 1653 3774 1678 ,

2201 1692 2435 1761 proiecto
2462 1690 2652 1748 Filium
2686 1694 2779 1750 Dei
2815 1695 3042 1753 dicimus
3076 1707 3131 1757 et
3151 1712 3365 1757 carnem
3393 1712 3510 1771 quae
3539 1703 3651 1758 sols
3677 1718 3773 1758 se-

2202 1782 2342 1851 pulta
2365 1792 2464 1838 cst.
2494 1783 2609 1853 ipse
2628 1800 2756 1855 ergo
2783 1786 3022 1843 Christus
3050 1784 3214 1843 Filius
3242 1790 3357 1855 Dei,
3379 1793 3598 1861 aequalis
3625 1793 3775 1848 Patri

2200 1870 2254 1929 in
2282 1872 2450 1930 forma
2478 1872 2594 1943 Dei,
2640 1878 2763 1947 quia
2804 1880 3147 1948 semetipsum
3182 1881 3499 1949 exinanivit,
3530 1899 3634 1939 non
3660 1885 3777 1937 for-

2202 1980 2340 2020 mam
2363 1963 2453 2020 Dei
2474 1968 2745 2034 amittens,
2767 1968 2862 2024 sed
2884 1969 3104 2025 formam
3131 1973 3272 2026 servi
3304 1975 3586 2042 accipiens,
3604 1976 3779 2045 major

2200 2063 2282 2111 est
2307 2064 2363 2111 et
2388 2056 2595 2125 seipse;
2627 2059 2749 2127 quia
2778 2059 2948 2128 major
2972 2069 3056 2116 est
3089 2060 3258 2115 forma
3302 2062 3397 2118 Dei
3430 2079 3550 2133 qua:
3576 2066 3777 2119 amissa

2204 2155 2458 2210 nonest,
2500 2163 2659 2215 quam
2702 2150 2840 2203 servi
2882 2166 3001 2219 quae
3037 2160 3249 2220 accepta
3287 2161 3386 2207 est.
3416 2152 3552 2220 Quid
3594 2153 3779 2224 itaque

2201 2236 2414 2298 mirum,
2445 2236 2528 2291 vel
2548 2237 2673 2306 quid
2694 2238 2985 2307 indignum,
3006 2240 3053 2295 si
3072 2241 3363 2297 secundum
3385 2242 3520 2297 hanc
3546 2242 3777 2297 formam

2201 2327 2338 2381 servi
2367 2328 2611 2397 loquens,
2642 2330 2717 2383 ait
2748 2330 2843 2385 Dei
2868 2328 3062 2396 Filius,
3094 2331 3249 2386 Pater
3274 2336 3437 2405 major
3477 2352 3555 2390 me
3587 2346 3694 2400 est;
3724 2346 3780 2391 et

2202 2416 2488 2471 secundum
2534 2417 2627 2473 Dei
2678 2416 2901 2473 formam
2942 2421 3198 2491 loquens,
3235 2423 3309 2476 ait
3348 2423 3485 2478 idem
3520 2425 3634 2494 ipse
3678 2427 3779 2481 Dei

2203 2506 2385 2569 Filius,
2412 2506 2520 2577 Ego
2541 2517 2586 2561 et
2615 2507 2770 2562 Pater
2800 2526 2953 2563 ιιιιιιπι
2978 2513 3188 2565 suturis?
3221 2511 3391 2566 Unum
3430 2524 3551 2568 sunt
3587 2517 3737 2570 enim
3761 2559 3778 2582 ,

2201 2596 2491 2653 secundum
2530 2596 2584 2651 id
2630 2598 2772 2667 quod
2812 2598 2950 2654 Deus
2991 2610 3096 2654 erat
3151 2600 3365 2657 Verbum
3411 2618 3429 2658 :
3473 2605 3640 2673 major
3694 2616 3781 2661 cst

2203 2689 2358 2745 Pater
2380 2731 2396 2755 ,
2444 2691 2730 2746 secundum
2765 2691 2816 2746 id
2862 2691 3004 2763 quod
3055 2692 3267 2750 Verbum
3319 2713 3438 2751 caro
3497 2700 3658 2768 fatum
3707 2707 3783 2753 est

2204 2778 2311 2847 (Id.
2340 2795 2377 2841 ι,
2408 2780 2458 2841 1,
2490 2780 2599 2850 is).
2631 2780 2809 2837 Dicam
2834 2784 2991 2837 etiam
3012 2784 3153 2851 quod
3177 2786 3354 2839 Ariani
3379 2796 3427 2843 et
3460 2788 3783 2842 Eunomiani

2205 2882 2398 2937 negare
2440 2884 2546 2923 non
2584 2880 2804 2939 possunt
2837 2890 2850 2925 :
2888 2873 3180 2928 secundum
3215 2875 3352 2930 hanc
3382 2876 3603 2931 formam
3633 2882 3784 2933 servi

2205 2979 2338 3033 puer
2379 2962 2620 3020 Christus
2681 2967 2843 3021 etiam
2896 2969 3207 3035 parentibus
3261 2970 3370 3024 suis
3406 2970 3579 3024 minor
3619 2982 3783 3037 erat,

2203 3054 2415 3123 quando
2456 3070 2649 3123 parvus
2679 3056 2987 3125 majoribus,
3025 3058 3161 3112 sicut
3187 3058 3440 3128 scriptum
3466 3068 3568 3125 est,
3599 3062 3784 3114 subdi-

2204 3155 2282 3200 tus
2310 3154 2414 3199 erat
2440 3144 2586 3216 (Luc.
2610 3162 2667 3209 ιι,
2690 3148 2800 3214 5|).
2826 3146 2962 3213 Quid
2984 3147 3159 3217 igitur,
3187 3147 3454 3215 hmretice,
3482 3151 3786 3204 cumtlliri-

2209 3245 2324 3289 stus
2350 3235 2488 3289 Deus
2524 3235 2595 3290 sit
2631 3246 2686 3291 et
2710 3236 2899 3303 homo,
2933 3237 3162 3307 loquitur
3199 3246 3256 3293 ut
3284 3238 3462 3303 homo,
3492 3248 3547 3294 et
3571 3240 3790 3294 calum-

2206 3328 2368 3381 niaris
2395 3328 2537 3382 Deo?
2564 3327 2657 3382 Ille
2682 3328 2735 3381 in
2760 3343 2818 3383 se
2838 3338 3080 3384 naturam
3104 3331 3440 3386 commendat
3468 3332 3788 3397 humanam;

2204 3426 2261 3473 tu
2286 3418 2338 3473 in
2368 3418 2457 3473 illo
2478 3418 2644 3474 audes
2668 3419 2967 3475 deformare
2987 3420 3255 3475 divinam?
3276 3422 3526 3487 lntidelis,
3554 3423 3789 3491 ingrate,

2208 3508 2397 3563 ideone
2423 3517 2477 3562 tu
2502 3508 2695 3563 minuis
2723 3525 2844 3564 eum
2884 3511 2969 3580 qui
2999 3509 3125 3566 fecit
3150 3520 3228 3576 te,
3255 3512 3377 3581 quia
3398 3512 3524 3566 dicit
3547 3513 3633 3567 ille
3653 3512 3794 3583 quid

2207 3598 2376 3654 factus
2411 3600 2481 3655 sit
2520 3610 2736 3669 propter
2765 3602 2848 3656 te?
2874 3601 3116 3671 Eqnalis
3141 3604 3280 3657 enim
3321 3604 3480 3669 Patri,
3502 3603 3667 3658 Filius
3698 3620 3796 3673 per.

2210 3705 2369 3760 quem
2396 3690 2562 3744 factus
2587 3700 2669 3745 est
2685 3692 2863 3756 homo,
2880 3703 2933 3746 nt
2958 3694 3130 3748 minor
3148 3701 3292 3749 esset
3317 3694 3490 3758 Patre,
3518 3692 3692 3748 factus
3708 3702 3795 3751 est

2212 3781 2372 3836 homo
2401 3798 2413 3833 :
2446 3782 2585 3851 quod
2618 3782 2716 3835 nisi
2744 3782 2913 3846 lieret,
2939 3783 3061 3850 quid
3089 3792 3230 3837 esset
3253 3782 3448 3836 homo?

2281 3874 2334 3928 5.
2369 3874 2514 3928 Dicat
2546 3874 2698 3943 plane
2726 3875 2979 3928 Dominus
3003 3883 3058 3928 et
3089 3874 3334 3944 Magister
3363 3883 3578 3939 noster,
3615 3874 3680 3928 Si
3713 3875 3795 3929 di-

2212 3967 2428 4037 ligeretis
2456 3982 2552 4031 me,
2582 3966 2866 4037 gaudentis
2901 3967 3068 4035 utique
3090 4008 3104 4030 ,
3145 3967 3262 4035 quia
3290 3968 3416 4020 ratio
3453 3968 3519 4019 ad
3552 3966 3796 4031 Patrem,

2211 4058 2328 4125 quia
2379 4055 2532 4109 Pater
2573 4058 2735 4124 major
2785 4073 2863 4110 me
2892 4065 2984 4109 est.
3021 4056 3154 4111 Cum
3185 4055 3456 4125 discipulis
3504 4057 3800 4111 audiamus

2211 4147 2373 4200 verba
2402 4146 2653 4212 doctoris,
2684 4160 2788 4207 non
2825 4160 2945 4199 cum
2983 4146 3171 4200 alienis
3210 4160 3494 4214 sequamur
3535 4148 3800 4201 astutiam

2212 4236 2529 4304 deeeptoris.
2561 4238 2916 4305 Agnoscamus
2958 4237 3220 4305 geminam
3251 4238 3600 4291 substantiam
3627 4238 3799 4292 Chri-

2214 4326 2315 4392 sti;
2340 4326 2570 4380 divinam
2596 4327 2794 4383 scilicet
2820 4342 2923 4395 qua
2952 4327 3169 4395 mqualis
3196 4338 3276 4381 est
3298 4328 3459 4393 Patri,
3498 4328 3804 4383 humanam

2214 4432 2316 4485 qua
2338 4416 2505 4485 major
2524 4426 2607 4471 est
2631 4416 2802 4470 Pater.
2824 4416 3116 4485 Utrumque
3140 4426 3314 4471 autem
3343 4417 3497 4471 simul
3526 4435 3634 4471 non
3666 4417 3804 4483 duo,

2215 4506 2309 4561 sed
2352 4521 2484 4562 unus
2523 4515 2607 4561 est
2647 4506 2921 4571 Christus;
2954 4523 3020 4560 ne
3052 4509 3122 4560 sit
3153 4507 3499 4576 quaternitas,
3526 4522 3639 4562 non
3675 4508 3830 4576 Tri-j

2214 4597 2351 4651 nitas
2381 4598 2537 4652 Deus.
2569 4596 2717 4652 Sicut
2743 4596 2884 4651 enim
2929 4614 3062 4651 unus
3096 4610 3174 4652 est
3212 4598 3371 4652 homo
3407 4600 3586 4653 anima
3623 4566 3830 4653 ratio-9

2217 4689 2349 4743 nalis
2374 4698 2427 4743 et
2450 4702 2609 4753 caro,
2649 4690 2726 4744 sic
2755 4704 2889 4743 unus
2925 4699 3008 4743 est
3043 4686 3285 4743 Christus
3324 4690 3460 4743 Deus
3486 4699 3538 4744 et
3576 4689 3755 4745 homo
3792 4708 3807 4744 :

2214 4793 2277 4833 ac
2306 4793 2398 4847 per
2424 4778 2525 4831 hoc
2561 4778 2840 4843 Christus,
2885 4787 2966 4834 est
3017 4778 3152 4833 Deus
3201 4780 3375 4832 anima
3420 4779 3712 4835 rationalis
3757 4793 3814 4837 et

2216 4886 2360 4926 caro.
2403 4870 2666 4925 Christum
2706 4870 2759 4923 in
2792 4870 2873 4924 his
2896 4870 3159 4935 omnibus,
3185 4869 3453 4924 Christum
3482 4871 3531 4923 in
3562 4871 3815 4942 singulis

2216 4963 2550 5017 conﬁtemur.
2578 4960 2707 5026 Quis
2733 4971 2814 5015 est
2842 4976 2967 5030 ergo
2998 4977 3089 5029 per
3116 4977 3269 5030 quem
3298 4960 3465 5016 factus
3505 4971 3589 5015 est
3638 4979 3815 5017 mun-

2217 5052 2353 5107 dus?
2378 5050 2619 5107 Christus
2639 5050 2814 5117 Jesus,
2844 5051 2938 5105 sed
2965 5052 3016 5103 in
3048 5051 3211 5104 forma
3243 5052 3355 5105 Dei.
3391 5051 3518 5119 Quis
3562 5060 3659 5105 est
3709 5054 3821 5107 sub

2218 5144 2405 5199 Pontio
2430 5144 2597 5197 Pilato
2634 5143 2951 5197 crucifixus?
2979 5142 3221 5198 Christus
3238 5142 3524 5208 Jesus,scd
3545 5144 3604 5195 in
3630 5145 3820 5199 forma

2217 5239 2519 5293 servi.ltem
2546 5238 2612 5292 de
2636 5237 2858 5306 singulis
2883 5237 3073 5305 quibus
3097 5235 3256 5289 homo
3275 5244 3500 5290 constat.
3522 5234 3668 5304 Quis
3703 5254 3821 5291 non

2216 5338 2299 5384 est
2344 5329 2627 5385 derelictus
2698 5328 2749 5381 in
2799 5326 3035 5381 inferno?
3082 5326 3316 5381 Christus
3355 5326 3544 5393 Jcsus,
3604 5329 3719 5383 sed
3768 5331 3827 5383 in

2217 5420 2388 5473 anima
2433 5418 2567 5473 sola.
2611 5418 2741 5485 Quis
2769 5426 3163 5472 resurrecturus
3189 5417 3363 5474 triduo
3394 5418 3559 5486 jacuit
3612 5420 3677 5474 in
3726 5436 3823 5475 se-

2218 5511 2433 5580 pulcro?
2461 5509 2701 5566 Christus
2745 5510 2935 5577 Jesns,
2984 5510 3077 5565 sed
3128 5512 3182 5565 in
3227 5525 3388 5566 carne
3416 5511 3548 5567 sola.
3588 5512 3826 5570 Dicitur

2218 5618 2344 5674 ergo
2379 5612 2434 5659 et
2480 5604 2532 5658 in
2574 5602 2656 5658 his
2696 5603 2914 5672 singulis
2942 5604 3202 5659 Christus.
3233 5603 3430 5660 Verum
3471 5603 3589 5662 hzec
3620 5609 3823 5662 omnia

2219 5710 2325 5751 non
2354 5693 2458 5750 duo
2479 5738 2494 5763 ,
2526 5696 2609 5750 vel
2640 5704 2745 5749 tres
2765 5736 2782 5762 ,
2822 5694 2914 5749 sed
2956 5710 3089 5750 unus
3115 5706 3195 5750 est
3219 5692 3480 5751 Christus.
3510 5693 3653 5752 ideo
3683 5715 3829 5769 ergo
