4102 6470
307 348 432 407 1857

303 463 447 524 dixit,
475 457 539 514 Si
567 451 837 524 diligentis
867 466 962 513 nte,
983 449 1264 520 gaudentis
1283 449 1471 518 utique,
1501 448 1616 517 quia
1643 446 1771 500 uado
1797 447 1864 499 ad

303 553 548 611 Patrem;
575 547 698 617 quia
726 553 928 598 natm-.2
957 545 1201 595 humanae
1224 539 1592 610 gratulandum
1633 547 1754 604 est,
1802 552 1868 592 co

301 643 439 715 quod
465 642 545 696 sic
567 645 839 705 assurnpta
867 643 950 689 est
971 647 1003 689 a
1031 633 1206 688 Verbo
1235 632 1506 700 unigenito
1525 672 1538 695 ,
1566 639 1627 684 ut
1650 630 1871 684 immor-

304 736 422 791 talis
443 729 856 787 constitueretur
881 726 932 780 in
959 725 1117 790 coelo,
1148 730 1307 791 atque
1333 722 1402 774 ita
1429 720 1580 776 ﬁeret
1609 728 1747 775 terra
1783 735 1874 773 sn-

310 824 510 890 blimis,
541 827 604 874 ut
645 815 1054 885 incorruptibilis
1085 813 1253 883 pulvis
1278 810 1489 867 sederet
1512 809 1577 864 ad
1601 809 1872 866 dexteram

306 912 494 966 Patris.
546 910 657 964 lloc
694 906 836 963 enim
861 905 1020 962 modo
1044 921 1107 962 se
1147 905 1340 959 iturum
1377 903 1510 958 dixit
1547 901 1613 956 ad
1641 902 1874 956 Patrem.

305 1001 433 1059 Nam
457 999 696 1070 pt-ofecto
715 998 781 1053 ad
801 998 947 1052 illum
974 994 1084 1052 ibat
1107 994 1199 1065 qui
1225 1010 1345 1050 cum
1375 994 1464 1048 illo
1488 1001 1620 1047 erat.
1643 991 1748 1048 Sed
1777 990 1878 1044 hoc

303 1101 418 1145 erat
442 1093 520 1146 ire
539 1090 607 1146 ad
631 1104 752 1144 eum
773 1096 830 1144 et
855 1087 1108 1142 recedere
1131 1101 1162 1140 a
1182 1085 1353 1150 nobis,
1377 1093 1584 1139 mutare
1602 1092 1758 1152 atque
1780 1081 1848 1135 im
1867 1110 1880 1122 -

301 1181 528 1236 mortale
558 1180 730 1235 facere
755 1178 897 1249 quod
925 1178 1150 1232 mortale
1189 1177 1422 1246 suscepit
1441 1191 1506 1230 ex
1533 1175 1704 1238 nobis,
1727 1182 1780 1229 et
1807 1173 1878 1226 Ic-

302 1286 430 1327 vare
458 1271 510 1325 in
538 1271 729 1326 caelum
763 1284 856 1338 per
879 1268 1018 1337 quod
1051 1267 1147 1321 fuit
1181 1267 1231 1320 in
1262 1276 1398 1320 terra
1427 1279 1522 1335 pro
1548 1263 1721 1318 nobis.
1748 1261 1878 1328 Quis

302 1377 414 1416 non
437 1363 562 1417 hinc
585 1361 830 1431 gaudeat,
848 1361 938 1429 qui
964 1359 1042 1414 sic
1055 1357 1225 1428 diligit
1247 1356 1536 1421 Christum,
1569 1363 1625 1410 ut
1651 1362 1704 1408 et
1729 1367 1877 1407 suam

300 1461 546 1506 naturain
569 1454 680 1521 jam
708 1451 1056 1506 immortalem
1079 1448 1368 1519 gratuletur
1390 1448 1440 1501 in
1462 1445 1698 1512 Christo,
1721 1453 1876 1515 atque

301 1542 356 1597 id
379 1557 444 1599 se
462 1552 644 1613 apt-ret
671 1543 901 1596 futurum
925 1556 1044 1596 esse
1069 1555 1165 1610 per
1183 1539 1452 1594 Christum
1470 1538 1495 1592 ἲ

748 1670 1152 1728 TRACTATUS
1188 1669 1426 1724 LXXIX.

302 1785 382 1840 De
409 1801 468 1840 eo
493 1784 627 1856 quod
646 1785 736 1849 ait,
762 1784 827 1839 Et
848 1799 985 1839 nunc
998 1784 1102 1839 dixi
1117 1783 1265 1837 vobis
1284 1783 1588 1853 priusquam
1617 1778 1726 1841 ﬁat,
1751 1787 1873 1842 etc.,

298 1877 539 1949 usquead
554 1876 628 1944 id,
646 1873 1221 1946 Surgite,eamushinc.
1241 1872 1367 1944 Cap.
1388 1888 1500 1936 xw,
1536 1872 1568 1941 ἲ
1605 1870 1639 1940 ᾖ
1665 1869 1878 1923 .29-51.

374 1990 431 2046 1.
472 1990 728 2044 Dominus
752 1995 806 2044 et
832 1989 1061 2042 salvator
1086 1995 1264 2040 noster
1291 1984 1446 2040 Jesus
1464 1983 1705 2038 Christus
1734 1981 1884 2036 dixe-

299 2092 388 2137 rat
412 2082 684 2151 discipulis
711 2081 822 2134 suis
849 2097 862 2133 :
889 2080 948 2134 Si
971 2079 1243 2148 diligeretis
1264 2093 1360 2142 me,
1391 2075 1672 2146 gauderetis
1693 2073 1880 2142 utique,

296 2174 426 2243 quia
452 2172 581 2226 vado
616 2171 684 2226 ad
717 2169 958 2233 Patrem,-
983 2169 1103 2238 quia
1132 2168 1288 2222 Pater
1316 2168 1480 2236 major
1508 2182 1586 2252 me
1611 2174 1702 2219 est.
1735 2162 1883 2231 Quod

297 2278 367 2319 ex
397 2263 568 2318 forma
593 2259 730 2317 servi
761 2275 882 2316 eum
907 2259 1125 2322 dixisse,
1157 2274 1259 2312 non
1291 2271 1356 2311 ex
1386 2257 1551 2309 forma
1582 2255 1674 2309 Dei
1707 2255 1757 2308 in
1783 2269 1884 2323 qua

295 2353 525 2422 aequalis
549 2361 631 2408 est
648 2351 808 2414 Patri,
845 2350 990 2404 novit
1015 2349 1142 2403 ﬁdes
1162 2363 1279 2417 qua!
1301 2346 1558 2416 religiosis
1585 2354 1665 2399 est
1696 2345 1886 2398 menti-

301 2443 407 2498 bus
436 2444 560 2510 ﬁxa,
592 2431 695 2496 non
716 2441 1059 2497 calumniosis
1085 2447 1140 2495 et
1159 2439 1496 2494 deinentibus
1519 2438 1658 2492 ﬁcta.
1689 2436 1887 2491 Deinde

299 2537 618 2608 subiunxit:
648 2535 714 2590 Et
745 2551 876 2588 nunc
905 2534 1013 2588 dixi
1040 2532 1176 2586 vobis
1206 2533 1500 2603 priusquam
1525 2531 1639 2599 ﬁat,
1682 2539 1739 2584 ut
1771 2545 1888 2584 cum

298 2633 498 2700 factum
517 2629 690 2699 fuerit,
719 2627 951 2682 credatis.
980 2626 1114 2692 Quid
1142 2636 1223 2680 cst
1243 2625 1364 2689 hoc,
1394 2639 1515 2679 cum
1541 2624 1708 2694 magis
1728 2623 1887 2678 homo

295 2719 528 2776 credere
550 2718 742 2774 debeat
759 2715 1041 2788 antequam
1073 2718 1159 2771 ﬁat
1183 2716 1232 2770 id
1259 2714 1399 2785 quod
1425 2714 1748 2770 credendum
1774 2713 1888 2767 est?

301 2811 432 2868 [late
455 2820 540 2866 est
561 2811 702 2866 enim
725 2810 838 2865 laus
863 2809 1008 2874 ﬁdei,
1030 2809 1075 2864 si
1096 2807 1238 2879 quod
1264 2806 1497 2862 creditur
1523 2821 1627 2860 non
1651 2805 1881 2860 videtur.

297 2899 436 2966 Nam
463 2904 592 2975 quid
616 2918 863 2974 magnum
893 2911 975 2957 est
1016 2901 1058 2956 si
1091 2900 1327 2956 creditur
1356 2897 1497 2968 quod
1538 2897 1764 2963 videtur,
1798 2913 1887 2952 se-

296 2997 541 3053 cundum
582 2998 724 3052 illam
766 2995 1005 3065 ejusdem
1051 2993 1263 3048 Domini
1299 2991 1641 3056 sententiam,
1676 2989 1888 3060 quando

296 3090 624 3161 discipulum
643 3088 818 3159 arguit
839 3087 1023 3142 dicens
1047 3102 1059 3139 :
1087 3084 1220 3151 Quia
1237 3083 1424 3148 vidisti,
1455 3082 1710 3136 credidisti
1723 3124 1738 3146 ,
1759 3081 1888 3136 beati

297 3182 388 3251 qui
414 3197 518 3235 non
544 3179 710 3234 vident
749 3187 796 3232 et
833 3177 1041 3231 credunt
1082 3175 1258 3248 (Joau.
1302 3189 1398 3238 xx.
1436 3171 1568 3242 29)?
1613 3173 1678 3226 Et
1710 3171 1888 3226 nescio

296 3283 483 3329 utrum
511 3270 733 3328 credere
759 3267 1016 3324 dicendus
1037 3275 1120 3322 est
1146 3266 1370 3336 quisque
1395 3263 1534 3332 quod
1554 3261 1738 3327 videt;
1765 3275 1887 3315 nam

297 3365 418 3434 ipsa
456 3361 593 3417 ﬁdes
621 3361 675 3416 in
702 3359 937 3429 Epistola
965 3372 1083 3428 qua:
1123 3355 1373 3410 scribitur
1407 3353 1472 3407 ad
1513 3352 1786 3415 Hebrteos,
1817 3352 1888 3406 ita

292 3465 385 3512 est
415 3453 632 3511 deﬁnita
657 3472 673 3508 :
700 3451 793 3508 Est
835 3460 1002 3505 autem
1043 3449 1170 3519 ﬁdes
1208 3447 1545 3519 sperantium‘
1587 3445 1884 3512 substantia,

293 3546 546 3602 conuiuio
559 3561 726 3598 rerum
743 3558 967 3613 quianon
989 3540 1216 3594 uidentur
1234 3537 1417 3610 (Hebr.
1446 3553 1520 3604 at,
1551 3536 1626 3606 1).
1650 3535 1891 3604 Quapro-

298 3647 424 3708 pter
448 3637 496 3692 si
535 3635 666 3690 ﬁdes
705 3642 784 3689 est
815 3648 991 3688 rerum
1021 3646 1140 3701 qua:
1169 3630 1476 3695 creduntur,
1505 3628 1798 3696 eademque
1829 3627 1890 3680 ﬁ-

295 3729 401 3783 des
425 3741 613 3783 earum
640 3736 722 3780 est
747 3740 865 3794 quae
887 3738 995 3777 non
1025 3721 1302 3785 videntur;
1335 3719 1461 3789 quid
1489 3719 1588 3772 sibi
1613 3718 1720 3772 vult
1746 3717 1887 3787 quod

296 3819 562 3876 Dominus
581 3818 674 3882 ait,
702 3815 771 3871 Et
791 3831 922 3869 nunc
948 3815 1053 3868 dixi
1080 3812 1216 3868 vobis
1242 3813 1532 3882 priusquam
1563 3810 1671 3876 ﬁat,
1701 3818 1753 3862 ut
1775 3825 1888 3861 cum

296 3912 499 3981 factum
521 3909 693 3980 fuerit,
733 3906 990 3961 credatis?
1017 3904 1200 3958 Nonne
1239 3901 1415 3971 potius
1457 3900 1738 3954 dicendum
1772 3900 1881 3960 l'uit,

299 4001 369 4056 Et
397 4015 539 4055 nunc
572 3999 681 4054 dixi
712 3998 863 4053 vobis
891 3998 1194 4067 priusquam
1232 3993 1341 4058 ﬁat,
1375 4001 1432 4046 ut
1464 3991 1714 4054 credatis,
1747 3990 1885 4059 quod

296 4109 428 4150 cum
453 4095 649 4148 factum
689 4091 864 4154 fuerit,
900 4089 1160 4144 videatis?
1190 4086 1321 4141 Nam
1353 4093 1406 4140 et
1446 4085 1534 4138 ille
1563 4083 1644 4138 cui
1686 4081 1886 4136 dictum

297 4195 407 4251 est,
441 4185 574 4252 Quia
598 4184 780 4249 vidisti,
798 4181 1072 4246 credidisti,
1105 4195 1210 4234 non
1253 4178 1352 4232 hoc
1378 4175 1604 4232 credidit
1638 4174 1776 4243 quod
1809 4173 1886 4226 vi-

299 4278 413 4343 dit;
445 4277 543 4333 scd
578 4275 719 4331 aliud
747 4275 895 4339 vidit,
921 4273 1066 4327 aliud
1093 4271 1351 4326 credidit:
1384 4269 1512 4324 vidit
1541 4268 1680 4323 enim
1711 4265 1886 4320 homi-

298 4385 449 4436 nem,
472 4368 700 4424 credidit
725 4368 913 4422 Deum.
946 4365 1208 4420 Cerncbat
1236 4376 1431 4432 quippe
1457 4375 1614 4430 atque
1641 4364 1887 4428 tangebat

297 4475 520 4516 carnem
548 4460 840 4525 viventem,
878 4472 1037 4528 quam
1066 4456 1270 4510 viderat
1305 4453 1652 4516 morientem;
1684 4460 1738 4536 et
1765 4467 1884 4506 crc-

297 4554 463 4610 debat
487 4553 656 4608 Deum
697 4553 750 4606 in
793 4565 955 4607 carne
992 4549 1103 4620 ipsa
1152 4550 1424 4604 latentem.
1456 4545 1721 4601 Credebat
1759 4559 1886 4614 ergo

297 4655 484 4700 mente
511 4644 653 4715 quod
682 4658 785 4698 non
820 4641 1053 4706 videbat,
1077 4655 1168 4710 per
1203 4642 1301 4695 hoc
1325 4638 1464 4708 quod
1498 4637 1740 4692 sensibus
1766 4653 1886 4691 cor-

298 4736 450 4806 poris
469 4735 785 4807 apparebat.
817 4733 922 4788 Sed
963 4732 1062 4787 etsi
1103 4731 1349 4785 dicuntur
1376 4728 1520 4782 credi
1552 4743 1670 4798 quae
1696 4728 1882 4781 viden-

299 4834 412 4890 tur,
437 4827 578 4882 sicut
602 4825 732 4880 dicit
756 4823 1119 4892 unusquisque
1145 4821 1313 4875 oculis
1334 4819 1444 4872 suis
1473 4832 1532 4873 se
1557 4818 1880 4872 credidisse:

299 4929 409 4971 non
437 4925 618 4972 tamen
648 4916 760 4986 ipsa
779 4925 858 4970 est
883 4925 1000 4984 quae
1030 4913 1082 4967 in
1106 4912 1256 4967 nobis
1281 4910 1574 4964 aediﬁcatur
1599 4907 1767 4972 ﬁdes;
1790 4906 1884 4962 sed

300 5026 370 5064 ex
391 5009 556 5066 rebus
581 5023 701 5078 qua:
732 5007 994 5070 videntur,
1022 5006 1192 5075 agitur
1222 5003 1274 5056 in
1301 5001 1453 5056 nobis
1493 5009 1633 5055 utea
1663 4999 1885 5054 credan-

301 5109 390 5156 tur
424 5117 545 5172 tunc
583 5116 691 5155 non
739 5099 1004 5154 videntur.
1043 5097 1324 5164 Quocirca,
1361 5094 1710 5156 dilectissimi,
1743 5093 1883 5146 unde

301 5209 444 5248 nunc
469 5193 603 5247 mihi
627 5206 804 5246 sermo
825 5201 926 5258 est,
952 5188 1094 5259 quod
1123 5188 1376 5242 Dominus
1404 5187 1498 5248 ait,
1527 5184 1593 5239 Et
1621 5201 1752 5238 nunc
1778 5184 1883 5238 dixi

301 5283 437 5338 vobis
461 5283 755 5354 priusquam
773 5281 884 5351 ﬁat,
915 5289 972 5333 ut
996 5297 1107 5332 cum
1130 5282 1320 5352 factum
1339 5277 1508 5346 fuerit,
1535 5276 1784 5338 credatis;
1816 5274 1882 5329 il-

301 5373 393 5428 lud
430 5374 613 5444 utique
639 5370 788 5438 dicit,
829 5389 942 5425 cum
965 5370 1154 5440 factum
1193 5369 1362 5440 fuerit,
1391 5367 1531 5438 quod
1574 5382 1694 5422 eum
1721 5367 1882 5421 visuri

303 5472 457 5518 erant
479 5472 598 5533 post
620 5470 846 5518 mortem
874 5460 1164 5527 viventem,
1197 5468 1249 5515 ct
1274 5457 1338 5514 ad
1363 5459 1569 5514 Patrem
1593 5458 1884 5514 ascenden-

368 5617 385 5646 ¹
407 5622 527 5689 {res
557 5623 684 5689 Mss,
715 5613 1080 5689 sperandortmt.
1127 5621 1335 5689 Am.__etr
1353 5611 1482 5689 Bac}?
1502 5611 1879 5689 ispuertutdarruu:

299 5681 379 5742 Er:
423 5682 531 5726 ιον.
559 5685 610 5727 ει
631 5678 854 5742 plerique
892 5685 1017 5737 Mss,
1051 5678 1356 5740 spcrmttimn.
1392 5678 1464 5723 sic
1501 5686 1669 5723 rursus
1701 5678 1885 5723 variant

301 5737 443 5792 ωτι-ιι.
465 5745 618 5791 Tract.
635 5737 710 5788 '95

1319 333 1726 390 TRACTATUS
1761 331 1998 388 LXXIX.
2038 332 2260 392 CAPUT
2304 335 2440 391 XIV.

3411 344 3433 397 1
3443 345 3547 401 838

1978 455 2082 501 tem
2111 464 2125 500 :
2153 463 2255 516 quo
2275 449 2388 504 viso
2417 448 2542 503 illud
2570 448 2776 504 inerant
2795 449 3066 515 credituri,
3092 451 3233 522 quod
3266 455 3380 525 ipse
3401 469 3548 512 esset

1975 535 2215 593 Christus
2251 540 2416 595 Filius.
2452 541 2544 595 Dei
2576 541 2699 607 vivi,
2741 540 2834 612 qui
2879 543 3046 611 potuit
3073 541 3176 598 hoc
3215 544 3388 600 facere
3425 562 3552 602 cum

1980 628 2332 697 praedixisset,
2361 641 2417 686 et
2440 631 2731 701 praedicere
2769 641 2894 688 ante
2917 648 3073 703 quam
3103 634 3338 692 faceret:
3370 638 3552 694 credi-

1978 720 2080 774 turi
2107 728 2282 775 autem
2314 721 2414 775 hoc
2453 737 2559 776 non
2597 722 2703 778 ﬁde
2739 739 2902 789 nova,
2931 724 3028 780 sed
3057 734 3246 790 aucta;
3287 735 3379 783 aut
3406 737 3556 784 certe

1980 823 2100 864 cum
2118 819 2355 868 mortuus
2375 824 2518 868 esset
2531 813 2758 882 defecta,
2785 832 2905 871 cum
2929 818 3309 873 resurrexisset
3328 819 3555 876 refecta.

1981 900 2158 971 Neque
2174 903 2314 956 enim
2336 914 2455 957 eum
2474 905 2566 960 Dei
2586 905 2774 960 Filium
2794 918 2896 961 neu
2916 917 3102 963 etante
3118 910 3406 966 credebant
3425 930 3439 978 ;
3462 913 3556 970 sed

1980 1005 2099 1046 cum
2133 993 2186 1046 in
2230 993 2320 1048 illo
2360 992 2556 1048 factum
2597 1005 2740 1051 esset
2777 998 2917 1068 quod
2959 1006 3082 1054 ante
3115 1001 3380 1070 prtedixit,
3427 1004 3558 1058 ﬁdes

1981 1082 2071 1136 illa
2109 1099 2226 1152 qua:
2256 1092 2377 1138 tunc
2403 1085 2614 1154 quando
2659 1087 2763 1140 illis
2804 1089 3116 1158 loquebatur
3151 1089 3248 1144 fuit
3279 1107 3459 1161 parva,
3504 1104 3560 1148 et

1971 1187 2102 1226 cum
2129 1183 2425 1228 moreretur
2450 1191 2582 1244 pene
2605 1177 2714 1245 jam
2743 1178 2904 1242 nulla,
2928 1187 2982 1233 ct
3006 1181 3269 1236 revixit‘ct
3295 1186 3481 1239 crevit.

2050 1264 2107 1318 2.
2149 1265 2345 1320 Deinde
2361 1267 2484 1337 quid
2499 1266 2658 1323 dicit?
2672 1269 2791 1322 lam
2808 1287 2905 1324 non
2919 1273 3076 1326 multa
3088 1274 3526 1345 loquarvobiscum
3539 1294 3558 1331 :

1982 1355 2112 1408 venit
2131 1355 2263 1408 enim
2277 1357 2508 1426 princeps
2525 1357 2699 1412 mundi
2721 1361 2874 1430 hujus
2888 1378 2906 1414 :
2921 1363 3057 1432 quis,
3079 1364 3182 1419 nisi
3195 1365 3466 1422 diabolus?
3488 1367 3559 1421 Et

1983 1445 2036 1498 in
2053 1461 2238 1498 menon
2253 1445 2399 1500 habet
2409 1448 2684 1518 quidquam
2697 1466 2714 1502 :
2728 1451 2926 1505 nullum
2940 1454 3137 1509 scilicet
3149 1456 3364 1510 omnino
3380 1471 3558 1527 pecca-

1986 1544 2117 1590 tum.
2135 1530 2376 1592 Sicenim
2397 1540 2628 1595 ostendit
2647 1553 3152 1614 nongcreaturarum,
3193 1546 3289 1602 sed
3312 1558 3558 1617 peccato-

1983 1644 2122 1695 rum,
2141 1630 2728 1702 principcmdiabolum,
2747 1650 2880 1706 quos
2896 1650 3034 1692 nunc
3047 1639 3258 1695 nomine
3272 1642 3452 1696 mundi
3471 1643 3561 1696 hu-

1978 1719 2066 1788 jus
2083 1722 2328 1792 appellat.
2341 1723 2847 1797 thuotiescumque
2862 1729 3040 1782 mundi
3057 1745 3248 1787 nomen
3272 1732 3322 1786 in
3345 1733 3466 1788 mali
3484 1734 3560 1788 si-

1983 1811 2316 1880 gniﬁcatione
2341 1813 2572 1883 ponitur,
2621 1827 2726 1872 noa
2769 1818 3002 1873 ostendit
3044 1820 3145 1874 nisi
3187 1821 3368 1876 mundi
3410 1823 3562 1879 istius

1985 1910 2284 1966 amatores;
2321 1903 2388 1958 de
2422 1905 2612 1974 quibus
2652 1907 2778 1961 alibi
2819 1910 3073 1978 scriptum
3115 1919 3215 1975 est,
3246 1911 3562 1984 Quicumque

1985 1991 2196 2046 uoluerit
2233 1995 2425 2049 amicus
2451 2013 2556 2052 esse
2589 1999 2764 2052 δωρειιὶ
2791 1999 2967 2069 hujus,
2994 2001 3227 2056 inimicus
3259 2001 3354 2060 Dei
3375 2005 3565 2058 consti-

1987 2091 2150 2136 tuetur
2179 2082 2376 2154 (Jacobi
2396 2103 2470 2152 ιν,
2493 2087 2572 2159 4).
2595 2089 2747 2142 Absit
2774 2105 2900 2161 ergo
2932 2099 2985 2144 ut
3007 2092 3087 2146 sic
3111 2093 3430 2163 intelligatur
3450 2094 3565 2148 dia-

1987 2170 2140 2227 helus
2167 2173 2411 2244 princeps
2435 2177 2634 2243 mundi,
2660 2187 2904 2248 tanquam
2927 2191 3077 2250 gerat
3103 2183 3329 2239 universi
3357 2186 3558 2247 mundi,

1989 2260 2040 2316 id
2067 2270 2168 2326 est,
2197 2265 2318 2319 εαξιὶ
2345 2274 2400 2319 et
2425 2275 2598 2333 teme,
2629 2277 2787 2338 atque
2815 2272 3049 2324 ninnium
3093 2289 3208 2342 qua:
3244 2274 3297 2328 in
3334 2275 3414 2328 eis
3441 2284 3565 2330 sunt

1991 2353 2340 2424 principatum
2368 2373 2381 2408 :
2407 2357 2472 2413 de
2515 2360 2660 2428 quali
2703 2360 2900 2415 mundo
2938 2361 3136 2417 dictum
3177 2373 3280 2430 est,
3327 2380 3450 2420 cum
3494 2367 3566 2421 de

1988 2442 2201 2499 Christo
2229 2445 2402 2502 Verbo
2429 2463 2608 2504 sermo
2637 2459 2801 2516 esset,
2832 2450 2898 2504 Et
2920 2454 3136 2506 mundus
3159 2471 3247 2524 per
3268 2471 3378 2508 eum
3401 2458 3568 2526 factus

1989 2544 2061 2589 est
2096 2532 2270 2607 (Joan.
2298 2552 2336 2602 ι,
2372 2537 2484 2608 10).
2518 2537 2810 2595 Universos
2835 2540 3012 2610 itaque
3037 2543 3263 2598 mundus
3289 2558 3319 2597 a
3347 2547 3569 2600 sunnnis

1989 2627 2139 2684 caelis
2175 2644 2343 2699 usque
2369 2628 2434 2685 ad
2459 2631 2695 2686 inﬁmam
2723 2639 2915 2688 terram
2945 2635 3174 2690 ueatori
3199 2643 3280 2690 est
3304 2635 3567 2704 subditus,

1990 2735 2095 2774 non
2116 2718 2412 2786 desertori;
2439 2721 2781 2792 redemptori,
2814 2739 2919 2778 non
2946 2726 3310 2797 intercmptori
3334 2744 3348 2793 ς
3377 2729 3570 2784 libera-

1993 2811 2114 2878 tori,
2153 2827 2258 2867 non
2288 2814 2632 2884 captivatori;
2659 2815 2891 2882 .doctori,
2923 2833 3027 2872 non
3055 2819 3342 2888 deceptori.
3371 2822 3541 2889 Quem
3566 2850 3572 2859 ο

1991 2903 2274 2960 admodum
2294 2914 2470 2960 autem
2493 2907 2561 2961 sit
2581 2908 2954 2978 intelligendus
2977 2911 3218 2981 princeps
3245 2914 3424 2969 mundi
3451 2914 3567 2969 dia-

1990 2991 2163 3060 bolus,
2204 2995 2498 3051 evidentius
2535 2998 2740 3066 aperuit
2770 2998 2962 3054 Paulus
2987 3001 3280 3070 apostolus,
3317 3003 3406 3072 qui
3444 3020 3565 3060 cum

1991 3082 2230 3152 dixisset,
2272 3084 2395 3140 Non
2435 3096 2506 3142 est
2549 3089 2690 3142 nobis
2717 3091 3003 3144 colluctatio
3032 3092 3267 3148 adversus
3292 3111 3494 3149 carnem
3522 3107 3569 3150 et

1991 3175 2304 3244 sanguinem,
2337 3175 2386 3230 id
2417 3185 2518 3240 est,
2548 3177 2803 3233 adversus
2832 3180 3105 3248 homines;
3137 3182 3378 3250 subjecit,
3409 3194 3569 3252 atque

1991 3263 2081 3328 ait,
2105 3264 2194 3318 sed
2211 3264 2448 3320 adversus
2472 3267 2721 3337 principes
2746 3278 2791 3322 et
2819 3279 3081 3336 potestates
3101 3280 3145 3324 et
3166 3281 3376 3327 rectores
3396 3274 3577 3339 mundi.

1991 3353 2303 3408 tenebrarum
2323 3358 2503 3410 harant
2519 3359 2732 3427 (Ep/tes.
2751 3376 2823 3422 vr,
2847 3361 2959 3429 19.).
2981 3362 3233 3432 Sequenti
3252 3365 3392 3420 enim
3409 3368 3572 3422 verbo

1991 3446 2232 3514 exposuit
2262 3447 2386 3516 quid
2412 3447 2648 3514 dixisset,
2703 3450 2896 3515 utundi,
2921 3467 3041 3506 cum
3067 3454 3310 3520 subjecit,
3343 3457 3574 3530 tenebra-_

1991 3550 2102 3587 rum
2132 3536 2312 3589 harum
2339 3552 2356 3590 :
2389 3553 2454 3592 ne
2484 3539 2758 3609 quisquam
2804 3542 2983 3594 mundi
3015 3545 3226 3598 nomine
3254 3545 3572 3616 intelligeret

1991 3627 2291 3682 universam
2319 3637 2637 3696 creaturam,
2661 3632 2810 3700 cujus
2839 3635 2982 3688 nullo
3011 3634 3167 3689 modo
3191 3648 3313 3690 sunt
3336 3649 3570 3694 rectores

1991 3719 2161 3788 angeli
2191 3718 2515 3774 desertores.
2540 3719 2897 3789 Tcnebrarum,
2931 3725 3117 3796 inquit,
3152 3727 3350 3792 harum,
3384 3729 3433 3782 id
3464 3743 3567 3794 est,

1991 3807 2170 3861 mundi
2205 3809 2354 3862 istius
2374 3821 2669 3865 amatorum
2701 3829 2713 3865 :
2738 3828 2802 3867 ex
2831 3813 3022 3882 quibus
3045 3824 3216 3870 tamen
3244 3818 3396 3872 electi
3425 3831 3566 3885 sunt,

1993 3917 2097 3954 non
2130 3918 2224 3970 per
2253 3917 2408 3956 suum
2440 3905 2708 3970 meritum,
2737 3905 2833 3960 sed
2867 3922 2959 3976 per
2991 3909 3078 3962 Dei
3105 3910 3348 3978 gratiam,
3379 3913 3572 3981 quibus

1989 3989 2134 4053 dicit,
2184 3990 2370 4046 Fuistis
2399 3994 2533 4046 enim
2561 3995 2833 4065 aliquando
2860 3998 3072 4050 tcnebraz
3088 4014 3107 4061 ;
3134 4015 3262 4052 nunc
3289 4010 3455 4054 autem
3483 4003 3573 4056 lus:

1990 4083 2041 4136 iu
2088 4081 2304 4138 Domino
2330 4083 2440 4158 (Id.
2473 4102 2526 4154 γ,
2573 4087 2650 4158 8).
2679 4086 2873 4142 Omnes
2919 4091 3070 4143 enim
3100 4090 3311 4146 fuerunt
3355 4095 3454 4148 sub
3484 4113 3569 4151 re-

1989 4175 2223 4228 ctoribus
2249 4178 2583 4231 tenebrarum
2618 4178 2824 4245 harum,
2867 4179 2917 4233 id
2943 4191 3042 4245 est,
3077 4179 3348 4238 hominum
3378 4186 3571 4255 impio--

1991 4283 2126 4330 rtnu,
2159 4276 2406 4338 tanquam
2432 4270 2665 4324 tenebrre
2691 4269 2790 4324 sub
2813 4271 3042 4326 tenebris
3073 4291 3084 4326 :
3109 4273 3199 4328 sed
3225 4276 3414 4345 gratias
3443 4275 3568 4340 Dco,

1989 4359 2073 4428 qui
2101 4361 2228 4412 eruit
2263 4377 2374 4428 nos,
2422 4362 2558 4417 sicut
2583 4361 2710 4416 dicit
2735 4362 2877 4418 idem
2907 4365 3200 4433 apostolus,
3234 4366 3296 4419 de
3333 4376 3573 4437 potestate

1990 4451 2325 4518 tenebrarum,
2355 4460 2401 4505 et
2431 4452 2688 4507 transtulit
2718 4453 2768 4507 in
2797 4472 3004 4524 regnum
3035 4455 3160 4510 Filii
3183 4458 3443 4513 charitatis
3466 4477 3571 4514 sua:

1991 4537 2205 4610 (Coloss.
2249 4557 2285 4607 ι,
2345 4541 2550 4611 12,13).
2616 4543 2670 4596 In
2720 4560 2824 4613 quo
2870 4547 3117 4616 princeps
3161 4548 3317 4617 hujus
3361 4551 3566 4616 mundi,

1991 4628 2090 4682 hoc
2122 4638 2204 4682 est
2239 4631 2574 4685 tenebrarum
2603 4632 2810 4699 harum,
2850 4651 2954 4688 non
2981 4635 3206 4691 habebat
3241 4639 3566 4708 quidquam;

1988 4713 2108 4781 quia
2139 4728 2307 4782 neque
2334 4729 2452 4768 cum
2490 4725 2705 4785 peceato
2746 4717 2883 4771 Dens
2913 4729 3150 4787 venerat,
3186 4736 3282 4776 nec
3311 4722 3426 4791 ejus
3450 4738 3570 4776 ear-

1991 4821 2109 4860 nem
2147 4805 2213 4860 de
2245 4807 2445 4875 peccati
2487 4809 2773 4878 propagine
2810 4807 2971 4880 Virgo
3015 4822 3308 4882 pepererat.
3355 4815 3419 4867 Et
3449 4825 3568 4890 tan:

1989 4912 2142 4966 quam
2179 4897 2545 4965 ei'diccrctur,
2579 4901 2683 4955 Cur
2719 4916 2846 4972 ergo
2894 4907 3140 4969 moreris,
3189 4906 3231 4958 si
3269 4922 3371 4958 non
3407 4905 3572 4960 habes

1991 4997 2260 5058 peccatum
2304 4993 2387 5046 cui
2428 4992 2683 5047 debeatur
2710 4997 2895 5050 mortis
2924 4997 3274 5065 supplicium?
3315 4983 3572 5052 continuo

1989 5083 2242 5154 subjecit,
2277 5083 2382 5140 Sed
2401 5095 2453 5139 ut
2477 5099 2742 5159 cognoscat
2768 5089 2984 5144 mundus
3003 5093 3122 5160 quia
3150 5091 3307 5162 siligo
3338 5090 3566 5156 Patrem,

1987 5181 2035 5228 et
2064 5176 2190 5229 sicut
2237 5176 2530 5230 mandatum
2557 5178 2693 5233 dedit
2718 5181 2842 5233 mihi
2867 5179 3040 5248 Pater,
3073 5183 3142 5235 sic
3168 5183 3336 5252 facio;
3359 5184 3564 5253 surgite,

1989 5281 2161 5319 eamus
2200 5266 2335 5320 hinc.
2367 5267 2710 5324 Discumbens
2736 5271 2875 5324 cnim
2901 5271 3355 5328 discumbentibus
3388 5275 3569 5343 loque-

1988 5354 2159 5412 batur.
2192 5357 2383 5414 Eamus
2418 5368 2594 5415 autem
2635 5360 2785 5427 dixit,
2814 5379 2938 5432 quo,
2973 5363 3071 5419 nisi
3111 5365 3176 5419 ad
3207 5365 3353 5420 illum
3394 5366 3566 5422 locum

1989 5449 2127 5505 unde
2155 5449 2326 5505 fuerat
2355 5452 2639 5508 tradendus
2666 5454 2731 5508 ad
2762 5465 3010 5521 mortem,
3043 5457 3131 5526 qui
3173 5458 3374 5513 nullum
3407 5459 3571 5516 habe--

1989 5541 2352 5599 bat'meritum
2383 5544 2604 5600 mortis?
2625 5545 2728 5600 Sed
2756 5545 2980 5601 habebat
3008 5557 3066 5601 ut
3092 5560 3390 5605 moreretur
3421 5567 3572 5606 man-

1989 5633 2171 5689 datum
2205 5635 2397 5700 Patris,
2435 5644 2681 5706 tanquam
2712 5635 2803 5691 ille
2827 5637 2895 5693 de
2936 5654 3042 5710 quo
3081 5642 3392 5711 prmdictum
3433 5653 3568 5711 erat,

1993 5724 2120 5794 Qua:
2166 5744 2266 5784 non
2311 5729 2479 5800 rapui,
2529 5738 2644 5783 tunc
2691 5731 2998 5787 exsolvcbam
3046 5733 3216 5809 (Psal.
3248 5753 3432 5809 uvnt,
3467 5737 3566 5810 5):
