4102 6470
491 358 624 413 1859

489 479 713 526 mortem
738 468 854 523 sine
868 462 1060 521 debito
1087 460 1376 523 soluturus,
1413 464 1467 511 et
1502 469 1600 510 nos
1628 469 1659 508 a
1690 459 1865 507 morte
1890 447 2066 504 debita

490 566 881 636 redempturus.
898 558 1353 631 Rapueratautem
1368 549 1535 606 Adam
1546 555 1843 619 peccatum,
1858 541 2069 636 quando

491 633 706 714 manum
737 658 789 711 in
820 653 1067 709 arborem
1098 643 1511 719 praesumptione
1530 640 1783 707 deceptus
1809 633 2067 698 extendit,

493 744 1064 808 nti’ncommunicabilc
1101 754 1294 796 nomen
1320 736 1649 790 inconcessae
1676 727 1968 785 divinitatis
1992 726 2073 779 iur

490 842 731 909 vaderet,
759 852 918 910 quam
951 833 1087 891 Filio
1114 830 1209 886 Dei
1253 834 1444 883 natura
1483 821 1798 885 contulerat,
1831 833 1938 873 non
1980 829 2071 870 ra-

491 935 636 1006 pina.

949 1028 1363 1091 TBACTATUS
1401 1023 1615 1083 LXXX.

495 1156 571 1211 De
607 1171 665 1210 eo
689 1150 824 1224 quod
861 1150 1003 1216 dicit,
1036 1148 1148 1219 Ego
1178 1160 1294 1199 sum
1325 1139 1449 1197 vitis
1466 1138 1626 1206 fvera,
1655 1143 1709 1190 et
1737 1134 1895 1188 Pater
1922 1139 2075 1207 mens

557 1222 792 1316 agricola
811 1249 889 1297 est
912 1255 927 1304 ;
958 1254 1114 1308 usque
1137 1235 1204 1289 ad
1233 1233 1305 1299 id,
1330 1231 1446 1286 Jam
1473 1242 1569 1283 vos
1597 1223 1782 1281 mundi
1800 1222 1929 1278 estis
1952 1235 2075 1291 pro-

563 1344 683 1407 pter
714 1347 1016 1389 sermonem
1043 1343 1201 1400 quem
1227 1328 1439 1382 locutus
1474 1335 1594 1377 sum
1626 1317 1795 1373 vobis.
1822 1317 1951 1385 Cap.
1977 1327 2073 1378 xv,

579 1429 614 1498 θ
638 1467 653 1481 .
681 1427 801 1482 ι-δ.

556 1564 619 1617 1.
650 1561 767 1616 iste
792 1558 945 1613 locus
981 1551 1339 1623 evangelicus,
1369 1547 1582 1610 fratres,
1608 1542 1702 1599 ubi
1732 1554 1793 1596 se
1819 1538 1949 1595 dicit
1975 1537 2079 1591 Do-

497 1655 673 1709 minus
698 1652 882 1714 vitem,
922 1656 977 1703 et
1003 1643 1295 1714 discipulos
1323 1654 1451 1695 suos
1486 1634 1751 1709 palmites,
1784 1628 2077 1686 secundum

499 1746 601 1800 hoc
624 1742 751 1797 dicit
786 1737 928 1810 quod
970 1744 1052 1791 est
1091 1741 1252 1804 caput
1280 1728 1553 1794 Ecclesiae,
1599 1737 1804 1793 nosque
1839 1719 2078 1775 membra

496 1835 635 1905 eius,
664 1831 926 1887 mediator
954 1827 1045 1882 Dei
1070 1834 1125 1881 et
1149 1822 1425 1878 hominum
1461 1819 1623 1873 homo
1648 1813 1895 1870 Christus
1923 1810 2082 1865 Jesus

498 1901 691 1994 (lTim.
713 1940 773 1991 ιι,
801 1921 877 1991 5).
905 1920 1072 1977 Unius
1097 1917 1291 1987 quippe
1318 1922 1520 1967 natura:
1546 1916 1671 1963 sunt
1690 1906 1813 1960 vitis
1827 1913 1881 1959 et
1897 1901 2083 1973 palmi-

502 2030 626 2075 tes:
660 2023 879 2088 propter
925 2009 1070 2083 quod
1130 2022 1252 2064 cum
1296 2012 1440 2059 esset
1479 2004 1639 2067 Dens,
1681 1998 1835 2068 cujus
1879 2003 2081 2049 natura:

501 2125 607 2165 non
634 2086 840 2171 sumus,
864 2105 1034 2159 factus
1060 2109 1143 2157 est
1162 2100 1343 2162 homo,
1376 2104 1433 2150 ut
1468 2094 1519 2149 in
1542 2094 1634 2148 illo
1662 2098 1806 2145 esset
1831 2086 1952 2141 vitis
1984 2086 2083 2138 hu-

502 2215 656 2255 mana
674 2206 883 2261 natura,
905 2194 1059 2263 cujus
1086 2200 1141 2247 et
1167 2204 1265 2244 nos
1287 2186 1531 2242 homines
1553 2182 1796 2254 palmites
1818 2192 1940 2233 esse
1964 2191 2085 2244 pos-

501 2305 703 2349 sumus.
729 2288 866 2356 Quid
886 2301 1015 2356 ergo
1038 2292 1141 2350 est,
1170 2281 1282 2353 Ego
1303 2296 1410 2335 sum
1437 2278 1546 2332 vitis
1567 2276 1721 2330 vera?
1744 2269 2004 2342 Numquid
2025 2279 2087 2323 ut

503 2383 724 2438 adderet
745 2394 884 2444 vera,
913 2377 1016 2431 hoc
1044 2374 1111 2429 ad
1153 2387 1271 2428 eam
1296 2371 1456 2425 vitem
1478 2366 1683 2430 retulit,
1712 2363 1852 2418 umlc
1882 2362 1980 2415 ista
2010 2360 2085 2413 si-

505 2471 750 2530 militudo
774 2468 1026 2525 translata
1055 2464 1168 2521 est?
1196 2462 1286 2519 Sic
1318 2462 1461 2517 enim
1491 2459 1685 2514 dicitur
1710 2457 1851 2519 vitis,
1886 2468 1984 2523 per
2011 2450 2088 2504 si-

506 2566 884 2632 militudinem,
926 2577 1030 2618 non
1060 2576 1156 2631 per
1183 2556 1600 2629 proprietatem;
1641 2545 2088 2622 quemadmodum

507 2661 703 2715 dicitur
728 2656 864 2723 ovis,
891 2667 1080 2725 agnus,
1106 2650 1213 2715 leo,
1237 2656 1406 2719 petra,
1438 2645 1573 2714 lapis
1600 2641 1885 2712 angularis,
1908 2649 1961 2692 et
1986 2652 2093 2690 cm-

509 2760 620 2806 tera
650 2744 974 2820 huiusmodi,
1001 2756 1120 2812 qum
1148 2740 1317 2809 magis
1342 2738 1453 2808 ipsa
1482 2743 1608 2790 sunt
1628 2748 1772 2797 vera,
1802 2747 1866 2785 cx
1896 2729 2091 2800 quibus

508 2842 776 2897 ducuntur
825 2838 941 2892 istae
981 2831 1377 2895 similitudines,
1424 2843 1530 2883 non
1568 2825 1940 2898 proprietates.
1987 2820 2090 2877 Sed

510 2947 632 2987 cum
658 2929 806 2996 dicit,
852 2928 961 2999 Ego
992 2942 1103 2981 sum
1144 2924 1257 2977 vitis
1292 2938 1425 2986 vera,
1474 2919 1544 2974 ab
1586 2919 1675 2973 illa
1718 2933 1776 2972 se
1802 2915 1987 2985 utique
2014 2913 2096 2968 di-

511 3022 710 3079 scernit
729 3022 815 3076 cui
847 3018 1062 3085 dicitur,
1094 3014 1358 3084 Quomodo
1382 3027 1619 3068 conversa
1643 3026 1693 3064 es
1719 3009 1771 3062 in
1799 3006 2095 3061 amaritudi-

512 3127 647 3177 nem,
688 3112 800 3166 vitis
828 3111 993 3164 aliena
1030 3107 1243 3180 (Jerem.
1276 3120 1334 3170 ιι,
1364 3104 1497 3175 21)?
1540 3102 1672 3157 Nam
1702 3116 1808 3171 quo
1832 3109 1986 3170 pacto
2013 3109 2097 3154 est

511 3206 636 3262 vitis
657 3219 803 3271 vera,
834 3219 954 3274 qua:
990 3209 1295 3272 exspectata
1323 3206 1405 3255 est
1435 3205 1493 3253 ut
1538 3196 1735 3252 faceret
1760 3209 1935 3259 uvam,
1970 3192 2098 3249 fecit

507 3311 687 3356 autem
714 3300 893 3369 spinas
937 3295 1088 3370 (Isai.
1120 3312 1171 3361 v,
1204 3293 1299 3367 i)?

578 3394 640 3448 ἃ.
682 3391 793 3464 Ego
814 3407 945 3456 sum,
968 3387 1160 3457 inquit,
1182 3387 1293 3441 vitis
1313 3402 1448 3450 vera,
1471 3394 1519 3440 et
1554 3383 1705 3438 Pater
1723 3398 1859 3436 meus
1875 3380 2097 3452 agricola

512 3494 606 3540 est.
628 3483 844 3539 Omnem
861 3480 1116 3551 palmitem
1142 3479 1193 3532 in
1219 3494 1298 3532 me
1316 3493 1416 3530 non
1440 3476 1678 3547 ferentem
1695 3475 1936 3545 fructum,
1959 3472 2097 3526 tollet

513 3595 627 3633 eum
642 3586 715 3631 :et
736 3590 928 3629 omnem
944 3572 1029 3644 qui
1049 3575 1143 3644 [ert
1164 3573 1400 3642 fructum,
1415 3568 1645 3640 purgabit
1658 3584 1791 3633 eum,
1813 3574 1862 3618 ut
1878 3565 2099 3635 fructum

515 3671 631 3742 plus
650 3666 852 3735 aﬂ'era’t.
872 3662 1136 3733 Numquid
1156 3678 1320 3717 unum
1339 3668 1463 3716 sunt
1481 3659 1712 3730 agricola
1737 3666 1791 3712 et
1818 3656 1976 3711 vitis?
2003 3655 2100 3710 Se-

513 3760 864 3820 cundum‘lioc
876 3772 1006 3828 ergo
1022 3757 1142 3811 vitis
1153 3754 1417 3820 Christus,
1437 3751 1722 3809 secundum
1736 3750 1875 3821 quod
1889 3750 1982 3815 ait,
2004 3747 2100 3801 Pa-

514 3862 589 3909 ter
599 3853 762 3924 major
774 3866 851 3904 me
861 3860 930 3903 est
944 3846 1119 3921 (Joan.
1138 3862 1252 3910 xav,
1265 3845 1356 3917 98)
1376 3863 1388 3898 :
1404 3843 1692 3899 secundum
1708 3852 1880 3897 autem
1896 3842 1945 3896 id
1958 3841 2097 3911 quod

516 3948 609 4011 ait,
629 3943 741 4015 Ego
761 3952 805 3997 et
827 3940 1154 3995 Paterunum
1185 3954 1358 3993 sumus
1387 3934 1497 4007 (Id.
1536 3951 1595 4001 x,
1627 3933 1810 4004 30),et
1830 3934 1943 4003 ipse
1957 3933 2099 4002 agri-

518 4037 636 4093 cola
664 4044 765 4090 est.
792 4032 903 4089 Nec
940 4032 1058 4086 talis
1085 4030 1268 4100 quales
1305 4036 1451 4095 sunt,
1483 4027 1571 4097 qui
1614 4026 1944 4081 extrinsecus
1973 4040 2100 4093 ope-

518 4126 687 4184 rando
713 4125 968 4181 exbibent
1006 4120 1389 4186 ministerium;
1434 4119 1526 4176 sed
1560 4120 1683 4174 talis
1716 4129 1776 4173 ut
1804 4118 1893 4172 det
1939 4117 2097 4172 etiam

520 4217 838 4274 intrinsecus
878 4215 1285 4270 incrementum.
1320 4210 1460 4265 Nam
1500 4226 1658 4279 neque
1691 4209 1776 4279 qui
1805 4208 2002 4280 plantat
2030 4219 2101 4263 est

518 4309 733 4380 aliquid,
762 4323 916 4378 neque
933 4305 1018 4377 qui
1039 4306 1206 4377 rigat;
1229 4303 1318 4358 sed
1340 4302 1423 4373 qui
1441 4302 1802 4355 incrementum
1828 4301 1913 4353 dat
1940 4299 2098 4353 Deus.

519 4404 625 4461 Sed
647 4403 827 4473 utique
843 4400 987 4456 Deus
1011 4406 1094 4454 est
1113 4398 1375 4461 Christus,
1392 4394 1515 4465 quia
1541 4394 1683 4448 Deus
1698 4400 1815 4449 erat
1834 4391 2097 4460 Verbum;

519 4494 661 4551 unde
685 4494 797 4565 ipse
822 4501 873 4547 et
894 4491 1051 4546 Pater
1078 4504 1240 4543 unum
1267 4496 1391 4542 sunt
1418 4503 1431 4541 :
1465 4494 1518 4541 et
1543 4486 1587 4541 si
1615 4484 1849 4541 Verbum
1870 4500 1995 4540 caro
2018 4484 2100 4540 fa-

519 4599 662 4644 ctum
706 4594 787 4642 est
814 4583 922 4656 (Id.
955 4584 1072 4649 1,1,
1104 4581 1192 4653 14)
1233 4580 1373 4651 quod
1415 4595 1520 4635 non
1560 4588 1691 4645 erat,
1744 4587 1924 4634 manet
1961 4579 2101 4649 quod

520 4689 654 4735 erat.
707 4676 943 4746 Denique
993 4689 1113 4729 cum
1159 4672 1227 4729 de
1262 4673 1419 4727 Patre
1463 4684 1714 4742 tanquam
1762 4671 1830 4726 de
1871 4671 2101 4741 agricola

519 4772 742 4827 dixisset
766 4768 906 4839 quod
931 4765 1285 4821 infructuosos
1313 4762 1558 4833 palmites
1596 4762 1766 4827 tollat,
1797 4760 2103 4817 fructuosos

518 4874 697 4918 autem
749 4867 939 4931 purget
985 4865 1042 4911 ut
1095 4855 1213 4926 plus
1256 4853 1480 4909 aﬂ'erant
1533 4853 1798 4917 fructum;
1847 4852 2103 4906 continuo

518 4955 676 5008 etiam
704 4952 935 5020 scipsum
957 4946 1322 5002 mundatorem
1351 4944 1627 5014 palmitum
1651 4941 1959 5008 ostendens,
1983 4942 2102 4995 Jam

523 5058 624 5109 ros,
657 5041 845 5113 inquit,
874 5037 1051 5094 mundi
1071 5038 1187 5093 estis
1211 5044 1413 5108 prapter
1431 5050 1710 5089 sermonem
1734 5049 1878 5105 quem
1908 5033 2105 5088 locutus

519 5154 632 5192 sunt
658 5136 813 5191 vobis.
846 5133 985 5189 Ecce
1013 5141 1069 5186 et
1093 5131 1205 5201 ipse
1226 5126 1510 5182 mundator
1536 5136 1619 5181 est
1640 5125 1939 5196 palmitum,
1962 5122 2105 5194 quod

521 5240 603 5286 est
640 5228 906 5301 agricolae,
937 5242 1041 5281 non
1069 5223 1193 5279 vitis
1218 5221 1451 5277 ofﬁcium
1484 5237 1498 5274 :
1533 5218 1623 5288 qui
1667 5219 1827 5273 etiam
1861 5217 2106 5287 palmites

520 5323 798 5395 operarios
822 5334 947 5376 suos
963 5317 1109 5373 fecit.
1126 5314 1258 5370 Nam
1285 5312 1387 5368 etsi
1408 5327 1513 5367 non
1539 5310 1669 5365 dant
1691 5310 2102 5375 incrementum,

521 5413 834 5486 impendunt
858 5422 1038 5467 tamen
1078 5404 1292 5478 aliquod
1328 5403 1728 5473 adiumentum;
1769 5399 1864 5455 sed
1907 5416 2012 5453 non
2040 5399 2106 5454 de

521 5522 622 5564 suo
649 5524 661 5561 :
689 5506 824 5575 Quia
846 5504 954 5559 sine
976 5519 1075 5568 me,
1104 5499 1291 5570 inquit,
1320 5497 1447 5551 nihil
1494 5495 1698 5567 potestis
1737 5498 1924 5566 facere.
1968 5493 2105 5548 Audi

522 5600 683 5655 etiam
710 5598 856 5668 ipsos
878 5594 1191 5652 confitentes
1220 5611 1233 5647 :
1267 5590 1403 5657 Quid
1438 5598 1605 5643 autem
1630 5596 1703 5641 est
1732 5584 1959 5656 Apollo?
1983 5586 2108 5653 quid

522 5701 687 5747 autem
699 5688 924 5746 Paulus?
939 5687 1161 5743 Hinistri
1178 5703 1266 5758 per
1281 5701 1403 5757 quos
1416 5684 1502 5753 (δι’
1514 5682 1593 5753 ὢν)
1613 5681 1915 5745 credidistis,
1938 5690 1984 5734 et
2001 5681 2109 5734 uni-

521 5801 696 5855 cuique
710 5792 837 5839 sicut
855 5781 1103 5840 Dommus
1116 5779 1273 5836 dedit.
1290 5777 1401 5847 Ego
1420 5773 1663 5849 plantavi,
1683 5772 1865 5843 Apollo
1899 5773 2100 5844 rigavit.

1406 343 1467 398 IN
1504 338 1781 397 JOANNIS
1821 332 2283 397 EVANGELIUM,
2323 334 2381 388 S.
2426 331 2789 390 AUGUSTINI

3612 333 3750 389 1810

2176 448 2242 503 Ει
2261 449 2363 504 hoc
2388 464 2514 519 ergo
2539 450 2666 503 sicut
2686 448 2949 518 unicuique
2980 447 3225 502 Dominus
3247 448 3422 502 dedit:
3444 462 3549 503 non
3578 448 3761 518 itaque

2175 540 2242 595 de
2262 555 2383 595 suo.
2412 542 2661 596 Jamvero
2684 540 2825 609 quod
2848 540 3104 610 sequitur,
3128 540 3216 594 sed
3238 538 3372 593 Deus
3398 540 3760 594 incrementum

2177 633 2312 686 dedit
2339 632 2381 705 (1
2401 632 2517 686 Cor.
2548 646 2625 695 ιιι,
2655 632 2805 704 5-7);
2840 647 2944 685 non
2974 647 3067 700 per
3093 631 3231 694 illos,
3263 630 3357 684 sed
3387 645 3482 699 per
3520 630 3759 700 scipsum

2178 724 2301 778 facit
2323 742 2339 779 :
2362 724 2572 778 excedit
2591 726 2692 778 hoc
2723 723 3006 778 humanam
3030 723 3400 787 humilitatem,
3431 724 3641 777 excedit
3668 738 3763 777 an-

2178 815 2399 885 gelicam
2435 815 2836 877 sublimitatem,
2885 829 2984 868 nec
3025 813 3244 867 omnino
3269 813 3506 883 pertinet
3552 814 3652 867 nisi
3695 813 3764 867 ad

2179 906 2461 976 agricolam
2508 905 2839 960 Trinitatem.
2882 905 3005 958 Jam
3050 920 3137 958 vos
3180 904 3359 957 mundi
3401 905 3537 971 estis,
3578 905 3766 959 mundi

2180 997 2389 1053 scilicet
2414 1007 2571 1066 atque
2609 997 2917 1051 niundandi.
2947 996 3131 1067 Neque
3157 996 3299 1051 enim
3332 996 3433 1050 nisi
3460 997 3641 1052 mundi
3670 1012 3765 1051 cs-

2181 1096 2320 1152 scnt,
2359 1086 2588 1142 fructum
2617 1088 2753 1143 ferre
2782 1087 3114 1158 potuissent:
3143 1097 3197 1142 et
3220 1098 3395 1142 tamen
3422 1103 3635 1143 omnem
3672 1088 3765 1157 qui

2181 1178 2285 1234 fert
2319 1178 2570 1244 fructum,
2602 1188 2790 1250 purgat
2822 1179 3073 1249 agricola,
3121 1186 3185 1233 ut
3229 1178 3458 1234 fructum
3488 1179 3606 1249 plus
3634 1178 3766 1233 affeo

2183 1283 2282 1327 rat.
2328 1272 2452 1327 Fert
2478 1272 2725 1335 fructum,
2758 1272 2881 1342 quia
2923 1271 3152 1326 mundus
3196 1280 3311 1336 est;
3361 1280 3520 1340 atque
3565 1279 3621 1324 ut
3644 1270 3767 1341 plus

2182 1365 2388 1433 atl'erat,
2418 1375 2671 1436 purgatur
2697 1365 2890 1419 adhuc.
2917 1364 3049 1431 Quis
3075 1365 3217 1419 enim
3243 1372 3327 1418 est
3351 1364 3404 1417 in
3431 1363 3529 1417 hac
3555 1362 3660 1416 vita
3685 1363 3768 1417 sic

2184 1455 2434 1521 mundus,
2464 1464 2519 1509 ιιι
2541 1470 2647 1509 non
2677 1455 2746 1509 sit
2769 1454 2936 1524 magis
2962 1454 3235 1524 magisque
3258 1450 3636 1507 mandandus?
3661 1452 3766 1507 Ubi

2190 1565 2208 1598 ι
2238 1547 2282 1601 si
2306 1546 2601 1601 dixerimus
2626 1545 2747 1615 quia
2771 1553 3045 1615 peccatum
3074 1559 3178 1597 non
3200 1542 3477 1609 habemus,
3501 1557 3598 1597 nos
3619 1543 3768 1612 ipsos

2185 1639 2508 1702 seducimus,
2535 1647 2588 1693 et
2614 1639 2809 1693 veritas
2831 1638 2886 1692 in
2910 1638 3060 1692 nobis
3088 1651 3192 1692 non
3223 1645 3305 1691 est
3328 1655 3342 1689 :
3369 1636 3413 1689 si
3438 1646 3615 1690 autem
3635 1650 3767 1691 con-

2187 1729 2308 1784 fessi
2337 1729 2589 1785 fuerimus
2612 1739 2827 1799 peccata
2850 1736 3051 1791 nostra,
3082 1726 3251 1781 fidelis
3274 1735 3356 1781 est
3385 1736 3439 1781 et
3460 1725 3649 1795 justus,
3675 1726 3771 1796 qui

2185 1821 2414 1876 dimittat
2442 1821 2597 1876 nobis
2634 1828 2868 1891 peccata,
2913 1828 2968 1874 et
2996 1816 3215 1873 mundet
3254 1832 3353 1873 nos
3379 1818 3448 1872 ab
3491 1818 3635 1872 omni
3667 1815 3773 1871 ini-

2186 1912 2385 1982 quitate
2404 1930 2422 1963 ι
2449 1911 2494 1980 (1
2515 1910 2670 1965 .loan.
2696 1910 2921 1980 1,8,9):
2950 1908 3167 1963 mundet
3194 1909 3373 1977 utique
3398 1907 3642 1969 mundos,
3666 1904 3773 1961 hoc

2188 2012 2271 2058 est
2316 2002 2637 2064 fructuosos.
2690 2011 2749 2057 ut
2796 2011 2942 2056 tanto
2981 2001 3089 2056 sint
3130 2000 3532 2067 fructuosiores,
3571 2008 3775 2071 quanto

2187 2094 2382 2150 fuerint
2411 2094 2738 2148 mUndiores.

2259 2187 2312 2241 5.
2350 2184 2472 2238 Jam
2499 2197 2585 2238 vos
2610 2182 2788 2237 mundi
2815 2182 2933 2236 estis
2958 2190 3161 2253 propter
3178 2182 3382 2235 verbum
3410 2180 3548 2250 quod
3576 2180 3777 2234 locutus

2188 2294 2300 2330 sum
2327 2276 2480 2331 vobis.
2512 2275 2687 2343 Quare
2728 2290 2831 2329 non
2875 2274 2989 2342 ait,
3027 2274 3207 2328 mundi
3249 2274 3378 2327 estis
3422 2281 3638 2343 propter
3676 2271 3781 2326 Ba-

2191 2369 2440 2437 ptismum
2470 2381 2575 2438 quo
2603 2366 2695 2421 loti
2722 2367 2851 2421 estis
2874 2407 2889 2429 ,
2920 2365 3012 2421 sed
3041 2366 3113 2419 ait
3132 2406 3146 2428 ,
3182 2373 3387 2435 propter
3409 2362 3609 2417 verbum
3637 2362 3779 2431 quod

2191 2458 2388 2511 locutus
2413 2474 2528 2512 sum
2556 2456 2729 2522 vobis;
2771 2456 2872 2510 nisi
2898 2456 3017 2527 quia
3046 2466 3100 2511 et
3130 2456 3181 2509 in
3210 2470 3343 2524 aqua
3372 2455 3589 2509 verbum
3623 2469 3783 2507 mun-

2190 2549 2318 2604 dat?
2345 2549 2573 2604 Detrahe
2596 2548 2837 2613 verbum,
2860 2557 2914 2602 et
2939 2546 3064 2617 quid
3090 2555 3169 2602 est
3190 2558 3323 2616 aqua
3347 2545 3450 2599 nisi
3474 2545 3649 2614 aqua?
3671 2545 3782 2599 Ac-

2192 2641 2336 2696 cedit
2373 2641 2594 2696 verbum
2635 2640 2705 2694 ad
2752 2639 3110 2719 elementum,
3158 2648 3212 2693 et
3255 2638 3312 2691 lit
3348 2636 3781 2700 Sacramentmn,

2194 2735 2353 2788 etiam
2399 2734 2569 2803 ipsum
2615 2741 2865 2802 tanquam
2896 2732 3108 2787 visibile
3137 2731 3377 2785 verbum.
3423 2730 3551 2784 Nam
3594 2727 3785 2783 ethoc

2197 2826 2377 2895 utique
2403 2822 2627 2887 dixerat,
2660 2822 2869 2893 quando
2900 2822 3063 2892 pedes
3082 2821 3355 2891 discipulis
3383 2821 3508 2874 lavit
3537 2839 3550 2874 :
3580 2819 3686 2883 Qui
3708 2820 3788 2871 lo-

2197 2925 2277 2970 tus
2314 2924 2405 2979 est,
2438 2932 2538 2968 non
2568 2915 2754 2986 indiget
2781 2914 2877 2967 nisi
2902 2921 2960 2966 ut
2980 2912 3129 2982 pedes
3158 2911 3308 2977 lavet,
3339 2910 3427 2965 sed
3455 2921 3526 2964 est
3563 2909 3789 2963 mundus

2199 3017 2333 3063 totus
2359 3007 2535 3079 (Joan.
2566 3023 2679 3071 xm,
2714 3007 2824 3080 i0).
2858 3005 3006 3062 Unde
3036 3004 3132 3059 ista
3162 3014 3306 3058 tanta
3332 3003 3498 3057 virtus
3524 3017 3699 3071 aquas,
3730 3010 3790 3055 ut

2198 3114 2392 3170 Carpus
2420 3107 2597 3170 tangat
2620 3109 2673 3153 et
2701 3113 2794 3152 cor
2820 3098 3019 3162 abluat,
3051 3097 3150 3150 nisi
3178 3096 3404 3150 faciente
3432 3094 3599 3148 verbo
3628 3111 3642 3148 :
3670 3108 3783 3147 non

2199 3191 2320 3260 quia
2347 3189 2553 3255 dicitur,
2581 3189 2674 3244 sed
2702 3189 2821 3259 quia
2840 3188 3079 3243 creditur
3095 3188 3121 3241 *ἒ
3139 3185 3269 3242 Nam
3293 3194 3348 3242 et
3375 3187 3426 3241 in
3456 3187 3571 3256 ipso
3595 3185 3787 3247 verbo,

2200 3281 2341 3335 aliud
2368 3288 2450 3335 est
2487 3296 2651 3335 sonus
2697 3279 2962 3334 transiens
2982 3321 2998 3342 ,
3029 3278 3171 3333 aliud
3201 3278 3366 3332 virtus
3396 3292 3636 3331 manens.
3676 3275 3793 3330 lloe

2201 3381 2273 3427 est
2300 3373 2506 3426 verbum
2536 3370 2656 3441 ﬁdei
2682 3370 2823 3442 quod
2850 3371 3203 3440 prcedicamus,
3232 3369 3310 3423 ait
3338 3368 3640 3438 Apostolus,
3669 3366 3794 3436 quia

2201 3463 2245 3517 si
2274 3466 2532 3533 confessus
2562 3461 2721 3533 fueris
2761 3462 2815 3515 in
2854 3476 2941 3515 ore
2966 3472 3053 3515 tuo
3080 3461 3199 3531 quia
3236 3459 3489 3513 Dominus
3519 3467 3589 3512 est
3613 3456 3789 3523 Iesus,

2204 3562 2247 3607 et
2274 3552 2546 3607 credideris
2574 3553 2625 3605 in
2660 3550 2811 3604 corde
2849 3561 2937 3603 tua
2980 3551 3098 3621 quia
3126 3549 3263 3604 Deus
3298 3549 3448 3603 illum
3472 3548 3733 3603 suscitavit
3761 3565 3795 3601 a

2203 3644 2411 3697 mortuis
2435 3684 2451 3709 ,
2482 3642 2652 3695 salvus
2678 3642 2795 3695 eris.
2828 3638 2992 3695 Corde
3017 3643 3149 3694 enim
3177 3641 3399 3694 creditur
3423 3639 3491 3692 ad
3504 3639 3790 3710 justitiam,

2203 3752 2288 3790 ore
2310 3744 2477 3790 autem
2497 3735 2744 3807 confessio
2766 3735 2823 3804 ﬁt
2843 3733 2912 3787 ad
2932 3734 3142 3788 salutem
3169 3732 3343 3804 (Rom.
3370 3750 3424 3799 ιι,
3447 3732 3614 3803 8-10).
3642 3731 3795 3787 Unde

2205 3830 2256 3884 in
2287 3830 2507 3884 Actibus
2534 3828 2909 3898 Apostolorum
2940 3827 3134 3897 legitur
3153 3868 3166 3892 ,
3204 3824 3335 3880 Fide
3362 3825 3610 3879 mandans
3636 3824 3796 3878 corda

2204 3937 2376 3974 eorum
2406 3920 2539 3991 (Act.
2570 3936 2661 3986 xv,
2686 3918 2742 3991 9)
2774 3936 2786 3972 :
2814 3929 2867 3974 et
2894 3919 2944 3973 in
2968 3918 3203 3988 Epistula
3229 3933 3324 3972 sua
3351 3918 3536 3973 beatus
3560 3916 3754 3971 Petrus
3775 3958 3790 3982 ,

2206 4012 2295 4068 Sic
2322 4023 2369 4067 et
2399 4029 2483 4066 vos
2512 4054 2526 4077 ,
2557 4012 2727 4082 inquit
2751 4054 2766 4079 ,
2794 4011 3055 4083 Baptisnta
3097 4011 3262 4064 salvos
3305 4010 3467 4081 facit;
3496 4026 3595 4062 non
3625 4008 3796 4061 carnis

2205 4105 2450 4174 depositio
2496 4104 2723 4158 sordium
2748 4146 2763 4172 ,
2809 4104 2897 4157 sed
2935 4103 3251 4157 conscientia
3288 4102 3431 4156 bona:
3466 4100 3796 4171 interrogatio

2208 4195 2246 4269 (I
2268 4195 2411 4250 Petr.
2442 4212 2516 4262 ut,
2540 4196 2653 4267 21).
2678 4195 2791 4249 Hoc
2810 4206 2882 4249 est
2902 4195 3100 4249 verbum
3121 4194 3238 4263 ﬁdet
3259 4194 3393 4265 quod
3414 4194 3757 4263 prardicamus"
3779 4208 3797 4246 :

2206 4302 2312 4358 quo
2335 4288 2449 4343 sine
2476 4287 2637 4343 dubio
2663 4297 2720 4342 ut
2744 4288 3001 4342 mundare
3033 4288 3218 4357 possit,
3242 4294 3585 4341 consecratur
3611 4294 3662 4339 ct
3690 4284 3798 4338 Ba-

2207 4378 2450 4449 ptismus.
2481 4378 2729 4433 Christus
2758 4378 2953 4448 quippe
2990 4378 3263 4432 nobiscum
3292 4377 3411 4430 vitis
3436 4419 3449 4437 ,
3482 4392 3603 4429 cum
3632 4376 3792 4430 Patre

2208 4470 2433 4542 agricola
2460 4513 2475 4537 ,
2504 4470 2679 4526 dilexit
2711 4470 3008 4534 Ecclesium,
3039 4478 3084 4522 et
3114 4469 3333 4541 scipsum
3362 4468 3568 4521 tradidit
3594 4483 3686 4537 pro
3710 4483 3794 4520 ea.

2206 4564 2347 4634 Lege
2395 4565 2704 4633 Apostolum
2738 4604 2752 4627 ,
2785 4574 2839 4617 et
2879 4562 2999 4616 vide
3041 4560 3168 4632 quid
3222 4560 3519 4630 atljnngat:
3580 4558 3647 4613 Ut
3687 4574 3801 4611 eant

2206 4656 2560 4725 sancti/icaret,
2602 4655 2802 4725 inquit,
2855 4653 3105 4707 inundans
3148 4669 3259 4706 eam
3301 4652 3501 4706 lavacro
3543 4666 3691 4720 aqua
3744 4650 3800 4703 in

2208 4748 2353 4802 verbo
2380 4744 2595 4818 (Ep/tes.
2628 4763 2690 4812 v,
2726 4745 2937 4816 25-26).
2967 4744 3234 4799 Mundatio
3264 4744 3422 4814 igitur
3462 4756 3799 4812 nequaquam
3880 4762 3893 4811 ς

2210 4838 2351 4892 ﬂuxo
2378 4846 2433 4892 et
2465 4837 2609 4892 labili
2644 4837 2961 4892 tribueretur
2990 4837 3256 4891 elemento
3281 4876 3294 4896 ,
3328 4834 3432 4889 nisi
3472 4832 3761 4889 adderetur
3795 4870 3813 4897 ,
3874 4838 3891 4861 δ

2209 4929 2260 4982 in
2283 4928 2445 4983 verba.
2489 4930 2601 4983 lloc
2642 4928 2860 4983 verbum
2903 4927 3022 4982 fidei
3054 4937 3255 4981 tantum
3297 4927 3436 4981 valet
3476 4927 3527 4979 in
3559 4921 3815 4980 Ecclesia

2212 5020 2340 5087 Dei,
2375 5030 2431 5074 ut
2460 5036 2552 5090 per
2592 5020 2763 5089 ipsum
2806 5018 3110 5073 credentem
3157 5019 3172 5049 ‘
3197 5059 3213 5083 ,
3244 5017 3555 5071 oll‘crcntem
3577 5058 3591 5082 ,
3625 5015 3729 5070 ben
3752 5024 3815 5065 e-

2210 5112 2506 5178 dicentem,
2539 5111 2828 5180 tingentcm
2851 5152 2866 5176 ,
2896 5111 3055 5165 etiam
3089 5109 3348 5163 tantillum
3380 5108 3600 5163 mundet
3623 5105 3735 5161 infa
3753 5117 3820 5157 n-

2213 5212 2356 5267 tem;
2406 5202 2647 5273 quamvis
2679 5202 2911 5256 nondum
2960 5203 3221 5256 valentem
3265 5200 3428 5255 corde
3466 5198 3688 5253 credere
3746 5192 3814 5247 ad

2206 5293 2494 5364 justitiam,
2538 5302 2591 5348 ct
2616 5308 2709 5347 ore
2737 5294 2975 5347 cantitcri
3015 5292 3080 5345 ad
3110 5292 3356 5345 salutem.
3390 5292 3579 5344 'l'otum
3608 5289 3713 5343 hoc
3746 5291 3803 5343 tit

2212 5402 2308 5457 per
2354 5386 2604 5449 verbum,
2634 5384 2703 5440 de
2739 5400 2844 5454 quo
2891 5383 3145 5438 Dominus
3189 5381 3298 5445 ait,
3344 5381 3464 5435 Jam
3493 5396 3579 5435 vos
3619 5379 3802 5435 mundi

2212 5477 2329 5531 estis
2362 5486 2563 5547 propter
2588 5476 2789 5529 verbum
2815 5474 2947 5545 quod
2977 5474 3175 5527 locutus
3204 5489 3316 5545 sum
3341 5471 3497 5525 vobis.

2282 5720 2296 5752 ⁸
2324 5725 2457 5779 t.ov.,
2480 5719 2737 5784 pergipsam
2752 5718 3040 5784 credentem.
3066 5717 3183 5768 Fditi
3200 5716 3299 5776 alii,
3324 5728 3412 5780 per
3424 5714 3585 5784 ipsum
3604 5714 3802 5766 creden-

2216 5785 2312 5834 tem
2324 5793 2345 5843 ;
2366 5768 2783 5833 cotis'entiéntibus
2804 5789 2930 5840 Mss,
2954 5782 3036 5843 qui
3059 5786 3229 5831 carent
3251 5768 3388 5841 voce,
3415 5768 3704 5842 offerentem.
3835 5768 3855 5800 ⁸
