4102 6484
327 347 458 402 1841

787 454 1191 514 TRACTATLS
1226 455 1463 510 LXXXI.

331 553 406 608 De
433 568 489 607 eo
516 550 654 622 quod
679 550 780 615 ait,
805 549 1012 604 Manete
1038 549 1092 602 in
1121 563 1239 612 me,
1264 556 1318 602 et
1342 562 1440 616 ego
1462 545 1515 600 in
1543 543 1729 613 vobis;
1757 557 1910 610 usque

399 644 468 697 ad
489 643 566 708 id,
598 641 978 710 Quodcumque
1000 639 1272 696 volueritis
1293 637 1481 708 petetis
1501 677 1515 701 ,
1543 645 1596 691 et
1623 636 1713 690 lict
1734 633 1905 688 vobis.

399 734 527 803 Cap.
558 750 660 799 xv,
707 734 780 803 Ῡ.
806 733 927 787 4-7.

402 826 455 878 1.
497 823 669 878 Vitem
705 838 763 878 se
803 821 943 878 dixit
983 837 1102 877 esse
1144 821 1327 886 Iesus,
1357 828 1410 874 et
1452 819 1741 888 discipulos
1781 831 1908 872 suos

330 916 596 986 palmites,
617 923 670 970 et
689 915 972 986 agricolam
996 915 1204 970 Patrem
1231 933 1244 968 :
1274 913 1410 969 unde
1431 911 1747 982 jampridem
1773 911 1911 964 sicut

330 1007 598 1074 potuimus
625 1007 951 1076 disputatum
980 1014 1080 1061 est.
1103 1007 1161 1060 ιη
1187 1005 1285 1060 hac
1310 1013 1484 1058 autem
1511 1003 1758 1067 lectione,
1787 1017 1908 1056 cum

326 1095 504 1150 adhuc
531 1096 598 1153 de
627 1096 802 1165 seipso
831 1096 920 1165 qui
961 1105 1042 1150 est
1065 1095 1212 1159 vilis,
1244 1108 1299 1148 et
1331 1094 1398 1148 de
1427 1093 1539 1148 suis
1566 1093 1865 1162 palmitibus
1889 1133 1906 1159 ,

330 1185 434 1240 hoc
460 1195 541 1241 est
564 1187 836 1254 discipulis
865 1187 1167 1256 loqueretur
1191 1205 1203 1238 :
1238 1185 1437 1239 Maneto
1455 1185 1698 1254 ,.inquit,
1727 1184 1779 1237 in
1806 1201 1906 1249 me,

327 1286 373 1328 et
399 1292 489 1346 ego
519 1276 568 1328 in
592 1275 746 1332 vobis.
778 1275 892 1330 Non
916 1291 981 1329 eo
1007 1275 1162 1329 modo
1189 1275 1262 1328 illi
1288 1275 1338 1328 in
1371 1275 1484 1344 ipso
1508 1316 1522 1341 ,
1552 1275 1688 1328 sicut
1717 1274 1828 1344 ipse
1857 1273 1907 1327 in

329 1366 452 1421 illis.
485 1365 780 1436 Utrumque
809 1376 982 1426 autem
1015 1365 1228 1436 prodest
1259 1381 1360 1418 non
1391 1365 1489 1434 ipsi
1513 1407 1527 1427 ,
1555 1365 1647 1418 sed
1681 1364 1803 1417 illis.
1836 1363 1908 1422 ita

327 1458 524 1527 quippe
553 1459 606 1512 in
635 1458 741 1513 vite
783 1467 905 1513 sunt
936 1457 1176 1528 palmites
1197 1500 1212 1522 ,
1245 1466 1301 1511 ut
1331 1457 1420 1510 viti
1448 1471 1553 1511 non
1593 1455 1906 1519 conferant,

327 1548 423 1605 sed
465 1548 594 1602 inde
649 1548 910 1618 accipiant
937 1548 1075 1602 unde
1103 1547 1276 1604 vivant
1302 1566 1313 1606 :
1347 1547 1418 1600 ita
1447 1561 1574 1600 vero
1604 1545 1722 1598 vitis
1749 1553 1831 1601 est
1858 1546 1906 1597 in

328 1638 662 1709 palmitibus,
686 1646 743 1692 ut
770 1638 930 1694 vitale
955 1638 1263 1692 alimentum
1291 1636 1653 1692 subministret
1677 1635 1773 1700 eis,
1803 1650 1906 1688 non

329 1740 504 1785 sumat
527 1731 595 1786 ab
617 1732 716 1786 eis.
743 1732 820 1786 Ac
851 1747 946 1800 per
973 1730 1074 1786 hoc
1105 1738 1159 1785 et
1192 1738 1493 1786 manentem
1528 1729 1579 1783 in
1614 1743 1675 1783 se
1712 1727 1909 1782 habere

327 1824 630 1890 Christum,
675 1833 729 1879 et
773 1839 987 1878 manere
1017 1823 1069 1878 in
1103 1823 1337 1888 Christo,
1383 1821 1655 1891 discipulis
1692 1819 1910 1890 prodest

331 1924 644 1984 utrumque,
676 1930 782 1968 non
809 1913 1040 1968 Christo.
1068 1914 1198 1968 Nam
1227 1914 1449 1984 praeciso
1475 1913 1708 1982 palmite,
1738 1919 1911 1981 potest

327 2005 396 2079 de
424 2005 554 2060 viva.
581 2004 757 2060 radice
802 2005 936 2059 alius
983 2005 1278 2074 pullulare;
1310 2006 1399 2076 qui
1437 2015 1614 2060 autem
1659 2005 1909 2072 praecisus

329 2104 412 2150 est
433 2136 451 2162 ,
481 2096 598 2151 sine
623 2095 800 2151 radice
828 2112 932 2151 non
956 2105 1131 2169 potest
1161 2096 1357 2152 vivere.

398 2185 456 2239 2.
497 2185 735 2257 Denique
759 2185 995 2257 adjungit
1023 2195 1076 2242 et
1102 2186 1265 2242 dicit:
1300 2186 1444 2242 Sicut
1473 2187 1664 2258 palmes
1686 2203 1785 2241 non
1814 2204 1909 2257 po-

329 2285 420 2329 test
449 2275 583 2344 [erre
608 2276 831 2345 fructum
859 2293 891 2330 a
914 2278 1210 2347 semetipso,
1232 2278 1328 2330 nisi
1355 2277 1588 2332 manserit
1617 2278 1668 2330 in
1690 2277 1819 2342 vite;
1838 2277 1911 2331 sic

329 2382 418 2420 uec
442 2381 527 2420 vos
543 2407 561 2431 ,
591 2367 687 2420 nisi
714 2367 766 2420 in
791 2383 868 2420 me
892 2369 1193 2422 manseritis.
1218 2369 1400 2440 Magna
1427 2370 1608 2440 gratize
1634 2385 1909 2424 commeau-

328 2456 495 2522 datio,
527 2456 720 2512 fratres
747 2457 888 2514 mei:
919 2459 1081 2513 corda
1108 2459 1320 2514 instruit
1350 2459 1657 2524 humilium,
1687 2475 1780 2516 ora
1809 2460 1910 2514 ob-

328 2549 487 2602 struit
514 2548 886 2618 superborum.
917 2551 1055 2606 Ecce
1080 2552 1188 2617 cui,
1220 2551 1266 2608 si
1290 2553 1507 2616 audent,
1530 2553 1906 2624 respondeant,

329 2639 420 2710 qui
448 2639 750 2708 ignorantes
778 2641 870 2694 Dei
895 2640 1175 2711 justitiam,
1204 2651 1258 2698 et
1280 2658 1429 2698 suam
1455 2643 1694 2698 volentes
1713 2642 1913 2698 consti-

328 2741 513 2797 tuere,
550 2733 772 2803 justitia:
810 2733 903 2789 Dei
941 2750 1047 2790 non
1088 2745 1211 2789 sunt
1249 2735 1474 2806 subjecti
1507 2736 1680 2802 (Rom.
1733 2753 1802 2800 x,
1828 2736 1908 2802 3).

331 2822 468 2878 Ecce
491 2824 580 2878 cui
600 2824 956 2894 reSpoudeant
980 2826 1077 2880 sibi
1107 2827 1394 2896 placentes,
1422 2837 1474 2882 et
1499 2827 1726 2882 ad.bona
1747 2843 1909 2896 opera

331 2913 570 2968 iacienda
593 2914 758 2970 Deum
787 2915 884 2970 sibi
915 2917 1272 2972 necessarium
1299 2932 1404 2971 non
1433 2926 1696 2986 putantes.
1725 2917 1911 2972 Nonne

331 3006 456 3064 huic
485 3009 740 3064 resistunt
767 3010 1010 3073 veritati,
1042 3008 1287 3064 homines
1317 3017 1494 3063 mente
1521 3011 1789 3084 corrupti,
1821 3024 1910 3068 re-

328 3100 485 3169 probi
511 3101 649 3157 circa
681 3102 836 3158 ﬁdem
864 3101 932 3172 (ll
962 3101 1096 3160 Tim.
1130 3117 1185 3157 tu
1205 3140 1222 3171 ,
1254 3101 1308 3176 8)
1329 3147 1360 3172 ,,
1389 3121 1490 3176 qut
1510 3106 1832 3175 respondent
1858 3115 1912 3160 et

330 3188 622 3262 loquuntur
662 3192 1024 3266 iniquitatem,
1078 3196 1316 3252 dicentes
1343 3213 1376 3253 :_
1409 3199 1452 3252 Α
1495 3197 1604 3252 Deo
1657 3196 1912 3253 habemus

329 3285 473 3355 quod
503 3286 744 3343 homines
772 3303 986 3354 sumus,
1020 3303 1056 3342 a
1080 3288 1232 3344 nobis
1256 3289 1386 3358 ipsis
1412 3297 1588 3344 autem
1618 3290 1758 3358 quod
1782 3289 1911 3358 justi

330 3377 554 3430 sumus?
598 3376 734 3444 Quid
779 3377 1124 3447 dicitis,.qui
1167 3393 1263 3432 vos
1305 3379 1450 3448 ipsos
1497 3378 1770 3448 deeipitis,
1803 3394 1910 3433 non

330 3476 660 3534 assertores,
694 3468 784 3523 sed
811 3467 1230 3540 prateipitatores
1260 3469 1413 3524 liberi
1438 3469 1678 3536 arbitrii,
1711 3485 1775 3524 es
1805 3471 1911 3524 alto

330 3558 575 3614 elationis
605 3574 698 3628 per
725 3560 898 3615 inania
925 3560 1350 3630 praesumptionis
1373 3601 1389 3624 ,
1419 3561 1471 3615 iu
1501 3559 1761 3630 profunda
1789 3560 1915 3616 sub-

330 3649 873 3720 mersionis?-Nempe
901 3665 1004 3705 vox
1033 3659 1206 3705 vestra
1235 3661 1349 3717 est,
1381 3650 1519 3720 quod
1546 3649 1706 3705 homo
1729 3666 1794 3705 ex
1827 3666 1914 3708 so—

331 3739 561 3808 metipso
582 3739 973 3809 l'acitjustitiam
999 3757 1012 3794 :
1041 3740 1142 3796 hoc
1161 3741 1423 3795 estalttun
1441 3742 1684 3796 elationis
1700 3751 1909 3798 vestrm.

330 3826 440 3884 Sed
478 3831 672 3886 veritas
710 3831 1056 3897 contradicit,
1091 3839 1145 3885 et
1181 3831 1342 3897 dicit,
1378 3829 1579 3885 Palmes
1615 3849 1714 3887 non
1755 3842 1914 3903 potest

331 3920 464 3988 ferre
499 3926 717 3992 fructum
740 3939 772 3977 a
811 3925 1106 3994 seruetipso,
1153 3923 1250 3976 nisi
1296 3923 1535 3978 manserit
1577 3924 1630 3978 in
1676 3924 1790 3976 uite.
1821 3923 1912 3979 ‘lte

332 4028 476 4069 nuttc
516 4029 613 4083 per
639 4014 898 4084 abrupta,
945 4023 1000 4069 et
1048 4030 1159 4070 non
1201 4015 1457 4069 habentes
1498 4015 1586 4068 ubi
1639 4015 1906 4085 ligamini,

333 4112 564 4158 ventosa.
599 4103 914 4174 loquacitate
933 4104 1227 4174 jactamini.
1270 4104 1394 4161 Haec
1423 4115 1549 4160 sunt
1575 4107 1747 4160 inania
1779 4123 1914 4176 prte-

333 4195 649 4263 sumpti0nis
686 4205 896 4251 vestrm.
926 4194 1034 4249 Sed
1055 4195 1182 4265 quid
1210 4210 1305 4250 vos
1334 4205 1586 4265 sequatur
1609 4196 1817 4262 videte,
1861 4204 1914 4252 et

333 4289 376 4339 si
405 4293 486 4339 est
507 4285 559 4338 in
589 4285 742 4341 vobis
771 4286 909 4341 ullus
942 4300 1130 4341 sensus
1149 4327 1164 4352 ,
1195 4287 1426 4342 horrete.
1458 4287 1558 4356 Qui
1587 4288 1728 4343 enim
1757 4303 1787 4342 a
1823 4303 1912 4344 se-

335 4378 563 4448 metipso
590 4393 648 4432 se
676 4377 902 4433 fruetum
937 4379 1202 4434 existimat
1239 4377 1409 4445 ferre,
1442 4379 1494 4434 in
1527 4379 1630 4434 vite
1659 4395 1763 4434 non
1790 4390 1909 4448 est;

332 4469 418 4536 qui
444 4469 498 4522 in
523 4469 631 4524 vite
656 4485 762 4524 non
791 4479 873 4525 est
891 4511 904 4536 ,
936 4471 988 4525 in
1017 4467 1228 4526 Christo
1254 4486 1358 4527 non
1381 4473 1607 4542 est;.qui
1631 4473 1683 4526 in
1703 4472 1914 4530 Christo

335 4575 436 4614 non
483 4570 600 4628 est,
643 4560 964 4618 christianus
1017 4577 1122 4618 non
1169 4573 1273 4618 est.
1322 4564 1447 4620 Haec
1486 4573 1613 4620 sunt
1653 4565 1913 4636 profunda

333 4651 717 4708 submersionis
739 4663 950 4712 vestrae.

400 4745 455 4798 ὅ.
497 4740 676 4800 Etiam
700 4755 859 4816 atque
891 4746 1050 4802 etiam
1078 4746 1411 4803 considerate
1452 4748 1576 4818 quid
1601 4749 1776 4804 adhuc
1818 4765 1912 4804 ve-

333 4837 462 4890 ritas
486 4837 738 4908 adjungat
761 4846 814 4894 et
833 4838 1006 4894 dicat:
1034 4838 1299 4911 Egosum,
1320 4840 1505 4911 inquit,
1537 4841 1669 4909 uitis,
1692 4859 1776 4896 vos
1797 4844 1912 4913 pal-

333 4929 492 4981 mites.
525 4929 628 4996 Qui
651 4939 816 4985 manet
844 4931 1022 4996 inme,
1054 4941 1101 4985 et
1127 4948 1217 5002 ego
1257 4932 1308 4984 iu
1332 4947 1391 4986 eo
1411 4974 1426 4998 ,
1453 4933 1540 4986 hic
1569 4935 1664 5004 fert
1694 4934 1914 5003 fructum

333 5018 544 5073 multum
562 5036 582 5075 :
609 5021 728 5092 quia
746 5022 854 5076 sine
871 5031 951 5075 me
969 5021 1096 5076 nini!
1115 5023 1318 5092 potestis
1339 5027 1522 5091 facere.
1541 5023 1617 5079 Ne
1637 5025 1912 5095 quisquam

332 5119 544 5179 putaret
579 5112 769 5167 saltem
807 5129 1027 5183 parvum
1061 5114 1291 5184 aliquem
1327 5114 1556 5170 fructum
1581 5131 1739 5185 posse
1768 5132 1798 5169 a
1821 5131 1912 5171 se-

334 5202 558 5272 metipso
579 5203 848 5272 palmitem
874 5204 1034 5268 ferre,
1060 5220 1182 5260 cum
1207 5204 1448 5268 dixisset,
1478 5207 1559 5260 hic
1577 5210 1672 5273 fert
1692 5210 1912 5276 fructum

333 5295 573 5358 multum,
607 5310 712 5350 non
738 5295 832 5362 ait,
858 5297 980 5366 quia
1002 5297 1116 5351 sine
1140 5311 1227 5352 me
1251 5311 1440 5366 parum
1461 5298 1680 5366 potestis
1703 5296 1876 5353 facere
1892 5314 1909 5364 -;

332 5386 424 5439 sed
442 5428 458 5450 ,
489 5386 620 5440 nihil
647 5389 850 5456 potestis
878 5391 1060 5458 facere.
1087 5387 1212 5444 Sive
1235 5403 1364 5459 ergo
1395 5405 1576 5458 parum
1593 5431 1608 5455 ,
1635 5389 1747 5445 sive
1770 5391 1912 5446 mul-

333 5484 472 5541 tum,
499 5476 618 5532 sine
659 5476 751 5532 illo
787 5477 903 5532 ﬁeri
947 5493 1054 5534 non
1099 5487 1308 5548 potest,
1335 5480 1451 5535 sine
1492 5493 1596 5550 quo
1636 5480 1768 5535 nihil
1799 5481 1912 5536 ﬁeri

334 5575 527 5634 potest.
556 5566 690 5634 Quia
715 5568 815 5624 etsi
847 5584 1032 5639 parum
1057 5569 1294 5624 attulerit
1323 5569 1545 5640 palmes,
1576 5585 1700 5626 eum
1728 5580 1916 5641 purgat

333 5658 561 5725 agricola
593 5668 651 5714 ut
687 5660 803 5730 plus
829 5659 1051 5715 allevat:
1095 5668 1272 5715 tamen
1304 5660 1404 5716 uisi
1443 5661 1494 5714 in
1525 5661 1630 5715 vite.
1661 5664 1916 5718 manserit

335 5759 384 5806 ct
414 5748 601 5806 vixerit
631 5749 696 5806 de
723 5751 904 5808 radice
927 5793 948 5823 ,
973 5752 1360 5823 quantumlibet
1399 5751 1684 5810 fructuma
1715 5764 1912 5812 semet;

1280 365 1284 370 -
1347 333 1757 406 TltACTATUS
1797 329 2054 386 Lxxxu.
2097 332 2319 386 carm"
2363 331 2474 386 xv.

3459 329 3595 386 1813

2017 444 2131 515 ipso
2159 457 2468 516 nonpolest
2507 446 2660 502 ferre.
2699 443 2951 513 Quamvis
2980 454 3153 499 autem
3183 444 3428 503 Christus
3473 445 3593 502 vitis

2016 552 2122 592 non
2148 547 2318 602 esset,
2345 539 2446 592 nisi
2475 539 2631 593 homo
2656 547 2830 603 esset;
2859 547 3032 594 tamen
3061 538 3214 592 istam
3233 539 3453 608 gratiam
3479 539 3594 607 pal-

2015 628 2232 685 mitibus
2263 646 2364 683 non
2393 630 2652 699 prteberet
2674 671 2691 696 ,
2723 630 2822 684 nisi
2850 630 3007 684 etiam
3038 631 3173 684 Deus
3200 621 3361 686 esset.
3392 629 3590 686 Verum

2015 719 2135 788 quia
2166 719 2236 772 ita
2262 721 2375 774 sine
2401 721 2497 774 ista
2521 721 2687 790 gratia
2718 736 2822 775 non
2848 730 3020 791 potest
3041 720 3180 788 vivi,
3209 729 3267 775 ut
3292 729 3346 776 et
3372 736 3515 776 mors
3540 721 3591 776 in

2016 817 2275 878 potestate
2314 810 2382 864 sit
2413 809 2563 864 liberi
2603 811 2848 865 arbitrii:
2892 811 2952 866 Si
2979 811 3091 880 quis
3125 811 3178 865 in
3221 828 3330 878 me,
3379 811 3550 882 inquit
3573 853 3589 876 ,

2015 916 2114 952 non
2139 901 2378 953 manserit
2402 942 2417 966 ,
2450 901 2668 953 mittetur
2696 900 2833 970 foras
2853 901 2980 954 sicut
3015 901 3246 971 palntes;
3276 910 3322 956 et
3359 912 3547 958 arescet
3571 919 3590 966 ;

2015 1000 2060 1043 et
2085 991 2317 1061 colligent
2349 1007 2496 1057 eum,
2534 1001 2580 1045 et
2619 991 2670 1045 in
2698 992 2862 1062 ignem
2891 994 3115 1059 mittent,
3153 995 3395 1053 etardet.
3427 995 3589 1066 Ligna

2016 1081 2190 1152 itaque
2226 1082 2346 1136 vitis
2375 1091 2524 1138 tanto
2549 1090 2671 1136 sunt
2697 1084 3178 1152 contemptibiliora
3201 1085 3245 1138 si
3274 1085 3327 1142 in
3355 1085 3459 1140 vite
3484 1100 3589 1146 nou

1971 1204 1973 1206 -
2015 1175 2336 1237 manserint,
2365 1183 2562 1242 quanto
2581 1175 2888 1245 gloriosiora
2915 1176 2960 1230 si
2986 1178 3312 1231 manserint:
3340 1177 3589 1246 denique,

2015 1265 2152 1320 sicut
2175 1266 2241 1321 de
2270 1266 2353 1322 his
2391 1267 2548 1322 etiam
2582 1282 2673 1336 per
2698 1266 3029 1324 Ezechielem
3067 1269 3379 1338 prophetam
3413 1271 3593 1327 Domi—

2016 1373 2115 1414 nus
2137 1357 2297 1424 dicit,
2329 1359 3108 1430 praecisauullisagricolarum
3141 1363 3322 1417 usibus
3346 1373 3586 1432 prosunt,

2017 1451 2172 1506 nullis
2198 1450 2468 1505 labrilihus
2503 1453 2749 1521 operibus
2785 1453 3106 1522 deputantur
3135 1453 3346 1524 (Ezech.
3377 1471 3479 1521 xv,
3509 1456 3591 1522 5).

2016 1545 2187 1604 Unum
2210 1545 2275 1600 de
2301 1545 2504 1601 duobus
2525 1547 2723 1616 palmiti
2748 1548 3010 1618 congruit,
3031 1556 3123 1603 aut
3147 1548 3288 1616 vitis,
3309 1557 3399 1604 ant
3421 1548 3588 1619 ignis:

2014 1637 2059 1688 si
2084 1635 2134 1690 in
2162 1636 2267 1691 vite
2305 1652 2409 1691 non
2449 1645 2564 1705 est,
2602 1637 2654 1691 in
2683 1637 2802 1708 igne
2827 1637 2965 1696 erit:
3000 1646 3210 1708 ut-crgo
3247 1638 3299 1694 in
3329 1639 3447 1710 igne
3487 1655 3591 1694 non

2015 1728 2120 1793 sit,
2154 1729 2204 1782 in
2233 1729 2337 1782 vite
2367 1728 2454 1783 sit.

2084 1819 2136 1873 4.
2171 1819 2233 1874 Si
2259 1819 2538 1873 manseritis
2568 1819 2618 1874 in
2644 1836 2749 1886 me,
2779 1819 2979 1890 inquit,
3007 1828 3054 1874 et
3081 1821 3225 1874 verba
3249 1837 3360 1874 mea
3379 1821 3430 1874 in
3461 1821 3594 1876 vobis

2015 1912 2316 1977 manserint,
2347 1912 2695 1981 quodcumque
2719 1912 2970 1966 volueritis
2997 1913 3172 1982 petatis
3192 1953 3206 1976 ,
3243 1921 3288 1966 ct
3319 1913 3402 1980 ﬁet
3432 1913 3590 1966 vobis.

2014 2001 2273 2055 Manendo
2310 2001 2505 2071 quippe
2549 2002 2598 2056 in
2626 2000 2873 2067 Christo,
2904 2002 3030 2073 quid
3059 2003 3192 2058 velle
3231 2011 3451 2073 possunt
3489 2001 3592 2057 nisi

2015 2091 2154 2160 quod
2179 2093 2427 2147 convenit
2459 2091 2707 2147 Christo?
2734 2092 2870 2160 Quid
2897 2093 3031 2148 velle
3063 2103 3280 2162 possunt
3321 2093 3585 2149 manendo

2016 2183 2069 2237 in
2111 2183 2416 2249 Salvatore,
2459 2184 2559 2239 nisi
2605 2183 2744 2256 quod
2785 2200 2898 2239 non
2935 2192 3017 2240 est
3045 2185 3275 2239 alienum
3321 2201 3350 2239 a
3381 2186 3593 2240 salute?

2016 2273 2170 2329 Aliud
2198 2275 2391 2344 quippe
2418 2275 2662 2330 volumus
2680 2276 2802 2345 quia
2826 2290 3008 2329 sumus
3036 2275 3089 2330 in
3116 2275 3346 2340 Christo,
3381 2284 3434 2330 et
3453 2277 3595 2331 aliud

2017 2363 2260 2418 volumus
2288 2364 2408 2434 quia
2448 2379 2629 2418 sumus
2654 2364 2830 2420 adhuc
2865 2364 2916 2418 in
2947 2365 3049 2419 hoc
3085 2367 3300 2420 sarculo.
3337 2367 3411 2420 De
3437 2382 3592 2420 man.-

2015 2455 2165 2510 sione
2195 2471 2424 2525 namque
2455 2455 2610 2526 hujus
2635 2457 2814 2510 smeuli
2843 2456 2996 2511 nobis
3020 2455 3305 2526 aliquando
3335 2456 3592 2525 subrepit,

2017 2555 2075 2601 ut
2104 2547 2205 2602 hoc
2251 2555 2492 2616 petamus
2528 2548 2670 2619 quod
2697 2547 2850 2603 nobis
2887 2563 2991 2603 non
3031 2547 3280 2617 expedire
3306 2549 3593 2603 nescimus.

2014 2636 2120 2692 Sed
2151 2638 2287 2692 absit
2329 2648 2386 2693 ut
2409 2638 2501 2693 [lat
2538 2638 2690 2695 nobis
2710 2680 2726 2705 ,
2755 2639 2800 2692 si
2825 2652 3104 2694 manemus
3133 2638 3193 2703 in
3218 2637 3427 2696 Christo
3451 2681 3465 2704 ,
3506 2639 3596 2708 qui

2018 2745 2123 2784 non
2164 2729 2286 2786 facit
2314 2730 2527 2800 quando
2567 2730 2831 2800 petimus,
2864 2729 2964 2786 nisi
2992 2729 3133 2801 quod
3177 2731 3391 2799 exliedit
3418 2732 3594 2786 nobis.

2016 2820 2289 2877 Manentes
2332 2836 2459 2892 ergo
2502 2821 2554 2875 in
2597 2836 2696 2887 eo,
2725 2835 2846 2876 cum
2889 2821 3056 2877 verba
3079 2821 3193 2891 ejus
3229 2823 3280 2876 in
3308 2821 3458 2875 nobis
3480 2837 3597 2882 ma—

2018 2918 2168 2980 nent.
2193 2909 2566 2986 quodcumque
2582 2912 2911 2971 voluerimus
2937 2897 3200 2987 petemus,
3228 2922 3282 2973 et
3309 2912 3398 2971 ﬁet
3420 2919 3596 2975 notas.

2017 3008 2148 3077 Quia
2192 3009 2249 3063 si.
2271 3009 2496 3079 petimus
2533 3019 2592 3065 et
2622 3025 2728 3065 non
2761 3009 2877 3073 lict,
2928 3025 3034 3064 non
3073 3008 3176 3064 hoc
3201 3010 3428 3080 petimus
3456 3012 3598 3081 quod

2018 3099 2177 3155 habet
2197 3101 2402 3155 mansio
2433 3102 2485 3156 in
2515 3117 2608 3168 eo,
2639 3117 2738 3157 nec
2765 3101 2909 3171 quod
2937 3101 3134 3156 habent
3161 3101 3319 3157 verba
3339 3102 3455 3172 ejus
3479 3119 3597 3172 qua:

2017 3200 2235 3245 manent
2263 3189 2316 3244 in
2343 3191 2532 3258 nobis;
2577 3191 2670 3248 sed
2699 3191 2839 3262 quod
2868 3192 3026 3247 habet
3050 3191 3312 3262 cupiditas
3359 3203 3412 3247 et
3446 3193 3598 3248 inlitt-

2015 3286 2173 3341 mitas
2193 3285 2390 3352 carnis,
2414 3301 2533 3357 quae
2554 3302 2658 3341 non
2679 3295 2760 3340 est
2780 3286 2833 3340 in
2853 3301 2938 3350 eo,
2967 3294 3021 3340 et
3049 3286 3229 3356 inqua
3251 3300 3358 3340 non
3380 3296 3599 3347 manent

2019 3377 2177 3431 verba
2206 3377 2341 3447 ejus.
2372 3376 2502 3431 Nam
2537 3378 2717 3447 utique
2744 3376 2812 3431 ad
2834 3376 2992 3432 verba
3021 3377 3140 3446 ejus
3177 3377 3406 3446 pertinet
3429 3377 3600 3431 oratio

2017 3467 2105 3522 illa
2131 3484 2288 3540 quam
2317 3469 2528 3536 docuit,
2559 3469 2649 3524 ubi
2678 3469 2903 3524 dicimus
2921 3511 2936 3536 ,
2967 3467 3124 3522 Pater
3149 3478 3334 3534 uoster,
3365 3469 3451 3539 qui
3475 3486 3527 3523 es
3548 3470 3601 3524 in

2017 3561 2153 3615 caelis
2197 3559 2409 3632 (Matth.
2439 3577 2528 3628 vt,
2560 3561 2640 3630 9.).
2685 3561 2767 3616 Ab
2813 3561 2971 3631 hujus
3021 3562 3276 3621 orationis
3324 3562 3500 3616 verbis
3544 3573 3600 3618 et

2018 3653 2398 3708 sensibusnon
2419 3653 3096 3724 recedamuspetitionibus
3122 3653 3340 3717 nostris,
3368 3662 3423 3708 et
3447 3653 3600 3724 quid-

2016 3742 2142 3813 quid
2173 3743 2478 3812 petierimus
2496 3785 2511 3808 ,
2531 3743 2658 3803 lict:
2671 3743 2842 3798 nobis.
2876 3743 3026 3798 Tune
3048 3743 3190 3798 enim
3219 3742 3446 3798 dicenda
3471 3754 3598 3797 sunt

2018 3834 2180 3890 verba
2220 3833 2414 3903 ejus-in
2463 3833 2617 3888 nobis
2662 3849 2906 3898 manere,
2952 3833 3166 3903 quando
3211 3831 3430 3886 facimus
3479 3849 3598 3901 qua:

2019 3926 2267 3994 prateepit
2287 3965 2304 3991 ,
2331 3933 2388 3980 et
2412 3924 2682 3994 diligimus
2709 3940 2828 3994 qua:
2859 3923 3100 3992 promisit
3124 3941 3138 3979 :
3168 3921 3379 3993 quando
3416 3931 3595 3982 autem

2016 4018 2177 4072 verba
2215 4016 2330 4086 ejus
2367 4026 2580 4072 manent
2606 4015 2658 4070 in
2703 4016 2992 4083 memoria,
3041 4031 3140 4070 nec
3177 4015 3516 4070 inveniuntur
3542 4012 3596 4068 in

2017 4110 2123 4164 vita
2143 4151 2159 4175 ,
2188 4124 2293 4164 non
2321 4117 2656 4179 computatur
2681 4096 2881 4178 palmes
2906 4108 2958 4162 in
2986 4107 3092 4162 vite
3111 4149 3126 4173 ,
3152 4107 3272 4177 quia
3302 4108 3464 4160 vitam
3491 4121 3597 4159 non

2017 4202 2234 4258 attrahit
2272 4218 2348 4256 ex,
2368 4200 2564 4256 radice.
2606 4199 2686 4254 Ad
2717 4199 2853 4254 hanc
2887 4198 3426 4253 differemiam—volet
3456 4196 3598 4266 quod

2018 4295 2272 4364 scriptum
2311 4301 2391 4348 est
2409 4334 2424 4359 ,
2470 4291 2533 4345 Et
2562 4291 2808 4346 memoria
2829 4289 3153 4344 retinentibus
3182 4287 3430 4341 mandata
3450 4289 3598 4356 ejus,

2019 4396 2072 4439 ut
2101 4387 2290 4457 faciant
2311 4401 2372 4439 ea
2399 4383 2566 4457 (Psal:
2598 4399 2669 4440 ett
2693 4425 2709 4450 ,
2742 4382 2854 4454 18).
2886 4381 3030 4436 Multi
3061 4381 3204 4435 enim
3229 4380 3486 4435 memoria
3519 4395 3579 4433 re

2020 4479 2217 4545 tinent,
2249 4485 2306 4531 ut
2342 4485 2717 4542 contemnant,
2746 4473 2828 4528 vel
2855 4475 3015 4530 etiam
3043 4473 3321 4529 derideant
3347 4482 3402 4528 et
3426 4488 3600 4542 oppu-

2017 4577 2183 4640 gnent
2207 4584 2290 4624 ea.
2321 4569 2376 4622 lu
2401 4568 2482 4621 bis
2501 4567 2661 4622 verba
2685 4566 2880 4621 Christi
2911 4581 3016 4621 non
3045 4573 3291 4631 manent,
3318 4565 3408 4635 qui
3433 4565 3600 4618 attin-

2017 4668 2149 4731 gunt
2172 4658 2594 4730 quodammodo,
2626 4671 2732 4712 non
2762 4657 3035 4712 cohznrent
3060 4675 3074 4712 :
3119 4666 3176 4714 et
3201 4656 3324 4712 ideo
3353 4655 3457 4710 illis
3493 4673 3598 4709 non

2017 4760 2174 4806 erunt
2198 4752 2250 4804 in
2280 4749 2594 4806 beneﬁcium
2618 4790 2633 4815 ,
2661 4747 2755 4803 sed
2784 4749 2837 4803 in
2865 4748 3245 4803 testimonium.
3279 4747 3344 4800 Et
3379 4746 3499 4815 quia
3525 4747 3601 4798 sic

2019 4843 2200 4896 insunt
2221 4841 2300 4895 eis
2329 4849 2388 4894 ut
2417 4854 2519 4894 nou
2546 4848 2795 4894 maneant
2822 4839 2873 4894 in
2900 4840 3008 4905 eis,
3038 4838 3104 4894 ad
3128 4838 3228 4894 hoc
3259 4845 3503 4892 tenentur
3530 4835 3598 4889 ab

2017 4934 2097 4988 eis
2119 4975 2135 5000 ,
2163 4941 2222 4987 ut
2241 4931 2544 5002 judicentur
2572 4945 2639 4986 es
2666 4930 2766 4987 eis.
3539 4920 3541 4922 ’

2459 5039 2867 5097 TRACTATUS
2903 5038 3162 5096 LXXXII;

2021 5157 2098 5212 De
2123 5174 2179 5211 eo
2205 5157 2340 5230 quod
2363 5155 2607 5213 Dominus
2628 5155 2767 5221 dicit,
2792 5153 2848 5209 In
2871 5153 2971 5209 hoc
2993 5152 3310 5209 clarilicatus
3336 5158 3418 5206 est
3447 5149 3605 5204 Pater

2091 5266 2262 5317 meus,
2296 5257 2353 5304 ut
2381 5248 2608 5306 fructum
2641 5247 2926 5318 plurimum
2955 5243 3221 5307 aﬂeratis;
3247 5257 3404 5314 usque
3429 5241 3495 5294 ad
3525 5239 3595 5294 id.

2015 5333 2018 5335 ’
2092 5344 2158 5398 Et
2186 5357 2376 5398 maneo
2401 5342 2450 5397 in
2481 5344 2596 5412 ejus
2621 5340 2930 5397 dilectione.
2955 5335 3082 5408 Cap.
3110 5353 3203 5405 xv,
3249 5336 3283 5406 ᾗ
3309 5375 3322 5389 .
3351 5335 3507 5392 8-l0.

2095 5480 2144 5535 Ι.
2173 5479 2339 5550 Magis
2362 5479 2633 5547 magisque
2660 5475 2901 5531 Salvator
2927 5473 3150 5544 gratiam
3191 5486 3294 5542 qua
3334 5471 3601 5528 salvantur

2021 5572 2292 5642 discipulis
2341 5569 2608 5641 loquendo
2648 5564 3032 5623 commendans
3082 5583 3094 5619 :
3141 5561 3209 5618 In
3249 5563 3363 5630 hoc,
3409 5561 3600 5631 inquit,

2021 5664 2326 5732 clari/ionius
2342 5673 2412 5721 est
2430 5661 2587 5720 Pater
2602 5668 2818 5727 nteus,ut
2827 5663 3050 5732 fructum
3069 5657 3342 5730 plurimum
3355 5653 3598 5722 all'eratis,

2024 5771 2067 5813 et
2098 5756 2390 5827 efﬁciamini
2416 5755 2511 5812 mei
2537 5753 2793 5825 discipuli.
2823 5752 2947 5810 Sive
2969 5751 3290 5824 glori/ianus
3311 5749 3422 5806 sive
3447 5747 3599 5802 clari-
