4030 6476
523 353 664 409 1843

524 473 704 538 ﬁcatus
723 467 948 535 dicatur,
972 481 1038 522 ex
1063 481 1168 520 uno
1191 478 1365 537 grzeco
1383 461 1547 517 verbo
1573 469 1852 528 utrumque
1873 454 2095 510 transla-

525 570 635 614 tum
669 569 780 626 εει,
808 558 949 629 quod
977 567 1058 612 est
1087 563 1294 623 δοξάζειν
1315 565 1439 620 Δόξα
1467 552 1608 608 enim
1645 567 1762 620 qua:
1801 563 1972 620 graece
2008 549 2092 602 di-

521 651 679 718 citur,
709 650 874 705 latine
912 648 1074 718 gloria
1110 655 1210 703 est.
1235 644 1385 712 Quod
1426 643 1545 698 ideo
1572 640 2093 697 commemorandum

521 741 857 805 existimavi,
884 739 1006 810 quia
1033 739 1160 792 dicit
1188 735 1490 806 Apostolus,
1523 733 1584 788 Si
1614 733 1867 786 Abraham
1893 747 1955 784 ea:
1976 747 2096 798 ope-

521 833 659 889 ribus
678 834 992 904 justiﬁcatus
1017 839 1106 894 est,
1137 830 1278 882 liabet
1313 827 1544 898 gloriam,
1565 825 1653 880 sed
1691 841 1789 878 non
1825 823 1892 878 ad
1930 823 2094 878 Deum

523 925 698 996 (llam.
728 941 799 990 tv,
825 925 904 993 2).
932 923 1053 977 Hmc
1073 921 1237 978 estad
1262 921 1430 976 Deum
1459 920 1622 990 gloria
1645 932 1745 988 qua
1770 915 2096 988 gloriﬁcatur

521 1033 628 1072 non
656 1017 833 1080 homo,
865 1015 957 1070 sed
992 1016 1148 1080 Deus,
1175 1015 1218 1068 si
1245 1028 1349 1068 non
1376 1029 1440 1068 cx
1481 1011 1747 1081 operibus,
1778 1010 1871 1064 scd
1899 1023 1963 1063 ex
1991 1007 2095 1062 ﬁde

517 1107 854 1175 justiﬁeatur,
875 1115 929 1159 nt
946 1123 1008 1160 ex
1034 1105 1141 1158 Deo
1158 1105 1229 1158 illi
1253 1105 1319 1157 sit
1338 1103 1475 1172 quod
1493 1103 1649 1156 etiam
1667 1101 1800 1154 bene
1815 1107 2090 1168 operatur:

521 1199 767 1266 quoniam
800 1198 1028 1268 palmes,
1061 1196 1195 1250 sicut
1218 1195 1326 1263 jam
1357 1193 1596 1260 superius
1625 1191 1765 1254 dixi,
1793 1205 1896 1243 non
1923 1196 2095 1258 potest

521 1287 661 1342 ferre
687 1288 909 1340 l'ructum
947 1302 974 1340 a
1008 1286 1294 1354 semetipso
1326 1283 1518 1354 (Tract.
1545 1281 1634 1348 8|,
1665 1296 1718 1334 ιι.
1745 1281 1822 1349 2).
1853 1279 1910 1335 Si
1952 1279 2092 1334 enim

519 1378 578 1434 in
606 1378 705 1434 hoc
742 1379 1056 1432 clariﬁcatus
1094 1388 1175 1432 est
1215 1379 1352 1431 Deus
1390 1376 1544 1430 Pater
1584 1385 1638 1428 ut
1665 1374 1885 1428 fructum
1924 1371 2090 1442 pluri-

520 1484 666 1522 mum
692 1469 995 1533 efferamus,
1036 1478 1088 1523 et
1128 1468 1419 1522 efﬁciamur
1452 1466 1644 1522 Christi
1679 1463 1955 1533 discipuli;
1989 1478 2092 1517 non

522 1560 626 1615 hoc
651 1562 832 1630 gloria:
873 1573 1067 1615 nostrae
1099 1561 1408 1626 tribuamus,
1443 1569 1687 1628 tanquam
1720 1559 1819 1612 hoc
1846 1572 1909 1611 ex
1943 1555 2094 1610 nobis

521 1652 653 1720 ipsis
682 1652 987 1706 habeamus.
1023 1653 1146 1722 Ejus
1175 1663 1258 1706 est
1286 1653 1424 1704 enim
1455 1651 1567 1705 haec
1593 1649 1778 1718 gratia,
1810 1655 1865 1701 ει
1893 1647 2011 1701 ideo
2041 1646 2092 1700 in

525 1741 627 1796 hoc
653 1757 758 1796 non
785 1753 983 1807 nostra,
1006 1743 1096 1796 sed
1123 1743 1236 1810 ejus
1263 1751 1342 1795 est
1365 1741 1548 1810 gloria.
1577 1739 1729 1795 Unde
1751 1747 1800 1793 et
1826 1738 1948 1792 alibi
1973 1753 2095 1792 cum

523 1832 764 1899 dixisset,
801 1834 888 1888 Sic
909 1837 1067 1886 luceat
1094 1835 1257 1886 lumen
1282 1842 1496 1885 vestrum
1518 1847 1688 1884 coram
1707 1829 2008 1894 hominibus,
2040 1837 2096 1881 ut

522 1923 724 1976 videant
769 1940 920 1992 opera
963 1935 1122 1976 vestra
1157 1923 1320 1986 bona;
1350 1938 1414 1975 ne
1452 1936 1483 1975 a
1523 1921 1817 1989 semetipsis
1851 1927 2098 1989 putarent

523 2029 643 2068 esse
672 2014 806 2070 bona
835 2029 992 2082 opera
1021 2028 1137 2079 sua,
1168 2027 1292 2066 mox
1328 2011 1546 2077 addidit,
1583 2009 1646 2064 Et
1675 2011 1955 2082 gloriﬁcent
1985 2009 2097 2063 Pa-

523 2115 650 2159 trem
691 2117 905 2157 vestrum
941 2105 1022 2174 qui
1049 2106 1100 2157 in
1126 2105 1260 2158 ctelis
1297 2113 1368 2157 est
1403 2101 1611 2171 (Matth.
1657 2117 1711 2166 ν,
1758 2101 1865 2170 lli).
1903 2101 1957 2154 ln
1998 2100 2098 2154 hoc

522 2197 663 2251 enim
703 2195 1027 2265 gloriﬁcatur
1059 2197 1210 2248 Pater
1249 2203 1304 2248 ut
1333 2193 1556 2248 fructum
1587 2192 1868 2263 plurimmn
1905 2191 2097 2247 al'l'era-

523 2302 665 2354 mus,
696 2297 750 2342 ει
779 2287 1071 2342 efﬁciamur
1095 2285 1289 2340 Christi
1312 2284 1576 2354 discipuli.
1608 2285 1649 2337 Α
1676 2299 1779 2352 quo
1817 2283 2096 2350 efﬁcimur,

524 2379 627 2432 nisi
662 2378 728 2431 ab
765 2378 854 2432 illo
888 2376 1040 2445 cujus
1079 2375 1433 2430 misericordia
1469 2375 1723 2443 prmvenit
1759 2373 1888 2426 nos?
1933 2371 2100 2442 Ipsius

525 2469 668 2524 enim
699 2468 1001 2538 ﬁgmentum
1029 2482 1232 2534 sumus,
1255 2467 1416 2522 creati
1440 2467 1489 2520 in
1512 2465 1724 2521 Christo
1747 2465 1870 2520 Jesu
1897 2466 1951 2518 in
1973 2479 2101 2534 ope-

527 2560 674 2615 ribus
703 2559 855 2614 bonis
887 2558 1097 2629 (Ep/tes.
1125 2575 1177 2623 tt,
1217 2558 1324 2629 l0).

596 2648 652 2708 ἢ.
681 2649 824 2704 Sicut
848 2649 1021 2702 dilexit
1047 2666 1125 2703 me
1157 2647 1334 2714 Pater,
1363 2649 1550 2718 inquit,
1591 2657 1636 2702 et
1675 2664 1764 2717 ego
1791 2647 1946 2700 dilexi
1971 2662 2055 2700 vos
2077 2664 2095 2701 :

524 2749 723 2794 manete
747 2741 796 2793 in
823 2739 1086 2794 dilectione
1109 2757 1236 2793 mea.
1269 2739 1407 2794 Ecce
1445 2738 1580 2793 unde
1611 2749 1726 2791 sunt
1762 2737 1912 2791 nobis
1942 2753 2101 2809 Opera

525 2832 684 2888 bona.
731 2832 863 2888 Nam
916 2833 1056 2888 unde
1099 2833 1250 2887 nobis
1297 2840 1493 2896 essent,
1541 2832 1637 2885 nisi
1670 2833 1792 2901 quia
1834 2833 1964 2887 ﬁdes
2010 2847 2104 2902 per

526 2923 865 2979 dilectionem
895 2934 1144 2994 Operatur
1174 2923 1364 2994 (Galat.
1395 2939 1444 2990 v,
1475 2923 1568 2993 6)?
1600 2921 1747 2979 Unde
1774 2932 1949 2978 autem
1981 2923 2103 2976 dili-

527 3028 793 3085 get-emus,
826 3014 926 3074 nisi
965 3015 1112 3084 prius
1144 3013 1526 3084 diligercmur?
1550 3013 1898 3082 Apertissimc
1922 3013 2023 3068 hoc
2051 3015 2101 3068 in

526 3107 761 3175 Epistola
805 3120 898 3158 sua
924 3106 1063 3159 idem
1108 3105 1208 3160 iste
1249 3105 1572 3175 evangelista
1617 3104 1750 3158 dixit
1784 3122 1796 3157 :
1838 3103 1950 3159 Nos
1988 3105 2106 3160 dili-

529 3214 708 3268 gamus
733 3195 896 3250 Deum
915 3238 928 3261 ,
963 3196 1200 3267 quoniam
1237 3197 1344 3267 ipse
1381 3196 1520 3267 prior
1552 3196 1727 3250 dilexit
1753 3211 1842 3249 nos
1873 3195 1918 3268 (l
1946 3195 2101 3251 Joan.

530 3306 606 3356 ιν,
638 3289 748 3361 19).
785 3289 934 3356 Quod
980 3299 1154 3343 autem
1181 3289 1288 3355 ait,
1330 3286 1473 3344 Sicut
1514 3288 1688 3342 dilexit
1726 3304 1806 3340 me
1841 3287 2015 3354 Pater,
2058 3299 2104 3341 et

530 3396 622 3451 ego
642 3380 797 3434 dilexi
813 3395 926 3443 vos;
947 3394 1050 3434 non
1069 3380 1418 3448 aequalitatem
1438 3387 1638 3435 natura:
1658 3379 1888 3434 ostendit
1910 3388 2103 3434 nostrm

530 3479 588 3526 et
628 3485 759 3535 sum,
795 3471 928 3525 sicut
966 3477 1049 3525 cst
1093 3469 1265 3525 Patris
1297 3479 1350 3526 et
1395 3470 1581 3539 ipsius,
1617 3468 1711 3523 sed
1740 3469 1960 3538 gratiam
2001 3485 2101 3540 qua

529 3560 791 3616 mediator
833 3560 927 3615 Dei
967 3567 1021 3614 et
1055 3559 1330 3614 hominum
1361 3567 1441 3614 est
1484 3559 1644 3613 homo
1668 3558 1911 3614 Christus
1948 3559 2104 3615 Jesus

529 3650 575 3721 (Ι
601 3650 734 3706 Tim.
769 3668 823 3718 ιι,
845 3652 923 3722 5).
948 3651 1201 3706 Mediator
1221 3653 1413 3722 quippe
1438 3659 1780 3716 monstratur,
1803 3667 1923 3706 cum
1952 3653 2098 3719 dicit,

526 3761 608 3800 me
645 3743 819 3811 Pater,
861 3755 908 3798 et
952 3761 1041 3815 ego
1072 3760 1158 3798 vos
1196 3745 1231 3796 ί.
1262 3744 1392 3798 Nam
1432 3744 1587 3799 Pater
1626 3743 1810 3813 utique
1847 3744 2013 3814 diligit
2049 3754 2102 3798 et

527 3850 647 3896 nos.
683 3835 777 3890 sed
821 3835 872 3888 in
913 3835 1057 3902 ipso;
1088 3835 1208 3903 quia
1249 3835 1300 3887 in
1336 3833 1438 3889 hoc
1473 3833 1798 3903 glorillcatur
1837 3834 2011 3898 Pater,
2045 3843 2100 3887 ut

525 3925 756 3980 fructum
787 3925 1069 3979 all'eramus
1093 3926 1144 3979 in
1169 3926 1292 3991 vite,
1319 3925 1416 3980 hoc
1443 3934 1526 3981 est
1549 3926 1601 3980 in
1632 3925 1790 3993 Filio,
1823 3934 1876 3981 et
1904 3925 2102 3980 cilicia-

527 4030 648 4068 tnur
675 4016 789 4085 ejus
817 4015 1081 4085 discipuli.
1369 4045 1374 4048 -

599 4086 652 4136 5.
678 4083 897 4149 Maneto,
919 4083 1104 4153 inquit,
1122 4088 1175 4138 in
1197 4086 1461 4143 dilectione
1479 4103 1607 4140 mea.
1630 4086 1908 4154 Quomodo
1923 4103 2102 4142 mane-

525 4173 735 4228 bimus?
773 4175 911 4230 Audi
936 4176 1060 4244 quid
1084 4177 1317 4244 sequitur
1347 4195 1360 4230 :
1394 4177 1452 4231 Si
1481 4187 1728 4246 praecepta
1751 4195 1880 4242 mea,
1911 4179 2100 4248 inquit,

527 4264 855 4328 servaverim,
869 4265 1127 4319 nsanebitis
1136 4265 1151 4317 i
1157 4283 1187 4318 ιι
1199 4265 1458 4320 dilectione
1470 4283 1596 4320 mea.
1613 4267 1834 4322 Dilectio
1845 4269 1968 4324 facit
1979 4285 2104 4340 pra:-

526 4361 678 4421 cepta
701 4355 926 4420 servari,
946 4369 1011 4409 an
1032 4364 1288 4424 prtrcepta
1301 4365 1504 4409 servata
1526 4356 1716 4411 faciunt
1733 4357 2101 4416 dilectionem?

527 4443 632 4500 Sed
661 4445 781 4514 quis
805 4445 1036 4516 ambigat
1059 4447 1196 4516 quod
1227 4445 1440 4501 dilectio
1469 4449 1751 4516 praecedit?
1782 4449 1932 4505 Unde
1959 4451 2098 4506 enim

526 4545 790 4607 prrecepta
815 4548 990 4594 servet
1018 4553 1122 4592 non
1151 4538 1426 4608 habet,qni
1451 4555 1554 4594 non
1583 4541 1770 4609 diligit.
1798 4543 1947 4610 Quod
1973 4559 2100 4614 ergo

525 4629 628 4693 ait,
654 4627 714 4684 Si
733 4637 978 4699 prtecepta
1002 4646 1112 4682 mea
1131 4632 1456 4697 scrvaveritis,
1474 4634 1732 4688 ntanebitis
1759 4634 1811 4689 in
1839 4636 2101 4692 dilectione

525 4735 657 4784 mea,
697 4719 930 4775 ostendit
959 4737 1063 4775 non
1104 4721 1241 4776 unde
1266 4722 1476 4778 dilectio
1507 4735 1804 4794 generetur,
1841 4729 1932 4783 sed
1963 4729 2100 4783 unde

525 4819 866 4870 monstretur.
882 4811 1150 4882 Tanquam
1167 4813 1383 4878 diceret,
1401 4815 1569 4871 Nolite
1584 4832 1675 4872 vos
1689 4827 1869 4887 putare
1884 4834 2100 4875 manere

526 4900 578 4954 in
618 4899 902 4957 dilectione
930 4917 1076 4967 mea,
1108 4903 1151 4956 si
1180 4919 1282 4957 non
1314 4907 1534 4963 servatis
1570 4918 1828 4976 praecepta
1865 4925 1980 4965 mea
2009 4924 2024 4964 :
2053 4911 2100 4964 si

525 4992 666 5045 enim
693 4993 1056 5059 scrvaveritis,
1091 4995 1385 5050 mam-bilis.
1417 4996 1526 5052 lloc
1551 5007 1651 5063 est,
1685 5000 1808 5054 hinc
1831 5002 2102 5070 apparebit

526 5081 665 5150 quod
688 5082 740 5136 in
764 5083 1044 5139 dilectione
1062 5101 1176 5139 mea
1200 5087 1497 5154 manebitis,
1517 5089 1560 5143 si
1583 5101 1841 5160 praecepta
1861 5109 1974 5148 mea
1995 5108 2100 5148 sere

499 5171 730 5240 ;vabitis.
752 5171 820 5229 Ut
839 5187 995 5228 nemo
1015 5189 1072 5229 se
1092 5175 1251 5242 fallat,
1272 5177 1496 5232 dicendo
1519 5180 1656 5250 quod
1685 5198 1801 5236 eum
1823 5183 2023 5255 diligat,
2055 5186 2100 5240 si

524 5263 640 5326 ejus
666 5273 926 5333 praecepta
955 5280 1057 5320 non
1080 5275 1274 5323 servat.
1305 5269 1435 5323 Nam
1466 5271 1517 5325 in
1551 5282 1748 5328 tantum
1778 5292 1898 5332 cum
1927 5279 2100 5349 diligi-

528 5367 662 5417 mus,
692 5354 743 5408 in
764 5365 1017 5425 quantum
1037 5360 1152 5428 ejus
1170 5372 1426 5432 praecepta
1449 5378 1719 5419 servamus
1740 5384 1751 5419 :
1773 5367 1824 5420 in
1845 5379 2098 5436 quantum

527 5454 702 5498 autem
744 5447 917 5504 minus
958 5465 1252 5519 servamus,
1294 5453 1468 5508 minus
1515 5456 1800 5527 diligimus.
1845 5459 2099 5526 Quamvis

527 5535 668 5605 quod
698 5539 792 5603 ait,
820 5540 1022 5597 Hanete
1045 5544 1098 5598 in
1125 5545 1389 5602 dilectione
1410 5565 1539 5614 mea,
1570 5565 1673 5605 non
1695 5562 1913 5620 apparet
1939 5569 2097 5623 quam

594 5667 889 5752 155.33g:
898 5679 951 5752 et
974 5681 1113 5752 Ven,
1155 5680 1221 5730 sic
1266 5680 1459 5733 ferunt:
1485 5682 1560 5734 sic
1605 5683 1774 5736 dilexit
1815 5698 1889 5737 me
1934 5694 2091 5752 Pater,

528 5732 574 5776 et
593 5740 679 5791 ego
696 5732 848 5783 dilexi
864 5747 959 5785 nos.
1012 5744 1064 5785 tu.

1451 345 1516 402 ΙΝ
1550 340 1822 399 ιοΑΝΝιε
1859 335 2322 407 EVANGELIUM,
2362 340 2420 394 S.
2459 339 2821 398 AUGUSTI-Nl

3633 345 3773 403 1844

2199 452 2391 509 dixerit
2410 456 2766 525 dilectionem,
2791 468 2965 513 utrum
2987 475 3088 530 qua
3115 475 3236 515 cum
3263 460 3544 531 diligimus,
3569 477 3642 518 an
3664 479 3769 532 qua

2199 545 2314 614 ipse
2339 547 2508 619 diligit
2535 565 2632 604 nos
2665 569 2679 604 :
2705 549 2800 605 sed
2834 567 2899 606 ex
2926 552 3088 608 verbo
3120 552 3393 624 superiore
3419 554 3768 626 dignoscitur.

2201 637 2416 693 Dixerat
2443 641 2655 711 quippe,
2685 641 2751 694 Et
2778 658 2868 713 ego
2887 642 3041 698 dilexi
3067 661 3182 710 vos;
3210 645 3295 700 cui
3322 646 3486 702 verbo
3512 648 3770 704 continuo

2198 729 2502 798 subjunxit,
2549 731 2751 788 Manete
2785 735 2840 786 in
2881 733 3142 790 dilectione
3175 751 3286 789 mea
3322 751 3342 790 :
3376 736 3462 792 illa
3497 751 3628 808 ergo
3665 753 3770 808 qua

2202 822 2389 877 dilexit
2412 838 2529 879 nos.
2561 823 2698 890 Quid
2732 836 2814 881 est
2854 840 2999 897 ergo,
3037 826 3239 882 Havete
3267 827 3320 882 in
3348 828 3611 884 dilectione
3635 846 3769 895 mea,

2197 913 2320 980 nisi,
2351 925 2559 971 manete
2589 917 2641 971 in
2668 918 2834 988 gratia
2865 920 3018 973 mea?
3045 920 3110 974 Et
3135 919 3259 990 quid
3283 929 3366 976 est
3385 962 3399 986 ,
3429 921 3492 977 Si
3516 931 3772 992 prtecepta

2197 1022 2308 1060 mea
2333 1009 2668 1076 scrvaveritis,
2699 1010 2960 1065 manebitis
2997 1013 3051 1065 in
3079 1011 3342 1067 dilectione
3366 1030 3505 1080 mea,
3535 1013 3636 1068 nisi
3654 1057 3669 1079 ,
3702 1029 3770 1069 ex

2198 1095 2300 1152 hoc
2342 1098 2521 1154 scietis
2559 1100 2698 1170 quod
2738 1100 2791 1156 in
2834 1102 3116 1158 dilectione
3152 1119 3268 1158 mea
3309 1119 3411 1174 qua
3453 1119 3548 1160 vos
3583 1105 3768 1176 diligo,

2198 1191 2497 1256 manebitis,
2519 1192 2562 1247 si
2601 1202 2864 1265 praecepta
2901 1210 3019 1250 mea
3057 1196 3372 1251 servabitis?
3397 1196 3510 1252 Non
3547 1212 3676 1268 ergo
3712 1206 3771 1250 ut

2197 1295 2294 1336 nos
2329 1281 2538 1352 diligat,
2568 1284 2711 1354 prius
2748 1284 2862 1354 ejus
2896 1297 3158 1360 prmcepta
3196 1299 3501 1354 servamus;
3541 1288 3636 1343 sed
3667 1288 3772 1342 nisi

2197 1385 2295 1426 nos
2335 1371 2550 1442 diligat,
2601 1382 2861 1443 prmcepta
2905 1375 3022 1444 ejus
3061 1392 3275 1433 servare
3316 1393 3421 1433 non
3464 1393 3768 1448 possumus.

2197 1462 2322 1519 llaac
2347 1473 2427 1518 est
2446 1463 2611 1534 gratia
2637 1481 2755 1536 qua:
2779 1465 3064 1522 humilibus
3092 1477 3255 1538 patet,
3283 1468 3540 1539 superbos
3565 1470 3711 1524 latet.

2281 1554 2335 1608 4.
2367 1554 2471 1608 Sed
2498 1555 2622 1625 quid
2669 1556 2795 1610 illud
2827 1565 2910 1612 est
2947 1558 3085 1627 quod
3115 1559 3385 1630 adjungit:
3420 1558 3565 1615 Sicut
3593 1569 3639 1614 et
3680 1576 3774 1629 ego

2201 1639 2371 1696 Patris
2410 1645 2504 1696 mei
2547 1657 2792 1714 praecepta
2834 1649 3048 1715 servavi,
3087 1657 3133 1701 et
3171 1665 3346 1703 maneo
3384 1649 3437 1703 in
3483 1649 3595 1718 ejus
3630 1648 3768 1702 dile-

2198 1733 2399 1786 ctione?
2419 1731 2608 1804 Utique
2624 1735 2780 1789 etiam
2804 1736 2888 1791 hic
2913 1738 3046 1791 hanc
3064 1735 3403 1792 dilectionem
3425 1737 3597 1792 Patris
3616 1739 3770 1794 intel-

2201 1824 2287 1894 ligi
2315 1825 2495 1892 voluit,
2522 1842 2623 1897 qua
2653 1843 2774 1882 eum
2799 1828 2968 1898 diligit
2996 1829 3168 1884 Pater.
3200 1829 3276 1884 Ita
3304 1829 3498 1899 quippe
3525 1829 3759 1892 dixerat,

2201 1913 2348 1967 Sicut
2392 1914 2566 1970 dilexit
2606 1932 2684 1970 me
2730 1915 2902 1983 Pater,
2929 1927 2976 1970 et
3016 1933 3105 1988 ego
3143 1917 3298 1972 dilexi
3338 1935 3454 1984 vos;
3493 1928 3650 1988 atque
3688 1917 3774 1972 his

2200 2003 2374 2058 verbis
2412 2004 2498 2058 illa
2545 2005 2838 2075 subjunxit,
2881 2007 3081 2060 Manete
3117 2009 3169 2062 in
3203 2008 3468 2062 dilectione
3509 2025 3640 2075 mea,
3683 2009 3773 2064 illa

2201 2098 2380 2167 procul
2411 2097 2571 2153 dubio
2597 2115 2698 2168 qua
2723 2099 2884 2154 dilexi
2927 2114 3040 2154 vos.
3072 2100 3210 2170 Ergo
3235 2099 3374 2171 quod
3399 2101 3473 2156 ait
3512 2101 3673 2156 etiam
3705 2101 3775 2157 de

2200 2192 2376 2258 Patre,
2408 2189 2588 2245 Maneo
2615 2194 2666 2246 in
2691 2193 2800 2262 ejus
2819 2193 3100 2258 dilectione,
3125 2193 3212 2247 illa
3239 2193 3443 2249 scilicet
3465 2193 3774 2263 accipienda

2201 2294 2282 2339 est
2307 2300 2406 2354 qua
2437 2284 2619 2340 dilexit
2644 2301 2763 2341 eum
2798 2286 2972 2343 Pater.
3002 2287 3106 2342 Sed
3134 2287 3386 2357 numquid
3415 2296 3468 2342 et
3496 2287 3581 2342 hic
3604 2288 3776 2357 gratia

2204 2376 2538 2447 intelligenda
2566 2387 2666 2442 est,
2693 2394 2794 2448 qua
2820 2378 2977 2433 Pater
2999 2379 3169 2449 diligit
3191 2377 3403 2445 Filium,
3435 2377 3572 2433 sicut
3599 2379 3775 2448 gratia

2203 2478 2285 2522 est
2309 2484 2412 2538 qua
2439 2483 2534 2523 nos
2563 2469 2733 2539 diligit
2761 2469 2924 2524 Filius
2953 2487 2967 2524 :
2999 2485 3116 2524 cum
3145 2470 3312 2525 simus
3342 2484 3438 2525 nos
3465 2469 3551 2524 ﬁlii
3580 2470 3773 2540 gratia,

2205 2575 2308 2615 non
2355 2570 2570 2626 natura;
2613 2559 2922 2632 Unigenitus
2961 2571 3136 2615 autem
3171 2569 3378 2627 natura,
3422 2576 3525 2615 non
3563 2558 3777 2630 gratia?

2205 2651 2284 2704 An
2314 2650 2413 2704 hoc
2449 2651 2605 2705 etiam
2632 2651 2684 2704 in
2712 2652 2826 2722 ipso
2853 2650 2988 2706 Filio
3027 2651 3092 2706 ad
3125 2653 3390 2706 hominem
3433 2650 3779 2706 referendum

2205 2743 2329 2797 est?
2352 2739 2425 2796 Ita
2447 2756 2592 2796 sane.
2622 2741 2751 2797 Nam
2778 2743 3019 2809 dicendo,
3047 2742 3192 2798 Sicut
3217 2743 3390 2797 dilexit
3414 2759 3492 2797 me
3514 2740 3691 2807 Pater,
3723 2751 3774 2796 et

2207 2847 2295 2902 ego
2324 2832 2476 2885 dilexi
2502 2848 2614 2896 vos,
2645 2834 2865 2902 gratiam
2896 2833 3203 2888 mediatoris
3232 2833 3481 2888 ostendit.
3515 2832 3780 2893 Mediator

2207 2933 2379 2978 autem
2409 2924 2500 2978 Dei
2528 2934 2582 2980 ει
2605 2925 2897 2992 hominum,
2925 2942 3029 2980 non
3057 2926 3108 2980 in
3135 2933 3388 2996 quantum
3410 2927 3566 2994 Deus,
3596 2926 3692 2982 sed
3723 2926 3784 2982 in

2207 3023 2457 3082 quantum
2484 3013 2643 3069 homo
2663 3024 2746 3070 εει
2771 3016 3015 3071 Christus
3035 3016 3209 3073 Jesus.
3243 3019 3304 3071 Et
3327 3018 3559 3087 profecto
3587 3033 3784 3073 secun-

2207 3103 2329 3158 dum
2353 3105 2403 3158 id
2428 3103 2567 3174 quod
2593 3103 2754 3160 homo
2775 3115 2875 3174 est,
2901 3106 2967 3162 de
2997 3107 3087 3162 illo
3111 3108 3320 3177 legitur,
3354 3107 3419 3161 Et
3443 3106 3593 3162 Iesus
3617 3110 3786 3178 proﬁ-

2207 3196 2365 3248 ciebat
2381 3196 2624 3266 sapientia
2645 3207 2690 3250 et
2709 3205 2874 3265 wtate,
2902 3206 2946 3251 et
2965 3198 3128 3268 gratia
3148 3198 3288 3269 apud
3311 3197 3468 3252 Deum
3485 3209 3529 3252 et
3550 3199 3786 3254 homines

2208 3287 2358 3357 (Luc.
2383 3303 2438 3352 ιι,
2469 3289 2582 3357 59.).
2625 3289 2924 3345 Secundum
2967 3290 3068 3345 hoc
3106 3291 3264 3361 igitur
3302 3300 3447 3346 recte
3494 3306 3789 3362 possumus

2207 3378 2403 3443 dicere,
2423 3379 2562 3449 quod
2579 3395 2698 3434 eum
2711 3381 2775 3435 ad
2790 3390 3025 3438 naturam
3043 3382 3136 3436 Dei
3165 3398 3268 3436 non
3299 3382 3560 3452 pertineat
3585 3382 3786 3437 huma-

2207 3484 2274 3524 na
2302 3476 2509 3536 natura,
2537 3469 2603 3524 ad
2631 3485 2908 3540 personam
2926 3480 3098 3526 tamen
3127 3473 3378 3542 unigeniti
3408 3471 3527 3526 Filii
3559 3471 3650 3527 Dei
3684 3487 3788 3543 per

2205 3560 2426 3630 gratiam
2474 3561 2703 3631 pertinet
2738 3561 2964 3616 humana
2997 3571 3180 3616 natura
3201 3577 3216 3628 ;
3238 3570 3294 3617 et
3313 3572 3506 3617 tantam
3529 3564 3782 3632 gratiam,

2207 3660 2264 3706 ut
2291 3652 2430 3706 nulla
2457 3653 2526 3706 sit
2550 3652 2734 3722 major,
2760 3653 2899 3706 nulla
2925 3667 3141 3722 prorsus
3166 3654 3401 3723 :equalis.
3427 3653 3608 3724 Neque
3633 3655 3786 3709 enim

2206 3743 2348 3800 illam
2372 3745 2758 3814 susceptionem
2781 3745 3008 3800 hominis
3029 3746 3130 3799 ulla
3156 3747 3338 3800 merita
3369 3758 3785 3816 praecesserunt,

2206 3833 2298 3886 sed
2328 3834 2394 3888 ab
2422 3835 2508 3890 illa
2538 3837 2870 3905 susceptione
2898 3837 3084 3890 merita
3119 3835 3232 3905 ejus
3261 3845 3445 3892 cuncta
3474 3847 3783 3906 coeperunt.

2205 3924 2378 3978 Manet
2402 3939 2528 3994 ergo
2552 3925 2713 3980 Filius
2745 3927 2796 3980 in
2817 3926 3096 3980 dilectione
3120 3942 3218 3996 qua
3240 3942 3360 3981 eum
3385 3925 3572 3982 dilexit
3595 3928 3784 3993 Pater,

2205 4026 2259 4069 et
2285 4016 2403 4071 ideo
2440 4017 2661 4070 servavit
2699 4028 2959 4088 prtecepta
2996 4018 3130 4087 ejus.
3157 4017 3289 4085 Quid
3318 4027 3398 4073 est
3425 4019 3564 4072 enim
3602 4027 3656 4074 et
3695 4021 3788 4076 illo

2208 4106 2385 4172 homo,
2419 4107 2518 4161 nisi
2539 4107 2679 4177 quod
2705 4109 2843 4163 Deus
2864 4119 3140 4178 susceptor
3159 4119 3240 4164 est
3266 4108 3379 4178 ejus
3405 4107 3573 4180 (Psal.
3599 4124 3677 4174 ιιι,
3702 4112 3786 4179 1),

2205 4199 2342 4254 Deus
2370 4201 2509 4253 enim
2539 4208 2653 4254 erat
2681 4198 2931 4264 Verbum,
2956 4199 3266 4270 Unigenitus
3293 4200 3523 4270 gignenti
3552 4207 3790 4255 courier-

2207 4307 2304 4345 uus
2335 4309 2346 4343 :
2378 4293 2470 4346 sed
2504 4301 2560 4345 ut
2587 4291 2844 4346 mediator
2871 4290 3083 4347 daretur
3114 4292 3298 4359 nobis,
3331 4307 3426 4361 per
3455 4290 3789 4346 ineffabilem

2204 4383 2427 4451 gratiam
2476 4383 2702 4437 Verbum
2748 4397 2873 4436 caro
2917 4381 3109 4436 factum
3155 4391 3272 4450 cst,
3322 4391 3377 4438 ct
3419 4381 3680 4437 habitavit
3729 4384 3788 4437 in

2207 4475 2356 4528 nobis
2383 4472 2558 4543 (Joan.
2589 4489 2625 4536 ι,
2653 4473 2706 4538 1,
2741 4473 2852 4543 14).

2624 4581 3030 4642 ΤΠᾹΟΤΑΤΗΒ
3068 4583 3344 4639 LXXXIII.

2206 4693 2270 4748 In
2313 4695 2419 4748 lucc
2461 4702 2626 4760 verba,
2661 4695 2782 4750 [huc
2826 4695 3032 4750 locutus
3065 4711 3178 4750 smn
3219 4695 3388 4764 vobis,
3425 4703 3484 4749 ut
3524 4695 3791 4766 gaudium

2275 4802 2448 4840 meum
2481 4787 2533 4841 in
2561 4787 2709 4841 vobis
2738 4789 2824 4851 sit,
2853 4797 2906 4842 et
2933 4788 3179 4857 gaudium
3205 4797 3436 4842 vestrum
3467 4787 3789 4856 impleatur.

2275 4876 2384 4931 Hoc
2430 4887 2511 4931 est
2563 4887 2880 4946 praeceptum
2919 4893 3117 4943 ιιιειιιιι,
3161 4888 3218 4931 ιιι
3256 4877 3483 4948 diligatis
3521 4877 3790 4941 invicem,

2276 4969 2412 5024 sicut
2436 4969 2592 5024 dilexi
2622 4985 2733 5024 vos.
2763 4969 2888 5041 Cap.
2917 4986 3008 5035 xv,
3056 4970 3085 5040 ᾖ
3123 4971 3154 5040 ᾖ
3183 5009 3196 5024 .
3226 4971 3314 5036 11,
3346 4971 3431 5025 1⁸2.

2276 5105 2326 5157 1.
2360 5102 2616 5168 Audistis,
2649 5103 2943 5158 charissimi
2963 5143 2978 5168 ,
3009 5103 3288 5157 Dominum
3315 5103 3580 5159 dicentem
3607 5102 3793 5158 disci—

2207 5196 2345 5263 pulis
2370 5195 2498 5257 suis,
2533 5195 2660 5248 11αό
2696 5197 2889 5250 locutus
2924 5211 3035 5249 sum
3063 5197 3197 5248 vobis
3215 5236 3230 5260 ,
3260 5206 3313 5248 ut
3341 5195 3583 5264 gaudium
3610 5212 3796 5250 meum

2205 5286 2257 5338 in
2284 5285 2416 5339 vobis
2454 5286 2537 5348 sit,
2575 5296 2622 5338 et
2664 5287 2900 5356 gaudium
2935 5297 3150 5338 vestrum
3187 5285 3473 5353 impleatur.
3517 5283 3656 5352 Quid
3697 5296 3798 5340 est

2204 5377 2446 5446 gaudium
2473 5376 2666 5432 Christi
2696 5379 2748 5432 in
2779 5379 2950 5442 nobis,
2978 5378 3076 5431 nisi
3107 5377 3246 5447 quod
3272 5378 3516 5446 dignatur
3537 5376 3800 5447 gaudere

2203 5469 2271 5523 de
2315 5468 2502 5524 nobis?
2526 5468 2592 5523 Et
2622 5469 2747 5538 quid
2789 5477 2872 5524 est
2913 5469 3162 5539 gaudium
3199 5474 3437 5522 nostrum
3477 5467 3617 5537 quod
3645 5467 3801 5522 dicit

2205 5559 2558 5628 implendum,
2606 5560 2705 5614 nisi
2752 5561 2868 5628 ejus
2917 5559 3111 5614 habere
3149 5557 3511 5613 consortium?
3547 5557 3800 5626 Propter

2201 5649 2340 5720 quod
2365 5650 2518 5704 beato
2540 5651 2694 5706 Petro
2712 5651 2936 5715 dixerat,
2957 5651 3016 5705 Si
3041 5667 3138 5705 non
3159 5651 3328 5704 lavero
3353 5658 3419 5715 te,
3448 5666 3548 5702 non
3569 5649 3800 5704 habebis

2200 5751 2392 5812 partem
2437 5756 2622 5796 mecum
2670 5741 2792 5813 (Id:
2821 5759 2930 5809 xm,
2978 5743 3054 5813 8).
3099 5741 3356 5798 Gaudium
3393 5755 3520 5810 ergo
3561 5739 3679 5809 ejus
3732 5740 3802 5798 in
