4102 6480
326 373 462 426 ibi!)

329 488 515 552 nobis,
547 484 711 557 gratia
753 490 834 536 est
866 493 1020 550 quam
1061 479 1300 548 prtestitit
1328 477 1478 532 nobis
1509 495 1523 532 :
1552 478 1661 547 ipsa
1697 484 1778 530 est
1797 474 1815 506 ⁸
1847 481 1900 526 et

327 579 573 650 gaudium
601 584 857 631 nostrum.
884 570 988 628 Sed
1011 570 1076 625 de
1102 570 1201 625 hac
1230 571 1314 624 ille
1335 571 1490 625 etiam
1515 584 1579 623 ex
1604 565 1898 622 aeternitate

327 669 608 738 gaudebat,
626 663 837 736 quando
853 678 948 718 nos
964 662 1124 732 elegit
1137 670 1259 715 ante
1275 660 1701 714 constitutionem
1719 657 1897 712 mundi

328 760 541 831 (ΕρΙιινε.
573 775 609 823 ι,
627 757 706 828 4).
730 755 836 811 Nec
851 765 992 810 recte
1008 767 1288 823 possumus
1301 751 1477 807 dicere
1497 753 1636 822 quod
1651 750 1897 820 gaudium

326 853 443 920 ejus
466 852 680 921 plenum
703 862 807 901 non
835 855 947 901 erat
977 859 1118 899 :non
1140 843 1281 900 enim
1312 843 1453 897 Deus
1481 840 1790 911 imperfecte
1814 840 1900 894 ali«

325 941 537 1012 quando
562 940 840 1011 gaudebat.
866 936 970 992 Sed
989 936 1120 991 illud
1135 935 1250 1006 ejus
1273 934 1519 1005 gaudium
1538 934 1589 988 in
1617 933 1768 988 nobis
1792 947 1897 989 non

325 1041 442 1087 erat
469 1050 482 1084 :
513 1033 634 1102 quia
659 1046 757 1086 nec
777 1043 874 1084 nos
894 1030 945 1083 in
973 1026 1164 1098 quibus
1187 1041 1306 1082 esse
1325 1024 1626 1095 possetjam
1651 1038 1896 1088 eramus;

327 1137 425 1176 nec
449 1121 659 1192 quando
680 1135 797 1176 esse
817 1118 1098 1188 carpimus,
1129 1132 1250 1172 cum
1279 1116 1370 1170 illo
1393 1129 1516 1170 esse
1537 1115 1815 1184 cmpimus.
1841 1112 1898 1168 In

325 1217 441 1284 ipso
457 1223 634 1269 autem
653 1227 864 1282 semper
877 1220 1009 1279 erat,
1026 1211 1114 1280 qui
1136 1223 1232 1264 nos
1247 1223 1371 1263 suos
1385 1205 1591 1262 futuros
1605 1208 1899 1262 certissima

323 1321 435 1360 sum
461 1305 806 1376 priuseientite
815 1304 1034 1358 veritate
1045 1301 1320 1372 gaudebat.
1331 1299 1524 1354 Poinde
1537 1298 1898 1370 gaudiumjam

325 1401 438 1468 ipse
453 1399 738 1468 perfectum
753 1397 818 1450 de
833 1396 982 1451 nobis
995 1394 1234 1460 habebat,
1249 1393 1564 1463 quando'nos
1579 1391 1901 1460 prmseiendo

327 1499 380 1548 et
397 1489 1114 1560 pra'destinandogaudebat:
1130 1487 1449 1557 nequeenim
1464 1486 1595 1538 nllus
1616 1485 1667 1538 in
1685 1485 1772 1538 illo
1786 1485 1900 1553 ejus

323 1582 520 1651 gaudio
544 1591 724 1637 metus
745 1595 864 1636 esse
908 1587 1149 1650 poterat,
1179 1594 1248 1633 ne
1278 1579 1412 1632 forte
1448 1579 1728 1635 nontleret
1757 1577 1913 1646 quod.

325 1685 384 1724 se
413 1669 670 1726 facturum
697 1668 1166 1740 essepraesciebat.
1191 1667 1305 1723 Sed
1318 1683 1488 1737 neque
1512 1681 1630 1720 cum
1655 1667 1704 1722 id
1726 1667 1898 1722 facere

324 1761 506 1828 cepit,
533 1761 674 1829 quod
696 1775 754 1814 se
773 1760 1030 1815 facturum
1053 1772 1173 1813 esse
1193 1759 1470 1828 prtescivit,
1493 1757 1739 1827 gaudium
1760 1759 1896 1826 ejus,

325 1867 429 1921 quo
455 1852 642 1905 beatus
661 1860 761 1916 est,
785 1851 986 1918 crevit;
1014 1851 1209 1920 alioqui
1234 1849 1438 1904 beatior
1465 1845 1634 1903 factus
1652 1857 1753 1913 est,
1776 1849 1896 1918 quia

326 1953 423 1994 nos
453 1939 597 1995 fecit.
627 1940 778 1996 Absit
805 1941 937 2007 hoc,
965 1937 1159 1995 fratres
1187 1956 1202 1992 :
1233 1939 1326 1993 Dei
1354 1938 1622 1993 beatitudo
1649 1939 1771 2008 quia
1801 1953 1899 1993 nec

326 2031 502 2084 minor
524 2030 696 2085 fuerat
716 2031 836 2085 sine
858 2030 1032 2096 nobis,
1064 2030 1255 2084 nontit
1279 2029 1449 2098 major
1474 2045 1536 2083 ex
1561 2029 1730 2084 nobis.
1759 2029 1897 2085 Gau-

326 2121 469 2174 dium
503 2122 664 2191 igitur
687 2121 805 2192 ejus
830 2121 897 2176 de
916 2121 1084 2176 salute
1110 2129 1307 2187 nostra,
1335 2121 1474 2190 quod
1499 2122 1549 2173 in
1579 2121 1668 2175 illo
1689 2136 1899 2190 semper

329 2210 424 2263 fuit
452 2227 572 2264 cum
598 2212 862 2280 prtescivit
881 2220 934 2266 et
956 2210 1355 2282 pnedestinavit
1374 2225 1491 2276 nos,
1518 2213 1678 2291 coepit
1701 2227 1818 2267 esse
1845 2214 1896 2267 in

328 2301 480 2355 nobis
524 2301 738 2369 quando
779 2301 988 2356 vocavit
1023 2317 1153 2365 nos;
1193 2308 1248 2356 et
1287 2300 1389 2355 hoc
1423 2301 1670 2370 gaudium
1707 2305 1900 2358 merito

331 2404 571 2444 uosn-um
600 2389 846 2457 dicimus,
878 2405 984 2462 quo
1011 2401 1062 2446 et
1089 2405 1184 2445 nos
1204 2391 1340 2449 beati
1365 2391 1520 2446 futuri
1549 2407 1734 2451 sumus
1761 2411 1773 2448 :
1805 2395 1908 2449 sed.

333 2477 435 2533 hoc
461 2479 706 2548 gaudium
738 2490 974 2536 nostrum
1002 2481 1194 2536 crescit
1216 2490 1270 2536 et
1297 2482 1504 2550 proficit
1523 2524 1536 2548 ,
1569 2494 1622 2537 et
1648 2483 1714 2537 ad
1747 2499 1895 2538 suam

332 2569 708 2636 perfectionem
731 2571 1121 2639 perseverando
1143 2571 1424 2640 pertendit.
1457 2572 1593 2640 Ergo
1623 2573 1898 2630 inchoatur

331 2658 380 2712 in
410 2658 511 2713 fide
533 2661 944 2727 reuascentium,
967 2660 1268 2732 implebitur
1296 2661 1346 2716 in
1376 2663 1591 2731 prmmio
1617 2680 1896 2735 resurgen-

331 2751 480 2805 tium.
513 2751 654 2807 Ecce
699 2753 838 2807 unde
875 2752 1072 2808 dictum
1103 2755 1376 2822 existimo,
1406 2755 1530 2810 llam
1568 2757 1759 2811 locutus
1788 2777 1898 2812 sum

329 2843 483 2904 vobis,
516 2851 570 2896 ut
595 2844 836 2915 gaudium
875 2861 1046 2900 meum.
1072 2845 1124 2898 in
1162 2846 1297 2899 vobis
1326 2846 1409 2910 sit,
1454 2856 1499 2900 et
1540 2848 1781 2917 gaudium
1812 2866 1896 2903 ve-

328 2941 488 2985 strum
523 2933 791 3002 impleatur
835 2950 855 2989 :
889 2935 942 2988 in
979 2937 1113 2989 vobis
1143 2935 1204 2988 sit
1243 2951 1448 2998 meum;
1492 2936 1762 3007 impleatur
1804 2955 1895 2995 re-

329 3031 518 3077 strum.
545 3023 768 3093 Semper
787 3024 930 3079 enim
952 3035 1064 3080 erat
1086 3040 1264 3080 meum
1286 3026 1516 3094 plenum,
1539 3036 1593 3082 et
1615 3037 1894 3098 antequam

329 3114 680 3182 tomremini,
711 3129 831 3170 cum
856 3115 1078 3170 vocandi
1103 3130 1132 3168 ιι
1161 3131 1247 3169 me
1271 3117 1684 3184 presciremini;
1717 3119 1809 3174 sed
1842 3120 1898 3173 tit

330 3212 384 3259 et
408 3202 464 3258 in
484 3204 657 3271 vobis,
678 3215 800 3261 cum
821 3206 922 3262 hoc
940 3205 1209 3262 eflicimini
1225 3207 1364 3275 quod
1385 3207 1628 3276 praescivi
1647 3207 1714 3264 de
1728 3210 1895 3266 vobis.

331 3291 615 3362 Implentur
655 3305 833 3350 autem
877 3305 1094 3350 uestrum
1135 3311 1157 3349 :
1195 3296 1318 3364 quia
1355 3296 1496 3352 beati
1532 3297 1712 3365 eritis,
1759 3299 1898 3371 quod

331 3383 566 3437 nondum
591 3383 755 3450 estis;
785 3385 920 3439 sicut
941 3385 1104 3440 creati
1129 3385 1258 3440 estis
1285 3386 1372 3453 qui
1404 3399 1508 3441 non
1537 3385 1728 3443 fuistis.

396 3474 451 3525 ἓ.
497 3472 611 3527 Hoc
640 3483 730 3540 est,
765 3474 966 3545 inquit,
999 3485 1301 3545 prwceptum
1347 3493 1532 3544 meum,
1577 3487 1632 3532 ut
1677 3479 1899 3550 diligatis

331 3563 560 3628 invicem,
592 3566 722 3619 sicut
742 3565 896 3620 dilexi
922 3582 1024 3621 eos.
1049 3567 1173 3621 Sive
1199 3566 1404 3621 dicatur
1427 3578 1768 3638 praeceptum,
1787 3571 1898 3627 sive

329 3656 662 3725 mandatam,
692 3673 756 3713 ex
797 3674 904 3714 uno
929 3659 1089 3712 verbo
1112 3673 1285 3728 grteco
1310 3669 1594 3730 utrumque
1636 3661 1896 3730 interpre-

332 3755 491 3810 tatur,
519 3748 660 3816 quod
691 3757 772 3802 est
806 3755 990 3809 ἐντολή.
1023 3749 1271 3804 .lamvero
1309 3751 1463 3804 istam
1502 3754 1816 3807 sententiam
1845 3763 1902 3808 et

331 3847 486 3891 antea
515 3838 741 3902 dixerat,
767 3839 834 3893 de
861 3855 962 3909 qua
993 3855 1078 3894 me
1105 3841 1269 3903 vobis,
1303 3850 1358 3895 ut
1398 3842 1563 3910 potui,
1600 3844 1900 3912 disputasse

335 3931 641 3986 meminisse
679 3932 884 3987 debetis
921 3932 1134 4004 (Supra,
1166 3932 1336 3986 Tract.
1373 3931 1484 4005 65).
1527 3933 1600 3988 lbi
1653 3936 1792 3989 cnim
1823 3936 1902 3992 sic

331 4022 423 4086 ait,
468 4021 771 4077 Mandatum
809 4039 988 4078 norum
1028 4025 1096 4077 do
1116 4024 1270 4086 vobis,
1310 4035 1364 4077 ut
1405 4024 1634 4096 diligatis
1666 4026 1898 4090 invicem,

331 4113 455 4166 sicut
481 4114 638 4168 dilexi
661 4131 767 4179 vos,
795 4124 851 4168 ut
888 4124 935 4168 et
962 4131 1047 4170 uos
1075 4115 1300 4185 diligatis
1337 4115 1544 4168 invicem
1570 4115 1752 4188 (Joan.
1780 4132 1896 4183 xm,

334 4201 444 4271 54).
494 4203 662 4273 llnjus
704 4205 880 4274 itaque
933 4205 1164 4258 mandati
1209 4207 1470 4276 repetitio,
1512 4208 1900 4262 commendatio

333 4302 452 4348 est:
485 4295 586 4349 nisi
602 4295 740 4364 quod
770 4296 861 4363 ibi,
885 4296 1208 4363 Mandatum,
1229 4298 1414 4367 inquit,
1441 4315 1621 4353 novum
1641 4300 1706 4353 do
1726 4300 1898 4365 vobis;

336 4381 419 4438 hic
457 4393 656 4450 autem,
713 4384 825 4439 Hoc
870 4394 962 4451 est,
1015 4386 1205 4454 inquit,
1237 4388 1532 4440 mandatum
1571 4405 1732 4441 meum
1761 4404 1780 4442 :
1807 4389 1896 4453 ibi,

336 4482 581 4542 utiquam
621 4489 728 4530 non
769 4475 924 4530 fuerit
967 4485 1090 4531 ante
1119 4477 1223 4530 tale
1269 4476 1606 4544 mandatum;
1643 4478 1751 4544 hic,
1781 4487 1899 4535 ιιιιι.⁴

335 4578 489 4630 quam
513 4579 620 4620 non
647 4564 716 4619 sit
740 4564 882 4621 aliud
899 4565 1014 4635 ejus
1032 4565 1356 4621 mandatum.
1380 4565 1483 4621 Sed
1506 4567 1575 4621 ibi
1605 4566 1798 4622 dictum
1820 4576 1902 4622 est

337 4672 533 4720 nouum,
566 4672 634 4712 ne
681 4657 738 4710 in
779 4663 1044 4712 vetustate
1084 4664 1265 4711 nostra
1313 4672 1713 4726 perseveremus
1757 4674 1772 4711 :
1817 4659 1902 4714 hic

336 4746 532 4801 dictum
557 4756 640 4802 est
660 4765 842 4813 meum,
867 4762 934 4804 ne
952 4748 1396 4804 contemnendum
1426 4759 1687 4818 putemus.

401 4841 453 4896 5.
493 4839 647 4908 Quod
695 4851 870 4894 autem
919 4839 1006 4898 hic
1043 4840 1114 4894 ita
1167 4840 1319 4906 dixit,
1350 4839 1463 4896 Hoc
1492 4851 1564 4896 est
1609 4842 1901 4896 ntandatunt

336 4947 516 4996 meum,
545 4930 690 4984 velut
715 4945 822 4984 non
841 4930 910 4985 sit
931 4930 1234 5000 aliud.quid
1261 4942 1522 5000 putamus,
1549 4931 1738 4986 fratres
1759 4931 1901 4989 mei?

334 5019 722 5090 Numquidnam
744 5021 916 5075 solum
937 5020 1053 5090 ejus
1070 5021 1138 5076 de
1157 5021 1256 5076 ista
1284 5022 1566 5076 dilectione
1595 5023 1898 5077 mandatum

333 5119 432 5172 est,
453 5125 554 5178 qua
578 5109 844 5180 diligimus
867 5110 1135 5166 invicem?
1161 5109 1348 5166 Nonne
1367 5122 1448 5166 est
1472 5119 1526 5165 et
1543 5111 1682 5165 aliud
1709 5112 1899 5181 majus,

335 5209 386 5253 ιιι
416 5201 698 5271 diligamus
714 5199 916 5256 Deum?
942 5201 1047 5255 Aut
1075 5216 1204 5256 vero
1227 5201 1302 5256 de-
1332 5202 1444 5257 sola
1474 5202 1614 5259 Deus
1642 5203 1793 5258 nobis
1823 5203 1905 5258 di-

336 5291 562 5347 lectione
581 5291 871 5358 mandavit,
897 5300 957 5346 ut
977 5292 1079 5346 alia
1101 5307 1208 5347 non
1230 5291 1594 5363 requiramus?
1618 5293 1738 5346 Tria
1758 5303 1902 5348 certe

335 5382 673 5438 commendat
716 5383 1000 5453 Apostolus
1047 5382 1272 5438 dicens:
1302 5381 1512 5438 Manent
1548 5393 1716 5436 autem
1754 5382 1899 5451 ﬁdes,

334 5489 470 5543 spes,
494 5473 738 5540 alacritas,
767 5473 868 5529 tria
897 5475 1006 5530 hac
1033 5488 1053 5529 :
1079 5475 1246 5545 major
1285 5483 1452 5529 autem
1475 5474 1653 5529 horum
1685 5474 1903 5530 charitas

337 5564 383 5636 (ι
397 5563 646 5630 Coram,
660 5564 775 5638 15).
799 5565 924 5622 Etsi
950 5566 1003 5620 in
1027 5565 1304 5632 charitate,
1322 5566 1424 5622 hoc
1440 5575 1523 5624 est
1549 5566 1601 5622 in
1621 5565 1902 5622 dilectione

336 5653 721 5712 eamludnntnr
760 5655 866 5712 duo
908 5656 995 5711 illa
1039 5666 1333 5726 prmcepta;
1362 5659 1526 5728 major
1552 5665 1728 5714 tamen
1763 5657 1898 5712 dicta

406 5776 422 5801 ι
442 5765 577 5828 una,
600 5766 700 5831 ipse
724 5772 810 5819 est.
835 5774 889 5819 At
909 5773 1036 5828 uss,
1059 5765 1164 5832 ipsa
1182 5776 1268 5819 est.

1387 357 1790 417 TRACTATUS
1829 356 2108 412 LXXXIV.
2150 359 2369 415 CAPUT
2410 360 2524 416 XV.

3434 368 3570 423 1816

2004 482 2252 543 estesse,
2285 492 2390 531 non
2426 479 2556 532 sola.
2593 479 2664 533 De
2705 479 2805 534 tide
2834 479 2988 550 igitur
3023 482 3171 535 nobis
3202 487 3356 550 quam
3403 486 3589 538 multa,

2003 565 2246 620 mandata
2275 578 2416 634 sunt,
2439 585 2594 638 quam
2625 570 2788 624 multa
2812 571 2878 625 de
2902 587 3016 639 spe,
3043 573 3162 641 quis
3187 580 3360 640 potest
3375 584 3562 630 cuncta

2001 657 2267 726 colligere,
2295 661 2412 728 quis
2431 663 2790 716 enumerando
2817 663 3096 719 sufficere?
3134 663 3237 720 Sed
3267 665 3565 720 intueamur

2002 746 2143 817 quod
2185 750 2258 803 ait
2309 750 2446 804 idem
2494 753 2784 822 apostolus,
2841 753 3110 808 Plenitudo
3151 754 3298 826 Legis
3345 757 3563 810 charitas

2003 837 2178 904 (Rom.
2209 854 2320 904 snt,
2351 839 2462 910 10).
2502 841 2600 896 Ubi
2627 858 2753 912 ergo
2778 844 3006 898 charitas
3033 853 3134 909 est,
3162 843 3288 914 quid
3312 854 3396 899 est
3422 847 3562 916 quod

2002 929 2173 997 possit
2197 928 2418 985 deesse?
2448 931 2532 985 ubi
2561 943 2734 987 autem
2764 949 2865 987 non
2896 944 2999 1002 est,
3026 935 3149 1004 quid
3173 945 3258 990 est
3281 936 3420 1005 quod
3445 951 3565 1006 pos-

2002 1019 2072 1074 sit
2097 1021 2383 1090 prodesse?
2418 1022 2634 1078 chmou
2669 1025 2834 1079 credit
2863 1023 3060 1096 (Jacobi
3086 1041 3143 1090 ιι,
3177 1025 3289 1097 19),
3317 1041 3414 1080 nec
3439 1025 3561 1080 dili-

2001 1112 2078 1180 git
2109 1129 2122 1166 :
2154 1127 2310 1167 nemo
2328 1112 2516 1182 diligit,
2537 1115 2625 1184 qui
2654 1131 2756 1168 non
2775 1115 2961 1170 credit.
2982 1115 3194 1170 Frustra
3217 1117 3450 1187 quidem,
3471 1117 3564 1170 sed

2004 1209 2178 1257 tamen
2217 1212 2388 1272 potest
2429 1219 2643 1274 sperare
2670 1206 2870 1259 veniam
2903 1206 2991 1273 qui
3033 1222 3135 1259 non
3165 1206 3335 1276 diligit
3364 1223 3379 1259 :
3409 1220 3568 1260 nemo

2004 1300 2176 1347 autem
2198 1303 2373 1362 potest
2391 1294 2677 1363 desperare
2703 1295 2790 1364 qni
2816 1295 3003 1366 diligit.
3030 1295 3206 1364 Itaque
3234 1296 3319 1349 ubi
3351 1295 3566 1349 dilectio

2005 1392 2106 1446 est,
2135 1383 2204 1437 ibi
2227 1383 2524 1438 necessario
2555 1383 2684 1438 ﬁdes
2721 1395 2774 1438 et
2802 1399 2922 1452 spes
2960 1403 2972 1438 :
2999 1393 3051 1438 et
3081 1386 3168 1440 ubi
3198 1385 3407 1439 dilectio
3437 1400 3562 1452 pro-

2003 1473 2152 1539 ximi,
2182 1473 2251 1528 ibi
2278 1476 2580 1528 necessario
2605 1474 2762 1527 etiam
2783 1474 2997 1528 dilectio
3026 1475 3134 1529 Dei.
3161 1475 3259 1542 Qui
3289 1475 3430 1530 enim
3457 1489 3562 1528 non

2003 1565 2170 1634 diligit
2217 1565 2403 1632 Deum,
2457 1565 2723 1634 quomodo
2768 1565 2933 1633 diligit
2973 1566 3268 1635 proximum
3316 1575 3562 1634 tanquam

2003 1657 2265 1726 seipsum;
2289 1657 2710 1726 quandoquidem
2764 1671 2868 1711 non
2899 1657 3067 1726 diligit
3092 1668 3145 1710 et
3172 1657 3440 1725 seipsum?
3471 1657 3566 1709 Est

2003 1749 2196 1818 quippe
2219 1749 2412 1816 impius
2446 1760 2497 1804 et
2531 1749 2770 1819 iniquus;
2798 1751 2886 1818 qui
2913 1759 3086 1803 autem
3115 1748 3286 1818 diligit
3314 1749 3560 1817 iniquita-

2003 1852 2132 1907 tem,
2157 1857 2258 1895 non
2291 1843 2442 1911 plane
2468 1841 2654 1911 diligit,
2696 1841 2788 1895 sed
2815 1841 2926 1894 odit
2948 1841 3175 1893 animam
3219 1851 3365 1892 suam
3391 1837 3565 1910 (Psal.

2002 1950 2055 1998 κ,
2085 1932 2161 2005 6).
2198 1934 2308 1988 lloc
2333 1941 2803 2002 ergopricceptum
2834 1931 3037 1987 Domini
3070 1942 3364 1994 teneamus,
3391 1938 3448 1982 ut
3469 1942 3580 1982 nos.»

2003 2026 2224 2080 invicem
2269 2025 2571 2096 diligamus;
2614 2034 2668 2081 et
2707 2024 2955 2094 quidquid
2997 2023 3136 2077 aliud
3182 2022 3452 2092 prmeepit,
3486 2021 3566 2074 fa-

2001 2116 2234 2170 ciemus‘
2266 2133 2278 2168 :
2305 2118 2553 2186 quoniam
2584 2115 2836 2185 quidquid
2863 2123 2946 2169 est
2982 2115 3122 2168 aliud
3165 2115 3248 2168 hic
3286 2113 3562 2167 habemus.

2004 2208 2327 2263 Discernitur
2354 2208 2547 2277 quippe
2575 2207 2670 2260 ista
2703 2207 2912 2260 dilectio
2931 2206 2999 2259 ab
3037 2205 3124 2258 illa
3159 2205 3441 2258 dilectione
3462 2217 3564 2272 qua

2001 2312 2062 2352 se
2089 2299 2311 2351 invicem
2351 2297 2571 2365 diligunt
2600 2296 2840 2350 homines
2865 2298 3000 2349 sicut
3026 2296 3271 2349 homines
3301 2313 3315 2346 :
3359 2309 3479 2348 nam
3513 2304 3569 2346 ut

2001 2387 2415 2450 discerneretur,
2444 2387 2748 2455 adjunctum
2775 2395 2878 2451 est,
2905 2387 3029 2439 sicut
3050 2385 3202 2437 dilexi
3233 2400 3338 2436 ros.
3371 2382 3568 2450 thuid

2000 2478 2140 2532 enim
2158 2477 2326 2546 diligit
2342 2492 2438 2531 nos
2453 2477 2713 2539 Christus,
2733 2476 2831 2530 nisi
2849 2484 2904 2528 nt
2924 2489 3142 2544 regnare
3169 2474 3431 2542 possimus
3447 2487 3567 2526 cum

2000 2570 2253 2626 Christo?
2270 2569 2348 2624 Ad
2366 2569 2465 2624 hoc
2485 2586 2612 2638 ergo
2627 2577 2681 2624 et
2695 2584 2790 2621 nos
2808 2567 3030 2623 invicem
3049 2567 3345 2634 diligamus,
3367 2573 3424 2618 ut
3437 2565 3570 2618 dile-

2000 2663 2226 2716 ctionem
2249 2670 2480 2715 nostram
2497 2661 2858 2714 discernamus
2878 2675 2906 2712 a
2923 2658 3242 2726 cmteris,qni
3262 2674 3363 2711 non
3383 2657 3446 2710 ad
3469 2658 3570 2712 hoc

2000 2767 2060 2807 se
2111 2751 2334 2807 invicem
2387 2751 2628 2820 diligunt,
2661 2751 2780 2819 quia
2816 2765 2913 2803 nec
2961 2749 3206 2817 diligunt.
3237 2749 3335 2814 Qui
3389 2755 3566 2800 autem

2003 2860 2061 2899 se
2085 2852 2300 2914 propter
2321 2844 2616 2896 habendum
2649 2843 2810 2896 Deum
2840 2841 3082 2908 diligunt,
3103 2841 3199 2909 ipsi
3222 2855 3280 2894 se
3305 2839 3528 2908 diligunt
3553 2857 3565 2892 :

2001 2951 2130 3005 ergo
2153 2941 2211 2989 ut
2238 2950 2296 2988 se
2327 2934 2566 3003 diligant,
2602 2933 2762 2986 Deum
2791 2932 3032 3000 diligunt.
3076 2931 3189 2985 Non
3224 2938 3305 2984 est
3344 2931 3456 2984 limo
3479 2929 3564 2982 di-

2003 3024 2162 3079 lectio
2187 3025 2240 3078 in
2267 3025 2511 3077 omnibus
2537 3023 2837 3077 hominibus
2862 3039 2874 3074 :
2897 3023 3046 3090 pauci
3063 3037 3121 3075 se
3151 3031 3422 3087 prepterea
3438 3019 3563 3072 dili—

2001 3129 2150 3190 guut,
2180 3127 2236 3171 ut
2256 3118 2324 3172 sit
2351 3117 2489 3171 Deus
2514 3116 2690 3170 omnia
2718 3116 2770 3170 in
2799 3117 3043 3169 omuilms
3066 3115 3104 3185 (l
3122 3113 3240 3168 Cor.
3264 3129 3351 3178 xv,
3380 3113 3492 3182 9.8).

2421 3248 2737 3305 TRACTAT
2745 3247 2828 3305 US
2865 3247 3143 3303 LXXXIV.

2005 3361 2069 3418 In
2099 3361 2246 3429 illud,
2293 3361 2542 3430 Majorem
2580 3360 2679 3414 hac
2727 3359 3064 3414 dilectionem
3105 3374 3262 3414 nemo
3305 3357 3480 3423 habet,
3515 3367 3574 3414 ut

2073 3453 2302 3506 animam
2356 3468 2504 3506 suam
2559 3460 2715 3520 ponat
2755 3449 2873 3520 quis
2927 3464 3020 3520 pro
3062 3449 3244 3503 amicis
3282 3447 3411 3504 suis.
3441 3446 3569 3519 Cap.

2076 3559 2167 3608 xv,
2210 3544 2243 3612 ᾖ
2270 3582 2282 3595 .
2318 3544 2402 3598 15.

2075 3656 2125 3710 1..
2167 3655 2551 3709 Pienitudinein
2589 3653 2884 3708 dilectionis
2913 3667 3012 3722 qua
3053 3667 3148 3706 nos
3181 3651 3404 3706 invicem
3439 3653 3574 3706 dili-~

2002 3760 2128 3814 gere
2154 3744 2431 3808 debemus,
2475 3744 2661 3798 fratres
2694 3743 3010 3806 charissimi,
3041 3742 3280 3796 deﬁnivit
3316 3742 3574 3796 Dominus

2003 3835 2187 3890 dicens
2217 3851 2230 3887 :
2259 3833 2511 3903 Majorem
2539 3834 2633 3886 hac.
2671 3833 2984 3885 dilectionem
3009 3848 3152 3885 nemo
3180 3831 3344 3898 habet,
3375 3840 3427 3884 ut
3452 3833 3567 3884 ani-

2005 3941 2139 3979 mant
2158 3941 2304 3980 suam
2331 3934 2482 3994 ponat
2509 3925 2620 3994 quis
2642 3939 2731 3991 pro
2756 3923 2928 3976 amicis
2955 3922 3081 3975 suis.
3109 3922 3240 3986 Quia
3267 3937 3394 3991 ergo
3414 3937 3571 3990 supc-

2004 4018 2114 4071 rius
2135 4016 2358 4082 dixerat,
2387 4014 2496 4068 Hoc
2522 4025 2594 4068 est
2619 4013 2912 4067 mandatum
2937 4029 3125 4076 meum,
3145 4022 3197 4066 ut
3230 4011 3455 4082 diligatis
3485 4013 3568 4066 iu-

2004 4107 2175 4171 vicem,
2216 4107 2343 4161 sicut
2382 4106 2538 4160 dilexi
2577 4121 2691 4170 eos;
2729 4104 2923 4174 quibus
2965 4103 3141 4159 verbis
3188 4103 3390 4158 addidit
3429 4105 3568 4172 quod

2005 4211 2144 4253 nunc
2171 4195 2410 4257 audistis,
2436 4195 2682 4266 dlajorem
2713 4194 2806 4246 hac
2832 4193 3147 4248 dilectionem
3172 4210 3314 4247 neuio
3335 4193 3501 4258 habet,
3519 4204 3575 4247 ut

2004 4288 2227 4342 animam
2249 4303 2392 4341 suam
2421 4295 2573 4355 ponat
2610 4285 2722 4354 quis
2763 4301 2853 4354 pro
2881 4285 3054 4338 amicis
3087 4285 3191 4339 suis
3229 4301 3247 4337 :
3293 4284 3351 4338 lit
3373 4299 3437 4339 ex
3471 4283 3573 4337 hoc

2005 4393 2356 4449 consequens,
2404 4377 2543 4448 quod
2588 4378 2736 4434 idem.
2767 4378 2866 4432 iste
2894 4377 3214 4446 evangelista
3261 4377 3496 4432 Joannes
3524 4382 3588 4432 in.

2007 4472 2242 4541 Epistula
2292 4487 2385 4526 sua
2435 4471 2588 4536 dicit,
2636 4469 2704 4526 Ut
2750 4471 3169 4540 quemadmodum
3211 4469 3439 4526 Christus
3484 4489 3575 4542 pro

2007 4561 2147 4617 nobis
2184 4563 2403 4616 animum
2448 4577 2594 4614 suam
2635 4563 2823 4631 posuit,
2853 4563 2928 4615 sic
2964 4573 3011 4616 et
3051 4579 3151 4616 nos.
3169 4561 3455 4617 debeamus
3483 4579 3576 4632 pro

2007 4653 2246 4724 fratribus
2295 4653 2489 4705 aninms
2534 4668 2717 4720 ponere
2743 4652 2784 4722 (l
2813 4652 2967 4706 Joan.
2994 4668 3069 4718 ιιι,
3114 4653 3235 4723 1ϐ);
3289 4653 3569 4720 diligentes

2008 4743 2185 4812 utique
2226 4730 2447 4796 invicem
2491 4741 2627 4798 sicut
2669 4742 2779 4810 ipse
2807 4741 2994 4799 dilexit
3019 4757 3136 4808 nos,
3167 4742 3256 4812 qui
3285 4757 3378 4811 pro
3421 4741 3574 4795 nobis

2007 4834 2234 4888 animam
2263 4848 2410 4886 suam
2443 4833 2632 4901 posuit.
2673 4833 2929 4888 Nimirum
2962 4835 3062 4891 hoc
3087 4841 3170 4889 est
3207 4832 3348 4902 quod
3381 4833 3570 4902 legitur

2010 4926 2060 4979 in
2091 4924 2387 4979 Proverbiis
2412 4925 2746 4982 Salomonis:
2781 4925 2841 4980 Si
2876 4925 3061 4980 sederis
3104 4940 3300 4979 cwuare
3329 4923 3397 4976 ad
3427 4939 3567 4976 meu-
3636 4981 3646 4994 1

2007 5030 2115 5069 sum
2137 5014 2368 5084 potentis,
2395 5014 2712 5069 considerans
2735 5015 2954 5085 intelligo
2978 5031 3090 5084 quia
3108 5025 3432 5084 apponuntur
3451 5014 3571 5078 tibi;

2008 5113 2054 5157 et
2078 5104 2154 5158 sic.
2176 5104 2310 5156 mitte
2355 5121 2558 5157 nianum
2597 5114 2758 5170 tuam,
2792 5106 2954 5162 sciens
2989 5106 3110 5174 quia
3147 5105 3270 5159 talia
3296 5115 3343 5158 te
3379 5114 3574 5176 oportet

2011 5193 2484 5266 praeparare(Prov.
2507 5210 2658 5260 unt,
2684 5197 2706 5249 l
2725 5203 2770 5248 et
2793 5193 2870 5265 2)..
2888 5195 3016 5249 Nam
3041 5211 3158 5265 qua:
3181 5202 3472 5251 mensa-cst
3491 5211 3578 5265 po-

2011 5287 2190 5353 tentis,
2239 5285 2337 5341 nisi
2369 5286 2506 5342 unde
2530 5287 2753 5342 sumitur
2776 5301 2975 5357 corpus
3012 5295 3066 5341 et
3092 5287 3308 5356 sanguis
3348 5286 3463 5356 ejus
3487 5289 3575 5357 qui

2009 5379 2238 5434 animam
2277 5392 2426 5432 suam
2457 5379 2632 5447 posuit
2658 5393 2755 5447 pro
2793 5377 2978 5433 nobis?
3009 5378 3075 5433 Et
3099 5377 3224 5448 quid
3248 5387 3332 5433 est
3354 5379 3419 5434 ad
3460 5395 3576 5434 eam

2009 5468 2216 5535 sedere,
2239 5469 2341 5523 nisi
2371 5469 2635 5524 humiliter
2659 5470 2948 5525 accedere?
2975 5471 3040 5525 Et
3066 5469 3194 5540 quid
3224 5481 3304 5526 est
3331 5471 3574 5525 conside-

2011 5575 2130 5615 rare
2176 5568 2230 5614 et
2272 5560 2566 5630 intelligere
2614 5573 2732 5630 qua:
2780 5570 3114 5630 apponuntur
3145 5561 3258 5626 tibi,
3292 5561 3579 5632 uisidigne

2015 5661 2208 5707 tzmtam
2230 5654 2449 5722 gratiam
2477 5653 2741 5722 cogitare?
2768 5651 2834 5707 Et
2867 5652 2990 5722 quid
3015 5661 3097 5708 est
3133 5653 3209 5709 sic
3233 5654 3443 5709 mittere
3469 5669 3578 5706 ma-

2077 5766 2092 5797 ι
2120 5771 2183 5816 tta
2206 5771 2312 5814 Lor.
2333 5764 2448 5814 Editi
2475 5778 2588 5814 vero
2609 5763 2685 5824 alii
2709 5771 2760 5816 et
2782 5764 3006 5828 plerique
3026 5773 3148 5826 mss,
3178 5766 3425 5829 faciunttu.
