4102 6466
530 343 662 399 πει-ι

525 475 674 524 ιιιιιιι,
707 467 766 514 ιιι
816 458 954 512 scias
990 457 1109 527 quia
1156 451 1288 510 talia‘
1307 464 1357 508 te
1396 459 1606 522 oportet
1643 461 1966 520 praeparare,
1995 443 2098 498 nisi

524 549 668 621 quod
684 550 790 620 jam
819 549 949 613 dixi,
983 548 1104 618 quia
1130 548 1267 600 sicut
1297 561 1390 613 pro
1421 542 1574 597 nobis
1597 539 1841 596 Christus
1866 539 2098 594 animam

525 657 675 696 suam
706 641 898 710 posuit,
927 639 1002 694 sic
1021 647 1075 694 et
1099 653 1195 693 nos
1225 636 1479 691 debemus
1498 632 1702 688 animas
1727 647 1822 702 pro
1844 630 2100 685 fratribus

525 732 758 803 ponere?
787 731 928 787 Sicut
957 731 1097 785 enim
1121 729 1193 782 ait
1221 727 1380 782 etiam
1405 724 1672 796 apostolus
1704 724 1915 788 Petrus,
1943 719 2091 778 Chri-

524 834 632 877 stus
661 838 752 893 pro
773 821 909 876 nobis
937 837 1113 888 passus
1130 826 1221 882 est,
1246 815 1530 885 relinquens
1557 814 1698 868 nobis
1718 813 2023 883 exemplum,
2045 822 2099 866 ut

525 930 789 983 sequamur
838 913 1039 982 vestigia
1068 912 1174 980 ejus
1217 907 1260 981 (Ι
1286 907 1427 962 Petr.
1461 923 1519 973 ιι,
1563 907 1678 974 21).
1711 905 1824 959 Hoc
1867 912 1949 960 est
1977 904 2098 958 talia

526 1018 843 1074 prmparare.
873 1002 984 1057 Hoc
1009 1001 1146 1055 beati
1171 1010 1436 1072 martyres
1465 999 1668 1053 ardenti
1695 995 1980 1052 dilectione
2017 996 2099 1050 fe-

523 1104 714 1149 cerunt
756 1112 768 1147 :
801 1107 1024 1163 quorum
1056 1093 1098 1146 si
1131 1107 1235 1146 non
1273 1093 1499 1146 iuauitcr
1539 1094 1824 1147 memorias
1853 1093 2096 1147 celebra-

525 1200 662 1248 mus,
695 1193 851 1252 atque
888 1183 939 1236 iu
979 1183 1218 1236 convivio
1262 1201 1365 1251 quo
1404 1194 1457 1238 et
1487 1184 1582 1253 ipsi
1609 1184 1829 1239 saturati
1855 1193 1996 1246 sunt,
2027 1183 2094 1238 ad

524 1290 762 1330 mensam
789 1274 994 1328 Domini
1035 1274 1356 1340 accedimus,
1396 1284 1621 1346 oportet,
1654 1284 1709 1329 ut
1746 1275 2094 1345 quemadmo.

523 1368 652 1421 dum
679 1366 797 1436 ipsi,
844 1375 896 1421 et
928 1381 1024 1421 nos
1068 1367 1188 1421 talia
1236 1383 1612 1436 praeparemus.
1663 1367 1784 1421 Ideo
1811 1368 2004 1437 quippe
2029 1366 2094 1420 ad

523 1462 691 1529 ipsam
732 1473 968 1514 mensam
1017 1473 1122 1512 non
1166 1459 1242 1512 sie
1267 1473 1358 1511 eos
1379 1473 1875 1523 commemoramus,
1904 1473 2094 1528 quem-

521 1549 806 1604 admodum
849 1551 980 1603 alios
1031 1549 1118 1618 qui
1167 1533 1230 1602 in.
1266 1564 1394 1618 pace
1433 1550 1790 1618 requiescunt,
1831 1557 1888 1602 ut
1934 1549 2093 1603 etiam

524 1653 622 1708 pro
651 1640 727 1692 eis
748 1654 981 1704 oremus,
1011 1638 1104 1692 sed
1131 1638 1296 1707 magis
1319 1647 1372 1690 ut
1399 1638 1494 1706 ipsi
1522 1654 1616 1707 pro
1639 1639 1808 1701 nobis,
1834 1647 1891 1692 ut
1909 1655 2093 1693 eorum

520 1731 760 1799 vestigiis
792 1728 1186 1792 adhmreamus;
1216 1729 1338 1798 quia
1367 1729 1717 1797 impleverunt
1741 1729 1838 1798 ipsi
1859 1730 2092 1783 charita-

523 1831 630 1877 tem
658 1838 758 1892 qua
796 1820 1047 1874 Dominus
1101 1820 1233 1873 dixit
1287 1836 1392 1873 non
1444 1835 1599 1888 posse
1643 1834 1761 1873 esse
1813 1819 2090 1888 majorem.

522 1912 670 1967 Talia
713 1911 853 1966 enim
881 1911 992 1964 suis
1019 1910 1270 1964 fratribus
1294 1910 1665 1973 exhibuerunt,
1691 1910 1864 1980 qualia
1899 1910 1966 1966 de
1987 1911 2092 1966 Do.

521 2003 649 2059 mini
675 2017 855 2056 mensa
885 2003 1083 2070 pariter
1103 2012 1440 2072 acceperunt.

587 2093 646 2148 2.
686 2093 868 2161 Neque
892 2092 992 2146 hoc
1020 2093 1089 2144 ita
1129 2091 1328 2145 dictum
1371 2092 1458 2157 sit,
1487 2092 1639 2162 quasi
1661 2099 1946 2161 propterea
1991 2091 2096 2145 Do-

521 2182 666 2237 mino
693 2181 903 2236 Christo
932 2197 1084 2252 pares
1111 2198 1230 2236 esse
1257 2185 1542 2252 possimus,
1575 2183 1620 2236 si
1651 2198 1746 2250 pro
1787 2183 1881 2237 illo
1925 2198 2092 2253 usque

520 2274 587 2329 ad
623 2274 930 2344 sanguinem
965 2273 1270 2344 martyrium
1299 2273 1624 2328 duxerimus.
1656 2273 1750 2329 Ille
1776 2283 2091 2344 potestatem

520 2365 704 2421 habuit
752 2365 979 2435 ponendi
1035 2366 1264 2420 animam
1307 2381 1481 2432 suam,
1522 2373 1579 2420 et
1627 2366 1816 2420 iterum
1850 2365 2092 2420 sumendi

519 2471 637 2510 eam
668 2454 841 2525 (Joan.
874 2470 932 2522 x,
965 2455 1088 2526 48);
1117 2471 1214 2510 nos
1237 2463 1412 2510 autem
1443 2469 1542 2510 nec
1565 2465 1822 2525 quantum
1850 2458 2092 2512 volumus

518 2547 764 2612 vivimus,
793 2556 848 2603 et
874 2549 1130 2601 morimur
1165 2549 1369 2602 etiamsi
1407 2550 1650 2603 nolumus
1682 2567 1696 2601 :
1741 2551 1828 2604 ille
1855 2552 2089 2607 moriens

520 2650 641 2689 mox
669 2637 719 2690 in
746 2651 804 2690 se
828 2637 1021 2691 occidit
1047 2645 1304 2701 mortem;
1333 2651 1432 2692 nos
1472 2639 1522 2691 in
1558 2639 1671 2708 ejus
1693 2649 1866 2694 morte
1897 2641 2091 2696 libera-

518 2740 639 2780 mur
679 2741 708 2779 a
761 2737 930 2780 morte
971 2726 1155 2781 :illius
1202 2742 1326 2782 caro
1375 2743 1480 2782 nou
1527 2729 1657 2783 vidit
1692 2731 2088 2799 corruptionem

521 2813 655 2887 (Act.
684 2831 743 2880 ιι,
772 2816 899 2886 51);
945 2826 1124 2874 nostra
1166 2825 1280 2886 post
1319 2818 1734 2886 corruptionem,
1765 2820 1815 2874 in
1857 2820 1962 2876 line
1992 2836 2094 2876 sm-

517 2905 618 2961 culi
643 2921 735 2975 per
757 2906 1169 2962 illumiuduetur
1188 2907 1655 2977 ineorruptionem‘
1678 2927 1691 2964 :
1711 2909 1797 2964 ille
1814 2910 1965 2965 nobis
1986 2927 2092 2966 non

523 2996 747 3067 iudiguit
766 3008 824 3051 ut
853 3011 952 3052 nos
979 2997 1154 3052 Salvos
1176 2997 1404 3062 faceret;
1433 3013 1534 3053 nos
1554 3000 1670 3055 sine
1700 3001 1789 3054 illo
1813 3001 1943 3056 nihil
1972 3017 2092 3071 pos-

517 3072 705 3145 sumus
719 3087 892 3142 facere
916 3104 931 3142 :
956 3089 1041 3142 ille
1063 3103 1124 3144 se
1149 3089 1301 3144 nobis
1321 3089 1624 3159 palmitibus
1642 3093 1868 3162 prtebuit
1891 3095 2087 3158 vitem;

517 3194 617 3234 nos
644 3179 836 3233 habere
878 3188 1075 3249 praeter
1127 3179 1274 3234 illum
1319 3196 1423 3234 non
1454 3196 1734 3252 possumus
1775 3185 1955 3237 vitam.
1990 3185 2089 3238 Po~

519 3280 720 3326 stremo
749 3271 846 3326 etsi
872 3271 1058 3326 fratres
1086 3287 1180 3340 pro
1207 3271 1456 3326 fratribus
1485 3274 1802 3345 moriantur,
1829 3285 2004 3330 tamen
2037 3277 2087 3329 iu

519 3361 872 3417 frateruorum
900 3371 1238 3431 peccatorum
1261 3364 1632 3424 remissionem
1655 3365 1848 3420 nullius
1879 3367 2091 3436 sanguis

517 3454 768 3525 martyris
792 3452 1045 3520 funditur,
1073 3454 1212 3524 quod
1244 3453 1365 3509 fecit
1388 3453 1474 3510 ille
1501 3470 1598 3525 pro
1624 3455 1776 3510 nobis
1802 3474 1816 3509 :
1846 3472 2016 3527 neque
2037 3459 2088 3511 iu

519 3545 622 3601 hoc
642 3545 766 3616 quid
795 3547 1141 3614 imitaremur,
1164 3546 1255 3601 sed
1281 3547 1406 3617 quid
1444 3550 1831 3618 gratularemur
1869 3552 2092 3606 contulit

518 3637 690 3692 uobis.
723 3637 991 3706 Quatenus
1023 3653 1150 3708 ergo
1179 3651 1438 3710 martyres
1467 3655 1560 3709 pro
1599 3640 1852 3697 fratribus
1879 3644 2094 3713 sangui-

516 3745 638 3784 nem
670 3745 822 3783 sumn
843 3729 1108 3794 fuderunt,
1130 3730 1383 3785 hactenus
1430 3731 1550 3785 talia
1572 3731 1942 3800 exhibuerunt,
1963 3750 2094 3805 qua-

519 3823 587 3876 lia
615 3822 683 3878 de
710 3837 892 3877 mensa
915 3823 1174 3877 dominica
1203 3836 1555 3894 perceperunt
1573 3827 1614 3879 '.
1642 3825 1698 3882 lu
1725 3829 1932 3883 caeteris
1948 3831 2089 3884 enim

515 3930 634 3986 qua:
659 3915 786 3981 dixi,
827 3915 1065 3985 quamvis
1096 3931 1194 3971 nec
1237 3918 1413 3971 omnia
1453 3917 1631 3974 dicere
1672 3919 1842 3988 potui,
1889 3927 2092 3991 martyr

517 4005 710 4061 Christi
734 4007 887 4078 longe
907 4007 1078 4076 impar
1105 4016 1186 4063 est
1213 4006 1442 4064 Christo.
1462 4010 1612 4077 Quod
1636 4010 1680 4066 si
1708 4013 1984 4082 quisquam
2009 4028 2088 4080 se,

521 4112 625 4152 non
654 4097 774 4151 dico
808 4099 1059 4168 potentiae
1085 4098 1298 4163 Christi,
1344 4099 1439 4155 sed
1474 4101 1789 4157 innocentia:
1817 4119 2094 4174 compara-

521 4187 636 4253 bit;
681 4203 788 4242 non
833 4188 1003 4242 dicam
1032 4198 1085 4244 et
1111 4189 1341 4244 alienum
1380 4204 1439 4245 sc
1478 4192 1719 4267 putando
1755 4208 1964 4261 sanare,
1997 4194 2090 4250 sed

518 4293 671 4334 suum
693 4280 879 4335 saltem
910 4281 1110 4336 nullum
1143 4281 1338 4338 habere
1359 4291 1631 4352 peceatum
1658 4303 1672 4340 :
1700 4287 1859 4341 etiam
1887 4289 1963 4342 sic
1984 4289 2094 4342 avi-

519 4368 638 4422 dior
674 4379 756 4425 est
797 4385 955 4440 quam
994 4371 1131 4425 ratio
1158 4371 1343 4426 salutis
1371 4374 1630 4442 exposcit,
1667 4376 1888 4431 multum
1920 4388 1999 4433 est
2025 4378 2089 4432 ad

521 4461 686 4526 illum,
706 4475 810 4515 non
836 4463 976 4532 capit
997 4471 1217 4517 tantum.
1239 4462 1307 4518 Et
1329 4463 1465 4520 bene
1489 4465 1629 4536 quod
1657 4466 1755 4522 ista
1778 4467 2092 4524 Proverbia-

521 4566 634 4605 rum
661 4553 920 4606 sententia
965 4565 1351 4620 commonetur,
1395 4571 1511 4626 qua:
1539 4557 1791 4613 continuo
1820 4560 2091 4630 subjungit

518 4653 674 4713 atque
699 4643 846 4710 dicit,
875 4643 1023 4709 Quod
1056 4645 1101 4698 si
1135 4647 1328 4700 avidior
1355 4664 1424 4714 es,
1457 4649 1562 4702 noli
1585 4651 1931 4720 concupiscere
1957 4652 2093 4706 cibos

518 4735 665 4805 ejus;
691 4735 848 4789 satius
873 4746 942 4789 est
980 4737 1113 4790 enim
1141 4748 1196 4791 ut
1223 4739 1351 4792 nihil
1376 4739 1494 4792 inde
1535 4757 1722 4805 sumas,
1754 4759 1904 4813 quam
1929 4754 1982 4795 ut
2004 4744 2092 4797 tibi

520 4827 634 4896 plus
677 4843 827 4898 quam
867 4837 1060 4897 Oportet
1101 4845 1348 4886 assumas.
1380 4829 1506 4886 Hice
1550 4833 1702 4900 enim,
1727 4834 1913 4905 inquit,
1942 4838 2094 4891 vitam

519 4918 698 4974 habent
727 4918 983 4991 fallacem,
1014 4921 1113 4977 hoc
1138 4930 1220 4976 est
1249 4923 1586 4994 hypocrisin].
1613 4925 1846 4981 Dii-endo
1871 4928 2011 4982 enim
2035 4942 2094 4984 se

519 5011 634 5065 sine
663 5020 878 5080 peccato
919 5028 1058 5076 esse,
1083 5013 1280 5083 justum
1323 5029 1425 5068 non
1473 5024 1646 5084 potest
1685 5017 1958 5084 exhibere,
1997 5020 2092 5074 sed

522 5101 738 5171 fingere.
770 5101 892 5157 Ideo
919 5103 1115 5157 dictum
1145 5112 1249 5171 est,
1289 5103 1416 5158 Il'wc
1442 5106 1574 5159 enim
1601 5108 1784 5163 habent
1814 5111 1964 5164 vitam
1987 5111 2092 5183 fal-

512 5196 699 5247 lacem.
727 5192 870 5248 Unus
898 5203 979 5248 est
1005 5195 1148 5248 solus
1173 5194 1261 5264 qui
1290 5203 1343 5249 et
1372 5211 1584 5251 carnem
1610 5198 1840 5254 hominis
1870 5199 2090 5268 habere,

521 5296 574 5337 et
596 5296 869 5354 peccatum
899 5287 1067 5355 potuit
1094 5301 1198 5340 non
1221 5285 1435 5342 habere.
1466 5288 1648 5345 Merito
1669 5292 1809 5361 quod
1833 5294 2088 5362 sequitur,

521 5377 672 5432 nobis
709 5379 1031 5448 pra‘cipitur,
1075 5393 1136 5432 ac
1167 5379 1255 5432 tali
1297 5380 1461 5436 verbo
1489 5389 1648 5452 atque
1688 5383 1967 5452 proverbio
1997 5383 2095 5438 hu-

581 5545 600 5606 ε
626 5541 992 5603 Incorruptioue,
1007 5544 1144 5606 Juxta
1166 5545 1403 5606 Fatum}.
1432 5554 1482 5596 et
1497 5554 1614 5596 ven.
1671 5555 1724 5595 tu.

584 5605 603 5634 ³
629 5606 710 5653 llic
746 5617 836 5679 sex
875 5604 1197 5679 διξδεριιινιιιιιιιι,
1241 5604 1426 5679 imitari
1453 5607 1562 5679 quis
1594 5611 1869 5679 morientem
1905 5620 2090 5679 potuit,

520 5676 655 5714 nemo
679 5673 834 5738 autem
857 5665 1002 5738 potuit
1027 5665 1423 5738 redimentent._td
1449 5665 1551 5718 tres
1569 5669 1646 5720 alii
1677 5665 1917 5725 referunt'
1931 5665 2093 5738 proin

521 5739 598 5774 uie
623 5737 734 5778 ante
759 5728 861 5777 haec
886 5729 1050 5790 verba,
1075 5729 1201 5786 quod
1223 5727 1268 5780 si
1287 5730 1554 5793 (nusquam.

1484 335 1546 391 [Ν
1583 329 1860 389 JOANNIS
1899 324 2357 393 EVANGELIUM,
2397 327 2453 383 S.
2494 327 2855 386 AUGUSTINI

3637 336 3777 394 i858

2209 456 2361 495 mana
2391 442 2668 498 infirmitas
2709 444 3048 511 convenitur,
3080 445 3233 516 eique
3260 445 3490 503 dicitur:
3524 448 3648 506 Noli
3671 467 3771 508 es:-

2206 534 2408 589 teudere
2433 544 2498 602 te,
2539 552 2651 590 cum
2688 537 2759 590 sis
2797 553 3008 606 pauper,
3035 546 3211 591 contra
3244 536 3466 592 divitem.
3508 540 3666 596 Dives
3689 551 3775 597 est

2205 626 2347 681 enim
2372 628 2460 696 qui
2489 643 2587 684 nec
2615 628 2949 682 hmreditario
2975 643 3076 683 nec
3097 629 3314 697 proprio
3340 645 3568 700 unquam
3589 631 3773 687 debito

2205 718 2482 784 obnoxius,
2517 729 2572 775 ct
2609 720 2722 789 ipse
2743 719 2922 790 justus
2943 730 3044 784 est,
3075 730 3132 777 et
3177 721 3306 776 alios
3321 721 3574 790 jnstiticat
3617 724 3775 779 Chri-

2204 821 2337 866 stus.
2367 811 2484 867 Noli
2519 823 2701 868 contra
2739 829 2861 868 eum
2902 822 2954 868 te
2991 813 3298 880 extendere,
3327 815 3378 869 in
3408 825 3608 870 tantum
3639 835 3773 885 pau-

2203 918 2318 973 per,
2347 912 2404 958 ut
2432 905 2759 960 remissionis
2787 913 3118 974 peccatorum
3147 921 3405 976 appareas
3432 909 3772 976 quotidianus

2205 994 2256 1050 in
2287 995 2524 1051 oratione
2552 997 2844 1052 mendicus.
2867 997 2974 1051 Tuo
2988 1007 3153 1052 autem
3179 998 3410 1060 consilio,
3439 1000 3630 1068 inquit,
3651 1002 3772 1054 abs-

2205 1086 2307 1138 tine
2353 1095 2418 1139 te.
2441 1086 2612 1152 Unde,
2636 1089 2734 1142 nisi
2763 1104 2791 1141 a
2819 1090 3227 1158 praesumptione
3243 1088 3552 1146 fallaciﬂlle
3567 1091 3770 1161 quippe

2203 1176 2323 1244 quia
2367 1191 2471 1230 non
2518 1187 2718 1232 tantum
2747 1190 2829 1234 est
2868 1180 3072 1245 homo,~.
3101 1183 3193 1237 sed
3234 1185 3392 1239 etiam
3441 1185 3601 1248 Deus,
3650 1184 3774 1239 ideo

2203 1280 2468 1334 nunquam
2513 1283 2654 1322 reus.
2700 1269 2762 1324 Si
2810 1272 2941 1324 enim
2983 1272 3225 1329 direxeris
3261 1276 3464 1330 oculum
3510 1286 3649 1331 tum
3697 1278 3771 1331 ad

2200 1355 2363 1422 illum,
2391 1374 2634 1428 nusquam
2653 1362 2860 1430 parebit.
2885 1362 3101 1418 Oculum
3121 1376 3279 1430 tuum,
3292 1369 3504 1422 oculum
3524 1369 3770 1425 videlicet

2204 1444 2486 1502 humanum
2512 1464 2618 1518 quo
2645 1452 2816 1506 cernis
2865 1452 3112 1520 humana,
3143 1457 3188 1510 si
3233 1458 3474 1512 direxeris
3493 1460 3562 1512 ad
3598 1461 3766 1526 illum,

2200 1552 2443 1607 nusquam
2472 1539 2698 1610 parebit;
2727 1544 2846 1611 quia
2875 1544 3038 1599 videri
3068 1563 3169 1600 nou
3198 1558 3391 1617 potest,
3422 1552 3772 1621 quemadmo-

2199 1627 2323 1682 dum
2352 1631 2533 1686 videre
2576 1641 2628 1686 tu
2675 1642 2844 1702 potes.
2876 1634 3081 1691 Parabit
3106 1640 3239 1692 enim
3280 1641 3375 1694 sibi
3421 1658 3608 1710 patinas
3636 1644 3767 1696 sicut

2198 1721 2398 1788 aquilae,
2430 1732 2480 1776 et
2519 1724 2661 1778 vadet
2694 1725 2745 1779 in
2778 1725 2982 1781 domum
3007 1731 3262 1797 ρνιεροεὶιὶ
3293 1733 3371 1785 sui
3409 1731 3592 1801 (Prov.
3611 1750 3766 1801 xxtu,

2199 1812 2313 1884 5-5)
2347 1831 2360 1866 :
2392 1815 2529 1871 unde
2563 1817 2630 1872 ad
2655 1832 2752 1872 nos
2781 1820 2962 1889 utique
2985 1823 3146 1887 venit,
3177 1838 3276 1878 nec
3313 1825 3446 1878 tales
3482 1827 3652 1895 qualis
3677 1841 3772 1881 ve-

2198 1903 2274 1956 nit
2301 1904 2518 1958 invenit.
2550 1907 2838 1976 Diligamus
2859 1925 2997 1978 ergo
3016 1911 3262 1974 invicem.
3290 1913 3426 1968 sicut
3449 1923 3502 1969 et
3522 1914 3766 1971 Christus

2197 1994 2382 2049 dilexit
2407 2011 2524 2061 nos,
2553 2005 2606 2050 et
2645 1999 2858 2052 tradidit
2885 2002 3228 2071 semetipsum
3257 2017 3354 2072 pro
3387 2004 3540 2058 nobis
3565 2003 3762 2074 (Galat.

2197 2098 2254 2147 ιι,
2282 2084 2394 2154 20).
2426 2085 2674 2156 Majorcm
2701 2090 2889 2159 quippe
2927 2090 3022 2144 hac
3060 2093 3376 2147 dilectionem
3421 2111 3564 2149 nemo
3592 2095 3764 2161 habet,

2196 2185 2251 2230 ut
2275 2178 2495 2231 animam
2541 2197 2685 2233 suam
2720 2191 2872 2251 ponat
2895 2183 3009 2252 quis
3035 2200 3128 2252 pro
3167 2186 3344 2240 amicis
3369 2186 3492 2242 suis.
3527 2187 3768 2258 Eumque

2197 2267 2274 2322 sic
2311 2269 2576 2324 imitemur
2615 2272 2696 2339 pia
2730 2272 3050 2339 obedientia,
3095 2282 3155 2328 ut
3195 2275 3246 2330 ei
3307 2291 3408 2331 nos
3447 2291 3766 2347 oosuparsre

2197 2358 2339 2412 nulla
2365 2375 2744 2428 praesumamus
2767 2365 3006 2418 audacia.

2631 2475 3035 2534 TRACTATUS
3071 2479 3330 2534 LXXXV.

2195 2585 2273 2641 De
2295 2604 2352 2642 eo
2373 2588 2508 2653 quod
2527 2589 2667 2656 dicit,
2700 2589 2808 2645 Vos
2828 2591 2982 2646 amici
3010 2593 3110 2648 mei
3138 2594 3286 2658 estis,
3313 2593 3354 2648 si
3387 2592 3616 2650 feceritis
3639 2611 3765 2666 qua)

2265 2680 2514 2748 principio
2541 2681 2707 2736 vobis.
2737 2681 2854 2736 Jam
2880 2697 2983 2736 non
3013 2682 3132 2737 dico
3158 2700 3252 2739 vos
3267 2699 3482 2751 servos;
3509 2686 3628 2756 quia
3652 2701 3769 2741 ser-

2266 2787 2361 2825 vus
2383 2773 2550 2826 nescit
2573 2773 2699 2843 quid
2728 2772 2887 2828 faciat
2912 2774 3159 2830 dominus
3181 2773 3456 2848 ejus.Cap.
3487 2793 3574 2845 xv,
3616 2777 3650 2848 Ῡ
3686 2777 3722 2850 ᾖ
3746 2815 3764 2833 .

2269 2862 2476 2927 14,15.

2267 2994 2318 3049 i.
2364 2993 2493 3050 Cum
2543 2997 2795 3054 Dominus
2829 2997 3433 3057 Jesuseommendasset
3453 3001 3767 3058 charitatem

2193 3099 2348 3153 quam
2369 3086 2609 3141 exhibuit
2632 3088 2786 3144 nobis
2812 3089 3086 3144 moriendo
3114 3107 3208 3159 pro
3225 3092 3398 3157 nobis,
3423 3102 3582 3163 atque
3601 3093 3770 3149 dixis-

2194 3185 2302 3240 set,
2329 3175 2578 3247 tifajurem
2607 3180 2704 3233 hac
2743 3180 3060 3236 dilectionem
3087 3199 3232 3237 nemo
3257 3184 3432 3250 habet,
3464 3195 3520 3239 ut
3540 3187 3768 3240 animum

2193 3283 2336 3323 suam
2362 3279 2516 3337 ponat
2539 3270 2648 3338 quis
2678 3287 2768 3340 pro
2805 3273 2978 3326 anticis
3014 3274 3120 3328 suis
3148 3289 3167 3328 .'
3202 3273 3331 3340 Vos,
3370 3276 3570 3346 inquit,
3615 3278 3770 3332 amici

2195 3360 2290 3411 mei
2318 3360 2432 3413 estis
2451 3401 2465 3422 ,
2497 3361 2540 3412 si
2585 3362 2801 3431 feceritis
2842 3379 2956 3433 quia
2982 3380 3072 3434 ego
3116 3367 3354 3436 pracipio
3379 3367 3536 3422 vobis.
3580 3367 3764 3438 Magna

2193 3450 2461 3520 dignatio!
2493 3467 2611 3506 eum
2658 3468 2844 3506 servus
2891 3454 3060 3509 bonus
3087 3472 3208 3512 esse
3252 3471 3358 3511 non
3408 3458 3612 3528 possit,
3660 3460 3766 3515 nisi

2196 3551 2454 3612 pr:ecepta
2485 3545 2683 3599 domini
2713 3547 2793 3599 sui
2838 3544 3046 3613 fecerit;
3078 3548 3202 3603 hinc
3226 3549 3425 3604 amicos
3448 3565 3575 3605 suos
3601 3551 3769 3607 voluit

2194 3636 2450 3706 intelligi,
2501 3637 2641 3691 unde
2688 3638 2826 3692 servi
2865 3637 2988 3693 boni
3019 3649 3239 3706 possunt
3265 3641 3493 3709 probari.
3524 3640 3629 3696 Sed
3652 3682 3669 3708 ,
3709 3649 3770 3696 ut

2153 3801 2162 3808 ἣ
2193 3725 2302 3782 dixi
2323 3768 2337 3789 ,
2367 3727 2465 3782 ista
2489 3727 2724 3797 dignatio
2749 3738 2862 3793 est,
2893 3739 2948 3783 ut
2973 3729 3221 3784 dominus
3254 3746 3387 3800 quos
3410 3731 3556 3786 novit
3580 3747 3766 3786 servos

2194 3831 2350 3884 Suus,
2381 3818 2628 3885 dignetur
2649 3820 2827 3874 dicere
2845 3823 3045 3874 amicos
3073 3835 3221 3876 suos.
3251 3821 3381 3877 Nam
3411 3832 3468 3877 ut
3493 3824 3674 3878 sciatis
3696 3824 3766 3878 ad

2194 3922 2466 3963 servorum
2491 3907 2723 3964 cilicium
2753 3913 3018 3979 pertinere
3042 3923 3304 3982 praecepta
3331 3913 3530 3968 domini
3559 3915 3640 3968 sui
3682 3913 3802 3968 fa-’

2193 4015 2318 4054 cere
2338 4042 2354 4068 ,
2383 4002 2490 4056 alio
2511 4001 2630 4056 loco
2669 4018 2854 4058 servos
2881 4005 3064 4074 utique
3091 4005 3336 4075 ohjurgat
3363 4005 3546 4061 dicens
3576 4023 3590 4059 :
3630 4006 3770 4072 Quid

2194 4103 2362 4146 autem
2382 4094 2566 4147 vocatis
2591 4111 2696 4159 me,
2731 4093 2972 4160 Domine,
3001 4095 3241 4161 Domine,
3271 4106 3316 4150 et
3341 4113 3440 4150 non
3464 4097 3630 4167 facitis
3652 4114 3770 4167 qua:

2195 4187 2306 4239 dico
2333 4185 2482 4258 (Luc.
2507 4203 2582 4252 vi,
2612 4187 2727 4260 i6)?
2752 4189 2884 4242 Cum
2907 4205 3036 4256 ergo
3061 4190 3259 4256 dicitis,
3291 4192 3477 4260 inquit,
3508 4192 3767 4256 Domine;

2191 4274 2336 4346 jussa
2367 4275 2608 4332 faciendo
2629 4319 2644 4343 ,
2675 4278 2800 4347 quid
2845 4278 3035 4335 dicatis
3077 4282 3361 4336 ostendite.
3404 4282 3589 4337 Nonne
3610 4297 3771 4337 set-ro

2196 4365 2462 4421 obedienti
2491 4368 2602 4435 ipse
2621 4368 2857 4424 dicturus
2883 4379 2968 4424 est
2985 4413 2998 4436 .
3028 4369 3175 4442 Euge
3191 4411 3206 4434 ,
3238 4388 3376 4426 serve
3396 4373 3550 4439 boue,
3572 4373 3690 4441 quia
3714 4373 3770 4426 iu

2195 4459 2369 4530 paucis
2387 4458 2526 4528 fuisti
2547 4459 2739 4528 ﬁdelis,
2761 4476 2916 4530 supra
2943 4462 3103 4515 multa
3125 4473 3171 4516 tc
3195 4463 3529 4526 constituam;
3556 4463 3690 4515 intra
3714 4464 3770 4517 in

2195 4549 2436 4620 gaudium
2473 4547 2679 4602 Domini
2717 4551 2790 4603 tui
2827 4549 3037 4622 (Matth.
3085 4567 3219 4616 xxv,
3248 4552 3376 4624 2|)?
3402 4552 3583 4608 Potest
3611 4553 3771 4624 igitur

2196 4656 2315 4696 esse
2340 4658 2522 4698 servus
2545 4653 2600 4698 et
2621 4647 2852 4709 amicus,
2884 4647 2974 4717 qui
2999 4661 3186 4702 servus
3213 4656 3296 4703 est
3320 4648 3510 4702 bonus.

2265 4732 2320 4786 2.
2359 4733 2462 4790 Sed
2501 4736 2641 4806 quod
2683 4738 2924 4808 sequitur
2948 4739 3302 4794 attendamus.
3351 4739 3474 4793 lam
3513 4756 3614 4794 non
3656 4739 3772 4794 dico

2196 4840 2282 4878 vos
2305 4842 2492 4893 servos;
2521 4829 2639 4897 quia
2667 4846 2838 4884 servus
2864 4832 3018 4885 nescit
3041 4833 3165 4901 quid
3190 4833 3346 4904 faciat
3382 4831 3616 4886 dominus
3637 4833 3769 4902 ejus.

2197 4914 2474 4983 Quomodo
2497 4935 2622 4990 ergo
2653 4919 2968 4977 intellecturi
2989 4938 3172 4978 sumus
3191 4965 3207 4990 ,
3237 4932 3291 4978 et
3320 4938 3530 4978 servum
3559 4933 3614 4979 et
3638 4923 3774 4977 emi.

2197 5022 2317 5062 cum
2345 5021 2464 5064 esse
2508 5025 2719 5066 servum
2747 5011 2943 5067 bonum
2963 5055 2979 5079 ,
3008 5028 3128 5068 cum
3173 5014 3312 5070 dicat
3337 5054 3352 5080 ,
3382 5013 3502 5068 lam
3528 5030 3629 5068 non
3659 5015 3775 5067 dico

2198 5113 2284 5151 vos
2303 5115 2468 5154 servos
2487 5140 2500 5165 ,
2530 5100 2648 5170 quia
2672 5117 2839 5156 servus
2867 5104 3021 5156 nescit
3048 5103 3170 5174 quid
3197 5104 3353 5173 faciat
3371 5103 3603 5158 dominus
3623 5105 3733 5174 ejus
3748 5105 3780 5160 Ρ

2199 5185 2272 5242 lia
2303 5203 2496 5243 nomen
2535 5191 2808 5246 constituit
2837 5193 2991 5247 amici
3011 5234 3026 5256 .
3057 5202 3114 5247 ut
3140 5193 3342 5249 auferat
3368 5195 3543 5260 servi;
3580 5209 3686 5249 non
3718 5204 3777 5248 ut

2199 5278 2252 5332 in
2281 5293 2386 5332 uno
2411 5291 2690 5350 utrumque
2719 5291 2957 5349 maneat,
2985 5284 3076 5338 sed
3099 5295 3156 5338 ut
3179 5286 3402 5340 alterum
3427 5285 3592 5340 altero
3615 5285 3777 5340 dece-

2199 5367 2357 5423 dente
2385 5370 2652 5424 suecedat.
2699 5371 2834 5440 Quid
2875 5374 3126 5428 esthoc?
3167 5373 3312 5430 Itane
3339 5390 3460 5430 cum
3505 5382 3774 5445 percepta

2201 5460 2408 5514 Domini
2442 5460 2741 5527 fecerimus,
2766 5464 2904 5518 servi
2927 5479 3033 5518 non
3056 5467 3288 5520 erimus?
3310 5464 3455 5520 ltane
3482 5476 3604 5520 tunc
3631 5464 3777 5522 servi

2201 5567 2306 5605 non
2337 5552 2563 5618 erimus,
2612 5554 2823 5623 quando
2868 5555 2992 5610 boni
3031 5556 3170 5612 servi
3223 5557 3513 5613 fuerimus?
3559 5557 3626 5611 Et
3653 5556 3774 5626 quis

2199 5643 2558 5698 contradicere
2589 5653 2760 5713 pote5t
2785 5647 2987 5702 veritati
3016 5663 3133 5718 quzr
3154 5649 3260 5716 ait,
3283 5647 3404 5702 Iam
3420 5663 3516 5702 non
3547 5646 3660 5700 dico
3683 5661 3774 5700 vos

2200 5736 2404 5789 servos?
2429 5735 2494 5789 Et
2521 5751 2619 5790 cur
2661 5736 2758 5793 hoc
2784 5737 3006 5800 dixerit,
3040 5739 3192 5797 docet
3227 5758 3240 5794 :
3274 5740 3403 5805 Quia
3439 5754 3636 5803 seruus,
3680 5735 3765 5791 iu-
