4102 6502
396 339 532 396 18-39
621 351 624 354 '

395 454 539 523 quit,
581 451 733 505 nescit
776 449 899 520 quid
923 449 1075 520 faciat
1121 447 1353 502 dominus
1400 448 1526 516 ejus.
1580 447 1970 517 Numquidnam

396 560 550 599 servo
594 543 733 597 bono
762 550 816 595 et
853 540 1072 609 probato
1113 539 1360 592 dominus
1400 538 1516 606 ejus
1543 554 1646 592 non
1693 540 1850 592 etiam
1880 555 1971 594 se-

396 647 539 690 creta
563 651 656 688 sua
685 633 996 686 committit?
1025 630 1158 697 Quid
1191 639 1270 682 est
1298 645 1424 698 ergo
1473 629 1611 698 quod
1643 631 1742 695 ait,
1786 630 1972 684 Servus

393 709 545 782 nescit
570 727 690 798 quid
715 725 868 796 faciat
902 724 1135 775 dominus
1177 723 1320 791 ejus?
1352 720 1580 785 Verum,
1620 731 1772 786 esto,
1817 723 1973 774 nescit

390 820 512 889 quid
555 819 739 890 faciat;
794 813 1044 884 numquid
1081 812 1250 866 nescit
1294 812 1452 864 etiam
1500 811 1626 880 quid
1666 813 1972 882 praecipiat?

389 911 520 965 Nam
549 909 668 965 etsi
701 910 800 960 hoc
824 904 1024 969 nescit,
1053 902 1320 972 quomodo
1350 901 1549 954 servit?
1573 903 1677 954 Aut
1701 901 1968 971 quomodo

388 1014 581 1055 servus
605 1007 726 1060 est,
757 997 843 1066 qui
876 1011 979 1050 non
1003 992 1200 1048 servit?
1232 991 1298 1046 Et
1320 1004 1494 1047 tamen
1521 992 1773 1049 Dominus
1803 991 1969 1062 loqui-

387 1105 500 1152 tur,
543 1088 643 1143 Vos
658 1089 806 1142 amici
851 1087 946 1139 mei
973 1086 1108 1151 estis,
1137 1085 1181 1138 si
1207 1085 1424 1157 feceritis
1463 1098 1578 1153 qute
1615 1100 1703 1154 ego
1732 1087 1967 1154 principio

385 1184 543 1236 vobis.
569 1180 694 1236 Iam
742 1197 843 1234 non
889 1179 1000 1236 dico
1043 1193 1130 1232 vos
1158 1192 1343 1230 servos.
1391 1175 1434 1230 Ο
1474 1191 1585 1230 rem
1637 1176 1962 1230 mirabilem!

383 1276 517 1328 Cum
555 1273 754 1327 servire
795 1286 898 1324 non
943 1268 1243 1339 possimus,
1296 1267 1396 1320 nisi
1448 1277 1710 1336 praecepta
1757 1267 1962 1321 Domini

383 1364 702 1428 fecerimus,
754 1358 1021 1432 quomodo
1068 1365 1330 1428 prtecepla
1381 1356 1624 1410 faciendo
1672 1358 1810 1412 servi
1859 1373 1962 1411 non

381 1455 615 1510 erimus?
642 1455 696 1508 Si
717 1467 899 1508 servus
925 1466 1029 1506 non
1061 1466 1155 1504 ero
1185 1458 1446 1520 prmeepta
1474 1448 1747 1514 faciendo,
1780 1460 1834 1504 et
1861 1450 1960 1504 nisi

381 1555 645 1615 percepta
675 1543 848 1601 fecero
871 1583 887 1610 ,
919 1542 1116 1597 servire
1142 1556 1248 1598 non
1279 1551 1500 1610 potero;
1535 1555 1660 1610 ergo
1681 1539 1960 1597 serviendo

381 1652 566 1691 SCI‘VUS
593 1649 695 1689 11011
722 1649 838 1689 61⁵οο

451 1735 503 1788 3.
533 1733 923 1802 intelligamus,
972 1730 1200 1792 fratres,
1254 1729 1646 1799 intelligamus,
1681 1732 1736 1780 et
1778 1721 1958 1778 hocin

381 1824 537 1878 nobis
569 1823 822 1877 Dominus
849 1821 1005 1876 faciat
1033 1831 1088 1874 ut
1117 1819 1474 1890 intelligamus
1495 1860 1510 1884 ,
1541 1815 1698 1870 faciat
1725 1813 1881 1868 etiam
1903 1821 1961 1867 ut

380 1914 647 1973 intellecta
696 1913 972 1966 faciamus.
1014 1911 1125 1966 lloc
1155 1921 1329 1965 autem
1365 1911 1409 1964 si
1453 1910 1683 1974 scimus,
1727 1904 1960 1975 profecto

375 2006 574 2060 scimus
600 2004 740 2074 quod
768 2003 891 2057 facit
921 2001 1208 2068 Dominus,
1240 2001 1364 2071 quia
1395 2015 1493 2054 nos
1526 1999 1668 2069 ipsos
1695 1997 1824 2052 tales
1851 2010 1957 2051 non

373 2095 502 2168 facit
526 2095 624 2148 nisi
649 2094 900 2148 Dominus
922 2133 938 2160 ,
960 2102 1018 2148 et
1042 2107 1138 2162 per
1157 2092 1257 2146 hoc
1280 2091 1347 2145 ad
1374 2091 1491 2160 ejus
1515 2089 1800 2143 amicitiam
1828 2101 1955 2157 per-

376 2187 626 2240 tinemus.
657 2185 803 2240 Sicut
841 2184 982 2242 enim
1020 2183 1128 2238 duo
1171 2191 1296 2237 sunt
1341 2182 1594 2246 timores,
1626 2180 1716 2250 qui
1760 2179 1957 2234 faciunt

372 2275 481 2333 duo
503 2292 696 2346 genera
725 2275 1053 2342 timentium;
1081 2275 1159 2331 sic
1185 2274 1303 2332 duae
1328 2282 1452 2328 sunt
1485 2272 1766 2328 servitutes
1784 2311 1802 2339 ,
1829 2285 1948 2340 qua:

372 2369 574 2426 faciunt
601 2367 706 2422 duo
734 2383 928 2437 genera
956 2382 1252 2424 servorum.
1283 2367 1378 2424 Est
1423 2367 1581 2421 timor
1628 2379 1785 2434 quem
1825 2377 1950 2432 per-

375 2458 510 2513 fecta
551 2458 781 2513 cbaritas
828 2457 970 2513 foras
1023 2458 1183 2512 mittit
1215 2455 1256 2529 (Ι
1305 2455 1462 2510 Joan.
1510 2455 1765 2524 1v,18),
1791 2461 1846 2508 et
1873 2459 1955 2506 est

372 2549 506 2602 alius
521 2547 681 2601 timor
695 2557 870 2602 castus
895 2563 1210 2618 permanens
1236 2548 1288 2601 in
1310 2547 1560 2601 smeulum
1581 2545 1756 2600 smculi
1779 2543 1950 2614 (Psat.

327 2673 336 2677 -
372 2652 524 2702 xvnl,
551 2637 660 2705 10).
687 2638 835 2692 Illum
867 2639 1108 2692 timorem
1135 2637 1220 2707 qui
1244 2652 1349 2691 non
1376 2645 1459 2691 est
1485 2637 1534 2690 in
1562 2635 1842 2700 ebaritate,
1870 2641 1951 2686 at-

377 2728 625 2784 tendebat
667 2728 985 2798 Apostolus,
1035 2742 1155 2782 cum
1188 2727 1395 2782 dicebat
1437 2745 1450 2782 :
1484 2725 1606 2780 Non
1657 2726 1788 2780 enim
1811 2741 1952 2778 acce-

373 2820 516 2888 pistis
543 2819 774 2890 spiritum
799 2819 1048 2877 servitutis
1088 2819 1267 2875 iterum
1295 2819 1349 2872 in
1397 2819 1572 2874 timore
1598 2815 1789 2890 (Rom.
1817 2831 1908 2870 vm
1929 2856 1944 2882 ,

375 2909 485 2980 15).
518 2909 670 2969 Illum
713 2919 889 2964 autem
941 2910 1186 2967 timorem
1216 2918 1418 2964 castum
1462 2907 1794 2972 attendebat,
1825 2921 1947 2960 cum

369 3001 616 3058 dicebat:
663 2999 786 3054 Noli
811 3002 970 3054 altum
997 3017 1194 3070 sapere,
1227 3000 1315 3054 sed
1357 3000 1473 3054 time
1500 2997 1609 3071 (Id.
1639 3014 1716 3063 ιιι,
1741 2997 1857 3067 20).
1890 2997 1946 3052 ιιι

371 3091 465 3144 illo
495 3091 684 3144 timore
709 3105 864 3158 quem
894 3088 1038 3143 foras
1061 3089 1292 3144 Charitas
1321 3089 1508 3156 mittit,
1536 3095 1620 3143 cst
1647 3089 1806 3144 etiam
1835 3103 1947 3142 ser-

369 3182 510 3236 \itus
534 3181 689 3236 simul
717 3180 860 3236 foras
885 3197 1003 3235 cum
1045 3182 1160 3251 ipso
1189 3183 1380 3236 timore
1406 3180 1659 3235 mittenda
1691 3198 1705 3236 :
1737 3190 1946 3234 utrum-

368 3288 474 3346 que
497 3272 639 3326 enim
663 3272 838 3341 junxit
864 3273 1182 3342 Apostolus,
1216 3271 1316 3326 hoc
1341 3281 1422 3326 est
1450 3271 1759 3326 servitutem
1789 3281 1843 3326 et
1874 3271 1944 3324 ti—

367 3379 568 3418 morem
591 3403 606 3428 ,
637 3362 860 3418 dicendo
877 3404 893 3428 ,
921 3361 1043 3417 Non
1071 3364 1202 3420 enim
1244 3363 1501 3433 accepistis
1529 3361 1760 3430 spiritum
1787 3361 1940 3418 servi-

366 3455 486 3509 tutis
530 3455 715 3508 iterum
741 3457 795 3509 in
837 3457 1031 3510 timore.
1060 3457 1140 3512 Ad
1186 3455 1322 3512 hanc
1374 3456 1686 3513 servitutem
1729 3471 1943 3514 servum

369 3546 724 3618 pertinentem
751 3546 1050 3602 intuebatur
1075 3555 1131 3602 et
1158 3547 1412 3601 Dominus
1441 3545 1621 3601 dicens
1641 3586 1656 3610 ,
1682 3545 1804 3600 lam
1842 3563 1943 3600 non

364 3639 477 3692 dico
504 3654 591 3692 vos
617 3653 821 3706 servos;
862 3639 980 3710 quia
1020 3655 1188 3692 servus
1210 3639 1363 3692 nescit
1382 3637 1502 3708 quid
1530 3638 1681 3708 faciat
1711 3637 1943 3692 dominus

363 3731 490 3799 ejus.
522 3731 640 3785 Non
684 3730 864 3799 utique
909 3729 994 3784 ille
1036 3743 1221 3782 servus
1273 3727 1542 3798 pertinens
1583 3727 1651 3781 ad
1696 3727 1940 3781 timorem

361 3831 568 3878 castum
589 3863 606 3889 ,
637 3822 720 3876 cui
751 3822 973 3886 dicitur,
1015 3819 1190 3892 Euge,
1219 3835 1354 3873 serve
1387 3817 1512 3872 bone
1531 3859 1546 3882 ,
1582 3818 1716 3871 intra
1739 3818 1791 3871 in
1815 3834 1941 3888 gau-

361 3911 500 3965 dium
532 3911 740 3966 Domini
767 3912 839 3965 tui
868 3925 887 3965 :
915 3909 1008 3965 sed
1039 3911 1128 3964 ille
1155 3923 1348 3964 servus
1387 3908 1655 3978 pertinens
1679 3906 1744 3961 ad
1779 3907 1938 3962 timo-

362 4020 475 4059 rem
505 4004 649 4059 loras
672 4020 701 4058 a
729 4003 986 4060 cbaritate
1025 4002 1340 4060 mittendum
1358 4043 1372 4067 ,
1398 4001 1465 4057 de
1493 4018 1596 4072 quo
1619 4001 1744 4058 alibi
1770 4001 1937 4068 dicit,

364 4092 550 4147 Servus
573 4110 673 4147 non
716 4102 881 4146 manet
919 4093 970 4146 in
1014 4093 1162 4146 domo
1207 4092 1260 4144 in
1289 4101 1563 4155 wternum;
1589 4092 1726 4159 ﬁlius
1769 4099 1939 4144 autem

367 4191 532 4241 manet
561 4183 614 4237 in
642 4192 880 4237 teternum
921 4180 1096 4255 (Joan.
1145 4197 1237 4235 VIII
1258 4222 1273 4247 ,
1305 4179 1416 4250 55).
1449 4181 1707 4248 Quoniam
1761 4182 1936 4250 itaque

363 4272 505 4328 dedit
547 4273 699 4327 nobis
744 4281 1059 4342 potestatem
1109 4271 1244 4325 filios
1299 4272 1389 4326 Dei
1440 4271 1707 4341 fieri(ld.
1742 4261 1934 4344 1,12),

374 4382 474 4419 non
498 4365 659 4430 servi,
677 4364 770 4419 sed
789 4363 880 4419 lilii
899 4365 1063 4418 simus
1082 4381 1095 4417 :
1117 4372 1173 4417 ut
1194 4363 1326 4418 miro
1347 4365 1572 4434 quodam
1594 4373 1648 4420 et
1665 4365 1932 4432 inell'abili,

361 4455 451 4511 sed
478 4467 655 4511 tamen
675 4471 799 4509 vero
816 4455 992 4520 modo,
1022 4455 1161 4510 servi
1202 4470 1304 4509 non
1331 4456 1468 4509 servi
1496 4470 1614 4511 esse
1643 4459 1934 4526 possimus;

360 4549 496 4602 servi
529 4547 734 4602 scilicet
771 4547 960 4600 timore
993 4555 1172 4610 casto,
1203 4544 1270 4600 ad
1296 4562 1454 4616 quem
1494 4547 1724 4616 pertinet
1749 4565 1935 4605 servus

363 4637 566 4691 intrans
591 4637 644 4690 in
680 4633 930 4706 gaudium
968 4635 1166 4690 domini
1192 4636 1302 4700 sui;
1344 4652 1447 4690 non
1477 4638 1616 4691 servi
1645 4650 1820 4692 autem
1867 4644 1932 4694 ti-

361 4742 510 4782 more
541 4725 685 4782 foras
714 4725 1004 4792 mittendo,
1035 4725 1101 4780 ad
1137 4742 1294 4796 quem
1341 4729 1571 4798 pertinet
1596 4744 1782 4786 servus
1828 4747 1933 4786 non

361 4834 582 4877 manens
599 4819 651 4872 in
669 4819 829 4873 domo
849 4819 900 4873 in
920 4827 1199 4874 azternum.
1222 4817 1291 4876 Ut
1310 4827 1486 4874 autem
1517 4821 1645 4876 tales
1661 4825 1798 4878 servi
1828 4841 1932 4880 non

360 4911 496 4965 servi
526 4911 695 4965 simus
717 4953 733 4976 ,
765 4912 1042 4969 Dominum
1077 4911 1250 4965 facere
1276 4912 1508 4966 sciamus
1545 4913 1583 4966 ¹.
1617 4914 1729 4970 lloc
1755 4926 1931 4972 autem

359 5018 544 5058 servus
573 5004 659 5057 ille
698 5004 904 5066 nescit,
953 5003 1041 5073 qui
1090 5004 1302 5059 nescit'
1346 5004 1469 5073 quid
1500 5005 1654 5060 faciat
1682 5008 1932 5063 Dominus

358 5094 506 5162 ejus;
556 5103 755 5147 etcum
782 5091 982 5162 aliquid
1025 5092 1148 5146 boni
1174 5092 1325 5157 facit,
1365 5095 1444 5149 sic
1484 5096 1756 5151 extollitur
1783 5099 1931 5167 quasi

361 5183 460 5237 hoc
490 5184 605 5252 ipse
634 5182 824 5249 faciat,
855 5197 961 5236 non
1002 5181 1251 5237 Dominus
1289 5184 1433 5251 ejus;
1466 5193 1520 5238 et
1544 5185 1597 5238 in
1627 5202 1714 5251 se,
1742 5203 1847 5242 non
1880 5189 1930 5244 in

359 5274 582 5328 Domino
608 5274 902 5344 gloriatur,
945 5289 1066 5328 cum
1097 5289 1157 5329 se
1203 5273 1316 5342 ipse
1345 5273 1642 5344 deceperit,
1694 5279 1813 5347 quia
1856 5280 1934 5335 sic

358 5364 644 5432 gloriatur,
687 5364 839 5434 quasi
866 5379 969 5418 non
999 5365 1262 5433 acceperit
1287 5365 1328 5439 (Ι
1357 5364 1474 5421 Cor.
1502 5382 1577 5434 tv,
1604 5367 1678 5440 7).
1709 5369 1815 5426 Nos
1838 5387 1933 5427 au-

360 5466 492 5524 tem,
538 5456 874 5522 cbarissimi,
918 5467 975 5511 ut
1021 5456 1176 5512 amici
1230 5458 1437 5512 Domini
1477 5476 1597 5516 esse
1628 5463 1926 5533 possimus,

419 5591 529 5642 'Er.
569 5591 716 5658 nugo.
758 5598 876 5642 Ven.
901 5598 1010 5644 Iov.
1046 5593 1400 5657 siclegeadum
1447 5607 1613 5658 putant
1638 5613 1650 5648 :
1680 5600 1933 5655 Dominum

357 5651 512 5711 [ρεστ-ε
535 5651 726 5702 licinius.
781 5659 835 5702 tu.

417 5717 503 5764 ἰιι
521 5714 768 5779 plerasque
789 5722 894 5766 Mss.
922 5729 1015 5768 non
1037 5715 1260 5781 habetur,
1287 5718 1370 5782 qui
1385 5719 1547 5772 nescit.

1444 330 1851 389 TltAQTATUS
1881 333 2164 391 LXXXVI.
2207 337 2434 398 CAPUT
2477 344 2588 400 XV.

2083 454 2205 522 quid
2233 467 2410 512 noster
2441 459 2692 520 Dominus
2721 461 2874 518 faciat
2897 467 3145 524 sciamus.
3181 471 3294 528 Non
3322 477 3489 532 solum
3509 497 3647 536 enim

2078 543 2352 613 homines,
2387 565 2574 606 verum
2603 554 2762 607 etiam
2805 557 2978 624 juslos
3023 560 3134 630 ipse
3165 561 3285 618 facit
3308 582 3434 633 nos,
3467 579 3518 623 et
3542 587 3648 626 non

2077 632 2175 700 ipsi
2204 651 2318 688 nos.
2349 637 2412 691 Et
2444 650 2494 693 ut
2529 641 2627 695 hoc
2651 645 2911 711 sciamus,
2941 650 3061 716 quis
3089 653 3186 706 nisi
3217 655 3328 724 ipse
3351 632 3509 712 facit?
3530 661 3648 716 Non

2075 729 2216 822 enim
2246 733 2474 800 spiritum
2496 737 2647 807 hujus
2662 741 2834 794 mundi
2859 745 3156 813 accepimus.
3181 750 3267 800 sed
3285 750 3539 819 Spiritum
3559 755 3645 822 qui

2076 833 2138 871 ea:
2178 817 2284 872 Deo
2305 833 2404 884 est,
2452 835 2508 878 ut
2544 828 2758 883 sciamus
2785 847 2898 901 qua:
2922 849 2953 884 a
2995 832 3104 888 Deo
3128 836 3315 891 donata
3331 817 3454 893 sunt
3495 817 3632 897 nobis
3681 857 3686 860 ‘

2077 907 2116 974 (Ι
2139 909 2254 963 Cor.
2287 927 2344 979 ιι,
2381 914 2483 986 12).
2517 918 2598 971 Ab
2619 919 2731 989 ipso
2757 923 3007 993 quidquid
3056 927 3179 981 boni
3227 938 3342 992 est,
3393 931 3640 988 donatur.

2075 1001 2210 1071 Ergo
2235 1005 2355 1072 quia
2385 1016 2439 1060 et
2467 1006 2566 1062 hoc
2593 1010 2788 1066 bonum
2819 1024 2931 1077 est,
2975 1016 3040 1069 ab
3065 1019 3178 1086 ipso
3206 1021 3390 1086 utique
3415 1020 3644 1078 donatur

2073 1103 2129 1149 ut
2150 1095 2347 1150 sciatur
2372 1112 2400 1149 a
2426 1113 2533 1167 quo
2564 1099 2757 1175 bonum
2781 1120 2935 1158 omne
2962 1105 3190 1162 donetur
3213 1128 3226 1173 ;
3257 1120 3315 1164 ut
3335 1111 3550 1165 omnino
3575 1113 3639 1166 de

2070 1185 2312 1240 omnibus
2356 1188 2536 1252 bonis,
2569 1191 2653 1259 qui
2702 1192 2987 1260 gloriatur,
3040 1197 3091 1250 in
3136 1199 3356 1252 Domino
3384 1199 3640 1268 glorietur

2074 1272 2176 1344 (Id.
2211 1291 2249 1341 ι,
2275 1275 2384 1347 51).
2418 1278 2567 1345 Quod
2600 1296 2723 1334 vero
2753 1284 3019 1352 sequitur,
3052 1285 3150 1340 Vos
3187 1299 3352 1342 autem
3382 1290 3486 1343 dixi
3507 1292 3637 1343 ami-
3687 1317 3689 1319 -

2068 1380 2183 1427 cos;
2208 1367 2322 1436 quia
2348 1371 2515 1422 omnia
2548 1387 2870 1444 quacumque
2895 1377 3066 1428 audivi
3089 1395 3121 1430 a
3150 1377 3302 1432 Patre
3340 1397 3448 1434 meo
3467 1421 3482 1444 ,
3519 1390 3636 1434 nota

2068 1457 2164 1526 feci
2185 1457 2317 1510 vobis
2337 1498 2352 1523 ,
2386 1459 2454 1514 ita
2487 1470 2566 1514 est
2593 1463 2936 1530 ιιιύίίιιιάωη,
2984 1476 3042 1521 ιιι
3067 1469 3212 1522 nullo
3243 1468 3400 1525 modo
3429 1471 3498 1524 sit
3529 1471 3633 1526 isto

2067 1560 2312 1602 sermone
2337 1552 2707 1606 coarctandnm
2731 1595 2744 1615 ,
2777 1555 2868 1609 sed
2901 1556 2949 1610 in
2983 1558 3143 1611 alium
3165 1560 3534 1618 differendum.

2485 1643 2891 1702 TRACTATUS
2927 1648 3211 1704 LXXXVI.

2063 1727 2143 1784 De
2185 1748 2242 1785 eo
2269 1735 2405 1802 quod
2446 1733 2688 1791 Dominus
2726 1739 2828 1803 ait,
2873 1740 2978 1795 Vos
3018 1752 3192 1797 autem
3245 1743 3350 1798 dixi
3397 1747 3631 1812 amicos;

2136 1839 2290 1892 usque
2324 1827 2391 1876 ad
2429 1825 2512 1893 id,
2545 1826 2614 1882 Ut
2642 1829 3012 1902 quodcumque
3041 1833 3297 1902 petieritis
3342 1835 3550 1891 Patrem
3577 1839 3630 1892 in

2134 1913 2347 1968 nomine
2374 1930 2526 1983 meo,
2557 1916 2645 1972 det
2675 1920 2842 1974 vobis.
2874 1919 3001 1991 Cap.
3031 1938 3118 1987 xv,
3163 1925 3197 1992 ᾗ
3233 1925 3266 1993 7
3291 1963 3306 1978 .
3353 1927 3440 1991 15,
3476 1927 3560 1983 l6.

2137 2003 2188 2060 1.
2229 2003 2414 2062 Merito
2437 2008 2690 2076 qmeritur
2714 2012 2978 2079 quomodo
3005 2015 3365 2083 accipiendum
3397 2017 3464 2071 sit
3491 2017 3632 2087 quod

2064 2092 2138 2147 ait
2161 2093 2434 2162 Dominus,
2476 2095 2569 2150 Vos
2590 2109 2756 2154 autem
2781 2101 2890 2155 dixi
2916 2103 3141 2169 amicos;
3164 2107 3282 2174 quia
3301 2107 3469 2160 omnia
3497 2124 3634 2178 qua:—

2063 2197 2273 2251 cumque
2297 2184 2468 2239 audivi
2492 2204 2524 2240 a
2551 2187 2707 2242 Patre
2725 2206 2860 2255 meo,
2889 2201 3010 2245 nota
3029 2193 3123 2262 feci
3151 2193 3304 2247 vobis.
3337 2195 3466 2263 Quis
3488 2197 3631 2252 enim

2062 2271 2253 2327 audeat
2282 2273 2548 2330 affirmare
2598 2279 2679 2332 vel
2723 2280 2940 2336 credere
2981 2283 3143 2336 ullum
3185 2283 3455 2340 hominum
3496 2287 3633 2342 scire

2061 2362 2234 2415 omnia
2265 2380 2608 2439 quireumque
2631 2383 2661 2422 a
2691 2368 2847 2424 Patre
2874 2369 3074 2425 audivit
3104 2373 3402 2442 unigenitus
3425 2375 3589 2430 Filius
3613 2391 3630 2441 ;

2059 2453 2268 2524 quando
2310 2472 2376 2514 ne
2403 2456 2504 2512 hoc
2527 2457 2740 2528 quidem
2770 2459 3046 2532 quisquam
3084 2463 3255 2532 capit,
3308 2466 3573 2533 quomodo
3600 2481 3632 2521 a

2059 2544 2214 2600 Patre
2240 2546 2419 2600 audiat
2446 2547 2606 2602 ullum
2631 2550 2848 2604 verbum
2867 2591 2886 2615 ,
2928 2566 3047 2605 cum
3077 2553 3190 2620 ipse
3215 2553 3285 2608 sit
3310 2553 3478 2608 Panis
3512 2554 3630 2608 uni-

2057 2648 2177 2688 cum
2209 2635 2474 2694 Verbum?
2514 2637 2688 2705 Quid,
2735 2639 2873 2710 quod
2913 2640 3183 2712 aliquanto
3230 2653 3381 2712 post,
3426 2643 3478 2698 in
3533 2644 3633 2700 hoc

2058 2723 2172 2794 ipso
2201 2733 2373 2784 tamen
2404 2744 2678 2796 sermone,
2711 2745 2865 2799 quem
2892 2741 3011 2800 post
3038 2747 3243 2786 cumam
3273 2741 3396 2788 ante
3425 2735 3631 2802 passio-

2055 2831 2175 2870 nem
2203 2817 2269 2871 ad
2293 2817 2580 2886 discipulos
2625 2819 2832 2884 habuit,
2866 2819 3066 2885 Multa,
3105 2821 3310 2892 inquit,
3354 2823 3509 2876 habeo
3545 2840 3632 2878 vo-

2055 2905 2126 2960 bis
2145 2907 2340 2972 dicere;
2359 2908 2447 2962 sed
2466 2925 2565 2962 non
2588 2911 2795 2980 potestis
2819 2909 2911 2964 illa
2927 2907 3127 2980 portare
3147 2913 3294 2965 modo
3310 2911 3490 2984 (Joan.
3514 2929 3626 2980 xw,

2055 2997 2182 3068 l2)?
2218 2997 2333 3065 Quo
2359 2999 2514 3069 igitur
2544 3008 2694 3068 pacto
2737 2999 3052 3055 intellecturi
3081 3016 3264 3056 sumus
3289 3004 3463 3058 omnia
3503 3020 3628 3060 eum

2053 3097 2176 3143 nota
2203 3087 2387 3144 fecisse
2412 3087 2681 3158 discipulis
2704 3130 2719 3156 ,
2764 3105 3110 3160 quaecumque
3138 3091 3338 3147 audivit
3365 3107 3394 3147 a
3432 3093 3588 3148 Patre
3607 3135 3625 3159 ,

2051 3195 2169 3235 cum
2215 3188 2492 3250 propterea
2535 3180 2776 3250 quzedam
2827 3181 2990 3235 multa
3017 3197 3123 3240 non
3167 3182 3341 3249 dicat,
3377 3184 3497 3252 quia
3525 3186 3628 3244 scit

2050 3287 2144 3326 eos
2172 3270 2331 3325 modo
2361 3283 2572 3342 portare
2597 3286 2700 3326 non
2732 3272 2922 3342 posse?
2951 3272 3057 3327 Sed
3087 3273 3334 3329 nimirum
3362 3274 3502 3343 quod
3543 3275 3624 3330 fa-

2049 3370 2231 3417 cturus
2269 3371 2380 3429 est,
2427 3362 2614 3418 fecisse
2639 3377 2696 3418 se
2722 3361 2888 3429 dicit,
2935 3364 3024 3434 qui
3069 3379 3132 3419 ea
3158 3381 3273 3435 quae
3303 3365 3476 3422 futura
3501 3378 3628 3424 sunt

2048 3453 2173 3508 fecit
2199 3451 2352 3523 (Isai.
2385 3470 2509 3520 xcv,
2541 3454 2653 3524 ii).
2685 3454 2834 3510 Sicut
2861 3455 3002 3514 enim
3023 3455 3150 3514 dicit
3174 3472 3268 3528 per
3289 3459 3624 3529 preplietam,

2048 3544 2311 3600 Foderunt
2336 3563 2515 3600 manus
2544 3563 2678 3600 meas
2703 3556 2750 3601 et
2779 3547 2928 3618 pedes
2972 3564 3105 3605 meos
3135 3546 3302 3619 (Psal.
3332 3565 3424 3604 xx:
3446 3590 3462 3616 ,
3495 3551 3619 3618 {8);

2048 3651 2144 3690 nec
2169 3635 2271 3702 ait,
2315 3634 2503 3691 fossori
2543 3645 2702 3704 sunt;
2746 3637 2888 3692 velut
2916 3638 3176 3708 prteterita
3219 3639 3435 3704 dicens,
3479 3651 3532 3695 et
3559 3657 3620 3696 ea

2048 3733 2221 3780 tamen
2246 3725 2419 3780 futura
2450 3726 2743 3796 praedicens
2775 3745 2786 3780 :
2817 3727 2887 3786 ita
2915 3737 2968 3782 et
2997 3727 3097 3784 hoc
3118 3730 3232 3782 loco
3260 3730 3336 3786 ait
3361 3731 3536 3785 omnia
3563 3747 3622 3792 se

2045 3824 2167 3872 nota
2191 3814 2379 3874 fecisse
2409 3816 2709 3886 discipulis,
2739 3833 2857 3888 quae
2886 3833 2946 3880 se
2981 3819 3127 3872 novit
3156 3829 3277 3873 nota
3304 3835 3423 3875 esse
3449 3820 3618 3874 factu-

2044 3921 2161 3961 rum
2213 3905 2267 3959 in
2299 3905 2386 3960 illa
2415 3892 2740 3975 plenitudine
2787 3907 3055 3972 scientiae,
3087 3907 3154 3964 de
3185 3924 3286 3978 qua
3315 3907 3443 3964 dicit
3472 3911 3616 3979 Apo-

2043 3998 2241 4059 stolus,
2270 3996 2396 4052 Cant
2437 4006 2602 4054 autem
2647 4000 2828 4056 venerit
2876 4000 3011 4068 quod
3041 4000 3314 4068 perfectum
3345 4013 3416 4056 est
3439 4041 3454 4066 ,
3485 4002 3619 4073 quod

2043 4103 2105 4141 ea:
2142 4097 2283 4157 parte
2312 4096 2385 4140 est
2421 4087 2758 4142 evacuabitur.
2802 4088 2879 4144 lbi
2903 4090 3098 4160 quippe
3125 4089 3292 4144 dicit:
3327 4089 3480 4144 Nunc
3514 4093 3617 4146 scio

2042 4193 2103 4231 ex
2123 4187 2264 4247 parte
2283 4219 2298 4243 ,
2332 4187 2449 4232 tunc
2475 4187 2642 4233 autem
2672 4195 2969 4250 cognoscam
2997 4181 3123 4234 sicut
3153 4190 3195 4234 et
3216 4182 3442 4252 cognitus
3468 4199 3576 4236 sum
3598 4198 3616 4245 ;

2039 4279 2084 4322 et
2112 4287 2244 4322 nunc
2273 4287 2361 4340 per
2387 4271 2648 4340 speculum
2677 4273 2730 4324 in
2760 4273 3045 4342 aenigmate,
3073 4282 3188 4326 tunc
3207 4283 3370 4326 autem
3400 4275 3528 4344 facie
3549 4275 3617 4328 ad

2041 4360 2223 4431 faciem
2271 4359 2310 4432 (I
2334 4357 2451 4413 Cor.
2478 4376 2607 4428 XIII,
2639 4361 2727 4426 lO,
2759 4358 2870 4432 l2).
2914 4362 3044 4416 Nam
3074 4373 3127 4418 et
3176 4365 3288 4434 ipse
3333 4366 3620 4432 Apostolus

2042 4449 2220 4503 salvos
2267 4465 2366 4504 nos
2389 4449 2517 4505 dicit
2548 4466 2666 4506 esse
2713 4450 2880 4506 factos
2919 4468 3014 4522 per
3043 4453 3304 4508 lavacrum
3339 4472 3615 4526 regenera-

2043 4541 2199 4594 tionis
2226 4540 2347 4611 (Tit.
2376 4557 2450 4605 Ill,
2481 4542 2568 4614 5):
2600 4542 2691 4612 qui
2717 4552 2891 4599 tamen
2919 4545 3023 4600 alio
3061 4547 3210 4609 loco.
3242 4548 3379 4616 Spe,
3413 4549 3612 4618 inquit,

2040 4631 2166 4684 salvi
2208 4631 2335 4700 facti
2377 4649 2570 4686 sumus.
2624 4633 2754 4702 Spes
2783 4644 2949 4688 autem
2975 4652 3089 4706 qua:
3135 4637 3364 4704 videtur,
3413 4656 3512 4692 non
3542 4649 3614 4692 est

2038 4738 2149 4790 spes
2170 4737 2190 4774 :
2218 4723 2354 4792 quod
2375 4723 2503 4776 enim
2524 4724 2652 4777 videt
2675 4725 2805 4792 quis,
2828 4726 2948 4794 quid
2969 4737 3133 4796 sperat
3155 4727 3180 4781 ?
3203 4728 3262 4781 Si
3289 4738 3453 4781 autem
3481 4731 3616 4798 quod

2039 4829 2138 4866 non
2181 4812 2400 4867 videmus
2441 4831 2734 4885 speramus,
2797 4833 2885 4885 per
2937 4819 3225 4888 patientiam
3272 4829 3615 4889 exspectamus

2039 4901 2227 4968 (Rom.
2252 4918 2343 4956 vni
2368 4944 2384 4970 ,
2421 4905 2490 4958 2/.
2510 4914 2556 4957 et
2580 4905 2694 4976 25).
2725 4903 2875 4962 Unde
2903 4909 3059 4962 ctiam
3111 4909 3227 4977 ejus
3279 4910 3613 4980 coapostolus

2039 4995 2223 5049 Petrus
2251 5013 2264 5048 :
2298 4994 2362 5048 In
2390 5013 2536 5066 quem
2563 4998 2738 5062 unedo,
2770 4999 2973 5070 inquit,
3005 5017 3105 5054 non
3130 5002 3348 5056 viaentes
3373 5001 3615 5062 creditis;

2036 5101 2182 5153 quem
2222 5103 2335 5139 cum
2379 5087 2629 5154 videritis,
2664 5089 2974 5144 exsultabitis
3001 5091 3184 5161 gaudio
3221 5091 3543 5145 inenarrabili
3571 5102 3615 5146 et

2038 5173 2311 5239 honorato,
2343 5178 2669 5246 percipientes
2690 5180 2961 5234 mercedem
3001 5181 3118 5250 fidei
3137 5223 3152 5244 ,
3183 5182 3390 5236 salutem
3415 5183 3614 5236 anima-

2036 5281 2148 5317 rum
2184 5275 2457 5319 vestrarum
2501 5268 2542 5338 (Ι
2567 5267 2705 5322 Petr.
2736 5286 2774 5330 ι.
2802 5271 2984 5341 8et9).
3005 5273 3056 5326 Si
3079 5288 3203 5341 ergo
3228 5288 3369 5327 nunc
3401 5280 3613 5343 tempus

2037 5365 2116 5408 est
2147 5355 2300 5418 fidei,
2351 5359 2492 5412 salus
2520 5368 2696 5414 autem
2742 5363 3036 5417 animarum
3090 5379 3294 5419 merces
3320 5373 3404 5420 est
3452 5365 3610 5434 fidei;

2035 5445 2154 5514 quis
2179 5445 2382 5502 dubitet
2420 5449 2472 5502 in
2501 5449 2632 5516 lide,
2683 5468 2799 5521 qum.
2842 5468 2936 5523 per
2981 5453 3321 5510 dilectionem
3359 5468 3611 5526 operatur

2038 5535 2254 5608 (Gal.v,
2301 5537 2377 5609 6),
2426 5543 2785 5611 peragendum
2829 5544 3004 5610 diem,
3055 5555 3214 5616 atque
3256 5549 3310 5604 in
3355 5550 3458 5604 ﬁne
3504 5550 3610 5605 diei

2037 5627 2390 5696 recipiendam
2419 5646 2539 5685 esse
2567 5632 2903 5699 mercedem,
2936 5650 3040 5690 non
3067 5638 3238 5694 solum
3283 5640 3605 5710 redemptio-

2041 5735 2159 5773 nem
2189 5724 2425 5791 corporis
2463 5726 2623 5778 nostri
2648 5767 2662 5794 ,
2718 5726 2785 5782 de
2815 5743 2912 5798 qua
2941 5730 3064 5784 dicit
3099 5735 3378 5805 apostolus
3409 5734 3600 5791 Paulus
