4102 6522
463 382 592 440 l85l

461 498 636 566 (Rom.
666 509 778 559 vni,
807 489 922 562 25);
950 503 1134 546 verum
1164 489 1324 546 etiam
1363 485 1590 542 salutem
1620 483 1915 536 animarum
1941 491 2037 534 no-

462 597 724 650 strarum,
767 584 837 639 de
866 597 968 654 qua
995 581 1126 636 dicit
1163 575 1450 648 Apostolus
1476 573 1706 630 Petrus?
1753 569 2038 638 Utriusque

461 677 603 733 enim
636 675 715 730 rei
760 673 984 731 felicitas
1007 673 1110 726 isto
1130 677 1366 738 tempore
1391 676 1552 736 atque
1594 665 1648 719 in
1675 663 1775 717 hac
1803 659 2041 716 mortali-

464 781 572 826 tate
598 771 650 825 in
679 783 773 839 spe
796 767 969 838 potius
999 764 1254 827 habetur,
1282 775 1440 830 quam
1483 759 1537 814 in
1585 771 1645 812 re
1673 763 1904 811 tenetur.
1937 751 2039 807 Ve-

461 875 581 917 rum
603 862 706 916 hoc
727 860 978 924 interest,
1006 851 1144 926 quod
1168 851 1400 908 exterior
1428 859 1610 904 noster
1635 849 1828 914 homo,
1865 843 1919 898 id
1959 851 2042 897 est

463 965 660 1022 corpus
681 993 698 1018 ,
738 949 912 1005 adhuc
951 943 1342 1014 corrumpitur;
1373 941 1596 996 interior
1630 948 1838 1002 autem,
1881 935 1933 990 id
1959 943 2042 988 est

464 1043 661 1108 anima,
689 1041 798 1110 jam
819 1047 1102 1094 renovatur
1125 1031 1193 1090 de
1218 1033 1304 1089 die
1325 1034 1382 1088 in
1404 1033 1544 1088 diem
1573 1029 1639 1103 (il
1663 1031 1781 1086 Cor.
1813 1045 1890 1096 tv,
1924 1027 2037 1097 16).

467 1131 646 1202 Itaque
687 1131 823 1186 sicut
853 1127 1303 1183 immortalitatem
1349 1124 1524 1179 carnis
1567 1131 1622 1178 et
1669 1122 1892 1177 salutem
1921 1119 2040 1174 ani-

465 1239 672 1282 marum
710 1222 936 1277 futuram
965 1225 1368 1288 exspectamus,
1412 1214 1652 1284 quamvis
1687 1214 1797 1284 jam
1823 1213 2042 1283 pignore

466 1323 684 1384 accepto
707 1311 834 1366 salvi
863 1309 980 1364 lacti
999 1323 1118 1363 esse
1143 1307 1412 1373 dicamur;
1437 1305 1506 1359 ita
1534 1305 1771 1358 omnium
1795 1303 2040 1357 notitiam

466 1415 812 1476 quaecumque
841 1398 1154 1468 Unigeuitus
1182 1395 1382 1450 audivit
1400 1410 1428 1447 a
1453 1395 1609 1449 Patre
1628 1432 1643 1458 ,
1665 1391 1894 1447 futuram
1921 1405 2041 1461 spe-

466 1509 584 1548 rare
610 1491 892 1558 debemus,
937 1487 1176 1558 quamvis
1222 1486 1327 1540 hoc
1363 1499 1476 1554 1am
1517 1497 1576 1538 se
1619 1481 1810 1538 fecisse
1848 1479 2048 1538 dixerit.

469 1585 733 1640 Christus.
971 1628 982 1646 ,

535 1674 592 1726 2.
635 1671 756 1726 Non
784 1687 869 1726 vos
903 1685 982 1723 me
1004 1666 1218 1738 elegistis
1236 1707 1252 1732 ,
1303 1665 1472 1736 inquit
1493 1706 1508 1731 ,
1555 1663 1645 1718 sed
1669 1679 1759 1734 ego
1782 1679 1867 1718 vos
1891 1663 2040 1734 elegi.

465 1763 592 1820 Haec
633 1773 715 1821 est
763 1763 852 1818 illa
883 1760 1162 1816 ineli'abilis
1211 1765 1400 1828 gratia.
1451 1755 1587 1823 Quid
1641 1755 1784 1812 enim
1828 1769 2042 1812 eramus

465 1855 676 1923 quando
699 1855 972 1914 Christum
1013 1850 1250 1908 nondum
1274 1849 1646 1919 elegerantus,
1684 1855 1738 1902 et
1782 1846 1903 1901 ideo
1931 1861 2044 1902 non

465 1943 846 2014 diligebamus?
871 1941 1002 1997 Nam
1031 1941 1119 2012 qui
1143 1955 1266 1996 eum
1307 1953 1412 1994 non
1440 1938 1629 2008 elegit,
1661 1935 1929 2006 quomodo
1959 1935 2045 1990 di-

465 2035 615 2106 ligit?
639 2034 900 2104 Numquid
923 2033 1032 2103 jam
1059 2033 1112 2086 in
1155 2031 1307 2086 nobis
1331 2038 1446 2086 erat
1473 2029 1614 2100 quod
1641 2029 1692 2083 in
1715 2027 1928 2083 Psalmo
1952 2041 2042 2082 ca-

465 2127 608 2181 nitur
629 2143 644 2179 :
668 2125 812 2196 Elegi
836 2123 1054 2196 abjectus
1077 2137 1182 2177 esse
1197 2123 1250 2174 in
1270 2121 1419 2177 domo
1443 2119 1672 2188 Domini,
1703 2119 1866 2190 magis
1891 2133 2041 2188 quam

464 2217 688 2270 habitare
705 2216 756 2269 in
777 2213 1107 2271 tabernaculis
1133 2223 1447 2282 peccatorum
1476 2210 1647 2280 (Psal.
1672 2227 1902 2277 Lxxxm,
1924 2209 2049 2282 ll)?

461 2307 579 2361 Non
601 2307 799 2378 utique.
827 2303 964 2371 Quid
989 2318 1116 2373 ergo
1137 2317 1349 2359 eramus
1369 2345 1386 2371 ,
1415 2303 1516 2360 nisi
1541 2301 1706 2373 iniqui
1732 2311 1786 2358 et
1813 2302 2040 2372 perditi?

461 2395 644 2467 Neque
670 2397 810 2451 enim
852 2395 961 2464 jam
1006 2391 1484 2449 credideramusin
1513 2409 1670 2461 eum,
1719 2401 1775 2448 ut
1823 2393 2042 2463 eligeret

463 2503 561 2543 nos
589 2505 602 2542 :
635 2502 756 2542 nam
781 2488 824 2540 si
849 2487 958 2556 jam
1001 2483 1284 2542 credentes
1322 2485 1518 2556 elegit,
1565 2485 1765 2540 electus
1813 2485 2036 2555 elegit‘.

461 2583 571 2636 Cur
589 2595 714 2652 ergo
741 2579 970 2643 diceret,
1004 2575 1122 2630 Non
1151 2593 1236 2634 vos
1263 2593 1340 2632 me
1367 2577 1586 2650 elegistis
1607 2620 1623 2645 ,
1652 2577 1753 2633 nisi
1782 2579 1903 2647 quia
1933 2579 2038 2633 mi-

462 2673 744 2728 sericordia
789 2674 904 2742 ejus
931 2667 1190 2741 praevenit
1239 2685 1338 2724 nos
1385 2667 1554 2742 (Psal.
1585 2685 1748 2736 Lvm,
1785 2670 1904 2738 ll)?
1933 2669 2034 2726 llic

461 2771 604 2818 certe
657 2769 808 2817 vacat
861 2775 998 2817 vana
1058 2757 1272 2815 illarum
1326 2759 1699 2826 ratiocinatio,
1764 2759 1853 2829 qui
1893 2774 2034 2828 prae-

459 2853 731 2907 scientiam
781 2851 875 2906 Dei
930 2850 1220 2906 defendunt
1277 2857 1461 2906 contra
1516 2851 1739 2920 gratiam
1797 2851 1931 2917 Dei,
1985 2859 2041 2906 et

461 2941 580 2995 ideo
617 2941 798 2995 dicunt
838 2955 935 2998 nos
979 2939 1181 2996 electos
1220 2949 1343 2995 ante
1383 2939 1567 2996 mundi
1605 2942 2037 2997 constitutionem

462 3031 689 3102 (Epltes.
734 3047 772 3099 ι,
799 3031 854 3102 ὁ)
878 3073 894 3099 ,
931 3032 1050 3103 quia
1080 3031 1348 3104 praescivit
1371 3046 1468 3086 nos
1510 3032 1652 3086 Deus
1688 3031 1894 3086 futuros
1943 3034 2042 3087 bo-

457 3137 589 3192 nos,
625 3137 734 3178 non
773 3123 1006 3193 seipsum
1074 3139 1172 3180 nos
1235 3123 1492 3179 facturum
1541 3123 1730 3180 bonos.
1778 3124 1892 3178 Non
1937 3125 2042 3181 hoc

458 3213 619 3282 dicit,
665 3215 756 3285 qui
801 3215 964 3279 dicit,
999 3213 1124 3272 Non
1161 3233 1245 3271 vos
1289 3233 1368 3270 me
1411 3215 1649 3288 elegistis.
1701 3217 1959 3286 Quoniam
1993 3219 2038 3273 si

465 3314 745 3375 propterea
774 3319 873 3360 nos
900 3305 1186 3385 elegisSL-t,
1212 3307 1334 3379 quia
1362 3308 1530 3362 bonos
1561 3307 1764 3363 futuros
1793 3323 1914 3364 esse
1941 3324 2039 3366 nos

457 3394 836 3463 praesciverat;
865 3395 1026 3458 simul
1071 3407 1232 3460 etiam
1265 3399 1566 3474 prmscissct
1591 3399 1732 3472 quod
1779 3413 1901 3454 eum
1932 3417 2040 3458 non

459 3483 742 3539 fuissemus
769 3483 920 3554 prius
947 3495 1185 3549 electuri.
1216 3493 1331 3548 Non
1360 3493 1498 3547 enim
1524 3493 1679 3546 aliter
1702 3505 1822 3546 esse
1858 3505 2041 3561 posse-

465 3599 585 3641 mus
619 3578 740 3642 boni
769 3603 781 3638 :
813 3586 911 3640 nisi
942 3583 1078 3640 forte
1101 3583 1356 3638 dicendus
1381 3591 1464 3637 est
1489 3583 1659 3638 bonus
1681 3583 1770 3653 qui
1799 3599 1903 3638 non
1931 3581 2040 3637 ele-

464 3677 542 3748 git
565 3677 783 3734 bonum.
815 3673 950 3742 Quid
977 3689 1103 3745 ergo
1127 3675 1286 3744 elegit
1311 3674 1363 3728 in
1389 3689 1498 3727 non
1523 3671 1712 3728 bonis?
1755 3673 1871 3730 Non
1897 3674 2038 3732 enim

465 3767 619 3823 electi
643 3775 768 3822 sunt
814 3768 934 3836 quia
962 3765 1086 3824 boni
1126 3763 1368 3829 fuerunt,
1417 3761 1508 3834 qui
1555 3763 1676 3818 boui
1722 3781 1826 3819 non
1860 3771 2040 3820 essent

465 3861 566 3914 nisi
595 3859 750 3916 electi
776 3867 976 3914 essent.
1005 3857 1254 3928 Alioquin
1285 3857 1450 3927 gratia
1471 3857 1582 3926 jam
1604 3873 1708 3910 non
1735 3864 1819 3912 est
1845 3857 2036 3928 gratia,

465 3953 508 4008 si
525 3951 860 4024 prmcessisse
875 3949 1242 4007 contendimus
1261 3949 1472 4004 merita.
1493 3947 1614 4002 llzrc
1631 3947 1825 4018 quippe
1848 3949 2039 4004 electio

465 4041 649 4112 gratia:
669 4049 780 4107 est,
807 4041 876 4095 de
901 4055 1001 4110 qua
1023 4039 1150 4094 dicit
1177 4039 1462 4108 Apostolus
1487 4055 1500 4090 :
1533 4036 1623 4092 Sic
1647 4054 1763 4108 ergo
1790 4039 1908 4092 etin
1945 4039 2040 4092 hoc

467 4147 689 4202 tempore
706 4133 929 4202 reliquit:
947 4149 1034 4203 per
1046 4131 1330 4186 electionem
1356 4131 1533 4202 gratiae
1555 4131 1707 4185 saltue
1731 4135 1880 4202 facta:
1899 4141 2035 4188 sunt.

466 4221 619 4280 Unde
646 4223 952 4294 subjungit:
981 4221 1042 4278 Si
1073 4233 1238 4276 autern
1265 4223 1429 4294 gratia
1447 4263 1462 4289 ,
1501 4223 1616 4294 jam
1643 4240 1744 4276 non
1781 4241 1844 4278 ea:
1867 4225 2038 4294 operi-

465 4315 594 4378 bus;
632 4313 856 4387 alioquin
886 4313 1052 4384 gratia
1077 4314 1193 4386 jam
1236 4329 1336 4366 non
1365 4321 1438 4368 est
1479 4313 1644 4382 gratia
1673 4313 1846 4384 (Rom.
1877 4331 1953 4384 xl,
1981 4317 2038 4382 5,

462 4403 542 4476 ϐ).
573 4403 743 4472 Audi,
789 4405 1028 4476 ingrate,
1054 4403 1176 4458 audi
1211 4420 1224 4456 :
1259 4400 1380 4456 Non
1418 4417 1504 4456 vos
1549 4419 1627 4456 me
1671 4403 1920 4474 elegistis,
1951 4407 2042 4460 sed

461 4514 551 4568 ego
582 4497 708 4570 elegi
733 4513 842 4552 uos.
891 4495 1004 4550 Non
1030 4503 1113 4550 est
1157 4505 1216 4550 ut
1243 4495 1428 4562 dicas,
1475 4495 1599 4551 ldeo
1641 4495 1843 4552 electus
1885 4513 2034 4564 sum,

460 4589 580 4658 quia
608 4588 717 4659 jam
755 4587 1053 4644 credebam.
1085 4585 1142 4642 Si
1185 4587 1324 4641 enim
1355 4585 1611 4642 credebas
1647 4587 1700 4642 in
1729 4605 1884 4654 eum,
1927 4593 2035 4658 jam

461 4679 700 4749 elegeras
739 4693 885 4733 eum.
910 4675 1016 4733 Sed
1044 4676 1206 4731 audi:
1239 4673 1358 4730 Non
1387 4691 1473 4732 vos
1510 4693 1589 4730 me
1631 4677 1870 4748 elegistis.
1921 4677 2036 4733 Non

461 4779 626 4826 estut
653 4769 830 4836 dicas,
876 4770 1174 4839 Antequam
1205 4767 1510 4835 crederem,
1536 4767 1646 4838 jam
1678 4769 1813 4822 bona
1853 4785 2040 4840 opera-

461 4863 576 4928 bar,
601 4863 721 4919 ideo
750 4863 950 4918 electus
975 4877 1114 4917 sum.
1141 4859 1278 4928 Quid
1296 4862 1436 4916 enim
1469 4872 1550 4916 est
1569 4861 1692 4916 boni
1719 4863 1895 4932 operis
1915 4873 2041 4920 ante

465 4953 652 5020 ﬁdem,
691 4967 810 5007 cum
853 4949 998 5006 dicat
1021 4953 1340 5022 Apostolus,
1392 4951 1554 5007 Omne
1593 4952 1846 5024 quodnon
1873 4964 1950 5008 est
1977 4971 2042 5010 ea:

463 5044 597 5114 fide,
629 5053 883 5114 peccatum
911 5051 983 5098 est
1013 5039 1122 5115 (Id.
1174 5039 1442 5118 le,23)‘i
1492 5041 1634 5114 Quid.
1677 5059 1803 5115 ergo
1845 5045 2040 5102 dicturi

463 5149 644 5189 sumus
664 5134 929 5190 audiendo
947 5176 962 5201 ,
985 5131 1112 5189 Non
1151 5152 1236 5188 vos
1261 5153 1338 5188 me
1364 5135 1612 5206 elegistis;
1642 5136 1741 5194 nisi
1767 5137 1888 5207 quia
1915 5137 2042 5194 mali

463 5239 675 5279 eramus
699 5233 752 5278 et
791 5225 942 5280 electi
971 5239 1152 5280 sumus
1170 5263 1186 5292 ,
1217 5233 1277 5278 ut
1301 5225 1423 5278 boui
1461 5240 1555 5294 per
1575 5225 1796 5294 gratiam
1829 5243 1924 5282 nos
1943 5227 2042 5284 eli-

466 5317 637 5388 gentis
650 5313 928 5370 essemus?
948 5313 1064 5370 Non
1091 5323 1173 5369 est
1198 5315 1339 5368 cnim
1365 5314 1551 5382 gratia,
1581 5315 1625 5368 si
1655 5327 2040 5384 praecesserant

463 5407 650 5458 merita
679 5421 695 5460 :
727 5415 811 5460 cst
852 5415 1030 5461 autem
1073 5405 1275 5478 gratia;
1315 5403 1430 5460 haec
1456 5405 1615 5478 igitur
1643 5421 1750 5462 non
1799 5405 2033 5477 invenit,

462 5495 558 5550 sed
583 5493 758 5550 ell’ecit
781 5496 992 5551 merita.
1461 5501 1466 5504 '

527 5652 544 5684 ι
567 5651 692 5716 libri
723 5661 912 5716 armes,
940 5648 1112 5716 electos
1153 5646 1580 5716 qlegit;_excepto
1612 5663 1712 5716 uno
1737 5651 2041 5716 Altemigiensi

467 5719 566 5770 διε..
611 5713 693 5774 qui
725 5701 910 5769 habet;
928 5701 1104 5764 electus
1135 5701 1616 5772 deditt'banc'vero
1637 5701 2042 5768 le’cuoaéféail

465 5782 634 5825 actura
657 5775 864 5824 assecuti
892 5774 1082 5825 fuerant
1105 5776 1444 5826 wvattienses.

1399 371 1464 428 IN
1501 365 1774 425 JOANNIS
1811 361 2278 431 EVANGELIUM,
2311 369 2368 420 S.
2410 363 2776 422 AUGUSTINI

3551 351 3716 424 ἰδεῖν.

2217 475 2269 531 5.
2311 475 2378 532 Et
2403 477 2598 542 videte,
2617 476 2934 543 cliarissimi,
2965 477 3404 550 quemadmodum
3427 497 3531 538 non
3555 483 3722 554 eligat

2143 569 2331 634 bonos,
2355 568 2448 624 sed
2468 585 2600 639 quos
2619 569 2798 640 elegit,
2819 569 2974 624 faciat
3001 572 3189 626 bonos.
3221 571 3353 643 Ego,
3381 573 3569 645 inquit,
3591 577 3718 648 elegi

2143 674 2248 725 vos,
2277 668 2324 712 et
2348 659 2491 729 posui
2511 675 2596 713 vos
2618 669 2674 713 ut
2692 659 2834 725 eatis,
2867 670 2912 716 et
2934 665 3156 732 fructum
3187 661 3433 730 a/feratis,
3459 675 3506 719 et
3527 669 3722 736 fructus

2142 758 2300 804 uester
2317 759 2534 805 maneat.
2556 749 2742 805 Nonne
2763 751 2861 806 iste
2889 759 2971 806 est
2995 751 3196 808 fructus
3221 753 3287 809 de
3311 769 3416 825 quo
3437 755 3546 826 jam
3573 755 3724 810 dixe-

2144 847 2246 904 rat,
2275 838 2400 895 Sine
2421 855 2500 894 me
2531 839 2660 894 nihil
2686 842 2890 911 potestis
2915 841 3078 911 facere
3113 843 3287 914 (Joan.
3311 861 3399 910 xv,
3431 845 3529 916 5)!
3553 845 3727 918 Elegit

2144 945 2290 1001 ergo,
2308 941 2361 987 et
2387 933 2562 1002 posuit
2574 941 2630 988 ut
2655 947 2859 1002 eamus,
2873 942 2927 988 et
2944 933 3169 989 fructum
3185 935 3465 991 all'eramus
3481 955 3496 991 :
3513 937 3722 992 nullum

2144 1021 2324 1095 itaque
2348 1023 2586 1079 fructum.
2604 1025 2743 1081 unde
2769 1041 2865 1080 nos
2881 1027 3100 1096 eligeret
3125 1027 3467 1085 habebamus.
3497 1029 3564 1086 Ut
3579 1031 3724 1097 eatis,

2145 1114 2344 1186 inquit,
2369 1125 2418 1169 et
2442 1115 2916 1186 fructmnaﬂeratis.
2945 1118 3086 1174 Imus
3113 1127 3170 1174 ut
3195 1120 3498 1188 aderamus,
3531 1130 3585 1178 et
3613 1123 3730 1192 ipse

2145 1215 2228 1260 est
2256 1205 2338 1258 via
2363 1219 2464 1276 qua
2489 1205 2647 1274 imus,
2671 1207 2844 1277 inqua
2868 1223 2965 1262 nos
2985 1209 3161 1278 posuit
3179 1220 3238 1265 ut
3263 1225 3466 1267 eamus.
3495 1211 3729 1268 Proinde

2145 1295 2198 1352 in
2221 1299 2466 1353 omnibus
2487 1299 2846 1355 misericordia
2866 1301 2981 1372 ejus
3002 1303 3257 1372 prmvenit
3281 1321 3398 1360 nos.
3423 1303 3490 1358 Et
3511 1311 3726 1375 fructus,

2144 1384 2332 1455 inquit,
2363 1397 2519 1442 uester
2545 1397 2774 1442 maneat:
2803 1400 2855 1445 ut
2881 1391 3228 1462 quodcumque
3253 1395 3490 1463 petieritis
3520 1394 3731 1450 Patrem

2143 1475 2198 1530 in
2222 1477 2423 1534 nomine
2447 1495 2578 1545 meo,
2613 1481 2696 1536 det
2728 1481 2883 1537 vobis.
2923 1483 3132 1536 Maneat
3172 1499 3298 1553 ergo
3338 1483 3582 1550 dilectio;
3615 1487 3732 1555 ipse

2145 1575 2228 1620 est
2254 1568 2396 1622 enim
2425 1567 2629 1624 fructus
2657 1580 2858 1626 noster.
2881 1571 3011 1639 Quae
3039 1571 3254 1629 dilectio
3279 1589 3421 1629 nunc
3445 1585 3529 1630 est
3555 1575 3606 1629 in
3632 1575 3733 1630 de-

2146 1657 2366 1728 siderio,
2391 1662 2625 1717 nondum
2648 1663 2700 1718 in
2725 1666 3000 1720 saturitate
3023 1683 3036 1720 :
3059 1675 3114 1720 et
3142 1667 3256 1735 ipso
3275 1667 3539 1723 desiderio
3560 1669 3736 1739 (ιιιοά-

2145 1765 2371 1822 cumque
2399 1753 2706 1822 petierimus
2731 1757 2781 1810 in
2813 1757 3027 1812 nomine
3057 1759 3312 1830 unigeniti
3342 1759 3488 1827 Filii,
3522 1759 3614 1815 dat
3641 1775 3735 1820 no:

2143 1839 2228 1898 bis
2257 1841 2431 1898 Pater.
2450 1845 2603 1912 Quod
2621 1855 2797 1904 autem
2823 1849 3062 1918 accipere
3086 1851 3352 1906 salvandis
3383 1869 3486 1907 non
3517 1853 3744 1922 expedit-

2145 1933 2320 2002 nobis,
2347 1949 2452 1990 non
2473 1937 2838 1993 existimemus
2877 1954 2977 1994 nos
3015 1949 3197 2007 petere
3223 1941 3276 1996 in
3303 1945 3517 2000 nomine
3543 1943 3735 2000 Salva-

2145 2023 2314 2079 toris:
2347 2025 2440 2082 sed
2467 2025 2568 2083 hoc
2615 2031 2842 2097 petimus
2883 2031 2934 2084 in
2983 2031 3197 2088 nomine
3225 2031 3548 2103 Salvatoris,
3587 2037 3732 2107 quod

2146 2113 2378 2184 pertinet
2405 2115 2471 2171 ad
2499 2117 2756 2174 rationem
2783 2121 2990 2181 salutis.

2567 2208 2973 2266 TRACTATUS
3011 2211 3317 2268 LXXXVII;

2143 2295 2224 2354 De
2248 2315 2305 2353 eo
2334 2299 2470 2369 quod
2495 2301 2614 2354 dicit
2633 2299 2805 2370 Iesus,
2837 2301 2964 2357 Hmc
2989 2306 3182 2358 mando
3213 2306 3384 2372 vobis,
3415 2317 3470 2361 ut
3499 2306 3733 2377 diligatis

2213 2387 2471 2454 invicem;
2495 2407 2650 2459 usque
2671 2391 2810 2445 adid
2828 2433 2848 2460 ,_
2867 2391 2970 2448 Sed
2991 2409 3091 2465 ego
3115 2397 3250 2466 elegi
3279 2411 3374 2451 vos
3398 2397 3465 2452 de
3493 2399 3730 2465 mundo;

2215 2487 2495 2549 propterea
2520 2481 2632 2536 odit
2655 2495 2750 2536 vos
2775 2483 3021 2542 mundus.
3051 2484 3178 2556 Cap.
3201 2503 3288 2552 xv,
3334 2487 3374 2557 γ
3393 2527 3406 2540 .
3433 2487 3621 2544 17-19.

2216 2569 2268 2623 l.
2292 2569 2346 2624 ln
2367 2569 2593 2626 lectione
2619 2573 2920 2642 evangelica
2943 2575 3208 2645 qutehanc
3228 2579 3512 2642 antecedit,
3529 2577 3746 2634 dixerat

2145 2659 2401 2717 Dominus
2425 2675 2438 2712 :
2465 2659 2518 2714 Ν
2522 2677 2586 2715 οη
2602 2677 2686 2716 vos
2697 2679 2775 2718 nte
2783 2664 2999 2735 elegistis
3015 2667 3378 2737 ;sed.ego.elegi
3401 2685 3503 2730 vos.
3519 2679 3564 2721 et
3583 2685 3728 2740 posu.

2141 2765 2246 2818 uos,
2267 2761 2320 2808 ut
2337 2753 2460 2806 eatis
2480 2763 2528 2808 et
2545 2751 2766 2823 fructum
2782 2755 3028 2824 a/I'eratis,
3041 2767 3088 2811 et
3105 2760 3298 2828 fructus
3315 2769 3470 2814 vester
3493 2771 3696 2814 maneat
3719 2773 3742 2815 :

2142 2851 2198 2895 ut
2224 2843 2568 2914 quodcumque
2591 2845 2828 2916 petieritis
2859 2845 3067 2902 Patrem
3091 2849 3144 2902 in
3172 2852 3371 2904 nomine
3396 2868 3526 2918 meo,
3545 2853 3626 2906 det
3643 2869 3737 2906 vo-

2145 2931 2242 2984 bis.
2283 2933 2358 2987 De
2401 2933 2595 3003 quibus
2635 2935 2812 2990 verbis
2833 2937 2941 3006 jam
2971 2953 3068 2992 nos
3095 2939 3236 3008 quod
3269 2941 3522 2996 Dominus
3549 2941 3736 3010 dedit,

2142 3021 2460 3080 disseruisse
2516 3025 2855 3082 meministis.
2909 3027 3004 3082 llic
3043 3039 3221 3084 autem
3268 3029 3442 3098 dicit,
3491 3035 3736 3101 sequenti

2144 3115 2350 3176 scilicet
2377 3116 2605 3171 lectione
2625 3158 2640 3182 ,
2669 3133 2826 3187 quam
2869 3119 3028 3176 modo
3055 3135 3176 3174 cum
3218 3119 3551 3188 recitaretur,
3579 3125 3738 3180 audi-

2143 3209 2280 3265 stis:
2313 3209 2438 3264 Htec
2463 3211 2651 3266 mando
2679 3209 2849 3279 nobis,
2879 3221 2936 3268 ut
2981 3213 3204 3285 diligatis
3241 3215 3472 3270 invicem.
3515 3219 3593 3272 Ac
3639 3235 3740 3289 per

2144 3299 2246 3356 hoc
2273 3301 2568 3374 intelligere
2591 3301 2848 3359 debemus
2887 3303 3030 3360 hunc
3058 3321 3178 3361 esse
3217 3307 3444 3362 fructum
3487 3319 3736 3365 nostrum

2146 3391 2213 3447 de
2239 3409 2345 3463 quo
2365 3395 2460 3460 ait,
2489 3393 2602 3466 Ego
2629 3411 2718 3450 vos
2744 3395 2873 3468 elegi
2897 3407 2954 3450 ut
2981 3399 3104 3452 eatis
3123 3440 3138 3464 ,
3165 3408 3213 3452 et
3239 3403 3460 3472 fructum
3485 3401 3735 3468 alferatis,

2142 3491 2188 3536 et
2214 3487 2408 3553 fructus
2430 3494 2588 3539 vester
2605 3497 2824 3540 maneat.
2851 3489 3070 3558 thuod
3092 3489 3350 3561 adjunxit,
3379 3491 3446 3547 Ut
3461 3500 3742 3564 quodcum-

2142 3591 2238 3643 que
2276 3575 2517 3643 petieritis
2557 3575 2766 3631 Patrem
2793 3579 2844 3632 in
2876 3581 3076 3635 nomine
3113 3599 3250 3647 meo,
3283 3583 3364 3636 det
3403 3585 3538 3639 vobis
3565 3601 3584 3638 :
3609 3595 3738 3641 tunc

2143 3667 2323 3744 utique
2349 3667 2496 3722 dabit
2525 3670 2709 3738 nobis,
2731 3672 2774 3726 si
2799 3671 3079 3743 diligamus
3109 3675 3368 3744 invicem;
3399 3693 3520 3733 cum
3550 3689 3605 3734 et
3633 3679 3739 3736 hoc

2143 3757 2317 3828 ipsum
2347 3759 2460 3829 ipse
2485 3759 2692 3815 dederit
2721 3762 2892 3830 nobis,
2915 3765 3001 3833 qui
3027 3780 3122 3819 nos
3153 3766 3312 3837 elegit
3339 3783 3444 3822 non
3473 3769 3752 3827 habentes

2144 3848 2394 3918 fructum,
2419 3852 2541 3920 quia
2566 3867 2674 3907 non
2699 3869 2819 3907 eum
2843 3867 2940 3909 nos
2961 3855 3327 3926 elegeramus;
3355 3869 3408 3915 et
3436 3862 3608 3930 posuit
3633 3879 3736 3920 nos

2144 3951 2202 3998 ut
2227 3942 2457 3999 fructum
2487 3943 2771 4000 all‘eramus
2793 3987 2806 4011 ,
2841 3946 2941 4002 hoc
2977 3957 3092 4016 est,
3135 3949 3360 4005 invicem
3406 3953 3687 4024 diligamus
3715 3973 3733 4010 :

2143 4049 2304 4104 quem
2347 4033 2577 4090 fructum
2617 4036 2733 4091 sine
2763 4037 2856 4092 illo
2887 4039 3080 4095 habere
3105 4057 3209 4098 non
3241 4057 3522 4116 possumus
3545 4087 3561 4111 ,
3591 4047 3737 4105 sicut

2145 4125 2387 4195 palmites
2413 4125 2588 4181 facere
2622 4127 2738 4182 sine
2762 4128 2868 4182 vite
2907 4128 3038 4183 nihil
3074 4143 3312 4201 possunt.
3337 4133 3578 4192 Charitas
3602 4153 3746 4209 ergo.

2143 4225 2225 4271 est
2249 4215 2452 4272 fructus
2481 4227 2680 4284 noster,
2713 4233 2869 4288 quam
2912 4219 3097 4276 delinit
3139 4223 3456 4296 Apostolus,
3489 4225 3551 4280 de
3579 4229 3734 4284 corde

2149 4323 2278 4376 puro
2301 4315 2346 4362 et
2375 4307 2676 4364 conscientia
2698 4309 2850 4378 bona,
2873 4319 2918 4366 et
2944 4311 3046 4380 [ide
3074 4330 3174 4368 non
3203 4315 3322 4382 [icta
3343 4315 3386 4386 (l
3413 4315 3544 4370 Tim.
3575 4333 3614 4384 ι,
3647 4317 3729 4392 5).

2145 4397 2256 4453 liae
2295 4397 2566 4468 diligimus
2613 4399 2868 4466 invicem,
2902 4400 3003 4456 hac
3031 4402 3299 4472 diligimus
3328 4403 3511 4460 Deum.
3543 4407 3733 4478 Neque

2143 4489 2285 4544 enim
2327 4504 2450 4544 vera
2488 4489 2774 4546 dilectione
2813 4491 3155 4562 diligeremus
3182 4495 3406 4550 invicem
3428 4538 3442 4562 ,
3473 4498 3572 4552 nisi
3602 4499 3734 4553 dili-.

2141 4591 2328 4652 gentes
2374 4581 2562 4636 Deum.
2613 4583 2790 4653 Diligit
2834 4585 2976 4638 enim
3020 4588 3382 4658 unusquisque
3429 4591 3728 4659 proximum

2145 4681 2390 4743 tanquam
2417 4673 2671 4741 seipsum,
2708 4675 2752 4728 si
2776 4675 2945 4746 diligit
2975 4675 3138 4730 Deum
3165 4695 3177 4732 :
3210 4693 3330 4732 nam
3359 4680 3404 4733 si
3431 4697 3534 4736 non
3559 4682 3738 4755 diligit

2143 4763 2339 4829 Deum,
2376 4777 2479 4817 non
2516 4765 2687 4834 diligit
2709 4766 2961 4836 seipsum.
2995 4765 3048 4820 ln
3078 4767 3160 4822 liis
3185 4769 3325 4823 enim
3355 4771 3562 4828 duobus
3590 4791 3732 4843 pra:-

2143 4855 2309 4922 ceptis
2332 4853 2606 4908 charitatis
2635 4863 2739 4910 tota
2770 4855 2874 4911 Lex
2906 4857 3099 4928 pendet
3123 4867 3176 4912 et
3194 4858 3475 4928 Propheta:
3510 4861 3727 4932 (Matth.

2143 4963 2276 5008 nu.
2307 4948 2400 5024 40)
2427 4967 2440 5004 :
2467 4949 2551 5004 hic
2590 4959 2671 5005 est
2715 4949 2919 5006 fructus
2971 4963 3169 5010 noster.
3216 4955 3292 5011 De
3336 4956 3512 5012 fructu
3553 4960 3735 5032 itaque

2144 5039 2298 5094 nobis
2326 5039 2603 5106 mandans,
2638 5039 2760 5096 Htec
2787 5045 2991 5108 mando,
3019 5046 3222 5115 inquit,
3245 5047 3400 5116 vobis,
3428 5059 3482 5103 ut
3507 5049 3732 5122 diligatis

2142 5130 2369 5186 invicem.
2403 5131 2553 5188 Unde
2578 5142 2630 5187 et
2658 5135 2930 5204 apostolus
2957 5135 3146 5192 Paulus
3163 5181 3178 5206 ,
3207 5153 3330 5195 cum
3355 5150 3542 5196 contra
3568 5158 3740 5213 opera.

2143 5223 2320 5278 carnis
2352 5223 2726 5280 commendare
2769 5225 2994 5282 fructum
3038 5231 3254 5300 spiritus
3291 5232 3476 5301 vellet,
3501 5250 3532 5290 a
3556 5236 3732 5304 capite

2147 5312 2247 5366 hoc
2277 5313 2483 5382 posuit,
2513 5311 2772 5383 Fructus,
2805 5316 3002 5388 inquit,
3032 5319 3240 5390 spiritus
3276 5323 3497 5378 charitas
3529 5336 3643 5379 est:
3669 5341 3732 5382 ac

2145 5403 2337 5460 deinde
2362 5413 2552 5459 cetera
2578 5415 2828 5478 tanquam
2856 5424 2924 5464 ex
2951 5409 3054 5465 isto
3081 5413 3254 5482 capite
3285 5424 3468 5470 exorta
3509 5425 3564 5470 ct
3603 5417 3726 5472 reli-

2146 5505 2262 5566 gata
2293 5499 2584 5566 contexuit,
2606 5515 2724 5569 qua:
2743 5509 2886 5569 sunt,
2913 5503 3175 5572 gaudium,
3204 5523 3326 5576 pax,
3351 5507 3730 5579 longanimitas,

2147 5586 2442 5656 benignitas,
2458 5588 2670 5655 bonitas,
2688 5589 2835 5660 ﬁdes,
2855 5595 3207 5664 mansuetudo,
3220 5598 3521 5653 continentia
3537 5595 3730 5671 (σαῖσι.

2146 5693 2202 5746 v,
2228 5679 2339 5750 21).
2357 5679 2486 5746 Quis
2513 5689 2688 5737 autem
2707 5681 2841 5738 bene
2867 5685 3184 5758 gaudet,qui
3209 5687 3404 5745 bonum
3435 5707 3541 5745 non
3562 5690 3732 5760 diligit

2149 5769 2288 5827 unde
2313 5771 2543 5844 gaudet?
2568 5774 2697 5842 Quis
2727 5791 2912 5846 pacem
2935 5793 3133 5849 veram,
3157 5779 3257 5836 nisi
3286 5795 3406 5838 cum
3433 5782 3523 5838 illo
3553 5790 3730 5852 potest
