4102 6480
351 319 487 375 1835

349 410 545 467 habere
573 425 729 481 quem
754 409 1010 465 veraciter
1037 410 1243 481 diligit?
1267 410 1394 477 Quis
1419 420 1499 464 est
1525 409 1834 480 longanimis
1864 410 1917 461 in

352 503 494 555 bono
522 509 931 571 perseveranter
955 500 1218 556 manendo
1250 502 1289 568 ¹,
1320 501 1421 555 nisi
1459 500 1661 555 ferveat
1702 498 1925 569 diligen-

347 595 455 651 do?
474 595 604 661 Quis
624 604 703 649 est
730 593 1004 664 benignus,
1022 593 1122 647 nisi
1144 592 1325 663 diligat
1346 592 1429 647 cui
1458 591 1772 662 Opitulatur?
1794 589 1922 658 Quis

348 689 543 753 bonus,
574 686 675 739 nisi
702 684 975 754 diligendo
1003 684 1296 740 efficiatur?
1324 685 1452 752 Quis
1476 683 1757 738 salubriter
1790 682 1918 737 lide-

345 780 410 834 lis
431 822 445 844 ,
477 778 578 834 nisi
602 793 663 832 ea
694 778 798 832 fide
833 794 950 847 quae
983 791 1081 849 per
1117 776 1456 833 dilectionem
1482 774 1766 845 operatur?
1793 774 1921 840 Quis

346 869 547 923 utiliter
572 875 908 931 mansuetus,
940 868 1021 921 cui
1054 882 1157 921 non
1194 866 1407 921 dilectio
1431 864 1772 919 moderetur?
1790 862 1920 931 Quis

346 958 413 1010 ab
456 972 522 1011 eo
562 958 798 1013 continet
832 956 974 1012 unde
1012 964 1271 1026 turpatur,
1304 955 1404 1009 nisi
1433 954 1613 1023 diligat
1649 953 1788 1007 unde
1818 951 1916 1006 bo-

344 1049 620 1103 nestatur?
645 1048 830 1102 Merito
863 1048 1039 1118 itaque
1078 1046 1328 1117 magister
1368 1045 1540 1101 bonus
1577 1042 1915 1101 dilectionem

341 1140 422 1193 sic
452 1153 595 1207 stupe
620 1138 989 1200 commendat,
1024 1146 1268 1206 tanquam
1294 1135 1405 1190 sola
1438 1131 1783 1203 prmcipienda
1810 1131 1912 1197 sit,

340 1231 459 1284 sine
484 1246 585 1300 qua
606 1246 711 1286 non
744 1238 957 1299 possunt
985 1228 1241 1299 prodesse
1284 1234 1473 1280 cratera
1515 1224 1649 1278 bona
1669 1265 1685 1290 ,
1717 1232 1770 1278 et
1799 1238 1916 1293 qua:

341 1336 452 1375 non
497 1330 666 1391 potest
709 1320 892 1375 haberi
926 1320 1040 1374 sine
1081 1318 1288 1374 eteteris
1317 1316 1471 1373 bonis
1494 1358 1508 1383 ,
1540 1316 1729 1387 quibus
1758 1316 1915 1370 homo

338 1415 571 1470 (dicitur
591 1416 778 1470 bonus.

412 1509 466 1562 2.
509 1508 612 1563 Pro
657 1508 756 1561 hac
802 1514 976 1561 autem
1022 1504 1304 1559 dilectione
1350 1502 1615 1571 patienter
1659 1499 1914 1553 debemus

338 1600 501 1654 etiam
527 1599 711 1653 mundi
740 1598 857 1653 odia
895 1597 1173 1653 sustinere.
1205 1596 1434 1651 Necesse
1462 1602 1542 1649 est
1571 1595 1710 1649 enim
1739 1602 1793 1645 ut
1820 1608 1913 1646 nos

339 1690 544 1754 oderit,
573 1704 704 1759 quos
732 1689 903 1743 cernit
929 1688 1069 1742 nolle
1098 1686 1235 1757 quod
1269 1686 1456 1755 diligit.
1486 1685 1590 1740 Sed
1632 1683 1914 1753 plurimum

341 1796 444 1835 nos
470 1780 536 1835 de
562 1782 738 1848 seipso
768 1779 1024 1833 Dominus
1050 1778 1373 1840 consolatur,
1402 1776 1488 1845 qui
1516 1791 1635 1830 cum
1662 1774 1911 1838 dixisset,

341 1871 471 1925 Htec
502 1871 684 1924 mando
709 1871 870 1933 vobis,
894 1880 947 1923 ut
985 1869 1207 1940 diligatis
1233 1869 1439 1922 invicem
1464 1885 1480 1931 ;
1510 1866 1732 1935 adjecit,
1760 1875 1915 1935 atque

340 1965 449 2025 ait,
482 1963 544 2019 Si
571 1963 784 2016 mundus
819 1979 905 2016 vos
945 1962 1048 2015 odit
1068 2003 1083 2028 ,
1128 1961 1300 2016 scitote
1333 1959 1568 2029 quoniam
1597 1975 1674 2011 me
1702 1960 1916 2027 priorem

339 2054 477 2107 vobis
504 2054 621 2107 odia
658 2053 848 2108 habuit.
881 2054 988 2107 Cur
1016 2065 1143 2121 ergo
1168 2065 1225 2104 se
1253 2051 1547 2103 membrum
1572 2062 1730 2115 supra
1760 2047 1917 2101 verti-

335 2160 457 2200 cem
499 2145 740 2199 extollit?
784 2145 1015 2198 Recusas
1057 2157 1176 2198 esse
1219 2142 1271 2195 in
1318 2156 1572 2209 corpore.
1601 2140 1645 2193 si
1691 2155 1793 2193 non
1838 2138 1915 2193 vis

335 2234 520 2288 odium
550 2233 732 2286 mundi
760 2233 1022 2287 sustinere
1059 2246 1179 2285 cum
1210 2231 1402 2298 capite.
1433 2229 1494 2283 Si
1522 2228 1584 2282 de
1607 2227 1812 2293 mundo,
1838 2228 1916 2282 in-

334 2325 469 2394 quit,
493 2326 685 2390 essetis,
700 2324 915 2379 mundus
934 2323 1067 2393 quod
1086 2339 1229 2376 suum
1255 2330 1356 2375 erat
1381 2320 1624 2390 diligeret.
1645 2319 1915 2375 Universzc

339 2416 521 2485 utique
566 2414 667 2470 hoc
710 2414 837 2470 dicit
872 2413 1159 2478 Ecclesiae,
1200 2426 1358 2481 quam
1403 2410 1709 2480 plerttmque
1755 2410 1914 2463 etiam

336 2507 507 2574 ipsam
553 2505 737 2560 mundi
775 2506 987 2561 nomine
1020 2504 1246 2573 appellat
1272 2521 1285 2557 :
1309 2502 1444 2557 sicut
1478 2511 1560 2557 est
1588 2501 1711 2555 ilhtd
1736 2542 1750 2565 ,
1780 2500 1916 2555 Deus

335 2605 441 2652 erat
464 2597 515 2649 in
536 2595 759 2662 Christo,
780 2596 1020 2648 mundum
1045 2593 1374 2648 reconcilians
1392 2593 1486 2646 sibi
1502 2592 1568 2659 (II
1591 2590 1707 2645 Cor.
1730 2606 1781 2658 v,
1802 2591 1911 2661 19).

338 2684 573 2755 Itemque
600 2685 723 2739 illud
746 2705 759 2740 ε
786 2684 906 2739 Non
927 2687 1056 2738 venit
1071 2684 1238 2737 Filius
1261 2684 1477 2736 hominis
1496 2691 1549 2735 ut
1560 2682 1752 2751 judicet
1771 2699 1915 2736 mun-

335 2776 479 2842 dum,
504 2776 592 2828 sed
619 2785 672 2827 ut
701 2775 917 2829 salvetur
950 2774 1167 2827 mundus
1198 2790 1287 2844 per
1308 2773 1475 2841 ipsum
1497 2770 1671 2841 (Joan.
1695 2771 1912 2842 111,16).

337 2866 403 2918 Et
431 2865 483 2918 in
518 2865 755 2933 Epistola
794 2880 889 2920 sua
932 2864 1165 2919 Joannes
1193 2864 1305 2917 ait:
1332 2862 1637 2917 Advocatum
1679 2863 1916 2917 habemus

334 2956 403 3007 ad
432 2953 655 3021 Patrem,
681 2954 855 3008 Jesum
882 2952 1134 3012 Christum
1154 2954 1380 3026 justum,
1412 2962 1457 3006 et
1491 2954 1596 3024 ipse
1622 2954 1918 3024 propitiator

335 3054 408 3099 est
436 3055 750 3115 peccatorum
777 3055 1091 3109 nostrorum;
1128 3060 1227 3097 non
1258 3051 1449 3096 tantum
1488 3052 1767 3097 nostrorum
1787 3086 1801 3109 ,
1829 3044 1918 3098 sed

334 3137 485 3190 etiam
506 3137 661 3189 totius
678 3135 851 3189 mundi
878 3134 918 3204 (I
945 3134 1099 3189 Joan.
1128 3135 1225 3199 n,i
1251 3144 1296 3188 et
1313 3135 1393 3204 2).
1421 3133 1584 3188 Totus
1605 3150 1730 3205 ergo
1759 3152 1914 3190 mun-

334 3227 435 3282 dus
446 3227 686 3282 Ecclesia
705 3236 803 3291 εει,
825 3235 879 3280 ει
907 3234 1050 3282 totus
1066 3226 1289 3280 mundus
1309 3226 1417 3281 odit
1438 3225 1748 3280 Ecclesiam.
1767 3226 1916 3281 Mun—

334 3316 433 3371 dus
459 3319 618 3387 igitur
642 3318 754 3371 udit
783 3316 1057 3381 mundum,
1088 3318 1331 3371 inimicus
1360 3317 1792 3385 reconciliatum,
1816 3316 1914 3374 da-

334 3418 545 3462 mnatus
573 3409 854 3474 Salvatum,
887 3409 1189 3477 inquinatus
1224 3407 1556 3462 mundatum.

407 3501 463 3556 5.
503 3500 608 3555 Sed
654 3502 753 3554 iste
791 3501 1020 3554 mundus
1046 3515 1207 3570 quem
1249 3501 1386 3554 Deus
1410 3498 1695 3557 ianristo
1724 3517 1915 3559 recon-

333 3592 480 3646 eiliat
522 3591 659 3657 sibi,
686 3602 741 3645 et
782 3593 870 3661 qui
912 3606 1005 3661 per
1044 3592 1311 3646 Christum
1349 3592 1599 3658 solvatur,
1628 3600 1682 3647 et
1709 3594 1792 3647 cui
1824 3610 1919 3663 per

334 3683 601 3739 Christum
631 3693 901 3752 peccatum
927 3698 1085 3737 omne
1111 3683 1356 3748 donatur,
1380 3682 1446 3737 de
1473 3682 1674 3738 mundo
1714 3684 1917 3739 electus

335 3784 416 3829 est
456 3775 692 3841 inimico,
738 3774 1022 3838 damnato,
1066 3774 1441 3827 contaminato.
1486 3773 1564 3831 Ex
1614 3788 1674 3827 ea
1722 3774 1916 3844 quippe

336 3882 509 3920 massa
547 3882 667 3936 qua:
714 3874 821 3920 tota
865 3866 917 3920 in
947 3865 1114 3919 Adam
1145 3864 1333 3934 periit,
1365 3864 1493 3917 linnt
1539 3877 1663 3918 vasa
1705 3865 1915 3919 miseri-

334 3958 552 4022 cordite,
578 3958 630 4012 in
658 3959 849 4027 quibus
869 3967 952 4011 est
970 3956 1195 4010 mundus
1224 3956 1492 4024 pertinens
1511 3955 1577 4009 ad
1604 3956 1915 4010 reconcilia-

336 4051 532 4105 tionem
554 4067 568 4103 :
590 4065 745 4120 quem
767 4048 925 4103 mund
935 4064 995 4103 us
1014 4048 1142 4113 odit,
1166 4064 1230 4103 ex
1251 4048 1435 4103 eadem
1454 4062 1624 4102 massa
1649 4049 1916 4118 pertinens

338 4142 402 4196 ad
429 4157 555 4195 vasa
579 4142 693 4206 iras,
718 4156 837 4210 qua:
864 4141 1098 4211 perfecta
1124 4148 1246 4193 sunt
1275 4139 1339 4193 ad
1364 4139 1707 4209 perditionem
1738 4139 1913 4210 (Rom.

339 4249 394 4286 ιι
414 4274 429 4298 ,
459 4233 678 4302 21ο25).
706 4232 944 4302 Denique
972 4247 1091 4286 cum
1120 4231 1372 4296 dixisset,
1401 4232 1462 4287 Si
1487 4232 1549 4285 de
1576 4234 1761 4286 mundo
1783 4249 1915 4287 esse-

347 4326 427 4390 tis,
460 4325 677 4377 numdus
702 4322 834 4393 quod
858 4339 1005 4376 suum
1033 4332 1138 4376 erat
1178 4320 1437 4391 diligeret;
1463 4323 1713 4378 continuo
1742 4324 1917 4393 subje-

340 4415 430 4481 cit,
457 4416 591 4480 Quia
612 4431 729 4468 vero
752 4414 813 4468 de
836 4416 1022 4467 mundo
1048 4430 1147 4467 non
1174 4415 1321 4476 estis,
1359 4414 1446 4467 sed
1478 4430 1567 4484 ego
1595 4415 1721 4485 elegi
1744 4432 1831 4469 vos
1854 4423 1917 4471 de

343 4506 527 4559 mundo
547 4546 566 4573 ,
598 4514 860 4575 propterea
898 4504 1004 4557 odit
1038 4519 1125 4556 vos
1162 4503 1394 4557 mundus.
1425 4503 1569 4574 Ergo
1592 4513 1645 4559 et
1669 4505 1769 4574 ipsi
1794 4506 1916 4561 inde

345 4606 513 4662 erant,
546 4595 687 4650 unde
709 4604 766 4649 ut
793 4610 898 4649 non
923 4604 1117 4658 essent,
1141 4594 1292 4649 electi
1318 4602 1441 4648 sunt
1468 4594 1609 4660 inde,
1633 4612 1736 4651 non
1759 4597 1917 4653 meri-

347 4686 407 4737 tis
432 4686 563 4749 suis,
595 4700 819 4754 quorum
846 4685 989 4738 nulla
1015 4685 1149 4738 bona
1182 4695 1563 4753 princesserant
1587 4701 1781 4755 opera;
1811 4703 1914 4743 non

348 4784 557 4841 natura,
588 4790 707 4844 qua:
732 4783 838 4829 tota
869 4775 1041 4828 fuerat
1063 4789 1159 4844 per
1180 4774 1401 4828 liberum
1430 4776 1704 4830 arbitrium
1732 4779 1781 4831 in
1805 4779 1914 4847 ipsa

347 4864 522 4919 radice
548 4866 729 4919 vitiata
753 4881 770 4917 :
795 4864 888 4919 sed
915 4867 1141 4934 gratuita
1161 4906 1176 4931 ,
1208 4865 1311 4919 hoc
1336 4874 1420 4919 est
1448 4881 1570 4920 vera
1598 4870 1784 4937 gratia.
1815 4870 1915 4937 Qui

344 4955 477 5008 enim
505 4954 577 5009 de
613 4954 808 5009 mundo
850 4955 1106 5009 mundum
1145 4956 1333 5025 elegit,
1364 4955 1488 5010 fecit
1513 4958 1651 5026 quod
1678 4958 1912 5027 eligeret,

344 5061 443 5099 non
474 5047 674 5100 invenit
697 5062 713 5099 :
734 5044 856 5115 quia
896 5047 1120 5115 reliquias
1148 5063 1238 5117 per
1270 5047 1558 5101 electionem
1598 5051 1777 5119 gratim
1813 5053 1917 5105 sal-

343 5153 413 5190 rte
452 5142 604 5208 factte
640 5144 776 5190 sunt.
823 5136 884 5190 Si
926 5147 1094 5189 autem
1130 5137 1314 5206 gratia,
1344 5137 1544 5207 inquit,
1563 5140 1677 5207 jam
1712 5157 1812 5192 non
1854 5159 1916 5195 ea:

344 5228 607 5294 aperibus;
646 5226 874 5298 alioquin
905 5226 1071 5297 gratia
1103 5227 1213 5296 iam
1252 5243 1354 5280 non
1402 5238 1477 5282 est
1526 5230 1690 5299 gratia
1738 5230 1908 5301 (Rom.

347 5334 418 5383 ιι,
445 5319 478 5374 5
503 5327 550 5372 et
572 5318 650 5389 6).

408 5411 463 5465 4.
504 5409 561 5465 Si
588 5418 767 5464 autem
793 5417 1066 5479 quaeratur
1087 5407 1357 5479 quomodo
1382 5424 1443 5464 se
1465 5409 1647 5480 diligat
1689 5412 1913 5468 mundus

346 5500 674 5569 perditionis,
695 5500 788 5571 qui
807 5499 920 5555 odit
947 5498 1203 5553 mundum
1222 5498 1635 5569 redemptionis;
1665 5502 1833 5573 diligit
1856 5518 1915 5558 se

348 5596 524 5663 utique
548 5592 679 5648 falsa
702 5592 1011 5659 dilectione,
1033 5606 1142 5647 non
1168 5605 1314 5647 vera.
1337 5591 1564 5649 Proinde
1590 5592 1722 5649 falso
1745 5609 1804 5650 se
1829 5594 1911 5650 di-

406 5706 424 5738 ι
445 5704 779 5756 Gcrmwnsis
800 5712 902 5765 Ms,
927 5707 1282 5767 perseveranter
1306 5702 1520 5753 tenendo.

1372 319 1595 377 CAPUT
1635 318 1749 373 XV.
1792 315 2200 376 TRACTATUS
2237 317 2567 376 LXXXVIII.
2600 342 2603 343 ν

3454 327 3589 382 1851

2029 410 2170 480 ligit,
2198 421 2251 466 et
2276 427 2397 467 vere
2420 413 2552 468 odit.
2583 412 2681 480 Qui
2706 413 2846 468 enim
2882 412 3051 485 diligit
3086 415 3449 486 iniquitatem,
3477 422 3591 475 odit

2025 502 2253 555 animam
2274 517 2419 556 suam
2455 502 2621 574 (Psal.
2655 518 2688 557 x
2714 544 2729 570 ,
2758 504 2835 574 6).
2865 504 2969 560 Sed
3023 505 3239 576 diligere
3278 522 3335 563 se
3375 509 3587 576 dicitur,

2024 592 2269 661 quoniam
2302 592 2629 664 iniquitatem
2659 610 2760 664 qua
2780 595 2989 666 iniquus
3016 606 3097 651 est
3116 596 3279 667 diligit
3301 614 3313 651 :
3338 610 3390 653 et
3409 615 3592 656 rursus

2024 686 2200 741 odisse
2229 702 2286 742 se
2310 687 2520 756 dicitur,
2551 689 2796 763 quoniam
2822 689 2961 763 quod
2990 690 3039 745 ei
3067 700 3252 757 nocet,
3278 691 3378 746 hoc
3400 692 3584 763 diligit.

2022 776 2144 834 Odit
2183 793 2309 848 ergo
2344 780 2394 834 in
2434 795 2492 835 se
2533 789 2809 848 naturam,
2839 780 3008 852 diligit
3036 782 3219 837 vitium
3253 800 3266 836 :
3303 784 3415 837 odit
3450 786 3587 854 quod

2022 868 2190 925 factus
2209 880 2289 926 est
2312 886 2406 940 per
2426 873 2518 926 Dei
2544 872 2853 940 bonitatem,
2872 874 3040 945 diligit
3066 876 3206 946 quod
3234 877 3287 930 in
3310 891 3373 931 eo
3396 875 3590 932 factum

2019 969 2102 1016 est
2132 976 2225 1030 per
2254 961 2469 1015 liberam
2494 962 2833 1019 voluntatem.
2863 963 3014 1019 Unde
3057 980 3155 1020 nos
3195 981 3406 1036 quoque
3435 967 3585 1021 illum

2019 1050 2238 1122 diligere
2273 1062 2327 1107 et
2365 1051 2726 1121 prohibemur,
2757 1055 2800 1107 si
2836 1062 2979 1109 recte
3015 1055 3381 1126 intelligimus,
3415 1066 3469 1111 et
3491 1057 3585 1127 ju-

2019 1140 2240 1196 bemur:
2266 1142 2611 1212 prohibemur
2634 1144 2852 1209 scilicet,
2882 1145 2974 1199 ubi
3002 1146 3154 1200 nobis
3178 1146 3392 1214 dicitur,
3416 1148 3591 1202 Nolite

2019 1230 2228 1302 diligere
2258 1233 2498 1285 mttndum
2531 1233 2571 1305 (I
2590 1233 2745 1287 Joan.
2770 1251 2825 1299 ιι,
2854 1235 2977 1305 15);
3014 1236 3261 1307 iubemur
3284 1238 3590 1305 autem,uhi

2018 1321 2169 1375 nobis
2208 1320 2416 1389 dicitur,
2458 1323 2664 1394 Diligite
2699 1325 2925 1378 inimicos
2963 1337 3149 1381 vestros
3178 1326 3325 1398 (Luc.
3350 1343 3438 1395 γι,
3470 1328 3584 1398 27).

2019 1411 2119 1478 Ipsi
2148 1420 2269 1465 sunt
2306 1413 2533 1467 mundus
2569 1415 2657 1483 qui
2701 1430 2798 1469 nos
2837 1415 2966 1470 odit.
3000 1416 3140 1487 Ergo
3165 1425 3220 1472 et
3248 1418 3588 1487 prohibemur

2016 1502 2234 1571 diligere
2264 1504 2315 1556 in
2346 1504 2435 1558 illo
2458 1504 2597 1573 quod
2622 1505 2731 1574 ipse
2759 1504 2929 1575 diligit
2954 1507 3005 1560 in
3031 1508 3238 1577 seipso;
3268 1517 3322 1563 et
3340 1509 3589 1578 iubemur

2017 1592 2231 1664 diligere
2273 1594 2323 1647 in
2366 1595 2455 1649 illo
2486 1595 2623 1664 quod
2670 1595 2783 1665 ipse
2810 1596 2919 1651 odit
2950 1598 2999 1651 in
3030 1600 3226 1667 seipso,
3263 1600 3352 1653 Dei
3379 1600 3584 1655 scilicet

2017 1684 2311 1752 opiﬁcium,
2352 1695 2406 1739 et
2446 1686 2685 1741 diversas
2727 1688 2973 1743 bonitatis
3018 1705 3129 1749 suae
3168 1690 3582 1749 consolationes.

2018 1774 2211 1830 Vitium
2237 1779 2430 1847 quippe
2460 1781 2511 1831 in
2550 1778 2640 1833 illo
2673 1778 2899 1850 diligere
2920 1781 3280 1849 prohibemur,
3307 1782 3587 1851 jubemur-

2017 1884 2120 1937 que
2146 1867 2361 1937 diligere
2394 1877 2635 1923 naturam
2658 1911 2673 1935 ,
2703 1886 2823 1924 cum
2865 1872 2976 1940 ipse
3002 1872 3053 1928 in
3084 1887 3141 1926 se
3178 1871 3359 1942 diligat
3380 1872 3584 1939 vitium,

2017 1958 2292 2026 aderitque
2321 1970 2560 2014 naturam
2593 1978 2605 2015 :
2630 1970 2689 2014 ut
2715 1976 2812 2015 nos
2834 1976 2956 2015 eum
2993 1969 3047 2016 et
3079 1961 3357 2031 diligamus
3379 1970 3433 2016 et
3454 1960 3587 2017 ode-

2017 2050 2184 2106 rimus
2205 2063 2367 2120 recte,
2391 2070 2511 2110 cum
2541 2072 2598 2112 se
2627 2058 2736 2127 ipse
2765 2058 2943 2128 diligat
2966 2058 3242 2129 oderitque
3268 2073 3537 2129 perverse.

2417 2185 2820 2243 TRACTATUS
2856 2187 3185 2243 LXXXVIII.

2020 2290 2097 2346 De
2126 2308 2183 2346 eo
2208 2295 2343 2363 quod
2366 2296 2437 2348 ait
2466 2295 2637 2361 Iesus,
2669 2298 2984 2354 Mementote
3012 2299 3271 2354 sermonis
3300 2300 3425 2367 mei,
3460 2308 3581 2365 etc.,

2087 2400 2240 2453 usque
2258 2386 2324 2438 ad
2350 2386 2420 2450 id,
2453 2386 2557 2441 Sed
2600 2388 2713 2443 lucc
2748 2390 2922 2442 omnia
2961 2390 3154 2444 facient
3192 2389 3341 2444 vobis
3369 2397 3587 2459 propter

2089 2487 2280 2528 nomen
2320 2490 2532 2542 meum,
2561 2477 2681 2545 quia
2720 2477 2962 2532 nesciunt
2999 2493 3119 2533 eum
3154 2476 3245 2548 qui
3293 2478 3438 2533 misit
3478 2491 3585 2532 me.

2088 2561 2214 2635 Cap.
2245 2581 2333 2630 xv,
2380 2568 2411 2637 ᾗ
2450 2568 2484 2637 ᾖ
2508 2606 2521 2621 .
2548 2568 2638 2633 20,
2669 2567 2760 2622 21.

2090 2674 2140 2731 1.
2173 2674 2467 2731 Exhortans
2507 2676 2760 2733 Dominus
2789 2692 2971 2733 servos
2997 2693 3122 2734 suos
3150 2677 3217 2733 ad
3246 2678 3429 2733 mundi
3469 2677 3590 2733 odia

2018 2763 2325 2832 perferenda
2365 2766 2665 2836 patienter,
2711 2768 2911 2820 nullum
2962 2768 3132 2837 majus
3177 2768 3256 2822 eis
3298 2774 3354 2822 et
3400 2767 3591 2823 melius

2017 2868 2174 2922 quam
2202 2853 2267 2908 de
2293 2856 2468 2923 seipso
2496 2857 2739 2924 proponit
2768 2857 3066 2927 exemplum
3100 2875 3113 2912 :
3145 2859 3415 2928 quoniam,
3445 2857 3585 2912 sicut

2017 2944 2144 3001 dicit
2167 2947 2436 3015 apostolus
2465 2947 2682 3013 Petrus,
2713 2947 2939 3003 Christus
2966 2967 3056 3020 pro
3091 2951 3232 3005 nobis
3268 2968 3449 3020 passus
3492 2959 3586 3017 est,

2018 3038 2298 3105 relinquens
2341 3036 2482 3091 nobis
2525 3039 2828 3109 exemplum,
2871 3048 2926 3094 ut
2966 3057 3229 3110 sequamur
3252 3041 3457 3112 vestigia
3482 3042 3589 3110 ejus

2020 3125 2076 3195 (l
2107 3124 2247 3180 Pctr.
2277 3142 2333 3192 ιι,
2358 3127 2472 3198 21).
2505 3128 2655 3199 Quod
2696 3131 2875 3200 utique
2912 3130 2955 3184 si
2995 3129 3253 3198 facimus,
3285 3132 3398 3202 ipso
3438 3132 3589 3201 adju-

2016 3226 2173 3274 vante
2200 3219 2441 3287 facimus,
2468 3221 2557 3291 qui
2586 3221 2746 3287 dixit,
2781 3222 2905 3276 Sine
2928 3239 3005 3277 me
3028 3224 3154 3276 nihil
3175 3224 3378 3293 potestis
3406 3226 3588 3294 facere.

2019 3309 2255 3380 Denique
2280 3311 2470 3385 quibus
2492 3311 2604 3380 jam
2635 3310 2871 3379 dixerat,
2901 3310 2963 3366 Si
2987 3313 3091 3366 adit
3115 3328 3199 3366 vos
3225 3312 3466 3378 mundus,
3495 3314 3593 3367 sci-

2018 3409 2118 3454 tote
2151 3402 2268 3471 quia
2306 3418 2383 3455 me
2410 3404 2625 3472 priorem
2648 3402 2785 3456 vobis
2810 3403 2924 3456 odio
2951 3403 3126 3456 habuit
3150 3419 3170 3458 :
3198 3412 3252 3458 et
3277 3419 3419 3459 nunc
3448 3404 3500 3458 in
3526 3419 3593 3459 eo

2021 3490 2158 3560 quod
2188 3490 2427 3557 audistis,
2456 3507 2574 3547 cum
2599 3493 2859 3562 legeretur
2878 3494 3238 3562 Evangelium,
3268 3492 3587 3558 Mementote,

2019 3581 2207 3651 inquit,
2239 3583 2480 3636 sermonis
2508 3583 2606 3635 mei
2625 3599 2769 3651 quem
2798 3599 2886 3653 ego
2912 3584 3021 3635 dixi
3046 3583 3203 3649 vobis,
3234 3582 3354 3637 Non
3380 3593 3452 3638 est
3483 3601 3593 3637 ser-

2017 3689 2107 3726 vus
2131 3671 2294 3742 major
2317 3671 2519 3725 domino
2538 3689 2628 3726 suo
2649 3688 2667 3726 :
2685 3674 2729 3726 si
2757 3690 2834 3726 me
2862 3674 3103 3742 persecuti
3131 3684 3273 3739 sunt,
3298 3683 3344 3727 et
3366 3691 3449 3727 vos
3478 3692 3594 3745 per—

2018 3772 2315 3832 sequentur;
2347 3763 2392 3816 Si
2418 3779 2691 3816 sermonem
2718 3779 2884 3817 meum
2909 3773 3254 3826 servaverunt,
3294 3772 3337 3815 et
3374 3776 3590 3816 vestrum

2017 3854 2296 3907 servabunt.
2336 3852 2567 3907 Dicenda
2605 3861 2812 3919 autem,
2838 3850 2959 3906 Non
2986 3862 3058 3906 est
3093 3868 3265 3905 servus
3300 3853 3466 3922 major
3500 3852 3591 3906 do-

2018 3944 2154 3997 mino
2194 3960 2315 4011 suo,
2361 3958 2537 3999 nonne
2573 3943 2848 3999 evidenter
2879 3943 3108 3999 ostendit
3148 3943 3589 4013 quemadmodum

2018 4033 2311 4102 intelligere
2338 4033 2626 4088 debeamus
2654 4032 2795 4103 quod
2817 4034 3064 4103 superius
3088 4033 3312 4099 dixerat,
3339 4033 3460 4087 .Iam
3488 4050 3590 4086 non

2018 4123 2130 4177 dico
2154 4138 2238 4177 vos
2258 4139 2420 4177 servos
2448 4121 2624 4193 (Joan.
2654 4138 2750 4189 xv,
2789 4124 2851 4188 5;
2889 4138 3019 4177 xvnt
3043 4165 3057 4188 ,
3086 4121 3217 4195 i5)?
3263 4123 3401 4178 Ecce
3445 4124 3588 4177 enim

2018 4229 2113 4270 eos
2152 4229 2334 4269 servos
2369 4214 2513 4268 dicit.
2544 4214 2675 4268 Nam
2710 4214 2836 4284 quid
2871 4223 2954 4269 est
2981 4213 3157 4281 aliud,
3181 4212 3303 4268 Non
3327 4223 3398 4267 est
3423 4229 3593 4267 servus

2019 4308 2183 4377 major
2215 4306 2417 4359 domino
2444 4321 2537 4359 suo
2567 4320 2586 4359 :
2611 4306 2657 4360 si
2684 4322 2763 4359 me
2785 4306 3031 4377 persecuti
3052 4312 3199 4369 sunt,
3228 4313 3275 4358 et
3300 4320 3386 4359 vos
3423 4322 3593 4375 perse-

2017 4399 2273 4465 quentur.’
2311 4397 2641 4453 Manifestum
2673 4407 2756 4454 est
2788 4399 2946 4469 igitur
2968 4398 3113 4451 illum
3144 4412 3355 4451 servum
3379 4396 3478 4467 (a),
3506 4396 3594 4466 qui

2019 4504 2122 4544 non
2148 4499 2326 4544 manet
2369 4491 2421 4544 in
2451 4490 2609 4544 domo
2644 4490 2697 4544 in
2727 4498 2984 4545 :cternum
3013 4488 3121 4561 (Id.
3151 4504 3265 4553 vm,
3294 4486 3407 4560 '55),
3446 4487 3592 4543 illum

2018 4580 2366 4648 pertinentem
2405 4578 2473 4632 ad
2510 4580 2752 4633 timorem
2794 4570 2951 4649 quem
2993 4579 3133 4633 foras
3161 4578 3393 4632 ebaritas
3434 4577 3596 4632 mittit

2020 4668 2256 4736 (IJoan.
2286 4683 2360 4731 tv,
2391 4668 2511 4737 18),
2536 4683 2655 4723 esse
2684 4668 3106 4738 intelligendum,
3139 4669 3227 4723 ubi
3257 4668 3453 4723 dictum
3487 4676 3588 4730 est,

2017 4759 2138 4812 Jam
2159 4776 2259 4813 non
2295 4760 2406 4813 dico
2436 4776 2520 4813 vos
2554 4774 2762 4813 servos:
2794 4759 2877 4813 hic
2907 4768 3084 4815 autem
3108 4759 3198 4814 ubi
3228 4758 3440 4820 dicitur,
3472 4755 3594 4811 Non

2019 4858 2089 4904 est
2127 4865 2297 4903 servus
2337 4851 2503 4918 major
2539 4850 2741 4903 domino
2771 4866 2860 4904 suo
2892 4866 2909 4904 :
2936 4851 2980 4904 si
3004 4867 3081 4904 me
3104 4850 3349 4921 persecuti
3375 4858 3511 4913 sunt,
3543 4857 3593 4902 et

2018 4956 2104 4993 vos
2130 4930 2503 5009 persequentur,
2527 4941 2670 4995 illum
2697 4940 2981 5011 signiﬁcari
3003 4955 3213 4995 servum
3241 4939 3592 5009 pertinentem

2019 5030 2084 5084 ad
2109 5032 2351 5085 timorem
2376 5040 2602 5097 castum,
2628 5032 2719 5100 qui
2750 5040 3025 5101 permanet
3051 5032 3101 5085 in
3134 5031 3384 5086 smculum
3413 5030 3595 5086 saeculi

2021 5120 2190 5193 (Psal.
2246 5138 2408 5186 xvm,
2447 5123 2513 5177 10
2536 5123 2574 5192 ).
2618 5123 2714 5177 llic
2762 5123 2902 5177 enim
2940 5136 3127 5177 servus
3163 5130 3244 5174 est
3277 5120 3553 5175 auditurus
3582 5162 3597 5185 ,

2018 5212 2182 5283 Euge,
2211 5229 2347 5267 serve
2372 5215 2515 5281 bone,
2544 5216 2678 5267 intra
2702 5214 2754 5267 in
2781 5214 3020 5284 gaudium
3052 5212 3253 5267 Domini
3279 5212 3354 5265 tui
3383 5210 3597 5283 (Matth.

2017 5319 2148 5365 xxv,
2176 5303 2293 5373 21).

2087 5393 2141 5448 2.
2172 5393 2277 5448 Sed
2303 5395 2428 5459 haec,
2452 5395 2623 5465 inquit
2641 5435 2657 5460 ,
2685 5396 2854 5448 omnia
2886 5395 3070 5465 facient
3098 5393 3233 5449 vobis
3260 5403 3461 5465 propter
3501 5411 3596 5448 no-

2018 5500 2132 5538 men
2156 5500 2341 5551 meum,
2364 5486 2480 5553 quia
2509 5486 2735 5539 nesciunt
2761 5503 2874 5539 eum
2904 5488 2989 5557 qui
3012 5486 3145 5541 misit
3166 5503 3260 5540 me.
3280 5489 3407 5554 Quae
3428 5487 3599 5541 omnia

2018 5577 2221 5647 facient,
2242 5576 2341 5645 nisi
2363 5591 2479 5647 quae
2502 5575 2654 5641 dixit,
2677 5577 2800 5631 odio
2820 5577 3088 5633 habebunt
3114 5578 3402 5648 scilicet,et
3423 5592 3598 5649 perse-

2085 5707 2158 5770 (a)
2184 5707 2288 5757 \‘id.
2315 5719 2476 5770 supra,
2505 5715 2659 5756 Tract.
2685 5707 2764 5767 83,
2790 5722 2836 5756 ιι.
2860 5707 2906 5757 '5.
