4102 6470
522 309 543 361 ξ
556 308 658 363 852)

518 429 776 489 quentur,
797 436 1205 496 sermonemque
1226 429 1604 482 coutemnent?
1634 426 1896 495 Quoniam
1922 430 1965 485 si
1988 446 2100 487 ser-

519 529 730 567 manem
760 531 865 569 non
884 528 1159 573 servarent
1184 535 1388 581 eorum,
1409 536 1507 574 nec
1524 530 1697 576 tamen
1730 523 2097 595 odissenteos,

517 618 690 672 neque
723 619 1201 676 persequerentur;
1234 611 1314 664 vel
1354 610 1557 664 etiamsi
1586 613 1824 669 odissent
1844 656 1861 682 ,
1889 632 1984 672 nec
2021 627 2101 672 ta-

515 709 633 747 men
665 711 1135 765 persequerentur:
1162 715 1265 753 non
1293 702 1465 755 omnia
1494 702 1747 758 facerent.
1776 706 1901 762 Haec
1919 718 2097 764 autem

511 786 683 837 omnia
729 786 913 854 facient
953 789 1086 843 vobis
1128 800 1330 860 propter
1375 808 1554 846 nomen
1599 811 1809 860 meum,
1852 798 1977 868 quid
2016 809 2098 853 est

525 874 667 927 aliud
690 876 886 943 dicere,
929 895 1108 948 quam,
1157 897 1240 936 tne
1273 884 1324 937 in
1357 885 1505 939 vobis
1538 888 1660 940 odio
1692 888 1980 956 habebunt,
2009 907 2094 947 me

511 963 564 1017 in
605 966 756 1020 vobis
802 982 1206 1038 persequentur,
1239 984 1291 1027 et
1333 989 1633 1033 sermonem
1674 989 1931 1046 vestrum,
1965 982 2089 1051 quia

509 1072 660 1112 meus
688 1068 789 1125 est,
828 1060 946 1115 ideo
973 1079 1077 1116 non
1106 1067 1440 1122 servabunt?
1469 1068 1596 1123 Haec
1632 1071 1770 1125 enim
1800 1074 2091 1143 omniafa-

506 1147 637 1199 cient
675 1150 808 1202 vobis
844 1162 1045 1220 propter
1084 1171 1262 1209 nomen
1292 1174 1453 1211 meum
1478 1176 1495 1212 :
1523 1176 1625 1215 nou
1656 1172 1906 1217 vestrum
1938 1207 1952 1232 ,
1995 1167 2089 1220 sed

412 1301 417 1306 _
508 1251 693 1290 meum.
725 1239 894 1294 Tanto
922 1244 1080 1311 igitur
1106 1246 1410 1305 miseriores
1435 1252 1524 1319 qui
1545 1263 1760 1321 propter
1778 1255 1874 1309 hoc
1894 1272 2086 1311 nomen

509 1327 606 1380 ista
629 1328 847 1394 faciunt,
883 1345 1080 1401 quanto
1109 1336 1370 1393 beatiores
1400 1342 1486 1409 qui
1515 1351 1737 1412 propter
1761 1344 1859 1398 hoc
1890 1362 2082 1401 nomen

502 1427 599 1470 tsta
633 1422 900 1487 patiuntur
929 1442 941 1475 ε
971 1426 1104 1479 sicut
1128 1428 1239 1496 ipse
1267 1431 1370 1483 alio
1397 1432 1512 1486 loco
1535 1431 1681 1500 dicit,
1707 1434 1855 1489 Beati
1873 1439 1959 1507 qui
1978 1457 2086 1507 prr-

499 1512 795 1566 secutionem
808 1516 1069 1586 patiuntur
1082 1531 1282 1592 propter
1290 1525 1538 1593 justitiam
1554 1525 1763 1595 (Matth.
1782 1545 1835 1595 v,
1854 1530 1960 1601 10).
1974 1532 2086 1587 Hoc

499 1611 582 1655 est
608 1604 748 1657 enim
780 1618 997 1676 propter
1024 1626 1127 1675 mc,
1157 1612 1237 1665 vel
1264 1623 1466 1683 propter
1493 1633 1670 1671 nomen
1699 1635 1862 1673 meum
1892 1637 1909 1674 :
1934 1623 2079 1691 quia,

497 1693 635 1747 sicut
662 1697 943 1765 Apostolus
971 1702 1147 1767 docet,
1172 1703 1358 1761 Factus
1375 1717 1446 1760 est
1468 1709 1606 1763 nobis
1626 1711 1872 1779 sapientia
1896 1730 1928 1765 α
1953 1713 2077 1780 Deo,

496 1791 545 1834 et
560 1785 778 1853 justitia,
804 1799 851 1841 ct
878 1793 1208 1861 sanctiﬁcatio
1232 1837 1245 1859 ,
1270 1805 1313 1849 ct
1343 1798 1649 1868 redemptio;
1677 1811 1729 1853 ut
1758 1804 2081 1873 quemadmo-

496 1874 620 1926 dum
657 1879 897 1946 scriptum
930 1892 1021 1946 est,
1069 1884 1166 1948 Qui
1195 1886 1460 1956 gloriatur,
1492 1890 1544 1943 in
1580 1890 1799 1945 Domino
1837 1884 2079 1964 glorietur

495 1964 539 2037 (I
556 1966 671 2021 Cor.
693 1985 729 2032 ι,
752 1970 820 2024 50
838 1982 882 2024 ει
909 1974 1016 2043 51).
1050 1975 1270 2031 Faciunt
1290 1980 1483 2050 quippe
1509 1982 1603 2035 ista
1623 1983 1745 2036 mali
1771 1985 1951 2051 malis;
1984 1987 2076 2043 sed

492 2073 597 2113 non
629 2070 843 2131 propter
862 2065 1125 2133 justitiam
1156 2086 1169 2121 :
1202 2080 1254 2124 et
1287 2070 1405 2126 ideo
1436 2073 1613 2129 miseri
1643 2077 1873 2147 utrique.
1903 2087 1957 2133 et
1985 2081 2074 2149 qui

494 2148 715 2217 faciunt,
749 2163 802 2207 et
835 2156 924 2224 qui
962 2159 1248 2226 patiuntur.
1280 2160 1503 2217 Faciunt
1528 2175 1581 2219 et
1608 2166 1731 2221 boni
1762 2168 1913 2222 malis
1943 2188 1956 2223 :
1986 2148 2072 2225 ubi

495 2241 593 2298 etsi
621 2242 815 2300 faciunt
842 2247 926 2302 isti
959 2260 1173 2320 propter
1192 2253 1475 2322 justitiam,
1501 2272 1606 2311 non
1639 2265 1815 2314 tamen
1848 2259 1920 2314 illi
1949 2276 2072 2331 pro-

500 2342 619 2401 pter
640 2336 901 2403 justitiam
934 2342 1222 2408 patiuntur.

556 2423 609 2477 5.
637 2424 741 2479 Sed
771 2426 900 2482 dicit
920 2430 1110 2501 aliquis
1141 2451 1154 2486 :
1187 2432 1240 2488 Si
1274 2435 1396 2503 mali
1433 2436 1647 2505 quando
1674 2451 2069 2511 persequuntur

483 2510 651 2566 bonos
683 2526 898 2585 propter
924 2534 1116 2574 nomen
1146 2521 1372 2590 Christi,
1410 2536 1627 2595 propter
1649 2510 1910 2597 justitiam
1939 2531 2065 2587 boni

480 2604 768 2672 patiuntur,
798 2608 1037 2679 profecto
1058 2626 1275 2685 propter
1297 2617 1558 2685 justitiam
1586 2620 1701 2677 haec
1727 2622 1805 2677 eis
1832 2625 1955 2679 mali
1977 2624 2061 2679 fa-

476 2694 652 2761 ciunt;
685 2698 825 2767 quod
862 2701 908 2755 si
946 2702 1018 2756 ita
1062 2713 1165 2770 est,
1196 2722 1326 2777 ergo
1368 2717 1422 2763 et
1466 2711 1678 2779 quando
1721 2713 1845 2769 boni
1890 2716 2063 2772 malos

475 2793 691 2854 propter
730 2786 990 2855 justitiam
1040 2806 1469 2865 persequuntur,
1519 2810 1737 2871 propter
1791 2805 2054 2873 justitiam

472 2872 631 2928 etiam
670 2876 794 2931 mali
822 2880 1112 2948 patiuntur.
1142 2883 1195 2939 Si
1218 2886 1361 2941 enim
1390 2900 1613 2958 possunt
1652 2894 1775 2949 mali
1795 2872 2056 2964 persecu-

474 2965 670 3021 tionem
703 2966 881 3027 l‘acere
924 2973 1076 3029 bonis
1108 2987 1321 3047 propter
1353 2996 1546 3036 nomen
1573 2982 1807 3052 Christi,
1831 3002 1927 3041 cur
1947 3003 2052 3045 non

469 3066 692 3123 possunt
714 3062 837 3115 mali
869 3067 1293 3133 persecutionem
1325 3072 1427 3140 pati
1455 3087 1484 3126 a
1520 3072 1675 3129 bonis
1708 3087 1927 3147 propter
1951 3095 2051 3133 no-

466 3162 587 3202 men
609 3148 836 3219 Christi;
861 3164 913 3210 et
936 3157 1060 3227 quid
1083 3168 1197 3225 est,
1222 3162 1321 3216 nisi
1348 3171 1565 3233 propter
1586 3165 1891 3235 justitiam?
1915 3169 2048 3226 Nam

464 3238 507 3291 si
538 3255 641 3294 non
690 3254 906 3315 propter
945 3250 1087 3317 quod
1120 3250 1240 3306 boni
1264 3253 1483 3321 faciunt,
1516 3265 1733 3327 propter
1774 3258 1878 3315 hoc
1920 3262 2046 3318 mali

464 3330 767 3398 patiuntur;
813 3335 933 3405 quia
977 3337 1174 3395 faciunt
1214 3340 1339 3398 boni
1382 3355 1601 3416 propter
1632 3348 1916 3417 justitiam,
1952 3367 2044 3421 pa-

464 3419 662 3476 tiuntur
684 3424 803 3479 mali
838 3438 1052 3506 propter
1082 3431 1392 3500 injustitiam
1419 3453 1432 3487 :
1467 3452 1568 3491 nec
1605 3439 1730 3493 mali
1761 3454 1889 3510 ergo
1921 3419 2044 3510 pro-

460 3517 577 3577 pter
605 3512 704 3567 hoc
732 3502 1153 3584 possuntfaccre
1178 3533 1394 3594 propter
1414 3526 1555 3595 quod
1584 3527 1707 3583 boni
1741 3530 2033 3598 patiuntur,

457 3602 575 3669 quia
601 3605 797 3661 faciunt
827 3610 949 3664 mali
982 3622 1198 3683 propter
1237 3615 1546 3686 injustitiam
1567 3660 1583 3685 ,
1616 3620 1890 3691 patiuntur
1913 3624 2037 3681 boni

456 3706 672 3763 pI‘OpICI'
703 3698 983 3765 justitiam.
1026 3705 1302 3770 Quomodo
1343 3724 1469 3779 ergo
1516 3712 1618 3766 erit
1653 3728 1860 3781 verum,
1912 3716 2037 3773 Iltec

453 3785 621 3837 omnia
650 3789 835 3857 facient
866 3793 999 3849 vobis
1024 3808 1228 3866 propter
1251 3815 1427 3857 nomen
1454 3819 1653 3879 meum;
1682 3820 1800 3860 cum
1833 3808 1905 3863 illi
1926 3825 2034 3866 non

451 3886 668 3945 propter
696 3894 885 3935 nomen
912 3883 1109 3941 Christi
1134 3887 1346 3957 iaciant,
1377 3891 1426 3945 id
1456 3904 1557 3959 ρει,
1589 3910 1693 3950 ηοη
1722 3908 1938 3968 propter
1954 3900 2033 3970 ju.

451 3965 668 4033 stitiam,
698 3970 788 4024 sed
820 3984 1033 4043 propter
1064 3978 1392 4049 iniquitatem
1424 3988 1611 4041 suam?
1646 3965 1768 4045 [hec
1807 3965 2030 4061 qumsiio

450 4052 521 4107 ita
563 4057 805 4127 solvitur,
851 4063 893 4116 si
938 4080 1002 4121 eo
1032 4070 1191 4125 modo
1233 4072 1587 4144 intelligamus
1633 4079 1830 4137 dictum
1855 4125 1869 4149 ,
1903 4084 2029 4140 Han:

448 4149 617 4201 omnia
644 4150 827 4219 facient
852 4158 986 4213 vobis
1031 4174 1235 4230 propter
1262 4182 1440 4233 nomen
1468 4186 1652 4237 meum,
1676 4184 1734 4229 ut
1757 4185 1924 4233 totum
1950 4195 2029 4235 re-

449 4236 650 4293 feratur
694 4243 761 4297 ad
800 4242 1017 4329 justos';
1048 4261 1296 4324 tanquam
1333 4256 1528 4313 dictutn
1558 4265 1661 4329 sit,
1694 4265 1818 4321 Htec
1846 4272 2021 4326 omnia

448 4329 720 4395 patiemini
751 4335 818 4389 ab
849 4337 925 4392 eis
970 4326 1184 4412 prOpter
1222 4362 1414 4402 nomen
1457 4365 1630 4406 meum
1658 4371 1671 4407 :
1715 4364 1769 4410 ut
1798 4356 1901 4414 hoc
1930 4361 2020 4429 sit,

445 4420 630 4483 facient
668 4425 822 4491 vobis,
864 4430 1004 4499 quod
1038 4444 1139 4497 est,
1188 4437 1457 4505 patiemini
1498 4441 1564 4496 ab
1604 4444 1701 4499 eis.
1747 4446 1802 4501 Si
1840 4457 2021 4505 autem

441 4523 646 4580 prapter
666 4532 843 4570 nomen
871 4536 1034 4575 meum
1079 4525 1155 4579 sic
1198 4527 1452 4597 accipitur
1472 4572 1491 4595 ,
1519 4540 1764 4603 tauquam
1794 4536 2017 4608 diceret,

442 4614 654 4674 propter
680 4624 871 4665 nomen
898 4629 1073 4671 meum
1097 4620 1238 4688 quod
1269 4621 1321 4674 in
1354 4622 1505 4680 vobis
1535 4625 1791 4694 oderunt;
1825 4631 1895 4684 ita
1927 4649 2022 4702 po-

439 4705 539 4750 test
561 4698 760 4769 accipi,
794 4714 845 4757 et
875 4717 1093 4775 propter
1114 4710 1373 4778 justitiam
1403 4730 1559 4784 quam
1604 4717 1654 4771 in
1696 4719 1847 4775 vobis
1889 4698 2018 4778 οδες

436 4789 591 4842 runt‘
624 4807 636 4843 :
670 4805 733 4846 ac
761 4809 856 4863 per
880 4794 983 4853 hoc
1019 4798 1142 4854 boni
1181 4816 1302 4857 cum
1346 4809 1771 4875 persecutionem
1820 4811 2017 4870 faciunt

433 4882 606 4947 malis,
642 4896 865 4953 possunt
902 4900 1045 4947 recte
1069 4893 1172 4948 dici
1199 4904 1251 4949 et
1278 4908 1498 4966 propter
1516 4900 1777 4969 justitiam
1814 4903 2011 4973 facere,

430 4987 589 5039 quam
620 4973 886 5046 diligendo
917 4994 1306 5052 persequuntur
1335 4989 1537 5055 malos;
1570 5000 1625 5046 et
1652 5004 1869 5063 propter
1908 4997 2011 5052 ini-

429 5062 708 5131 quitatem,
753 5084 910 5138 quam
960 5071 1189 5129 oderunt
1233 5076 1283 5130 in
1326 5079 1453 5147 ipsis
1484 5083 1674 5138 malis:
1704 5062 1773 5140 ita
1802 5103 1929 5157 ergo
1957 5099 2013 5145 et

361 5194 377 5208 .
431 5149 530 5218 ipsi
560 5156 683 5210 mali
707 5169 927 5227 possunt
947 5162 1048 5219 dici
1075 5167 1203 5235 pati,
1232 5177 1288 5222 et
1307 5180 1522 5239 propter
1543 5149 2009 5250 iniquitatemvmue

430 5243 478 5295 in
510 5245 612 5301 illis
643 5251 877 5319 punitur,
907 5264 961 5310 et
1008 5264 1222 5329 propter
1261 5261 1521 5331 justitiam
1560 5243 1680 5337 quin
1721 5270 1774 5326 in
1818 5243 2006 5331 eorum

431 5348 584 5401 poma
612 5348 909 5399 exercetur.

494 5426 547 5480 4.
590 5427 718 5483 Item
749 5435 913 5502 quaeri
938 5446 1129 5507 potest,
1158 5441 1202 5496 si
1234 5444 1392 5499 etiam
1421 5448 1544 5503 mali
1588 5448 1785 5509 faciunt
1825 5470 2005 5525 perse-

424 5518 690 5574 cutionem
735 5526 924 5593 malis;
963 5530 1099 5585 sicut
1143 5532 1289 5604 impii
1331 5552 1484 5607 reges
1528 5549 1581 5595 et
1614 5541 1843 5612 judices,
1879 5561 1999 5601 cum

486 5651 898 5745 "plerique
930 5667 1265 5745 carentdtisqe
1298 5672 1463 5745 verbis
1488 5688 1503 5745 :7
1532 5681 1602 5725 Ita
1636 5684 1784 5741 potest
1820 5681 1996 5745 accipi,

417 5717 464 5761 et
478 5720 671 5775 propter
682 5717 923 5778 justitiam
936 5738 1081 5791 quam
1094 5727 1143 5778 in
1164 5730 1286 5783 wbis
1302 5717 1521 5786 oderant.

1473 313 1541 368 IN
1575 313 1853 370 JOANNIS
1892 315 2362 388 EVANGELlUM,
2395 323 2450 376 S.
2492 324 2863 384 AUGUSTINI

3662 347 3806 408 1836

2209 446 2390 491 essent
2420 450 2788 508 persecutores
2819 446 3022 515 piorum
3041 491 3057 518 ,
3082 451 3265 524 utique
3296 462 3351 511 et
3384 456 3711 531 homicidas,
3738 483 3798 522 et

2207 526 2496 597 adulteros,
2527 542 2581 587 et
2601 550 2965 607 quoscumque
2993 543 3290 614 maleﬁcos,
3321 566 3456 618 quos
3490 566 3675 611 contra
3712 559 3794 616 le-

2204 633 2297 691 ges
2344 622 2579 689 publicas
2620 625 2809 684 fecisse
2848 646 3266 705 cognoscerent,
3300 643 3621 712 puniebant;
3653 667 3789 718 quo-

2204 711 2365 767 modo
2413 713 2817 787 intelligendum
2857 733 2939 777 est
2982 728 3123 795 quod
3165 731 3241 786 ait
3286 711 3684 811 Dominus,
3732 750 3799 796 de

2201 806 2388 861 mundo
2418 813 2606 875 essetis,
2634 815 2853 870 mundus
2872 821 3008 886 quod
3033 838 3181 874 suum
3210 837 3313 878 erat
3340 828 3570 898 diligeret
3627 834 3787 889 Jotm.

2200 911 2288 961 xv,
2312 897 2423 970 l9).
2453 900 2632 971 Neque
2653 906 2793 959 enim
2822 924 2955 977 quos
2979 914 3127 979 punit
3152 914 3321 986 diligit
3346 897 3647 987 mundusia
3680 943 3791 999 quo

2200 987 2444 1043 videmus
2472 1006 2630 1061 supra
2661 995 2801 1051 dicta
2831 1001 3092 1057 scelerum
3117 1020 3312 1075 genera
3344 1011 3652 1086 plerumque
3681 1033 3787 1088 pu»

2197 1080 2297 1132 niri
2328 1098 2341 1133 :
2372 1083 2473 1136 nisi
2503 1086 2625 1154 quia
2656 1090 2883 1145 mundus
2909 1104 2990 1149 est
3024 1097 3076 1150 in
3104 1099 3183 1154 eis
3216 1116 3246 1155 a
3282 1106 3474 1173 quibus
3515 1109 3635 1164 talia
3665 1127 3784 1168 see--

2194 1168 2304 1224 lera
2345 1175 2653 1241 puniuntur,
2685 1190 2739 1235 et
2779 1185 3009 1241 mundus
3044 1199 3128 1244 est
3157 1191 3210 1245 in
3242 1194 3321 1249 eis
3351 1211 3382 1249 a
3418 1200 3613 1268 quibus
3653 1204 3779 1259 talia

2193 1261 2396 1316 scelera
2420 1264 2728 1335 diliguntur.
2757 1273 2982 1331 Mundus
3008 1280 3185 1350 itaque
3220 1284 3307 1341 ille
3339 1261 3777 1364 qui-intelligitur

2193 1349 2245 1403 in
2273 1355 2426 1407 malis
2454 1367 2613 1426 atque
2643 1362 2839 1432 impiis,
2881 1376 2935 1421 et
2969 1371 3081 1425 odit
3101 1349 3254 1442 quod
3285 1392 3438 1434 suum
3468 1393 3584 1449 est,
3613 1349 3678 1441 eux
3711 1404 3777 1444 ea

2190 1453 2339 1511 parte
2368 1446 2638 1508 hominum
2668 1472 2768 1525 qua
2806 1461 3079 1518 sceleratis
3116 1477 3305 1533 nocet;
3333 1481 3388 1527 et
3423 1446 3593 1543 diligit
3630 1481 3775 1549 quod

2190 1550 2343 1592 suum
2385 1551 2485 1609 est,
2528 1559 2595 1600 ex
2638 1562 2699 1602 ea
2750 1560 2898 1618 parte
2931 1554 3204 1614 hominum
3245 1578 3347 1632 qua
3395 1567 3595 1623 eisdem
3645 1572 3775 1641 ipsis

2186 1629 2563 1688 consceleratis
2579 1635 2733 1692 favet.
2757 1640 2917 1710 Ergo,
2940 1643 3062 1699 Han:
3087 1629 3469 1721 omnia-facient
3490 1657 3625 1713 vobis
3646 1629 3761 1729 pro-

2186 1724 2294 1782 pter
2321 1735 2500 1776 nomen
2539 1742 2724 1795 meum,
2760 1732 2841 1785 vel
2889 1735 2961 1788 ita
2989 1736 3189 1794 dictum
3229 1753 3342 1808 est,
3376 1758 3595 1817 pr0pter
3622 1724 3767 1822 quod

2184 1819 2281 1859 vos
2311 1810 2581 1879 patimini;
2615 1818 2695 1872 vel
2724 1819 2819 1884 ita,
2865 1834 3081 1894 propter
3120 1831 3261 1898 quod
3300 1843 3354 1888 et
3378 1810 3490 1905 ipsi
3519 1810 3725 1898 facitint
3753 1862 3766 1897 :

2181 1896 2302 1964 quia
2330 1908 2382 1954 et
2408 1899 2507 1956 hoc
2550 1905 2602 1959 in
2633 1908 2945 1967 vobisdum
2972 1896 3384 1991 persequuntur,
3400 1896 3664 1986 'oderont.
3697 1932 3767 1988 Et

2178 1988 2381 2046 addidit
2415 2012 2428 2049 :
2463 1996 2595 2063 Quia
2625 2004 2850 2059 nesciunt
2874 2024 2988 2062 eum
3025 2013 3114 2079 qui
3139 2016 3272 2069 misit
3297 2035 3393 2073 me.
3424 2022 3543 2078 lloc
3574 2040 3770 2084 secun-

2179 2077 2303 2134 dum
2335 2097 2457 2143 eam
2486 2089 2760 2147 scientiam
2788 2095 2987 2154 dictum
3009 2077 3410 2176 intelligendum
3436 2121 3539 2181 est,
3569 2116 3641 2172 de
3658 2134 3765 2189 qua

2176 2172 2371 2228 etalihi
2397 2178 2649 2247 scriptum
2677 2194 2793 2248 est,
2828 2187 2973 2244 Scire
3004 2202 3170 2248 autem
3184 2172 3274 2264 vte,
3304 2217 3479 2258 sensus
3518 2217 3593 2260 est
3635 2172 3762 2265 cgn-

2173 2276 2452 2322 summatus
2478 2269 2634 2342 (Sep.
2653 2277 2853 2350 v1,.l6).
2878 2281 2986 2337 llac
3011 2286 3206 2356 quippe
3219 2292 3439 2348 scientia
3462 2299 3552 2367 qui
3580 2302 3760 2360 sciunt

2170 2353 2381 2414 Patrem
2407 2377 2438 2417 a
2469 2381 2573 2434 quo
2602 2369 2794 2427 missus
2819 2385 2900 2429 est
2927 2375 3170 2436 Christus
3191 2423 3206 2447 ,
3240 2386 3390 2442 nullo
3426 2392 3589 2448 modo
3630 2410 3757 2465 per—

2169 2462 2465 2519 sequuntur
2521 2473 2613 2514 eos
2663 2477 2797 2530 quos
2835 2468 3034 2538 colligit
3071 2470 3344 2544 Christus;
3393 2482 3513 2549 quia
3552 2462 3756 2557 etipss

2166 2554 2287 2596 cum
2316 2544 2403 2599 eis.
2417 2547 2735 2619 colliguntur
2750 2569 2778 2606 a
2800 2554 3034 2614 Christo.

2586 2658 2996 2723 TRACTATUS
3033 2669 3320 2730 LXXXIX.

2160 2760 2241 2817 De
2263 2780 2321 2818 eo
2340 2768 2479 2833 quod
2498 2770 2625 2825 dicit
2645 2772 2911 2845 Dominus,
2934 2779 2987 2836 Si
3016 2799 3120 2839 non
3157 2788 3445 2859 venissem,
3497 2803 3551 2850 et
3592 2799 3750 2857 Iocu-

2231 2862 2317 2910 tus
2341 2856 2418 2912 eis
2448 2858 2698 2929 luissem;
2732 2883 2887 2937 usque
2911 2872 2979 2925 ad
3008 2872 3092 2937 id,
3124 2875 3224 2942 Qui
3257 2895 3344 2935 me
3382 2856 3492 2938 odit
3512 2926 3527 2949 ,
3559 2895 3614 2943 et
3642 2889 3745 2944 Pa-

2228 2952 2362 3001 trem
2394 2964 2569 3006 meum
2598 2954 2730 3010 odit.
2768 2957 2889 3030 Cap.
2928 2978 3017 3029 xv,
3062 2966 3093 3035 ᾗ
3131 2968 3204 3036 ᾗ.
3230 2968 3321 3037 22,
3352 2973 3441 3029 23.

2225 3080 2275 3135 1.
2317 3081 2572 3153 Superius
2599 3088 2806 3147 dixerat
2830 3094 3088 3155 Dominus
3124 3101 3191 3155 ad
3230 3103 3524 3175 discipulos
3561 3125 3691 3167 suos
3725 3131 3741 3166 :

2150 3170 2213 3226 Si
2242 3190 2321 3229 me
2348 3181 2597 3245 persecuti
2621 3195 2775 3250 sunt,
2791 3195 2837 3239 et
2865 3204 2952 3242 vos
2984 3204 3377 3263 persequentur;
3394 3216 3437 3253 ss
3460 3217 3749 3259 sermonem

2146 3282 2311 3321 meum
2334 3284 2672 3340 servaverunt,
2700 3287 2747 3331 et
2775 3290 2987 3336 vestrum
3011 3286 3276 3342 servabunt
3298 3304 3317 3343 :
3336 3292 3425 3345 sed
3444 3294 3552 3347 lucc
3564 3312 3742 3350 omnia

2145 3358 2331 3426 facient
2370 3362 2505 3417 vobis
2543 3377 2745 3437 propter
2772 3387 2953 3427 nomen
2999 3390 3185 3442 meum,
3214 3380 3333 3449 quia
3360 3384 3586 3438 nesciunt
3619 3403 3745 3441 eum

2141 3450 2229 3518 qui
2256 3451 2390 3506 misit
2416 3471 2513 3508 me.
2546 3457 2625 3512 De
2652 3460 2845 3529 quibus
2871 3472 3048 3521 antem
3086 3468 3189 3524 hoc
3226 3471 3422 3528 dixerit
3449 3476 3493 3530 si
3524 3494 3736 3545 quaera-

2140 3559 2280 3611 mus,
2315 3547 2612 3605 invenimus
2658 3567 2785 3609 eum
2824 3556 2893 3611 ad
2935 3557 3049 3612 haec
3097 3562 3259 3617 verba
3303 3566 3514 3622 venisse
3554 3570 3624 3624 ab
3663 3586 3745 3627 eo

2138 3636 2280 3704 quod
2307 3636 2532 3703 dixerat,
2563 3641 2625 3696 Si
2644 3645 2861 3699 mumtus
2883 3661 2968 3702 vos
2988 3649 3111 3713 odit,
3144 3653 3318 3708 scitote
3336 3656 3456 3726 quia
3483 3674 3564 3712 me
3590 3662 3733 3728 prio-

2137 3742 2245 3781 rem
2273 3730 2408 3784 vobis
2428 3732 2544 3785 odio
2572 3733 2742 3789 habuit
2769 3752 2789 3790 :
2819 3754 2958 3793 nunc
2982 3756 3109 3795 vero
3124 3743 3266 3811 quod
3294 3746 3519 3814 addidit,
3550 3750 3731 3807 Sinon

2136 3819 2396 3889 venissem,
2423 3832 2469 3877 et
2496 3823 2690 3881 locutus
2706 3828 2777 3882 eis
2801 3829 3030 3898 fuissem,
3057 3844 3316 3902 peccatum
3336 3854 3437 3892 non
3457 3840 3724 3909 haberent,

2134 3907 2349 3968 Judazos
2385 3915 2619 3971 ostendit
2643 3921 2966 3987 expressius.
2998 3923 3077 3978 De
3106 3924 3190 3980 bis
3219 3941 3347 3998 ergo
3372 3936 3427 3984 et
3454 3928 3541 3985 illa
3571 3907 3725 3988 dice;

2132 3998 2255 4068 bat;
2300 4019 2422 4058 nam
2468 4004 2569 4061 hoc
2616 4007 2814 4064 indicat
2847 4012 3130 4069 verborum
3164 4015 3278 4085 ipsa
3307 4021 3598 4076 contextio.
3644 4022 3735 4081 De

2132 4091 2215 4147 his
2238 4094 2379 4148 enim
2406 4096 2555 4161 dicit,
2585 4099 2645 4153 Si
2672 4116 2773 4154 non
2796 4103 3060 4172 venissem,
3093 4116 3139 4160 et
3162 4108 3357 4165 locutus
3390 4112 3461 4165 eis
3486 4115 3718 4183 fuissem,

2130 4196 2386 4256 peccatum
2414 4205 2515 4244 non
2542 4190 2797 4261 baberent,
2826 4194 2894 4249 de
2921 4198 3113 4266 quibus
3137 4199 3369 4267 dicebat,
3401 4203 3463 4258 Si
3491 4220 3569 4258 me
3597 4223 3722 4275 per-

2126 4278 2284 4331 secuti
2302 4289 2436 4345 sunt,
2460 4288 2508 4335 et
2533 4298 2619 4336 vos
2648 4298 3039 4355 persequentur;
3061 4290 3103 4343 si
3118 4307 3395 4346 sermonem
3421 4310 3583 4349 nteant
3604 4313 3719 4351 ser-

2126 4378 2391 4437 vaverunt,
2414 4380 2460 4423 et
2487 4381 2700 4427 vestrum
2728 4377 2993 4431 servabunt
3026 4395 3043 4433 :
3067 4381 3157 4435 sed
3189 4382 3298 4435 haec
3333 4385 3503 4438 munia
3526 4387 3717 4455 facient

2124 4460 2260 4516 vobis
2287 4474 2492 4533 promer
2512 4481 2690 4520 nomen
2719 4485 2907 4535 meum,
2940 4472 3059 4541 quia
3083 4475 3310 4528 nesciunt
3334 4492 3447 4530 eum
3465 4478 3552 4548 qui
3578 4480 3719 4533 misit

2124 4568 2203 4605 me
2222 4568 2241 4609 .'
2263 4553 2346 4609 his
2373 4555 2514 4610 enim
2535 4557 2712 4612 verbis
2734 4568 2789 4614 et
2809 4560 2907 4615 ista
2932 4562 3224 4634 subjungit,
3248 4565 3309 4620 Si
3325 4584 3425 4621 non
3442 4569 3714 4636 venissem,

2122 4655 2169 4696 et
2195 4643 2389 4699 locutus
2431 4648 2501 4700 eis
2540 4649 2769 4719 fuissent,
2811 4664 3067 4721 peccatum
3109 4672 3212 4709 non
3246 4657 3501 4714 haberent.
3537 4660 3715 4716 Juda-i

2121 4750 2249 4805 ergo
2267 4740 2672 4805 persecutisunt
2699 4740 2993 4809 Christum,
3020 4748 3162 4817 quod
3189 4750 3589 4808 evidentisstme
3618 4753 3707 4807 in-

2119 4825 2261 4881 dicat
2288 4828 2665 4902 Evangelium;
2694 4834 2893 4891 Judteis
2920 4839 3128 4895 locutus
3154 4849 3240 4895 est
3282 4841 3529 4898 Christus
3547 4885 3564 4910 ,
3596 4860 3706 4900 non

2118 4917 2235 4973 aliis
2258 4920 2504 4989 gentibus
2546 4941 2561 4978 :
2600 4925 2653 4979 in
2684 4926 2762 4981 eis
2793 4943 2921 4998 ergo
2959 4930 3127 4984 voluit
3162 4932 3381 5003 intelligi
3423 4936 3704 4997 mundum,

2117 5010 2206 5076 qui
2227 5010 2338 5065 odit
2363 5011 2632 5068 Christum
2656 5025 2712 5070 et
2738 5016 3027 5087 discipulos
3053 5021 3197 5090 ejus;
3226 5024 3333 5080 imo
3362 5040 3488 5081 vero
3513 5040 3620 5080 non
3650 5028 3707 5081 in

2116 5098 2194 5151 eis
2218 5100 2366 5167 solis,
2393 5102 2486 5156 sed
2516 5102 2614 5159 hos
2639 5122 2851 5177 quoque
2871 5109 2939 5164 ad
2974 5111 3219 5168 eumdem
3250 5114 3503 5171 mundum
3532 5118 3707 5185 μοι’ῑί-

2114 5204 2244 5244 nere
2282 5195 2615 5249 monstravit.
2643 5197 2780 5263 Quid
2808 5209 2891 5255 est
2914 5217 3061 5272 ergo,
3103 5205 3165 5259 Si
3207 5221 3309 5259 non
3344 5208 3587 5262 venissem
3611 5249 3627 5275 ,
3653 5221 3703 5265 et

2113 5278 2309 5335 locutus
2337 5283 2408 5336 eis
2441 5286 2666 5355 fuissem,
2689 5300 2950 5357 peccatum
2987 5309 3089 5347 non
3131 5294 3365 5350 haberent
3383 5297 3409 5350 1’
3431 5297 3704 5371 Numquid

2111 5369 2229 5427 sine
2256 5382 2474 5440 peccato
2501 5385 2655 5431 erant
2688 5378 2878 5442 Judati,
2904 5393 3186 5453 antequam
3227 5385 3474 5443 Christus
3511 5390 3577 5444 ad
3590 5369 3701 5447 eos

2111 5459 2163 5515 in
2188 5477 2350 5519 carne
2389 5468 2659 5524 venisset?
2684 5472 2815 5537 Quis
2840 5472 2943 5530 hoc
2971 5476 3053 5531 vel
3083 5479 3427 5536 stultissimus
3464 5481 3701 5537 dixerit?

2109 5554 2216 5611 Sed
2243 5572 2492 5627 magnum
2529 5562 2794 5632 quoddam
2824 5578 3119 5636 pecudum,
3164 5587 3267 5626 non
3308 5588 3470 5630 omne
3500 5588 3694 5642 pecca-

2108 5654 2241 5713 tum,
2272 5651 2423 5719 quasi
2447 5654 2547 5709 sub
2565 5657 2798 5724 generali
2825 5660 3040 5717 nomine
3064 5663 3175 5718 vult
3199 5664 3445 5735 intelligi.
3470 5665 3582 5720 Hoc
3606 5676 3694 5720 est

2109 5740 2253 5795 enim
2278 5755 2551 5814 peccatum
2589 5761 2695 5819 quo
2738 5759 2983 5808 tenentur
3023 5769 3209 5813 cuneta
3252 5766 3501 5828 peccata,
3550 5756 3692 5829 quod
