4102 6476
319 327 441 384 liii}?

314 439 674 511 unusquisque
697 434 743 490 si
770 447 875 489 non
904 423 1462 493 haheat,dimittuntur
1480 420 1528 474 ei
1550 427 1736 473 cuncta
1763 429 1880 483 pec-

315 543 425 591 cata
456 504 485 586 τ’
506 504 607 585 hoc
644 534 726 582 est
762 532 954 586 autem,
984 518 1107 589 quia
1147 532 1251 570 non
1280 511 1615 569 crediderunt
1656 508 1706 561 iu
1736 504 1884 559 ειη-ί..

314 641 451 683 stum
472 666 487 689 ,
515 621 605 692 qui
645 626 922 689 propterea
952 612 1096 666 venit
1124 618 1180 661 ut
1219 605 1465 662 credatur
1510 604 1559 663 in
1606 614 1747 654 cum.
1778 596 1889 651 lloc

314 687 611 786 peccatum,
644 687 688 764 si
719 724 822 761 non
846 705 1098 766 venisset,
1130 715 1235 753 non
1264 697 1443 764 utique
1474 693 1751 747 haberent.
1784 687 1889 741 Ad-

315 778 507 862 ventus
548 802 745 872 quippe
782 797 898 864 ejus
937 800 1190 862 quantum
1239 784 1577 840 credentibus
1619 778 1888 840 salutaris,

318 908 522 953 tantum
570 908 675 948 non
714 886 1053 944 credentibus
1089 879 1370 935 exitiabilis
1413 875 1580 929 factus
1621 878 1743 926 est:
1779 878 1892 922 tan-

315 1005 472 1061 q-iam
500 995 550 1041 et
579 986 689 1054 ipse
712 989 870 1048 caput
898 985 951 1031 et
972 975 1215 1044 princeps
1238 967 1632 1038 ApOstolorum,
1666 959 1802 1030 quod
1826 959 1894 1013 de

315 1052 374 1137 se
423 1078 522 1149 ipsi
570 1052 838 1135 dixerunt,
889 1065 1145 1123 exstiterit
1191 1057 1490 1131 quibusdam
1529 1054 1727 1123 quidem
1770 1052 1896 1103 odor

314 1173 430 1225 uita:
446 1147 505 1223 in
534 1168 707 1226 vitam,
733 1159 1029 1233 quibusdam
1066 1170 1180 1209 vero
1220 1150 1345 1206 odor
1381 1148 1556 1202 mortis
1595 1147 1649 1199 in
1687 1153 1896 1198 mortem

319 1264 390 1335 (ιι
420 1261 537 1318 Cor.
566 1275 623 1321 ιι,
647 1254 759 1327 ιδ).

388 1356 446 1408 2.
470 1350 575 1407 Sed
599 1346 740 1418 quod
764 1341 1003 1413 adjunxit
1021 1380 1037 1406 ,
1063 1346 1220 1407 atque
1242 1334 1315 1389 ait
1333 1373 1348 1397 ,
1384 1330 1437 1386 Ν
1440 1347 1535 1385 unc
1560 1337 1723 1383 autem
1743 1341 1897 1418 eaten-

316 1445 564 1500 sationem
601 1414 701 1493 nmt
741 1435 922 1490 habent
964 1431 1027 1485 de
1070 1438 1271 1497 peccato
1308 1440 1432 1488 suo,
1478 1430 1650 1491 potest
1688 1414 1900 1473 movere

318 1540 643 1605 querentes,
670 1537 851 1583 utrum
883 1522 934 1577 hi
967 1521 1033 1575 ad
1057 1533 1191 1590 quos
1218 1532 1320 1571 non
1348 1513 1491 1569 venit
1513 1512 1776 1573 Christus,
1804 1520 1903 1562 nec

318 1600 536 1679 loculus
580 1627 664 1675 est
711 1631 818 1679 eis,
862 1612 1091 1667 habeant
1127 1604 1526 1663 excusationem
1568 1600 1637 1656 de
1683 1607 1903 1671 peccato

320 1727 441 1769 suo.
465 1710 521 1767 Si
548 1708 692 1766 enim
722 1720 827 1761 non
858 1703 1075 1764 habent,
1099 1714 1194 1753 cur
1222 1696 1309 1751 hic
1332 1695 1530 1748 dictum
1552 1698 1635 1746 est
1666 1697 1904 1759 propter-

321 1822 389 1861 ea
436 1805 568 1859 istos
596 1815 701 1857 non
721 1798 917 1853 habere
937 1836 951 1861 ,
982 1793 1105 1864 quia
1132 1787 1275 1844 venit
1302 1796 1355 1842 et
1379 1786 1588 1840 locutus
1606 1790 1689 1837 est
1708 1779 1823 1835 eis?
1847 1778 1903 1834 Si

322 1909 502 1955 autem
528 1894 760 1957 habent,
784 1901 962 1946 utrum
982 1885 1048 1940 ad
1077 1884 1177 1938 hoc
1201 1881 1431 1936 habeant
1456 1885 1567 1931 uta
1595 1873 1763 1945 poenis
1782 1872 1905 1926 alie-

322 1998 539 2054 nentur,
568 2002 636 2041 an
658 1993 718 2040 ut
744 1982 923 2037 mitius
948 1972 1271 2049 puniantur?
1298 1970 1377 2026 Ad
1404 1970 1518 2023 hinc
1537 1966 1784 2037 inquisita
1811 1977 1907 2033 pro

323 2097 448 2138 meo
469 2089 626 2149 captu
645 2120 661 2145 ,
693 2074 916 2131 Domino
952 2071 1183 2126 donante
1205 2108 1221 2132 ,
1254 2061 1586 2133 respondeo,
1619 2059 1812 2113 habere
1842 2056 1907 2110 il-

325 2174 413 2228 los
438 2169 871 2231 excusationem,
893 2178 999 2217 non
1038 2160 1104 2214 de
1142 2156 1288 2212 omni
1320 2162 1536 2223 peccato
1558 2165 1658 2205 suo
1678 2190 1691 2213 ,
1720 2146 1814 2201 sed
1841 2145 1909 2201 de

326 2266 432 2322 hoc
461 2270 680 2335 peccato
714 2273 822 2331 quo
863 2256 917 2311 in
956 2252 1224 2309 Christum
1270 2262 1376 2302 non
1418 2242 1795 2307 crediderunt,
1842 2237 1911 2292 ad

327 2331 480 2427 quos
506 2369 614 2409 non
657 2350 829 2416 venit,
857 2356 912 2403 et
937 2344 1131 2416 quibus
1157 2357 1262 2396 non
1287 2347 1370 2395 est
1398 2337 1625 2391 locutus.
1669 2331 1777 2389 Sed
1806 2345 1910 2387 non

330 2424 385 2502 in
409 2463 476 2502 eo
500 2452 624 2501 sunt
648 2454 875 2498 numero
904 2438 957 2492 hi
998 2435 1064 2491 ad
1092 2448 1228 2505 quos
1257 2431 1312 2486 in
1344 2427 1620 2499 discipulis
1646 2424 1829 2490 venit,
1860 2431 1915 2479 et

330 2538 527 2608 quibus
548 2550 643 2606 per
662 2530 948 2601 discipulos
974 2535 1059 2583 est
1085 2527 1322 2588 locutus,
1352 2518 1495 2591 quod
1514 2529 1568 2573 et
1587 2531 1727 2572 nunc
1752 2514 1876 2570 facit
1897 2531 1911 2569 :

330 2605 455 2683 nam
482 2605 579 2697 per
606 2622 899 2695 Ecclesium
926 2633 1078 2673 suam
1102 2614 1246 2669 venit
1264 2612 1331 2667 ad
1354 2611 1551 2667 Gentes
1571 2649 1588 2674 ,
1616 2618 1671 2663 et
1698 2621 1791 2677 per
1816 2605 1915 2660 Ec-

332 2696 547 2774 clesium
576 2714 808 2785 loquitur
836 2709 1115 2768 Gentibus.
1145 2706 1223 2762 Ad
1245 2704 1347 2761 hoc
1364 2702 1507 2758 enim
1529 2700 1759 2771 pertinet
1777 2696 1916 2769 quod

333 2812 441 2876 ait,
474 2809 573 2876 Qui
599 2824 685 2863 vos
707 2805 904 2877 recipit,
933 2820 1012 2858 me
1038 2801 1214 2872 recipit
1235 2797 1445 2870 (Matth.
1468 2813 1523 2861 ι,
1544 2794 1635 2865 40)
1669 2813 1681 2849 :
1709 2803 1785 2861 et,
1819 2792 1918 2858 Qui

334 2918 422 2956 eos
455 2900 666 2972 spernit,
696 2914 776 2952 me
796 2895 985 2966 spernit
1008 2892 1158 2955 (Luc.
1178 2907 1234 2956 ι,
1272 2886 1383 2960 16).
1412 2886 1492 2942 Au
1528 2886 1713 2953 vultis,
1754 2884 1922 2955 inquit

337 2991 623 3062 apostolus
658 2988 883 3051 Paulus,
916 2984 1306 3054 experimentum
1340 2978 1569 3049 accipere
1605 2977 1714 3049 ejus
1748 2975 1833 3047 qui
1868 2974 1921 3029 in

339 3098 420 3137 me
444 3079 663 3151 loquitur
689 3077 914 3133 Christus
944 3074 1012 3147 (ll
1031 3071 1149 3129 Cor.
1176 3086 1266 3126 χιιι
1285 3109 1303 3136 ,
1328 3069 1383 3141 5)
1406 3069 1430 3122 ?

412 3173 465 3227 5.
493 3170 681 3226 Restat
707 3167 974 3237 inquirere
1002 3172 1176 3218 utrum
1220 3161 1271 3215 hi
1308 3161 1396 3229 qui
1428 3158 1729 3227 priusquam
1766 3154 1920 3209 Chri-

341 3273 458 3318 stus
500 3261 556 3316 in
603 3257 841 3315 Ecclesia
884 3255 1092 3310 veniret
1133 3252 1201 3307 ad
1243 3250 1474 3315 Gentes,
1518 3257 1572 3303 et
1616 3252 1922 3317 priusquam

344 3352 689 3424 Evangelium
731 3351 848 3419 ejus
888 3344 1163 3408 audirent,
1192 3342 1313 3397 vita:
1342 3339 1496 3409 hujus
1526 3338 1631 3393 ﬁne
1674 3338 1926 3406 pun-venti

342 3456 503 3513 sunt,
528 3461 622 3500 seu
643 3440 1061 3512 prmveniuntur,
1091 3435 1295 3506 possint
1322 3433 1517 3487 habere
1543 3430 1680 3489 hanc
1704 3448 1927 3488 exetm-

351 3537 590 3598 tionem?
621 3537 847 3594 Possunt
886 3532 1076 3606 plane,
1116 3527 1211 3586 sed
1250 3542 1356 3584 non
1394 3525 1514 3582 ideo
1542 3534 1761 3596 possunt
1800 3524 1930 3579 ell‘u-

349 3650 472 3706 g'ere
498 3631 910 3689 damnationem.
940 3627 1248 3694 Quicumque
1269 3622 1399 3676 enim
1424 3621 1531 3674 sine
1549 3618 1680 3690 Lege
1698 3633 1931 3688 peccave-

351 3737 500 3794 runt,
533 3728 643 3781 sine
667 3722 798 3795 Lege
820 3732 866 3776 et
888 3719 1114 3791 peribunt
1137 3734 1155 3771 :
1186 3727 1230 3770 et
1259 3715 1554 3787 quicumque
1579 3712 1632 3765 in
1662 3710 1793 3781 Lege
1819 3725 1933 3779 pec-

355 3825 622 3882 caverunt,
652 3831 739 3885 per
765 3812 947 3884 Legem
976 3807 1342 3881 judicabunlur
1368 3804 1538 3875 (Rom.
1566 3818 1637 3868 ιι,
1670 3802 1782 3872 12).
1804 3802 1931 3867 Qua:

356 3908 570 3979 quidem
614 3884 850 3975 Apostoli
885 3901 1080 3965 verba,
1113 3896 1361 3968 quoniam
1405 3893 1455 3948 id
1494 3892 1633 3963 quod
1659 3892 1766 3955 ait,
1800 3891 1933 3961 peri-
1994 3884 1997 3887 λ

359 4002 511 4065 bunt,
552 3994 837 4050 terribilius
876 3999 1029 4046 sonat
1049 4005 1206 4060 quam
1232 3986 1372 4056 quod
1402 3985 1512 4051 ait,
1536 3983 1935 4053 judicabantur;

361 4106 463 4143 non
503 4088 678 4143 solum
722 4084 853 4139 nihil
890 4083 1139 4153 adjuvare
1168 4080 1304 4134 hanc
1333 4076 1725 4133 excusationem
1756 4073 1939 4129 viden-

365 4191 445 4236 tur
462 4178 776 4243 ostendere,
807 4189 992 4230 verum
1031 4172 1189 4227 etiam
1234 4170 1351 4240 plus
1388 4158 1637 4238 gravare.
1657 4165 1755 4232 Qui
1794 4164 1936 4219 enim

367 4288 423 4327 se
437 4270 560 4341 quia
583 4284 690 4324 non
701 4266 998 4330 audierunt,
1015 4260 1360 4322 excusabant,
1383 4259 1489 4311 sine
1506 4255 1633 4326 Lege
1660 4253 1912 4323 peribunt.

432 4365 485 4420 4.
512 4362 618 4419 Sed
640 4368 813 4415 utrum
839 4356 893 4413 hi
916 4356 1005 4426 qui
1026 4369 1145 4408 cum
1173 4350 1445 4413 audirent,
1474 4352 1936 4415 contempserunt,

367 4456 445 4510 vel
481 4455 643 4509 etiam
701 4450 1042 4512 restiterunt,
1108 4459 1206 4498 nec
1248 4450 1447 4494 tantum
1489 4436 1937 4500 contradicendo,

368 4548 457 4602 sed
493 4554 551 4602 et
575 4558 669 4599 eos
698 4558 730 4597 ιι
769 4540 958 4613 quibus
985 4535 1270 4592 audierunt
1296 4534 1432 4587 odiis
1456 4528 1825 4601 persequendo
1845 4571 1859 4591 ,
1889 4529 1942 4582 in

369 4642 443 4694 cis
468 4633 753 4709 deputandi
806 4639 929 4688 sunt
972 4628 1038 4683 de
1066 4626 1259 4697 quibus
1286 4621 1481 4693 aliquid
1526 4620 1696 4675 levius
1736 4618 1945 4673 videtur

370 4729 608 4785 sonuisse
636 4723 776 4797 quod
814 4722 1013 4778 dictum
1054 4726 1166 4781 est,
1214 4732 1301 4786 per
1343 4713 1524 4785 Legem
1556 4708 1941 4782 judicabunmr,

372 4823 559 4877 merito
600 4817 873 4889 quaeritur.
903 4811 1010 4869 Sed
1053 4810 1096 4864 si
1135 4806 1277 4862 aliud
1305 4815 1386 4861 est
1428 4805 1604 4874 perire
1627 4803 1742 4856 sine
1770 4800 1907 4869 Lege
1927 4840 1942 4864 ,

371 4914 506 4969 aliud
524 4909 747 4984 iudicari
777 4923 872 4979 per
897 4906 1087 4975 Legem
1105 4942 1121 4970 ,
1145 4910 1198 4956 et
1218 4898 1346 4953 illud
1371 4907 1453 4952 est
1469 4895 1679 4966 gravius
1695 4936 1709 4957 ,
1735 4893 1836 4947 hoc
1854 4907 1949 4945 au-

373 5017 474 5061 tem
503 5004 710 5065 levius;
743 4996 926 5070 procul
967 4994 1127 5049 dubio
1153 5006 1259 5047 non
1298 4996 1421 5046 sunt
1461 4988 1545 5041 isti
1588 4987 1638 5039 in
1667 4984 1764 5039 hac
1791 4997 1947 5053 paena

376 5096 575 5149 leviore
606 5088 875 5161 ponendi,
906 5086 1027 5156 quia
1071 5097 1243 5152 neque
1283 5081 1334 5135 in
1381 5079 1519 5149 Lege
1564 5083 1946 5147 peccaverunt,

375 5185 464 5239 sed
507 5180 729 5237 omnino
771 5178 965 5248 Legem
1014 5173 1209 5229 Christi
1250 5172 1492 5239 accipere
1538 5167 1856 5230 noluerunt,
1899 5172 1954 5218 et

376 5291 490 5329 cam
528 5281 785 5343 quantum
811 5268 876 5322 ad
904 5267 1047 5337 ipsos
1083 5264 1309 5329 attinet,
1337 5260 1555 5314 omnino
1596 5257 1795 5311 nullam
1834 5270 1954 5310 esse

379 5368 680 5421 voluerunt.
714 5362 789 5417 llli
826 5370 1003 5415 autem
1038 5364 1258 5426 peccant
1288 5354 1339 5406 in
1382 5352 1553 5421 Lege,
1600 5350 1690 5419 qui
1733 5357 1856 5401 sunt
1901 5347 1952 5401 in

382 5458 553 5528 Lege,
586 5454 637 5508 id
667 5462 768 5517 est,
795 5451 882 5520 qui
919 5464 1035 5504 eam
1064 5444 1386 5515 suscipiunt,
1424 5456 1645 5510 eamque
1686 5448 1951 5502 sanctam,

383 5546 761 5602 ettnaudatum
789 5551 1023 5596 sanctum
1070 5548 1121 5592 et
1146 5538 1343 5605 justum
1392 5543 1443 5588 et
1492 5532 1682 5584 bonum
1730 5530 1956 5583 fatcntur

385 5638 495 5706 (Id.
522 5651 596 5691 vn
616 5677 632 5700 ,
664 5633 787 5706 1'2);
817 5630 910 5687 scd
936 5628 1241 5685 inﬁrmitate
1266 5640 1371 5680 non
1396 5623 1616 5692 implent
1634 5620 1774 5690 quod
1803 5619 1871 5673 ab
1895 5634 1956 5674 ea

386 5727 680 5783 rectissime
709 5723 921 5795 praecipi
947 5720 1187 5777 dubitare
1221 5732 1324 5773 non
1352 5723 1591 5786 possunt.
1620 5712 1684 5767 lli
1709 5720 1832 5766 sunt
1869 5711 1957 5781 qui

1445 306 1854 365 TRiCTATUS
1893 306 2001 363 XC.
2041 303 2262 364 CAPUT
2300 300 2414 359 XV.

3436 300 3572 359 ηδε

1994 414 2166 482 aliquo
2204 414 2362 470 modo
2408 414 2630 471 forsitan
2676 418 2898 486 possunt
2941 412 3010 468 ah
3051 426 3269 481 eorum,
3317 413 3407 484 qui
3432 401 3567 468 ‘sine

1992 501 2131 571 che
2157 512 2310 571 sunt,
2343 504 2637 575 perditione
2665 504 2892 559 diSCernt
2925 522 2939 559 :
2967 518 3011 558 SI
3043 512 3217 559 tamen
3244 503 3383 573 quod
3420 505 3567 572 Apo-

1993 595 2158 649 stolus
2186 596 2291 661 ait,
2339 613 2427 666 per
2469 595 2651 666 Legem
2688 595 3071 664 judicabantur,
3104 596 3180 649 sic
3208 594 3569 663 accipiendum

1995 698 2075 740 est
2101 696 2347 756 tanquam
2375 689 2604 753 dixerit,
2638 704 2742 742 non
2792 688 3066 755 peribunt;
3109 687 3248 757 quod
3294 688 3484 740 mirum
3528 686 3573 739 si

1997 778 2065 832 ita
2103 787 2205 832 est.
2246 777 2599 847 Nequeeuim
2643 779 2711 832 de
2755 778 3055 834 inﬁdelibus
3079 788 3133 831 et
3176 778 3416 832 fidelibus
3457 788 3575 832 erat.

1997 882 2173 921 sermo
2202 876 2259 921 ut
2301 867 2401 922 hoc
2444 868 2675 930 diceret,
2705 868 2796 923 sed
2827 868 2893 922 de
2935 868 3191 923 Gentibus
3238 878 3291 925 et
3332 868 3571 923 Judtnis:

1997 959 2085 1028 qui
2118 966 2261 1013 certe
2291 958 2496 1026 utrique
2522 959 2619 1012 nisi
2662 959 2713 1012 in
2756 973 2820 1012 eo
2866 960 3138 1013 Salvatore
3167 960 3458 1023 solventur,
3486 959 3574 1028 qui

1998 1049 2140 1103 venit
2164 1063 2402 1117 qu:erere
2431 1048 2571 1117 quod
2603 1050 2834 1118 perierat
2860 1048 3007 1117 (Luc.
3038 1067 3132 1104 xix
3156 1091 3170 1115 ,
3198 1051 3286 1120 10)
3312 1090 3326 1113 ,
3359 1049 3423 1103 ad
3454 1065 3575 1119 per-

2000 1139 2254 1194 ditionem
2289 1138 2404 1193 sine
2430 1138 2591 1192 dubio
2632 1140 2983 1207 pertinebunt.
3015 1141 3265 1206 Quamvis
3304 1140 3408 1194 dici
3450 1155 3575 1209 pos-

2000 1236 2088 1296 slt,
2112 1231 2244 1284 alios
2263 1230 2472 1299 gravius
2491 1269 2507 1295 ,
2540 1230 2671 1283 alios
2701 1229 2867 1284 levius
2895 1232 3151 1299 perituros
3170 1270 3185 1296 ,
3217 1232 3265 1285 id
3296 1240 3375 1286 est
3414 1274 3430 1298 ,
3448 1233 3579 1286 alios

2000 1325 2302 1396 graviores,
2328 1324 2463 1377 alios
2489 1323 2714 1378 leviores
2736 1336 2919 1391 poenas
2948 1324 2997 1375 in
3024 1338 3115 1376 sua
3143 1324 3434 1393 perditione
3463 1339 3579 1392 pas-

2003 1433 2174 1472 suros.
2208 1417 2297 1471 llle
2331 1417 2473 1471 enim
2524 1415 2699 1484 perire
2745 1415 2850 1469 Deo
2891 1414 3101 1477 dicitur,
3134 1412 3371 1484 quisquis
3397 1415 3579 1482 abjlla

2003 1505 2329 1562 beatitudine
2350 1520 2507 1574 quam
2529 1504 2620 1557 dat
2647 1505 2845 1558 sanctis
2873 1504 3013 1568 suis,
3044 1520 3136 1572 per
3160 1505 3472 1573 supplicium
3490 1520 3581 1558 se-

2006 1608 2250 1669 paratur:
2278 1606 2417 1651 tanta
2446 1604 2529 1651 est
2548 1606 2722 1649 autem
2749 1595 3125 1664 suppliciorum
3145 1637 3161 1660 ,
3188 1606 3380 1665 quanta
3396 1605 3475 1651 est
3502 1596 3585 1650 di-

2006 1690 2229 1745 versitas
2257 1698 2622 1759 peccatorum;
2651 1704 2767 1757 qua:
2796 1688 3061 1757 quomodo
3086 1701 3145 1740 se
3173 1686 3360 1742 haheat
3381 1728 3397 1752 ,
3425 1687 3583 1741 altius

2002 1782 2203 1853 judicat
2233 1781 2487 1850 sapientia
2526 1780 2737 1842 divina,
2784 1794 2939 1849 quam
2980 1779 3282 1848 conjectura
3316 1787 3584 1833 scrutatur

2008 1882 2099 1927 aut
2125 1871 2318 1927 effatur
2347 1872 2593 1924 humana.
2628 1869 2714 1923 lsti
2762 1878 2906 1924 certe
2931 1867 3000 1922 ad
3026 1883 3161 1938 quos
3185 1868 3327 1922 venit
3347 1909 3363 1934 ,
3391 1875 3447 1921 et
3464 1867 3584 1937 qui-

2010 1963 2109 2018 bus
2147 1963 2355 2018 locutus
2394 1972 2477 2016 est
2500 1961 2775 2024 Christus,
2813 1975 2917 2014 non
2959 1958 3154 2014 habent
3182 1959 3247 2014 de
3278 1973 3467 2029 magno
3508 1957 3591 2012 in-

2014 2053 2278 2109 fidelitatis
2323 2063 2539 2123 peccato
2585 2053 2728 2107 illam
2770 2050 3192 2114 excusationem,
3240 2065 3340 2120 qua
3388 2050 3591 2119 possint

2011 2144 2188 2200 dicere
2206 2184 2221 2207 ,
2245 2142 2359 2198 Non
2386 2143 2633 2208 vidimus,
2666 2157 2773 2196 non
2796 2141 3128 2196 audivimus:
3155 2142 3266 2195 sive
3300 2156 3404 2195 non
3440 2154 3592 2196 acce-

2017 2243 2250 2306 ptaretur
2305 2235 2403 2288 ista
2445 2232 2718 2289 excusatio
2772 2233 2840 2286 ab
2886 2232 2976 2286 illo
3034 2232 3187 2301 cujus
3231 2231 3591 2286 inscrutabilia

2015 2336 2139 2382 sunt
2167 2325 2365 2397 judicia
2384 2366 2400 2391 ,
2426 2326 2539 2380 sive
2563 2332 2947 2393 acceptaretur,
2977 2332 3032 2378 et
3067 2324 3113 2377 si
3141 2337 3245 2376 non
3273 2330 3329 2376 ut
3350 2322 3420 2376 ab
3446 2321 3593 2376 omni

2015 2419 2354 2476 damnatione
2382 2417 2750 2482 liberarentur,
2773 2421 2916 2470 certe
2938 2422 2993 2469 ut
3021 2413 3289 2484 aliquanto
3309 2412 3480 2468 lenius
3503 2411 3597 2467 da-

2017 2519 2345 2568 mnarentur.

2088 2602 2142 2657 5.
2176 2600 2276 2667 Qui
2311 2616 2389 2654 me
2427 2598 2557 2664 odit,
2584 2598 2781 2669 inquit,
2817 2608 2865 2652 et
2902 2594 3110 2652 Patrem
3147 2610 3310 2655 meum
3348 2597 3474 2655 odit.
3503 2595 3600 2657 llic

2020 2693 2173 2749 nobis
2210 2694 2433 2748 fortasse
2469 2692 2711 2747 dicatur:
2735 2690 2864 2757 Quis
2889 2697 3062 2760 potest
3098 2693 3274 2748 odisse
3302 2708 3459 2763 quem
3501 2708 3600 2748 ne-

2020 2785 2153 2841 scit?
2181 2786 2249 2841 Et
2276 2785 2453 2854 utique
2473 2791 2756 2853 antequam
2778 2781 3012 2852 diceret,
3046 2784 3107 2839 Si
3136 2801 3235 2838 non
3261 2784 3530 2849 venissem,
3555 2791 3602 2838 et

2023 2876 2217 2931 locutus
2251 2876 2324 2930 eis
2365 2876 2602 2947 fuissem,
2651 2889 2908 2942 peccatum
2950 2893 3050 2930 non
3089 2876 3353 2942 haberent,
3398 2876 3605 2931 dixerat

2024 2968 2297 3038 discipulis
2337 2967 2485 3032 suis,
2519 2966 2643 3023 lla'c
2674 2970 2855 3039 facient
2882 2968 3045 3032 vobis,
3077 2969 3193 3038 quia
3231 2970 3455 3023 nesciunt
3492 2986 3605 3024 eum

2023 3059 2107 3125 qui
2128 3059 2261 3112 misit
2292 3075 2388 3113 me.
2420 3057 2698 3129 Quomodo
2724 3074 2851 3129 ergo
2880 3059 3121 3113 nesciunt
3158 3069 3212 3113 et
3250 3059 3521 3114 oderunt?
3547 3059 3606 3115 Si

2026 3151 2167 3204 enim
2194 3166 2297 3206 non
2326 3152 2465 3223 quod
2492 3162 2571 3206 est
2598 3152 2709 3223 ipse
2728 3190 2743 3217 ,
2773 3151 2864 3205 sed
2890 3151 3071 3205 nescio
3096 3149 3221 3220 quid
3247 3150 3386 3204 aliud
3410 3150 3478 3205 de
3515 3151 3607 3206 illo

2027 3243 2343 3315 opinantur;
2372 3260 2477 3297 non
2511 3244 2691 3313 utique
2718 3245 2887 3311 ipsum
2908 3283 2922 3304 ,
2950 3240 3047 3297 sed
3087 3240 3215 3294 illud
3263 3241 3606 3297 inveniuntur

2029 3336 2209 3391 odisse
2234 3335 2373 3406 quod
2416 3335 2652 3404 lingunt,
2683 3340 2773 3387 aut
2798 3331 3026 3387 errando
3052 3332 3224 3402 potius
3248 3332 3609 3401 suspicantur.

2033 3428 2099 3482 Et
2122 3435 2295 3481 tamen
2324 3425 2423 3480 nisi
2460 3432 2676 3494 possent
2706 3423 2947 3479 homines
2966 3423 3141 3477 odisse
3166 3421 3307 3492 quod
3335 3422 3610 3488 nesciunt,

2032 3533 2137 3572 non
2176 3516 2376 3571 veritas
2401 3525 2683 3585 utrumque
2719 3514 2970 3579 dixisset,
3015 3514 3135 3584 quia
3178 3514 3294 3583 ejus
3323 3513 3535 3570 Patrem
3558 3521 3612 3568 et

2033 3609 2276 3664 nesciunt
2317 3615 2372 3663 et
2410 3607 2657 3662 oderunt.
2704 3606 2810 3661 Sed
2855 3606 3119 3676 quomodo
3155 3605 3206 3659 id
3252 3604 3367 3660 ﬁeri
3409 3606 3609 3676 possit,

2035 3699 2081 3754 si
2133 3698 2412 3767 adjuvante
2458 3697 2681 3751 Domino
2727 3712 2821 3764 per
2864 3710 2962 3750 nos
3004 3695 3355 3750 demonstrari
3402 3704 3610 3764 potest;

2035 3793 2155 3862 quia
2177 3792 2289 3845 lucc
2304 3790 2590 3860 disputatio
2604 3798 2685 3843 est
2697 3789 2804 3856 jam
2818 3787 3128 3854 claudenda,
3144 3803 3280 3842 nunc
3297 3802 3401 3842 non
3418 3796 3610 3859 potest.

2545 3876 2950 3933 TRACTATUS
2987 3877 3097 3932 XC.

2039 3966 2106 4022 In
2134 3966 2295 4033 illud,
2326 3964 2424 4033 Qui
2463 3980 2549 4019 me
2590 3964 2731 4029 odit,
2781 3970 2836 4018 et
2873 3964 3082 4019 Patrem
3109 3979 3283 4020 meum
3323 3963 3453 4019 odit.
3485 3963 3613 4036 Cap.

2673 4054 2821 4122 ινδ
2847 4093 2861 4107 .
2892 4052 2982 4107 9.5.

2114 4148 2165 4203 1.
2200 4146 2429 4201 Audistis
2451 4144 2727 4200 Dominum
2749 4143 3034 4209 dicentem,
3064 4144 3160 4209 Qui
3182 4161 3260 4197 me
3278 4144 3418 4213 odit,
3441 4154 3486 4198 et
3509 4143 3618 4198 Pa-

2043 4248 2168 4291 trem
2210 4254 2372 4290 meum
2407 4236 2547 4299 odit;
2591 4234 2681 4305 qui
2720 4235 2962 4305 superius
2986 4234 3222 4300 dixerat,
3268 4235 3395 4291 Haec
3436 4236 3621 4305 facient

2043 4329 2177 4383 vobis
2197 4372 2211 4394 ,
2240 4330 2355 4398 quia
2382 4329 2604 4381 nesciunt
2630 4345 2741 4382 eum
2761 4328 2847 4399 qui
2866 4328 2999 4381 misit
3032 4343 3128 4381 me.
3153 4327 3267 4381 Non
3306 4327 3481 4398 itaque
3510 4327 3621 4383 dis-

2044 4420 2337 4474 simulanda
2364 4421 2597 4475 nascitur
2621 4420 2870 4488 quaestio,
2902 4419 3168 4489 quomodo
3194 4420 3402 4490 possint
3443 4419 3623 4476 odisse

2045 4529 2201 4583 quem
2232 4513 2490 4566 nesciunt.
2514 4511 2568 4566 Si
2598 4512 2738 4566 enim
2772 4512 2935 4565 Deum
2967 4528 3071 4566 non
3100 4514 3239 4583 quod
3268 4525 3347 4568 est
3374 4514 3509 4583 ipse,
3528 4512 3623 4569 sed

2049 4603 2226 4658 nescio
2250 4602 2373 4672 quid
2396 4602 2536 4655 aliud
2562 4618 2682 4657 eum
2706 4603 3041 4671 suspicantur
3064 4615 3153 4658 aut
3177 4604 3431 4670 credunt,
3454 4605 3625 4660 ethoc

2048 4694 2303 4758 oderunt;
2350 4694 2528 4763 utique
2574 4710 2678 4749 non
2723 4696 2896 4763 ipsum
2942 4694 3197 4760 oderunt,
3242 4694 3335 4751 sed
3364 4695 3504 4765 quod
3528 4710 3624 4750 sua

2051 4784 2293 4840 mendaci
2335 4786 2634 4855 suspicione
2660 4786 2741 4841 vel
2784 4802 2913 4841 vana
2941 4788 3251 4843 credulitate
3280 4789 3581 4859 concipiunt
3609 4804 3623 4841 :

2052 4880 2094 4934 si
2140 4887 2312 4932 autem
2361 4878 2502 4947 quod
2546 4889 2660 4943 est,
2702 4879 2803 4934 hoc
2830 4880 2898 4935 de
2928 4880 3017 4934 illo
3055 4882 3323 4947 sentiunt,
3362 4881 3627 4952 quomodo

2052 4988 2174 5027 eum
2202 4969 2407 5026 nescire
2441 4968 2720 5024 dicuntur?
2752 4970 2817 5024 Et
2843 4969 2909 5024 de
2937 4969 3238 5025 hominibus
3274 4971 3485 5041 quidem
3515 4971 3626 5026 ﬁcri

2055 5073 2229 5135 potest
2268 5073 2325 5118 ut
2364 5078 2457 5118 eos
2495 5048 2637 5131 sirpe
2679 5078 2812 5130 quos
2856 5080 3120 5133 nunquam
3152 5064 3411 5123 vidimus.
3439 5064 3628 5135 diliga-

2058 5173 2205 5222 mus;
2238 5173 2299 5211 ac
2327 5172 2419 5226 per
2446 5156 2544 5209 hoc
2569 5170 2665 5210 nec
2691 5155 2816 5209 illud
2841 5171 2870 5208 a
2892 5155 3155 5209 contrario
3182 5156 3507 5226 impossibile
3527 5167 3630 5225 est,

2058 5259 2116 5305 ut
2162 5265 2255 5304 eos
2302 5262 2435 5317 quos
2483 5262 2749 5316 nunquam
2801 5246 3059 5310 vidimus,
3127 5246 3414 5301 oderimus.
3471 5247 3633 5302 Fama

2059 5342 2252 5412 quippe
2276 5338 2343 5393 de
2368 5338 2544 5408 aliquo
2569 5336 2955 5392 sermocinante
2981 5351 3074 5390 seu
3100 5335 3236 5391 bene
3260 5350 3351 5391 seu
3385 5340 3520 5392 male
3539 5379 3554 5403 ,
3581 5339 3638 5391 lit

2061 5449 2166 5487 non
2199 5431 2461 5485 immerito
2498 5440 2553 5483 ut
2575 5442 2811 5480 amemus
2838 5428 2916 5480 vel
2948 5424 3217 5483 oderimus
3249 5428 3500 5497 ignotum.
3533 5430 3637 5485 Sed

2062 5525 2106 5577 si
2139 5524 2270 5575 fama
2304 5522 2369 5575 sit
2398 5536 2556 5574 verax
2577 5560 2590 5583 ,
2621 5520 2885 5588 quomodo
2912 5527 2992 5572 est
3027 5518 3091 5572 de
3131 5535 3237 5588 quo
3278 5535 3403 5574 vera
3444 5520 3636 5575 didici-

2064 5629 2211 5680 mus,
2256 5612 2513 5667 dicendus
2539 5610 2783 5681 ignotus?
2818 5611 2897 5664 An
2925 5609 3046 5680 quia
3071 5609 3187 5678 ejus
3213 5609 3398 5666 faciem
3426 5626 3528 5666 non
3560 5611 3640 5666 vi-

2054 5706 2278 5762 nimus?
2305 5704 2470 5771 Quam
2508 5717 2629 5758 cum
2671 5710 2727 5759 et
2770 5700 2885 5773 ipse
2927 5715 3032 5757 non
3075 5699 3278 5768 videat,
3310 5702 3438 5759 nulli
3468 5710 3641 5757 tamen
