4102 6470
333 279 456 333 ι861

316 413 454 469 quos
497 395 690 451 fecisse
735 390 1045 462 Prophetas.
1092 390 1241 446 Fecit
1278 389 1419 444 enim
1470 388 1612 443 Elius
1639 386 1737 459 (lll
1767 386 1891 456 Iit‘g.

326 506 452 552 χιιι,
482 488 573 552 21,
604 488 723 557 92),
742 487 866 541 fecit
896 484 1115 540 Elismus
1138 493 1192 538 et
1217 499 1336 539 cum
1370 483 1420 536 in
1453 482 1549 536 hac
1567 495 1730 537 carne
1744 480 1890 535 vive-

321 592 393 634 ret
418 579 524 648 (IV
554 577 681 648 Reg.
715 593 783 639 tv,
815 575 929 646 55),
956 583 1155 629 etcum
1193 574 1245 627 in
1285 588 1382 626 suo
1433 580 1775 627 monumento
1803 586 1891 625 se—

317 672 501 737 pultus
521 670 744 738 iaceret.
766 666 897 721 Nam
926 664 1138 735 quidam
1166 672 1433 733 portantes
1464 674 1747 727 morttuuu,
1770 678 1890 715 cum

316 764 424 814 imi
434 760 646 815 eutibus
666 756 905 812 hostibus
921 769 986 812 eo
1005 756 1336 823 refugissent,
1357 768 1583 823 eumque
1606 753 1674 807 ibi
1697 754 1892 822 posuis-

313 862 455 914 sent,
501 852 757 907 continuo
805 848 1091 904 resurrexit
1121 846 1229 917 (Id.
1268 863 1383 913 xui,
1410 845 1523 917 2|).
1548 845 1694 901 Fecit
1717 856 1892 901 tamen

312 943 492 1011 aliqua
515 943 775 1005 Christus,
808 956 927 1011 quae
951 955 1109 995 nemo
1145 940 1283 994 alius
1318 939 1437 995 fecit
1461 957 1472 992 :
1492 938 1633 1009 quod
1659 939 1891 1010 quinque

316 1034 483 1087 millia
514 1033 788 1087 hominum
819 1031 885 1086 de
904 1032 1156 1100 quinque,
1189 1040 1245 1085 et
1267 1040 1493 1100 quatuor
1522 1031 1681 1085 millia
1713 1032 1781 1085 de
1807 1047 1890 1086 se-

316 1133 458 1192 ptem
491 1123 713 1192 panibus
738 1122 878 1191 pavit
902 1120 1111 1190 (Matth.
1138 1136 1243 1187 xtv,
1265 1120 1453 1187 15-31,
1485 1129 1529 1174 et
1558 1137 1644 1187 Iv,
1675 1121 1883 1192 52-58);

316 1214 456 1283 quod
484 1229 644 1282 super
671 1228 837 1282 aquas
865 1212 1172 1275 audmlavit,
1202 1220 1257 1267 et
1289 1208 1447 1265 Petro
1484 1221 1537 1265 ut
1566 1210 1667 1266 hoc
1694 1214 1889 1267 faceret

315 1306 565 1374 prmstitit
591 1304 715 1376 (Id.
746 1321 851 1366 xw,
885 1303 956 1358 25
970 1302 1155 1373 ει29);
1187 1304 1328 1371 quod
1354 1318 1541 1371 aquam
1578 1304 1798 1356 mutavit
1836 1303 1887 1356 iu

315 1397 495 1452 vinum
527 1394 716 1466 (Joan.
742 1412 799 1458 ll,
828 1394 915 1465 9);
960 1395 1100 1463 quod
1145 1393 1351 1462 aperuit
1390 1394 1571 1447 oculos
1614 1392 1738 1446 eteci
1778 1394 1888 1447 nati

317 1487 426 1558 (Id.
442 1504 517 1554 ιι,
537 1487 787 1556 7),etalia
806 1487 968 1539 multa
986 1501 1103 1555 qum
1119 1500 1538 1539 commemorare
1562 1485 1770 1553 longum
1784 1494 1885 1537 est.

315 1578 424 1634 Sed
443 1577 978 1647 respondeturuobis,
998 1576 1198 1631 etalios
1219 1574 1405 1630 fecisse
1420 1590 1537 1645 quae
1560 1578 1669 1645 ipse
1689 1592 1794 1630 non
1814 1574 1888 1630 fe-

314 1668 409 1736 cit,
421 1680 603 1739 etquae
616 1670 915 1724 nemoalius
934 1668 1074 1724 fecit.
1092 1668 1220 1735 Quis
1235 1668 1376 1721 enim
1396 1668 1494 1721 nisi
1512 1668 1715 1739 Moyses
1733 1667 1888 1740 Egy-

315 1763 454 1832 ptios
481 1764 648 1832 plagis
669 1771 744 1817 tot
772 1762 1032 1830 tantisque
1060 1762 1318 1829 percussit
1343 1758 1536 1831 (Exod.
1565 1758 1784 1829 vu-xu),
1808 1761 1884 1813 di-

314 1854 429 1908 viso
458 1855 591 1908 mari
622 1854 870 1923 p0pulum
909 1853 1058 1906 duxit
1086 1851 1193 1923 (Id.
1219 1867 1325 1915 xtv,
1350 1852 1409 1907 21
1451 1850 1565 1923 29),
1598 1868 1787 1906 ιιιειιιιιει
1820 1855 1886 1907 de

314 1948 449 2001 emlo
462 1946 817 2001 esurientibus
839 1946 1135 2013 impetravit
1156 1944 1264 2016 (Id.
1288 1951 1414 2011 xvt,)
1436 1961 1624 2014 aquam
1646 1945 1711 1998 de
1734 1944 1885 1999 Petra

313 2039 613 2093 sitientibus
660 2038 790 2093 fudit
812 2036 920 2108 (Id.
957 2054 1082 2100 χιιι,
1111 2038 1204 2106 6)?
1240 2038 1368 2105 Quis
1406 2037 1504 2095 nisi
1554 2037 1708 2091 Jcsus
1747 2038 1887 2093 Nave

314 2128 508 2197 populo
539 2131 824 2183 transitura
844 2129 1090 2183 Jordanis
1130 2128 1321 2183 ﬂuenta
1359 2130 1537 2184 divisit
1566 2128 1745 2200 (Iosue
1772 2133 1883 2200 ιιι),

312 2228 369 2273 et
394 2230 699 2275 currentem
724 2220 893 2274 solent
918 2222 1111 2274 emissa
1127 2220 1192 2273 ad
1213 2219 1377 2274 Deum
1398 2220 1637 2275 oratione
1661 2220 1884 2275 frenavit

317 2309 545 2381 ctlixit(
567 2310 655 2364 Id.
693 2328 743 2375 ι,
778 2311 1152 2381 12-”)?Quis
1182 2322 1371 2380 prmter
1408 2310 1632 2367 Samson
1672 2323 1887 2383 propter

313 2416 464 2457 suam
485 2404 632 2458 sitim
644 2405 853 2458 maxilla
869 2405 1060 2460 mortui
1088 2405 1222 2458 asini
1238 2404 1538 2459 exundante
1558 2405 1777 2459 satiatus
1804 2415 1887 2460 est

309 2491 486 2547 ludia.
511 2509 600 2560 xv,
632 2494 745 2566 l9)?
772 2494 900 2561 Quis
925 2505 1116 2565 prmter
1136 2496 1303 2550 Eliam
1332 2512 1490 2551 curru
1515 2495 1668 2565 igneo
1698 2496 1748 2550 in
1780 2498 1884 2552 alta

310 2583 597 2639 subvectus
617 2594 698 2640 est
732 2583 827 2656 (ιν
850 2586 977 2655 Reg.
1008 2602 1066 2653 ιι,
1094 2585 1220 2654 ll)?
1257 2586 1387 2652 Quis
1404 2596 1595 2655 praater
1616 2587 1882 2655 Elisaenm,

311 2674 452 2742 quod
476 2674 631 2743 paulo
656 2684 780 2730 aute
805 2677 1235 2741 commemoravi,
1262 2676 1467 2745 sepulto
1487 2692 1582 2731 suo
1602 2678 1882 2745 cadavere,

310 2765 538 2818 cadaver
556 2765 775 2821 alterius
818 2766 1047 2822 reddidit
1081 2768 1236 2821 vitm?
1261 2767 1389 2834 Quis
1407 2778 1594 2836 praeter
1615 2769 1882 2823 Dauielem

310 2857 562 2910 iuterora
585 2857 904 2911 inclusorum
939 2872 1121 2913 secum
1152 2860 1363 2913 leonum
1385 2859 1729 2915 esurientium
1757 2862 1887 2915 vixit

310 2947 572 3003 innocuus
593 2947 751 3019 (Dan.
784 2965 855 3013 vn,
881 2949 1013 3018 32)?
1046 2950 1175 3017 Quis
1200 2960 1390 3019 praeter
1420 2961 1526 3005 tres
1547 2951 1711 3017 viros,
1738 2953 1883 3007 Aua-

310 3037 473 3101 niam,
498 3040 768 3102 Azariam,
798 3041 1087 3105 Misaelem,
1124 3042 1173 3095 in
1218 3041 1446 3096 ﬂammis
1488 3043 1799 3099 ardentibus
1830 3055 1889 3100 et

309 3143 413 3182 non
440 3131 716 3186 urentibus
732 3131 1086 3186 deambulavit
1112 3133 1305 3188 illmsus
1334 3132 1446 3203 (Id.
1473 3150 1549 3198 ιιι,
1579 3133 1705 3205 95)?

378 3222 432 3276 5.
456 3222 724 3277 Praetereo
750 3232 964 3287 cetera,
992 3224 1242 3292 quoniam
1281 3224 1393 3279 lucc
1433 3225 1563 3280 satis
1600 3240 1721 3281 esse
1742 3225 1883 3281 arbi-

310 3322 439 3375 tror,
462 3312 654 3382 quibus
671 3313 1067 3368 demonstretur
1089 3323 1141 3369 et
1164 3315 1373 3385 aliquos
1392 3325 1604 3370 sanctos
1630 3317 1873 3386 quaedam

307 3416 467 3470 opera
498 3403 737 3459 miranda
762 3403 1105 3474 fecisse,qu:e
1130 3420 1286 3459 nemo
1314 3405 1450 3461 alius
1490 3405 1631 3461 fecit.
1655 3406 1756 3462 Sed
1792 3409 1882 3477 qui

308 3502 415 3548 tam
450 3494 617 3549 multa
664 3496 786 3549 vitia
822 3504 876 3549 et
902 3496 1068 3549 malas
1100 3496 1430 3551 valetudines
1472 3498 1882 3569 vexationesque

308 3583 610 3637 mortalium
641 3593 780 3638 tanta
814 3594 1070 3653 potestate
1092 3596 1325 3651 sanaret,
1356 3587 1532 3640 nullus
1555 3588 1771 3642 omnino
1806 3587 1882 3643 le-

307 3674 446 3742 gitur
483 3674 839 3742 antiquorum.
872 3674 940 3729 Ut
977 3675 1116 3728 enim
1165 3685 1436 3729 taceantur
1459 3692 1592 3746 quos
1621 3677 1876 3745 jubeudo,

308 3764 443 3817 sicut
464 3766 836 3830 occurrebant,
860 3766 1036 3819 salvos
1062 3766 1299 3835 singulos
1323 3765 1474 3827 fecit;
1499 3767 1704 3821 Marcus
1729 3783 1882 3821 evan-

307 3854 492 3923 gelista
520 3854 748 3922 quodam
780 3856 895 3910 loco
921 3857 993 3908 ait
1025 3874 1037 3907 :
1082 3840 1291 3925 Vespere
1313 3866 1477 3908 autem
1500 3860 1632 3925 facto
1658 3873 1771 3910 cum
1791 3874 1879 3911 oc-

308 3946 504 4000 cidisset
518 3946 613 4011 sol,
629 3945 897 4014 offerebant
913 3948 978 3999 ad
994 3964 1105 3999 eum
1124 3964 1290 4001 omnes
1308 3948 1437 4000 male
1453 3948 1703 4014 habentes,
1721 3957 1767 4001 et
1779 3950 1882 4002 dte-

308 4037 469 4089 monia
482 4036 784 4101 habentes;et
795 4048 896 4090 erat
914 4038 1070 4090 omnis
1081 4038 1249 4090 civitas
1261 4038 1327 4089 ad
1331 4039 1425 4107 jan
1432 4054 1546 4090 uam
1558 4047 1881 4109 congregata:

309 4135 352 4178 et
370 4128 562 4180 curavit
579 4131 757 4182 multos
773 4129 857 4197 qui
874 4130 1175 4181 vexabantur
1196 4130 1343 4182 variis
1359 4129 1699 4199 languoribus,
1715 4141 1759 4183 et
1776 4131 1882 4182 dw-

308 4217 471 4269 ntonia
486 4218 645 4271 multa
659 4217 1071 4289 ejiciebat(tllarc.
1088 4235 1121 4283 ι,
1136 4218 1310 4291 32-34)
1324 4260 1335 4271 .
1352 4219 1406 4273 Id
1423 4230 1596 4274 autem
1611 4236 1728 4273 cum
1744 4236 1881 4275 com-

308 4321 656 4366 memorasset
695 4311 988 4375 Mattltmus,
1020 4312 1177 4365 etiam
1220 4312 1573 4366 testimonium
1607 4313 1878 4382 propheti-

308 4416 419 4455 cum
437 4402 834 4457 addiditdiccns
858 4420 871 4455 :
901 4402 966 4457 Ut
982 4404 1337 4473 adimpleretur
1350 4405 1482 4472 quod
1494 4405 1678 4456 dictant
1695 4413 1765 4457 est
1793 4422 1880 4473 per

308 4491 495 4547 Isaiam
541 4495 835 4564 prophetam
878 4494 1139 4557 dicentem,
1163 4493 1285 4563 Ipse
1324 4494 1639 4561 infirmitates
1682 4506 1879 4549 nostras

306 4586 508 4655 accepit,
545 4594 592 4639 et
619 4586 937 4654 (egritudines
966 4587 1179 4654 portavit
1210 4585 1419 4655 (Matth.
1458 4601 1569 4649 vm,
1608 4586 1717 4656 17).
1749 4586 1876 4639 Item

306 4677 403 4731 alio
430 4678 554 4735 loco
580 4678 707 4731 dicit
737 4678 943 4732 Marcus
969 4694 981 4729 :
1014 4678 1079 4731 Et
1115 4694 1423 4748 quocumque
1457 4678 1693 4730 iutroibat
1720 4679 1770 4731 in
1801 4679 1876 4731 vi—

305 4785 402 4833 cos,
435 4769 513 4821 vel
556 4770 609 4822 in
636 4770 807 4831 villas,
849 4778 936 4822 aut
978 4770 1029 4822 in
1062 4770 1303 4836 civitates,
1333 4770 1383 4821 in
1423 4768 1600 4840 plateis
1630 4770 1878 4840 ponebant

303 4860 551 4928 infirmos,
586 4871 632 4915 et
668 4860 1061 4931 deprecabantur
1090 4877 1200 4913 eum
1236 4870 1289 4913 ut
1325 4860 1401 4913 vel
1438 4861 1685 4929 ﬁmbriam
1732 4861 1877 4914 vesti-

302 4953 453 5007 iuenti
483 4954 593 5022 ejus
631 4962 920 5025 tangerent;
945 4963 989 5006 et
1019 4961 1258 5023 quotquot
1284 4952 1549 5022 tangebam
1583 4970 1715 5018 eum,
1750 4954 1878 5008 salvi

303 5044 482 5110 ﬁebant
507 5044 695 5115 (Marc.
736 5058 809 5111 v1,
842 5043 955 5112 56).
984 5044 1106 5098 llmc
1147 5057 1302 5097 nemo
1339 5042 1474 5097 alius
1511 5042 1633 5097 fecit
1675 5044 1727 5096 in
1776 5044 1871 5098 eis.

302 5133 386 5189 Sic
413 5135 558 5190 enim
582 5134 979 5205 intelligendum
1008 5144 1088 5189 est
1110 5133 1251 5204 quod
1280 5134 1373 5198 ait,
1396 5135 1448 5187 in
1472 5135 1562 5201 eis,
1596 5150 1699 5187 non
1740 5135 1877 5190 inter

303 5242 393 5280 eos
409 5227 491 5281 vel
516 5242 693 5281 coram
711 5228 817 5290 eis;
843 5226 935 5281 sed
960 5240 1174 5295 prorsus
1190 5226 1241 5280 in
1262 5226 1361 5293 eis,
1390 5227 1512 5296 quia
1543 5228 1871 5283 sanaviteos.

304 5317 423 5373 Ilaec
448 5319 647 5390 quippe
672 5318 890 5389 intelligi
920 5319 1086 5373 voluit
1128 5333 1246 5389 qua:
1288 5333 1393 5374 non
1434 5320 1605 5375 solum
1642 5319 1875 5375 facerent

304 5411 736 5476 admirationem,
766 5426 950 5466 verum
990 5412 1149 5466 etiam
1194 5410 1526 5465 manifestam
1569 5411 1875 5468 conferrent

274 5502 558 5568 .salutem;
588 5517 681 5572 pro
718 5501 913 5572 quibus
950 5500 1222 5556 beneflciis
1258 5502 1445 5571 utique
1480 5515 1736 5567 amorem,
1764 5517 1870 5557 non

305 5593 477 5650 odium
522 5593 818 5648 retribuere
854 5590 1170 5647 debuerunt.
1215 5589 1403 5647 Omnia
1451 5590 1663 5662 quidem
1712 5601 1873 5649 mrte-

306 5703 480 5743 rorum
532 5688 784 5743 miracula
840 5693 1071 5760 superat,
1114 5682 1254 5756 quod
1320 5689 1401 5740 est
1464 5692 1618 5741 natus
1654 5700 1719 5740 ex
1762 5686 1869 5741 vir-

1444 260 1847 326 TliACTATliS
1885 263 2041 325 XCII.
2095 268 2319 335 CAPUT
2360 274 2473 335 XV.

3435 297 3571 356 1862

2000 392 2141 460 gine,
2184 396 2468 468 matrisque
2504 400 2855 473 integritatem
2884 406 3027 463 solus
3058 412 3224 479 potuit
3250 428 3349 468 nec
3376 430 3569 475 conce-

1997 489 2119 559 plus
2148 484 2344 540 violare
2361 503 2459 542 nec
2475 498 2663 546 natus:
2690 493 2781 548 sed
2811 494 2913 551 hoc
2941 514 3037 553 nec
3061 515 3237 554 coram
3267 506 3343 558 eis
3369 505 3564 564 factum

1997 572 2098 657 est,
2130 582 2225 622 nec
2255 568 2305 621 in
2336 572 2433 625 eis.
2466 573 2545 627 Ad
2571 580 2992 646 cognoscendam
3017 584 3211 654 quippe
3233 586 3386 657 hujus
3402 592 3563 647 mira-

1994 655 2097 708 ευιί
2126 659 2421 729 veritatem,
2458 680 2560 718 non
2600 672 2865 725 communi
2908 689 3029 728 cum
3075 678 3153 731 eis
3198 655 3438 749 aspectu,
3470 685 3564 741 sed

1995 746 2224 838 discreto
2274 749 2340 804 ab
2391 753 2469 807 eis
2522 757 2834 828 discipulam
2884 767 3119 833 Apostoli
3190 746 3559 838 pervenerunt.

1994 835 2240 894 Jamvero
2270 841 2396 897 illud
2422 848 2559 915 quod
2585 848 2669 903 die
2698 854 2847 906 tertia
2877 854 2927 907 in
2954 871 3111 913 carne
3142 835 3201 913 in:
3221 878 3323 932 qua
3351 865 3564 921 occisus

1996 928 2181 1025 fuerat,
2215 930 2283 986 de
2308 936 2551 1002 sepulcro
2591 954 2649 994 se
2691 943 2915 999 reddidit
2952 949 3151 1013 vivum,
3190 928 3251 1006 et
3291 970 3559 1025 nunquam

1994 1018 2182 1075 deinde
2205 1025 2487 1080 moriturus
2516 1044 2633 1082 eum
2664 1032 2746 1085 illa
2775 1037 3012 1091 ascendit
3037 1040 3087 1093 iu
3110 1042 3323 1105 caelum,
3348 1018 3562 1113 superat

1993 1112 2151 1164 etiam
2191 1120 2379 1168 cuncta
2421 1133 2537 1187 qu:e
2584 1119 2744 1175 fecit:
2776 1126 2867 1179 sed
2916 1143 3087 1197 neque
3115 1131 3214 1185 hoc
3256 1112 3450 1189 factum
3478 1146 3562 1191 est

1993 1202 2045 1256 in
2076 1202 2291 1268 Judzeis,
2317 1222 2486 1277 neque
2513 1226 2689 1267 coram
2716 1214 2825 1280 eis;
2869 1226 2921 1271 et
2949 1220 3177 1275 nondum
3208 1224 3308 1278 hoc
3337 1224 3556 1293 fecerat,

1991 1292 2201 1359 quando
2227 1294 2452 1363 diccbat,
2478 1298 2538 1353 Si
2552 1318 2703 1371 opera
2726 1321 2824 1358 non
2844 1308 3068 1377 fecissem
3097 1313 3148 1364 in
3174 1313 3261 1380 eis,
3282 1331 3395 1387 qua:
3418 1292 3560 1371 nemo

1990 1383 2121 1437 alius
2151 1386 2285 1455 fecit.

2063 1476 2115 1527 4.
2146 1475 2399 1532 Nimirum
2428 1496 2553 1551 ergo
2579 1494 2704 1539 sant
2733 1487 2821 1542 illa
2850 1505 2965 1559 qum
3005 1492 3054 1545 in
3083 1509 3263 1549 eorum
3294 1497 3559 1553 valetudi-

1994 1565 2146 1619 nibus
2171 1577 2309 1622 tauta
2354 1572 2601 1627 miracula
2640 1578 2822 1631 salutis
2860 1583 3107 1648 ostendit,
3148 1597 3340 1654 quanta
3372 1590 3422 1643 in
3456 1592 3559 1644 illis

1991 1666 2145 1712 antea
2192 1673 2348 1714 nemo
2392 1662 2607 1720 donavit
2630 1686 2641 1720 :
2668 1669 2779 1723 hare
2806 1673 2943 1725 enim
2973 1676 3235 1744 viderunt,
3268 1689 3321 1733 et
3352 1680 3451 1735 hoc
3481 1684 3558 1736 eis

1991 1750 2316 1817 exprobrans
2342 1752 2597 1825 adiungit,
2615 1769 2667 1813 et
2692 1760 2832 1826 dicit,
2869 1762 3020 1817 Nunc
3048 1776 3209 1821 autent
3238 1780 3281 1822 et
3308 1773 3555 1835 viderunt,

1991 1850 2035 1892 et
2060 1839 2269 1895 oderunt
2312 1854 2355 1898 et
2393 1864 2470 1900 nte
2504 1860 2548 1901 et
2590 1849 2792 1905 Patrem
2828 1872 2987 1908 meum
3014 1860 3134 1911 :sed
3156 1870 3209 1914 ut
3228 1863 3561 1933 atlimpleatur

1990 1948 2149 1983 sermo
2174 1934 2258 2003 qui
2277 1935 2328 1988 in
2358 1935 2489 2008 Lege
2516 1955 2687 1993 eorum
2709 1945 2925 2013 scriptus
2954 1960 3047 2015 est,
3079 1948 3208 2016 Quia
3235 1953 3350 2005 odio
3377 1955 3561 2008 habue-

1990 2034 2104 2075 rant
2126 2042 2201 2076 me
2218 2028 2393 2095 gratis.
2422 2029 2613 2084 Eorum
2648 2032 2834 2102 Legem
2866 2036 3008 2102 dicit,
3053 2054 3153 2093 nou
3197 2042 3263 2094 ab
3306 2044 3432 2111 ipsis
3478 2045 3558 2099 in-

1991 2126 2220 2182 ventam,
2249 2120 2338 2171 sed
2384 2119 2510 2189 ipsis
2544 2122 2719 2177 datam
2751 2143 2763 2177 :
2792 2127 2929 2180 sicut
2969 2129 3212 2194 dicimus,
3242 2131 3438 2186 Panem
3468 2152 3560 2187 no-

1989 2215 2143 2259 stram
2172 2211 2555 2278 quotidianum;
2581 2231 2732 2283 quem
2771 2224 2942 2272 tamen
2987 2235 3014 2273 a
3056 2222 3160 2274 Deo
3193 2225 3437 2292 petimus,
3468 2226 3559 2278 ad-

1988 2296 2182 2360 dendo,
2228 2298 2293 2351 da
2336 2303 2475 2355 nobis
2504 2302 2714 2371 (Matth.
2745 2323 2815 2371 vr,
2844 2308 2954 2379 11).
2992 2308 3167 2364 Gratis
3209 2323 3384 2366 autem
3426 2314 3557 2378 odit,

1989 2387 2078 2455 qui
2111 2389 2306 2443 nullum
2330 2407 2393 2445 ex
2418 2393 2542 2448 odio
2564 2397 2900 2450 commodam
2923 2399 3130 2467 qmerit,
3157 2400 3241 2454 vel
3269 2402 3562 2456 incommo-

1988 2477 2115 2532 dum
2145 2478 2276 2550 fugit
2305 2500 2317 2535 :
2351 2482 2426 2536 sic
2457 2484 2684 2538 oderunt
2714 2486 2993 2541 Dominum
3023 2488 3204 2559 impii;
3234 2492 3310 2545 sic
3334 2489 3560 2561 diligunt

1983 2570 2133 2639 justi,
2169 2570 2269 2625 hoc
2302 2581 2383 2627 est
2410 2575 2593 2643 gratis,
2628 2576 2801 2629 utalia
2831 2587 3022 2645 praeter
3052 2578 3197 2633 illum
3232 2596 3333 2634 non
3362 2597 3556 2650 exspe-

1989 2670 2134 2716 ctent
2184 2662 2341 2729 bona,
2374 2666 2620 2734 quoniam
2666 2667 2779 2737 ipse
2829 2669 2929 2723 erit
2970 2670 3019 2723 in
3067 2672 3314 2725 omnibus
3359 2674 3556 2727 omnia.

1989 2751 2236 2822 Quisquis
2275 2768 2403 2807 vero
2441 2754 2598 2809 altius
2640 2757 2923 2811 attenderit
2959 2757 3228 2813 Christum
3268 2761 3554 2827 dicentem,

1990 2841 2051 2894 Si
2071 2858 2221 2911 Opera
2248 2859 2345 2895 non
2372 2844 2595 2913 fecissem
2621 2845 2672 2898 in
2708 2848 2796 2908 eis,
2826 2863 2939 2919 qua:
2964 2864 3107 2901 nemo
3136 2848 3265 2904 alius
3292 2852 3412 2921 fecit
3441 2848 3557 2923 (sed

1990 2932 2103 2987 lucc
2124 2943 2177 2987 et
2196 2935 2238 2987 si
2265 2935 2421 2989 Pater
2448 2946 2539 2990 aut
2568 2937 2794 3006 Spiritus
2826 2949 3039 2994 sanctus
3067 2940 3206 3005 fecit,
3240 2957 3394 2995 nemo
3422 2943 3559 2998 alius

1988 3023 2129 3085 fecit,
2160 3025 2279 3094 quia
2311 3027 2469 3078 totius
2490 3026 2759 3081 Trinitatis
2794 3044 2895 3081 una
2932 3030 3223 3084 substantia
3250 3030 3374 3103 est),
3403 3033 3557 3088 inve-

1988 3115 2097 3170 niet
2124 3117 2292 3185 ipsum
2324 3115 2531 3181 fecisse,
2555 3118 2829 3186 siquando
2850 3120 3108 3189 quispiam
3139 3121 3230 3175 Dei
3262 3122 3421 3175 homo
3451 3124 3559 3178 tale

1986 3205 2185 3276 aliquid
2219 3206 2359 3261 fecit.
2394 3207 2571 3261 Potest
2598 3210 2790 3277 quippe
2830 3208 2880 3262 in
2925 3210 3100 3278 seipso
3140 3219 3324 3264 cuncta
3354 3227 3449 3280 per
3471 3226 3559 3267 se-

1987 3296 2193 3367 ipsutn;
2224 3312 2382 3350 nemo
2423 3307 2598 3352 autem
2639 3306 2811 3367 potest
2852 3299 3046 3369 aliquid
3087 3300 3200 3354 sine
3238 3302 3371 3370 ipso.
3401 3301 3559 3355 Chri-

1988 3396 2100 3440 stus
2128 3402 2353 3456 namque
2395 3403 2513 3440 cum
2558 3389 2714 3443 Patre
2751 3398 2804 3443 et
2843 3390 3042 3459 Spiritu
3070 3402 3272 3457 sancto,
3300 3408 3405 3446 non
3435 3405 3559 3448 sunt

1988 3488 2094 3532 tres
2132 3478 2225 3540 dii,
2255 3478 2348 3531 sed
2392 3494 2528 3531 unus
2562 3479 2720 3545 Deus,
2745 3480 2812 3533 de
2840 3496 2945 3550 quo
2974 3482 3228 3550 scriptum
3256 3492 3356 3549 est,
3390 3482 3555 3536 Bene-

1985 3570 2144 3622 dictus
2172 3569 2418 3622 Dominus
2448 3569 2579 3623 Deus
2606 3570 2802 3636 Israel,
2846 3572 2932 3635 qui
2972 3573 3093 3642 facit
3130 3572 3380 3624 mirabilia
3420 3574 3561 3626 solus

1986 3655 2153 3729 (Psal.
2186 3674 2329 3722 Lxxt,
2360 3660 2468 3728 18).
2500 3660 2667 3713 Nemo
2704 3675 2831 3730 ergo
2872 3662 3005 3715 alius
3048 3662 3169 3716 fecit
3207 3677 3555 3731 qumcumque

1985 3765 2143 3818 opera
2168 3750 2219 3803 in
2243 3751 2319 3804 eis
2351 3750 2504 3816 fecit;
2532 3752 2776 3821 quoniam
2813 3752 3052 3821 quisquis
3096 3752 3231 3805 alius
3262 3752 3420 3806 homo
3453 3754 3553 3805 ali-

1984 3840 2108 3909 quid
2131 3856 2313 3893 eorum
2344 3840 2484 3903 fecit,
2514 3843 2630 3909 ipso
2657 3840 2884 3895 faciente
2904 3841 3043 3897 fecit.
3062 3842 3188 3896 Haec
3210 3852 3384 3897 autem
3414 3843 3547 3913 ipse,

1984 3946 2089 3984 non
2116 3930 2217 3985 illis
2241 3930 2571 3996 facientibus,
2601 3930 2743 3985 fecit.

2468 4022 2877 4079 TRACTATUS
2914 4023 3070 4078 XCII.

1984 4113 2050 4167 In
2070 4114 2176 4167 lare
2200 4114 2363 4177 verba,
2382 4115 2514 4169 Cum
2532 4124 2704 4168 autem
2728 4117 2930 4169 venerit
2953 4116 3256 4169 Paracletus
3273 4130 3427 4184 quem
3454 4131 3554 4185 ego

2056 4208 2257 4259 mittam
2276 4207 2421 4259 vobis
2440 4221 2468 4259 a
2487 4206 2661 4270 Patre,
2679 4204 2930 4275 Spiritum
2943 4206 3199 4270 veritatis,
3214 4216 3306 4259 etc.
3321 4206 3448 4276 Cap.
3463 4223 3555 4272 xv,

2069 4298 2102 4366 Ῡ
2138 4296 2442 4367 y.aa,27.

2059 4392 2107 4445 1.
2135 4392 2389 4445 Dominus
2414 4390 2566 4444 Jesus
2597 4390 2648 4443 in
2682 4404 2927 4444 sermone
2956 4404 3109 4459 quem
3135 4390 3342 4443 locutus
3369 4397 3452 4443 est
3473 4389 3553 4443 di-

1984 4482 2199 4553 scipulis
2244 4482 2353 4536 suis
2391 4490 2510 4550 post
2555 4495 2796 4546 ccenam,
2844 4482 3112 4548 proximus
3154 4480 3405 4549 passioni,
3436 4489 3553 4533 tam

1982 4590 2138 4644 quam
2183 4575 2349 4626 iturus
2395 4582 2447 4625 et
2488 4573 2768 4626 relicturus
2812 4586 2903 4625 eos
2949 4571 3228 4639 pratseutia
3266 4571 3548 4640 corporali,

1982 4680 2100 4718 cum
2150 4664 2395 4718 omnibus
2423 4670 2596 4718 autem
2628 4664 2737 4717 suis
2764 4678 2930 4732 usque
2960 4664 3012 4716 in
3040 4663 3553 4717 consummationem

1981 4756 2157 4809 smculi
2181 4756 2387 4808 futurus
2415 4754 2691 4823 prmsentia
2713 4755 2993 4823 Spirituali,
3022 4754 3337 4810 exhortatus
3355 4762 3437 4807 est
3456 4768 3551 4806 eos

1980 4846 2046 4899 ad
2081 4845 2417 4914 perferendas
2445 4846 2840 4914 persecutiones
2870 4846 3172 4915 impiorum,
3206 4860 3338 4915 quos
3364 4844 3551 4899 mundi

1982 4940 2194 4993 nomine
2246 4940 2606 5007 nuncupavit:
2647 4954 2711 4993 ex
2759 4954 2865 5009 quo
2919 4947 3095 4993 tamen
3149 4938 3345 4992 mundo
3385 4938 3549 4992 etiam

1982 5031 2125 5095 lpSllS
2158 5029 2445 5098 discipulos
2482 5043 2540 5083 se
2584 5028 2807 5098 elegisse
2846 5028 2997 5095 dixit,
3029 5038 3085 5082 ut
3116 5029 3310 5084 scirent
3358 5042 3417 5082 se
3458 5028 3549 5080 Dei

1978 5121 2143 5191 gratia
2172 5135 2289 5175 esse
2331 5119 2470 5190 quod
2516 5129 2658 5185 sunt,
2686 5122 2795 5174 suis
2823 5128 2996 5173 autem
3022 5120 3164 5172 vitiis
3207 5118 3368 5172 fuisse
3406 5118 3547 5186 quod

1979 5213 2209 5267 fuerunt.
2240 5212 2443 5267 Deinde
2480 5220 2848 5281 persecutores
2874 5219 2929 5265 et
2960 5224 3084 5263 suos
3112 5216 3166 5263 et
3190 5210 3423 5277 ipsorum
3449 5209 3545 5263 Ju-

1978 5304 2122 5358 dteos
2144 5301 2417 5357 evidenter
2439 5300 2722 5370 expressit,
2752 5306 2809 5353 ut
2836 5299 3059 5353 omnino
3080 5306 3359 5369 appareret
3385 5299 3546 5352 etiam

1978 5396 2123 5465 ipsos
2172 5392 2354 5447 mundi
2394 5392 2703 5447 damnabilis
2745 5390 3097 5460 appellatione
3134 5389 3431 5455 conclusos,
3454 5392 3546 5459 qui

1978 5482 2311 5554 persequitur
2336 5483 2603 5537 sanctos‘.
2635 5481 2874 5549 Cumque
2915 5478 2983 5535 de
3033 5478 3138 5534 illis
3177 5478 3377 5534 diceret
3401 5480 3540 5549 quod

1978 5578 2282 5649 ignorarent
2321 5589 2444 5631 eum
2472 5588 2501 5629 a
2527 5588 2632 5645 quo
2661 5572 2855 5629 missus
2881 5580 2983 5638 est,
3014 5580 3069 5627 et
3094 5581 3268 5630 tamen
3298 5572 3542 5632 odissent

2038 5692 2056 5725 ¹
2079 5690 2293 5753 Quinque
2319 5696 2443 5749 uss,
2467 5685 2550 5752 qui
2571 5690 2913 5753 persequuntur
2927 5689 3130 5739 suam.
