4102 6476
162 16 288 34 κῆ,

485 310 629 374 186⁸5

485 448 537 494 et
567 434 757 493 Filium
783 439 837 488 et
866 429 1104 494 Patrem,
1128 419 1230 480 hoc
1256 432 1358 492 est,
1387 431 1441 480 et
1467 437 1588 478 eum
1618 418 1707 491 qui
1739 417 1933 472 missus
1961 420 2062 477 est,

488 541 542 585 et
565 545 686 586 eum
724 543 752 579 a
781 540 885 595 quo
911 524 1102 578 missus
1133 529 1234 580 est.
1265 517 1334 572 de
1373 515 1564 586 quibus
1597 509 1840 566 omnibus
1871 508 1921 561 in
1949 504 2068 559 aliis

491 623 823 678 sermonibus
845 619 952 686 jam
977 614 1354 672 disseruimus;
1385 607 1450 662 ad
1473 606 1575 662 hoc
1600 603 1838 674 pervenit
1862 599 1949 654 tibi
1969 597 2063 662 ait,

494 715 561 770 Ut
586 711 919 780 udimpleutur
945 722 1106 759 sermo
1134 703 1217 773 qui
1257 701 1309 754 in
1352 698 1483 769 Lege
1522 713 1694 750 eorum
1721 693 1934 762 scriptus
1973 695 2065 753 est,

495 807 626 873 Quia
659 805 776 858 odio
804 799 1078 853 habueth
1122 811 1198 847 me
1227 788 1403 863 gratis.
1438 779 1636 844 Deinde
1665 796 1910 856 tanquam
1935 796 2066 835 con-

494 903 776 964 seqneutcr
817 891 1081 960 adjunxit,
1131 879 1270 940 unde
1311 883 1468 938 modo
1519 880 1791 949 disputare
1830 873 2068 944 suscepi-

496 1003 612 1041 mus
635 1004 648 1039 :
682 1006 700 1039 ι
732 985 862 1039 Cum
888 991 1064 1036 autem
1091 978 1292 1033 vencrit
1317 966 1620 1030 Paracletus
1643 985 1799 1041 quem
1826 983 1923 1037 ego
1948 965 2070 1019 mit-

497 1090 601 1132 tam
629 1076 777 1130 vobis
800 1091 829 1129 a
859 1071 1037 1135 Patre,
1065 1070 1316 1138 Spiritum
1339 1065 1574 1120 veritatis
1593 1061 1683 1131 qui
1709 1076 1737 1112 a
1766 1059 1920 1112 Patre
1942 1071 2067 1138 pro-
2109 1131 2113 1136 ἡ

493 1169 655 1234 cedit,
684 1167 768 1221 ille
793 1159 1151 1218 teSiimonium
1180 1150 1477 1228 perhibebit
1499 1148 1567 1208 de
1592 1167 1705 1214 me;
1734 1153 1788 1205 ct
1808 1163 1899 1202 vos
1922 1145 2070 1200 teSti-

494 1259 730 1313 monium
783 1250 1146 1325 perhibebitis,
1177 1249 1295 1318 quia
1325 1247 1392 1300 ab
1436 1244 1584 1298 initio
1637 1255 1842 1295 mecum
1868 1237 2017 1292 estis.
2041 1253 2060 1286 ι

493 1349 628 1417 Quid
657 1347 758 1401 hoc
797 1348 1024 1415 pertinet
1051 1341 1116 1396 ad
1155 1333 1282 1394 illud
1329 1335 1466 1407 quod
1491 1331 1717 1397 dixerat,
1747 1351 1766 1384 ι
1793 1330 1941 1385 Nunc
1967 1344 2065 1383 au-

497 1450 601 1494 tem
629 1447 684 1494 et
708 1436 972 1501 viderunt,
1001 1440 1056 1488 et
1080 1431 1308 1485 oderunt
1335 1435 1390 1482 et
1414 1441 1498 1480 me
1524 1433 1578 1478 et
1606 1424 1814 1478 Patrem
1847 1435 2023 1474 meum
2047 1435 2061 1471 :

494 1523 590 1585 sed
613 1537 670 1584 ut
695 1527 974 1596 impleatur
1009 1537 1186 1578 sermo
1209 1519 1299 1590 qui
1343 1516 1395 1572 in
1411 1511 1563 1585 .Lege
1609 1526 1792 1568 eorum
1838 1509 2068 1579 scriptus

493 1633 596 1689 est,
622 1622 752 1690 Quia
781 1619 904 1675 odio
931 1616 1228 1672 habuerunt
1256 1627 1340 1667 me
1366 1607 1562 1680 gratis?
1595 1626 1612 1659 ι
1648 1607 1728 1659 An
1751 1603 1871 1674 quia
1902 1602 2068 1656 Para-

497 1715 670 1770 cletus
699 1710 908 1783 quando
935 1709 1098 1773 venit,
1125 1705 1352 1775 Spiritus
1374 1698 1630 1761 veritatis,
1657 1710 1749 1750 eos
1789 1694 1880 1764 qui
1923 1691 2070 1748 vide-

494 1813 685 1861 runtet
695 1803 942 1866 oderunt,
965 1796 1267 1854 testimonio
1289 1789 1651 1848 manifestinre
1666 1783 1936 1840 convicit?
1959 1783 2070 1837 Imo

496 1910 626 1951 vero
650 1894 811 1949 etiam
839 1891 1046 1960 aliquos
1067 1903 1133 1942 ex
1161 1882 1262 1940 illis
1277 1880 1366 1955 qui
1393 1880 1652 1943 viderunt,
1685 1885 1739 1931 et
1765 1873 1940 1930 adhuc
1974 1869 2071 1928 od-

495 1994 667 2050 erant,
680 1984 746 2040 ad
761 1982 915 2038 fidem
931 1995 1048 2051 quae
1065 1993 1160 2048 per
1169 1971 1505 2031 dilectionem
1516 1975 1767 2039 operatur
1780 1965 1978 2037 (Colat.
2010 1974 2066 2030 v,

497 2076 661 2149 ὓ),ευί
675 2071 1092 2130 manifestatione
1108 2066 1386 2123 convertit.
1405 2056 1515 2118 Hoc
1538 2070 1594 2115 ut
1608 2061 1676 2113 ita
1696 2057 2068 2126 intelligamus,

497 2169 568 2223 ita
599 2166 794 2222 factum
819 2177 937 2218 esse
963 2155 1428 2216 recolimus.Venit
1450 2151 1591 2208 enim
1617 2151 1704 2206 die
1731 2150 2072 2204 Pentecostes

494 2257 725 2329 Spiritus
751 2263 966 2311 sanctus
990 2254 1042 2308 in
1070 2259 1282 2306 centum
1308 2247 1490 2317 viginti
1513 2243 1758 2299 homines
1779 2255 2072 2311 congrega-

498 2361 602 2414 tos,
630 2349 685 2404 in
704 2347 894 2419 quibus
917 2352 972 2401 et
991 2342 1230 2414 Apostoli
1255 2353 1441 2395 omnes
1469 2345 1640 2402 erant,
1667 2335 1758 2405 qui
1785 2331 1873 2388 illo
1895 2332 2070 2387 adim-

496 2439 627 2512 pleti
663 2453 784 2493 cum
811 2436 1005 2506 linguis
1030 2433 1267 2489 omnium
1301 2431 1536 2502 gentium
1565 2428 1926 2496 loquerentur,
1957 2425 2071 2512 plu-7

497 2510 586 2585 res
620 2542 686 2583 ex
728 2526 814 2582 his
848 2527 938 2596 qui
980 2523 1257 2592 oderant‘,
1295 2531 1441 2577 tanto
1483 2518 1737 2574 miraculo
1790 2510 2070 2588 stupefacti

498 2617 947 2695 (quandoquidem
964 2616 1208 2672 viderunt
1234 2615 1483 2684 loquente
1507 2611 1667 2666 Petro
1690 2619 1794 2664 tam
1821 2623 2068 2678 magnum

495 2719 654 2782 atque
689 2711 926 2766 divinum
969 2707 1330 2764 testimonium
1365 2702 1628 2774 perhiberi
1656 2701 1725 2757 de
1748 2697 1977 2766 Christo,
2013 2709 2071 2754 ut

496 2806 586 2861 ille
612 2804 701 2874 qui
728 2803 936 2859 occisus
957 2801 1026 2856 ab
1049 2801 1127 2856 eis
1150 2800 1288 2854 inter
1315 2806 1550 2853 mortuos
1574 2795 1944 2864 deputabatur,
1977 2808 2066 2848 re-

495 2895 788 2951 surrexisse
825 2902 880 2949 et
920 2894 1098 2948 vivere
1142 2888 1520 2962 probaretur),
1563 2885 1864 2956 compuncti
1906 2883 2069 2940 corde

494 2986 737 3041 conversi
764 2994 914 3050 sunt;
937 2994 991 3039 et
1021 2982 1152 3038 tanti
1176 2981 1444 3051 sanguinis
1466 2989 1572 3033 tam
1603 2977 1764 3047 impie
1788 2986 1945 3046 atque
1971 2976 2070 3030 im-

495 3076 721 3132 maniter
748 3076 849 3130 fusi
893 3073 1269 3142 indulgentiam
1308 3078 1676 3141 perceperunt,
1709 3069 1823 3138 ipso
1852 3064 2067 3121 redem-

493 3169 568 3238 pti
597 3167 850 3238 sanguine
875 3180 1030 3236 quem
1063 3163 1310 3218 fuderunt
1337 3162 1481 3235 (Act.
1509 3176 1565 3225 ιι,
1597 3159 1674 3229 2).
1705 3156 1900 3211 Christi
1926 3156 2085 3221 enim,

495 3260 707 3331 sanguis
743 3259 822 3314 sic
863 3259 917 3312 in
959 3257 1324 3312 remissionem
1355 3261 1693 3325 peccatorum
1722 3244 1958 3305 onmium
1988 3246 2073 3302 fu-

495 3365 587 3407 sus
613 3359 715 3417 est,
743 3360 802 3405 ut
826 3351 998 3419 ipsum
1032 3349 1190 3404 etiam
1230 3356 1502 3418 peccatum
1542 3352 1722 3414 posset
1757 3339 1937 3398 delere
1966 3357 2072 3412 quo

497 3443 643 3497 fusus
674 3449 774 3498 est.
808 3441 920 3496 lloc
959 3455 1087 3511 ergo
1138 3440 1350 3495 intuens
1396 3436 1649 3492 Dominus
1678 3434 1906 3498 dicebat,
1941 3431 2074 3486 Odia

497 3535 774 3589 habuerunt
817 3549 898 3588 me
932 3533 1088 3603 gratis
1119 3547 1137 3584 :
1164 3547 1278 3584 cum
1316 3539 1482 3583 autem
1525 3528 1709 3582 venerit
1749 3523 2071 3590 Paracletus,

494 3627 585 3682 ille
621 3625 955 3681 testimonium
1001 3622 1270 3695 perhibebit
1308 3621 1371 3674 de
1413 3636 1490 3673 me
1510 3634 1527 3672 :
1551 3628 1801 3688 tanquam
1852 3616 2071 3683 diceret,

495 3725 628 3781 Udio
657 3739 744 3778 me
786 3723 1103 3783 habuerunt,
1131 3729 1184 3774 et
1213 3718 1523 3773 occiderunt
1548 3715 1818 3779 videntes;
1849 3712 1942 3768 sed
1969 3712 2074 3768 tale

495 3816 561 3871 de
587 3829 672 3869 me
707 3813 1010 3868 Paracletus
1049 3810 1405 3866 testimonium
1447 3805 1763 3878 perhibehit,
1791 3813 1849 3867 ut
1873 3818 1966 3859 eos
1990 3801 2073 3857 fa-

494 3906 601 3960 ciat
632 3906 683 3958 in
711 3920 795 3958 me
821 3903 1037 3959 credere
1065 3918 1170 3956 non
1195 3900 1454 3954 videntes.

564 3995 620 4049 2.
662 3993 730 4048 Et
755 4010 870 4059 vos,
909 3994 1105 4062 inquit,
1133 3992 1469 4047 testimonium
1499 3987 1835 4060 perhibebitis,
1863 3987 1979 4058 quia
2013 3985 2076 4039 ab

495 4088 643 4142 initio
669 4103 866 4140 mecum
891 4087 1027 4140 estis.
1053 4085 1356 4140 Perhibcbit
1378 4083 1603 4152 Spiritus
1632 4091 1864 4146 sanctus,
1893 4078 2075 4150 perhi-

498 4178 689 4233 hebitis
717 4187 770 4232 et
800 4193 914 4232 vos.
937 4177 1068 4244 Quia
1097 4175 1238 4230 enim
1273 4176 1340 4230 ab
1377 4174 1526 4228 initio
1562 4187 1768 4227 mecum
1795 4173 1944 4234 estis,
1974 4185 2075 4240 po-

499 4263 650 4318 testis
678 4263 966 4331 prwdicare
995 4261 1136 4331 quod
1165 4260 1333 4314 nostis
1362 4277 1374 4312 :
1403 4258 1544 4329 quod
1577 4267 1632 4311 ut
1659 4258 1816 4311 modo
1845 4273 1952 4310 non
1993 4256 2076 4310 fa-

497 4358 669 4420 ciatis,
698 4356 839 4410 illius
863 4354 1092 4425 Spiritus
1131 4351 1402 4422 plenitudo
1441 4350 1675 4405 nondum
1717 4349 1870 4404 adest
1902 4348 2071 4403 vobis.

499 4446 598 4502 Ille
621 4463 739 4518 ergo
763 4445 1098 4512 testimonium
1123 4442 1392 4514 perliibebit
1415 4443 1477 4496 de
1502 4459 1597 4508 me,
1623 4450 1669 4494 et
1696 4457 1776 4494 vos
1803 4439 2079 4510 perhibebi-

499 4538 563 4591 tis
591 4553 610 4590 :
637 4537 784 4591 dabit
826 4537 969 4591 enim
1013 4535 1163 4588 vobis
1213 4532 1457 4588 ﬁduciam
1504 4532 1861 4588 testimonium
1901 4529 2077 4600 perhi-

498 4632 656 4688 bcndi
675 4631 906 4687 charitas
934 4631 1027 4686 Dei
1051 4629 1242 4686 diﬂ‘usa
1271 4630 1322 4682 in
1343 4629 1593 4683 cordibus
1618 4626 1810 4681 vestris
1837 4641 1931 4695 per
1959 4625 2078 4694 Spi-

498 4727 656 4780 ritum
700 4733 940 4779 sanctum
976 4723 1064 4792 qui
1103 4721 1312 4776 dabitur
1341 4720 1489 4775 vobis
1519 4722 1538 4787 (
1566 4719 1716 4774 Rom.
1744 4733 1797 4782 v,
1821 4718 1854 4774 5
1878 4717 1919 4790 ).
1948 4717 2079 4784 Qua:

501 4818 681 4886 utique
707 4815 865 4869 Petro
904 4813 1074 4868 adhuc
1101 4811 1298 4879 defuit,
1335 4811 1549 4880 quando
1588 4810 1824 4864 mulieris
1871 4809 2078 4863 ancilla:

502 4908 914 4977 interrogatione
938 4907 1270 4976 perterritus,
1300 4921 1403 4958 non
1438 4905 1605 4973 potuit
1625 4919 1807 4956 verum
1833 4902 2076 4955 tcsumo-

504 5002 648 5055 nium
676 5000 983 5069 perhibere;
1019 4997 1111 5051 sed
1150 5007 1332 5050 contra
1369 5010 1516 5048 suam
1547 4994 1977 5063 pollicitationem
2015 4993 2078 5046 ti-

505 5107 652 5147 more
681 5104 869 5160 maguo
893 5090 1197 5156 Compulsus
1223 5097 1306 5142 est
1338 5095 1416 5140 ter
1446 5102 1638 5152 negare
1668 5090 1682 5150 (
1719 5085 1902 5137 Matth.
1933 5100 2075 5145 xxvi,

505 5185 668 5240 69-74
689 5184 728 5253 ).
755 5184 934 5236 Timor
973 5191 1145 5235 autem
1191 5182 1288 5232 iste
1329 5195 1432 5232 non
1474 5188 1556 5229 est
1598 5179 1647 5228 in
1680 5176 1954 5240 charitate,
1987 5175 2080 5229 sed

507 5276 732 5346 perfecta
753 5276 985 5328 charitas
1008 5274 1146 5327 foras
1167 5273 1326 5326 mittit
1349 5271 1592 5324 timorem
1625 5269 1664 5337 (Ι
1685 5267 1840 5320 Juuu.
1867 5284 1936 5330 iv,
1968 5269 2076 5338 l8).

507 5370 743 5434 Denique
779 5378 898 5420 ante
938 5369 1234 5435 passionem
1277 5365 1502 5428 Domini,
1537 5365 1743 5416 servilis
1783 5363 1938 5416 timor
1966 5367 2082 5431 ejus

509 5461 856 5529 interrogatus
880 5468 962 5512 est
985 5474 1013 5512 a
1038 5458 1232 5512 femina
1260 5458 1560 5521 servitutis;
1587 5465 1708 5527 post
1736 5457 2080 5510 resurrectio-

507 5567 629 5606 nem
653 5565 780 5606 vcro
805 5550 1014 5604 Domini
1045 5549 1276 5605 liberalis
1300 5548 1416 5620 ejus
1437 5563 1589 5604 amor
1612 5548 1680 5604 ab
1700 5550 1814 5618 ipso
1835 5548 2081 5618 Principe

506 5644 764 5701 libertatis
791 5642 972 5715 (Joan.
1007 5659 1120 5712 xm,
1145 5644 1237 5715 15)
1261 5660 1276 5698 :
1301 5652 1355 5701 et
1385 5642 1504 5700 ideo
1525 5642 1598 5699 ibi
1627 5643 1958 5710 turbabatur,
1989 5641 2076 5698 hic

573 5761 588 5792 ι
613 5767 738 5820 uss,
760 5755 977 5809 adei’mu.

1409 297 1473 353 IN
1509 286 1786 354 JOANNIS
1825 280 2292 350 EVANGELIUM,
2331 280 2389 337 S.
2431 275 2797 337 AUGUSTINI

3625 278 3758 336 1864

2176 408 2645 479 tranquillabatur;
2670 406 2740 462 ibi
2760 420 2918 476 quem
2939 405 3197 462 dilexerat
3221 398 3468 472 negabat,
3490 398 3578 453 hic
3597 414 3760 469 quem

2179 507 2462 569 negaverat
2491 497 2761 569 diligebat.
2791 496 2896 552 Sed
2923 496 3095 551 adhuc
3123 496 3284 552 etiam
3312 502 3438 546 tunc
3463 505 3616 544 amor
3645 489 3761 559 ipse

2174 590 2415 645 infirmus
2445 591 2615 644 fuerat
2643 598 2697 644 et
2724 596 3000 658 angustus,
3040 587 3211 642 donec
3237 600 3359 640 eum
3389 583 3666 637 roboraret
3704 589 3762 634 et

2173 682 2419 737 dilataret
2461 681 2687 750 Spiritus
2733 689 2966 735 sanctus.
3017 679 3116 746 Qui
3161 685 3505 748 posteaquam
3553 673 3627 728 illi
3657 680 3764 728 est

2177 773 2500 828 abundantia
2531 773 2716 842 gratia:
2746 772 2989 842 largioris
3018 771 3241 834 infusus,
3273 769 3350 822 sic
3377 766 3442 820 ad
3474 766 3734 837 perhiben

2175 864 2304 918 dum
2334 863 2400 918 de
2425 862 2639 918 Christo
2669 863 3030 917 testimonium
3060 859 3324 930 quondam
3355 857 3471 926 ejus
3507 855 3759 926 frigidum

2175 964 2363 1026 pectus
2399 953 2675 1020 accendit,
2707 959 2866 1023 atque
2895 953 2982 1007 illa
3009 953 3157 1022 prius
3184 949 3384 1020 trepida
3410 963 3530 1020 qua
3558 948 3762 1002 verita-

2176 1054 2284 1100 te'm
2326 1053 2764 1114 suppresserant,
2801 1057 2895 1098 ora
2936 1042 3225 1106 reseravit,
3253 1051 3313 1095 ut
3339 1054 3459 1096 cum
3488 1053 3678 1093 omnes
3706 1037 3760 1092 in

2173 1155 2310 1210 quos
2335 1147 2558 1193 venerat
2587 1137 2816 1208 Spiritus
2845 1145 3059 1192 sanctus
3079 1178 3094 1202 ,
3131 1133 3326 1204 linguis
3360 1132 3598 1188 omnium
3629 1146 3768 1201 geu-

2173 1231 2303 1285 tium
2335 1230 2700 1300 loquerentur,
2732 1228 3040 1284 Iudaeorum
3071 1223 3538 1280 circumstantibus
3566 1221 3760 1282 turbis.

2171 1312 2321 1378 soliis
2349 1321 2414 1376 ad
2461 1321 2820 1376 testimonium
2863 1320 2930 1374 de
2966 1319 3182 1374 Christo
3223 1315 3606 1387 perhibendum
3644 1329 3761 1384 prae

2173 1412 2386 1467 caeteris
2414 1411 2708 1482 promptius
2735 1411 3008 1476 emicaret,
3042 1409 3262 1478 ejusque
3299 1405 3670 1462 interfectores
3691 1405 3764 1460 de

2173 1501 2314 1557 illius
2359 1500 2749 1555 resurrectione
2794 1497 3164 1554 confunderet.
3205 1498 3261 1553 Si
3313 1511 3471 1566 quem
3526 1495 3764 1550 delectat

2173 1598 2282 1646 tam
2310 1590 2543 1645 suaviter
2561 1599 2800 1644 sanctum
2821 1589 2837 1621 ⁸
2857 1589 2959 1644 tale
2979 1589 3341 1658 spectaculum
3361 1586 3576 1652 intueri,
3592 1588 3761 1642 Actus

2176 1681 2552 1752 Apostolorum
2601 1681 2740 1751 legat
2769 1679 2922 1752 (Act.
2950 1690 3074 1734 u-v.
3099 1678 3118 1750 )
3149 1697 3162 1732 :
3188 1679 3257 1734 ibi
3301 1679 3514 1733 beatum
3542 1677 3762 1732 Petrum

2176 1782 2336 1842 quem
2383 1779 2666 1841 negantem
2714 1771 2977 1837 doluerat,
3006 1779 3215 1840 stupent
3253 1769 3659 1840 praedicantem;
3688 1768 3760 1822 ibi

2176 1863 2410 1935 linguam
2441 1863 2582 1918 illam
2606 1863 2786 1920 videat
2820 1862 2886 1916 ad
2921 1861 3166 1918 fiduciam
3195 1878 3226 1916 a
3251 1861 3543 1917 diffidentia
3564 1901 3580 1925 ,
3608 1870 3664 1915 et
3691 1859 3763 1915 ad

2177 1954 2482 2011 libertatem
2509 1971 2539 2010 a
2561 1955 2816 2010 servitute
2839 1955 3166 2020 translatam,
3195 1963 3272 2010 tot
3299 1954 3505 2024 linguas
3522 1953 3764 2009 inimice.
3839 2015 3846 2028 η

2177 2061 2298 2101 rum
2326 2052 2643 2102 convertere
2671 2046 2736 2100 ad
2756 2044 2953 2101 Christi
2973 2047 3384 2112 confessionem,
3405 2061 3625 2115 quarum
3650 2059 3760 2100 non

2177 2137 2403 2192 valendo
2429 2152 2588 2191 unum
2613 2135 2774 2202 ferre,
2795 2149 2946 2190 versa
2974 2136 3146 2192 fuerat
3171 2137 3224 2190 in
3250 2134 3763 2206 negationem.de

2175 2229 2369 2298 plura?
2408 2229 2612 2285 Tantus
2661 2229 2715 2284 in
2765 2229 2858 2283 illo
2898 2227 3069 2300 fulgor
3105 2227 3311 2298 gratim,
3351 2237 3493 2282 tanta
3533 2228 3762 2297 Spiritus

2175 2321 2342 2376 sancti
2383 2320 2657 2390 plenitudo
2695 2320 3016 2391 apparebat,
3041 2331 3184 2375 tanta
3209 2320 3279 2374 de
3305 2334 3400 2375 ore
3427 2317 3764 2389 praedicatis

2179 2415 2580 2485 pretiosissimae
2627 2414 2869 2470 veritatis
2907 2414 3139 2484 pondera
3183 2412 3558 2483 procedebant,
3586 2419 3648 2466 ut
3679 2411 3765 2466 ir»

2174 2505 2351 2575 gentis
2385 2505 2740 2560 multitudinis
2782 2505 3118 2560 adversarios
3160 2502 3530 2560 interfectores
3565 2503 3764 2558 Christi

2173 2595 2387 2652 Iudaeos
2417 2595 2612 2651 faceret
2640 2611 2738 2666 pro
2777 2596 2870 2650 illo
2898 2605 3111 2665 paratos
3149 2594 3315 2657 mori.
3353 2610 3382 2650 ιι
3418 2593 3611 2665 quibus
3636 2609 3763 2648 cum

2175 2687 2266 2742 illo
2289 2685 2608 2742 formidabat
2631 2687 2820 2744 occidi.
2845 2687 2960 2741 Hoc
2988 2685 3116 2742 fecit
3140 2687 3369 2757 Spiritus
3393 2696 3612 2741 sanctus
3637 2694 3767 2741 tunc

2175 2777 2402 2837 missus.
2443 2784 2566 2831 ante
2603 2777 2918 2846 promissus.
2949 2776 3053 2830 Ista
3083 2777 3339 2830 Dominus
3372 2790 3562 2845 magna
3601 2784 3766 2844 atque

2177 2865 2414 2920 miranda
2454 2881 2550 2922 sua
2593 2866 2851 2921 beneficia
2898 2867 3250 2937 praevidebat,
3283 2866 3500 2938 quando
3530 2865 3762 2933 dicebat,

2183 2975 2203 3008 ι
2236 2957 2304 3011 Et
2327 2957 2594 3023 viderunt,
2620 2965 2676 3012 et
2699 2957 2927 3014 oderunt
2953 2966 3008 3012 et
3029 2972 3117 3013 me
3145 2967 3198 3013 et
3224 2959 3434 3013 Patrem
3463 2972 3639 3012 meum
3663 2974 3680 3012 :
3705 2966 3763 3012 ut

2177 3047 2534 3116 adimpleatur
2573 3061 2752 3102 sermo
2785 3047 2873 3116 qui
2906 3048 2955 3101 in
2985 3047 3126 3117 Lege
3169 3061 3354 3102 eorum
3391 3047 3619 3118 scriptus
3654 3054 3760 3113 est,

2178 3138 2302 3207 quia
2350 3137 2474 3193 odio
2521 3137 2827 3193 habuerunt
2865 3153 2949 3191 me
2974 3138 3161 3208 gratis.
3190 3138 3319 3191 Cum
3354 3119 3530 3192 autem
3559 3136 3768 3192 venerit

2181 3228 2488 3284 Paracletus
2515 3245 2671 3299 quem
2701 3244 2802 3299 ego
2821 3231 3026 3284 mittam
3054 3230 3203 3284 vobis
3240 3244 3270 3283 a
3310 3229 3484 3294 Patre,
3507 3229 3764 3300 Spiritum

2179 3318 2418 3372 veritatis
2438 3319 2528 3388 qui
2553 3334 2582 3370 a
2603 3318 2762 3373 Patre
2793 3319 3051 3388 procedit,
3079 3319 3168 3374 ille
3196 3319 3553 3373 testimonium
3580 3317 3766 3389 perhio

2178 3409 2325 3464 hebit
2366 3409 2434 3464 de
2476 3425 2591 3474 me;
2619 3419 2673 3465 et
2703 3424 2799 3464 vos
2828 3410 3184 3465 testimonium
3217 3409 3579 3479 perhihebitis.
3615 3429 3636 3463 ι
3667 3409 3767 3466 Ille

2181 3502 2379 3572 quippe
2426 3502 2785 3556 testimonium
2829 3503 3112 3571 perlubens
3145 3513 3200 3557 et
3243 3511 3410 3558 testes
3450 3503 3770 3558 fortissimos

2179 3593 2399 3657 faciens,
2428 3595 2646 3649 abstulit
2681 3595 2876 3650 Christi
2921 3596 3106 3649 amicis
3152 3596 3416 3662 timorem,
3441 3604 3496 3650 et
3518 3595 3768 3650 inimico-

2180 3701 2298 3741 rum
2327 3685 2505 3741 odium
2537 3687 2802 3740 convertit
2830 3686 2880 3740 in
2912 3701 3169 3740 amorem.

2651 3793 3061 3852 TRACTATUS
3107 3797 3284 3853 XCIII.

2181 3905 2262 3962 De
2281 3923 2340 3962 eo
2365 3908 2498 3974 quod
2525 3902 2774 3962 Dominus
2804 3905 2945 3971 dicit,
2976 3909 3100 3964 llzcc
3127 3911 3332 3965 locutus
3360 3926 3474 3966 sum
3505 3912 3676 3981 vobis,
3707 3919 3771 3968 ut

2251 4016 2358 4056 non
2399 4001 2860 4067 scandalizemini;
2892 4018 3046 4074 usque
3073 4003 3140 4055 ad
3166 4003 3238 4068 id,
3273 4002 3378 4058 Sed
3409 4001 3522 4059 huic
3558 4004 3770 4060 locutus

2251 4111 2368 4150 sum
2397 4095 2566 4159 vobis,
2593 4104 2673 4159 ut,
2704 4110 2824 4150 cum
2853 4097 3054 4151 venerit
3076 4095 3202 4150 hora
3221 4112 3428 4163 eorum,
3456 4097 3772 4152 reminiscao

2251 4188 2402 4254 mini,
2435 4189 2559 4257 quia
2584 4203 2683 4257 ego
2709 4187 2817 4242 dixi
2847 4186 3163 4258 vobis.Cnp.
3195 4204 3302 4251 va,
3327 4189 3361 4258 Ῡ
3385 4227 3400 4242 .
3435 4189 3550 4243 1-4.

2257 4280 2309 4334 1.
2354 4279 2410 4334 In
2444 4280 2524 4334 his
2551 4295 2670 4350 qua:
2697 4279 3003 4347 prwcedunt
3032 4279 3136 4334 hoc
3161 4279 3429 4350 Evangelii
3453 4280 3769 4350 capitulum,

2185 4369 2443 4425 Dominus
2480 4369 2769 4438 discipulos
2807 4385 2932 4424 suos
2971 4369 3038 4424 ad
3081 4371 3412 4426 inimicorum
3445 4371 3564 4426 odia
3595 4372 3774 4442 perfe-

2186 4459 2351 4517 renda
2383 4461 2731 4524 confirmans,
2773 4475 2871 4515 suo
2908 4477 3120 4531 quoque
3158 4455 3474 4532 przeparavit
3502 4463 3768 4533 exemplo,

2184 4562 2244 4605 ut
2270 4566 2390 4606 cum
2421 4551 2676 4604 imitando
2703 4551 2894 4604 fierent
2924 4551 3170 4606 fortiores
3195 4570 3208 4607 ε
3233 4553 3436 4608 addens
3461 4561 3515 4608 et
3541 4555 3771 4624 promit-

2186 4647 2307 4694 tens
2331 4641 2409 4695 eis
2436 4640 2576 4710 quod
2605 4650 2860 4695 venturus
2885 4652 3028 4696 esset
3054 4641 3280 4710 Spiritus
3308 4653 3522 4698 sanctus
3540 4685 3554 4708 ,
3583 4645 3671 4714 qui
3701 4640 3773 4700 de

2184 4733 2278 4787 illo
2305 4733 2666 4788 testimonium
2700 4728 3026 4802 perhiberet,
3055 4743 3106 4788 et
3133 4733 3388 4804 adjiciens
3416 4735 3555 4804 quod
3584 4744 3637 4790 et
3667 4732 3771 4804 ipsi

2186 4825 2376 4880 ﬁerent
2402 4834 2564 4880 testes
2602 4819 2740 4895 ejus,
2771 4819 2873 4881 hoc
2901 4826 3081 4895 utique
3109 4827 3158 4880 in
3183 4827 3260 4880 eis
3286 4837 3540 4896 operante
3569 4827 3771 4898 Spiritu
3799 4875 3802 4889 ί

2185 4924 2391 4969 sancto.
2431 4915 2521 4968 Sic
2564 4915 2703 4969 enim
2744 4915 2817 4968 ait
2846 4933 2858 4969 :
2890 4906 2990 4969 Ille
3029 4912 3366 4969 testimonium
3401 4917 3668 4986 per/tibebit
3709 4919 3775 4972 dc

2186 5026 2282 5072 me,
2316 5020 2359 5059 et
2394 5025 2476 5058 vos
2515 5009 2849 5060 testimonium
2893 5009 3224 5077 perhibebitis.
3277 5003 3469 5078 Utique
3513 5011 3632 5078 quia
3685 5010 3775 5066 ille

2187 5101 2482 5168 perhiliebit
2504 5141 2517 5161 ,
2560 5101 2717 5152 etiam
2768 5116 2860 5151 vos
2906 5100 3287 5167 pcrhihehitis:
3321 5100 3411 5154 ille
3441 5099 3492 5154 in
3522 5101 3775 5157 cordibus

2192 5194 2401 5250 vestris,
2441 5207 2534 5244 vos
2583 5191 2635 5243 in
2675 5190 2892 5243 vocibus
2926 5190 3150 5254 vestris;
3191 5190 3279 5244 ille
3319 5189 3642 5259 inSpirando,
3679 5207 3778 5245 vos

2189 5285 2427 5339 sonando
2461 5303 2472 5336 :
2507 5295 2560 5338 ut
2589 5285 2754 5352 pthsil
2785 5285 3013 5352 impleri,
3047 5284 3109 5337 In
3154 5302 3350 5338 omnem
3392 5297 3576 5338 terram
3625 5281 3776 5338 exiri:

2194 5396 2346 5430 sonus
2372 5395 2539 5429 eorum
2573 5378 2738 5445 (l’sal.
2764 5394 2914 5436 xvni.
2946 5378 3020 5447 Si).
3051 5378 3236 5430 Parum
3266 5378 3459 5447 quippe
3489 5378 3662 5433 fuerat
3685 5394 3782 5431 eos

2188 5468 2458 5523 adhortari
2486 5467 2730 5537 exemplo
2757 5482 2876 5533 suo,
2910 5467 3009 5521 nisi
3039 5468 3280 5536 impleret
3304 5465 3501 5538 Spiritu
3527 5483 3642 5521 suo.
3674 5467 3779 5520 Dc-

2189 5559 2349 5630 nique
2377 5558 2648 5626 apostolus
2678 5558 2863 5614 Petrus
2887 5573 3008 5613 cum
3033 5559 3142 5628 jam
3177 5559 3339 5614 verba
3369 5559 3484 5628 ejus
3516 5557 3776 5622 audisset,

2190 5648 2280 5704 ubi
2309 5648 2535 5712 dixerat,
2560 5645 2682 5703 Non
2712 5659 2781 5702 est
2819 5665 2988 5703 servus
3015 5650 3180 5720 major
3206 5650 3407 5704 domino
3444 5666 3537 5704 suo
3569 5665 3589 5704 :
3621 5650 3663 5703 si
3703 5637 3777 5703 me

2257 5760 2272 5792 ι
2301 5766 2348 5808 ιιι
2372 5761 2525 5809 tribus
2542 5767 2670 5820 “$5.,
2688 5759 2926 5822 trepidum.
