4102 6480
344 323 482 383 1865

343 444 592 521 persecuti
629 448 769 521 sunt,
796 447 842 494 et
878 453 964 492 vos
1002 442 1357 507 persequentur
1383 425 1787 521 (Joan.xv,420
1808 424 1853 521 )3
1872 432 1927 479 et

344 516 445 592 bac
471 536 527 590 in
557 533 647 589 illo
669 517 780 603 jam
803 529 1002 583 videret
1025 526 1252 595 impleri,
1277 525 1331 578 in
1357 537 1460 593 quo
1486 519 1796 592 patientiam
1824 516 1927 571 Do-

328 628 472 685 .mini
521 627 627 693 sui,
676 624 721 679 si
769 618 1072 691 exemplum
1118 615 1407 681 sufﬁceret,
1452 612 1635 669 debuit
1682 607 1922 664 imitari:

343 717 621 774 succubuit
667 724 721 770 et
762 710 992 783 negavit,
1024 724 1128 764 non
1173 704 1354 777 utique
1394 704 1573 761 ferens
1608 700 1749 774 quod
1779 700 1927 755 illum

344 808 485 864 ferre
534 804 808 862 cernebat.
849 801 981 858 Cum
1025 812 1149 855 vere
1202 796 1406 867 accepit
1454 795 1653 851 donum
1698 792 1928 863 Spiritus

341 898 534 964 sancti,
557 912 719 969 quem
746 902 1030 965 negaverat
1060 890 1394 962 praedicavit;
1422 894 1476 943 et
1499 900 1655 956 quem
1685 882 1929 940 conﬁteri

347 991 617 1056 timuerat,
660 1003 767 1044 non
812 979 990 1042 timuit
1027 981 1281 1055 proﬁteri.
1307 979 1462 1035 Prius
1502 974 1644 1034 enim
1684 975 1928 1046 exemplo

345 1081 559 1153 quidem
593 1078 764 1137 fuerat
789 1076 1030 1141 edoctus,
1057 1084 1112 1128 ut
1141 1070 1281 1143 quod
1312 1066 1426 1124 ﬁeri
1453 1070 1775 1124 cenve'nerat
1797 1080 1926 1121 nos-

344 1179 455 1237 set;
485 1170 580 1226 sed
609 1162 844 1225 nondum
872 1164 1269 1222 fuerat'virtute
1296 1161 1487 1235 fultus,
1509 1167 1567 1213 ut
1592 1157 1733 1229 quod
1757 1171 1928 1211 nove—

342 1271 431 1317 rat
460 1260 659 1317 faceret
681 1276 696 1313 :
718 1257 1006 1312 instructus
1030 1261 1143 1308 erat
1164 1262 1219 1307 ut
1243 1257 1426 1317 staret,
1449 1247 1545 1304 sed
1569 1262 1673 1302 non
1701 1255 1817 1302 erat
1842 1246 1931 1300 ﬁr-

342 1361 522 1407 matus
561 1365 630 1405 ne
666 1349 901 1405 cadéret.
947 1344 1098 1414 Quod
1147 1351 1490 1414 posteaquam
1538 1355 1632 1411 per
1673 1337 1928 1409 Spiritum

343 1449 591 1499 sanetum
620 1437 817 1497 factum
845 1448 955 1507 est,
986 1436 1316 1492 annuntiavit
1355 1448 1526 1505 usque
1564 1432 1631 1488 ad
1677 1440 1926 1498 mortem,

340 1541 507 1605 quem
538 1541 821 1603 negaverat
842 1531 1032 1585 timens
1056 1536 1303 1583 mortem.
1326 1525 1450 1581 Ideo
1472 1525 1726 1579 Dominus
1753 1524 1803 1578 in
1827 1523 1930 1577 boc

342 1622 698 1694 consequenti
739 1621 992 1691 capitulo,
1022 1618 1088 1674 de
1116 1633 1220 1688 quo
1250 1632 1391 1672 nunc
1417 1615 1569 1670 vobis
1606 1614 1929 1685 loquendum

342 1725 452 1785 est,
478 1715 627 1782 Htec,
651 1715 841 1786 inquit,
864 1714 1059 1767 locutus
1085 1728 1197 1766 sum
1221 1710 1378 1776 vobis,
1408 1718 1463 1763 ut
1490 1725 1591 1762 non
1618 1707 1929 1761 scandalize-

343 1809 494 1863 mini.
522 1808 739 1865 Canitur
762 1805 956 1876 quippe
985 1804 1037 1858 in
1065 1803 1307 1865 Pszilmo,
1337 1800 1455 1855 Pax
1486 1800 1644 1854 multa
1673 1799 1930 1870 diligenti-

344 1902 440 1956 bus
460 1902 620 1972 legem
642 1909 801 1965 tuam,
824 1906 869 1952 et
897 1913 997 1951 non
1019 1906 1089 1951 est
1114 1896 1216 1950 illis
1240 1893 1539 1948 scandalum
1556 1891 1723 1963 (Psal.
1744 1906 1928 1957 cxvut,

347 1992 504 2065 165).
532 1988 720 2048 Merito
748 1992 926 2061 itaque
963 1988 1230 2058 promisso
1254 1983 1453 2057 Spiritu
1492 1992 1711 2051 sancto,
1743 1988 1850 2053 qbo
1878 1983 1933 2037 in

346 2085 430 2141 eis
450 2088 705 2154 operante
730 2078 918 2137 ﬁerent
939 2082 1105 2135 testes
1127 2078 1262 2148 ejus,
1283 2074 1572 2146 subjunxit,
1596 2073 1718 2128 lI‘rec
1738 2074 1935 2127 [acutus

346 2192 465 2231 sum
490 2175 647 2241 vobis,
680 2186 734 2227 ut
760 2189 861 2226 non
885 2168 1315 2226 scandalizemini.
1349 2165 1479 2223 Cum
1522 2168 1664 2221 enim
1704 2163 1936 2219 Charitas

344 2264 444 2323 Dei
469 2266 780 2322 diffunditur
804 2264 856 2319 in
887 2262 1136 2318 cordibus
1170 2260 1369 2315 nostris
1407 2273 1502 2328 per
1526 2256 1781 2326 Spiritum
1808 2270 1937 2310 san-

349 2366 499 2413 ctum
519 2357 609 2427 qui
630 2354 783 2411 datus
803 2361 886 2410 est
909 2352 1064 2408 nobis
1086 2351 1261 2422 (Rom.
1282 2366 1337 2416 v,
1360 2347 1438 2421 5),
1462 2347 1521 2403 ﬁt
1545 2358 1648 2419 pax
1676 2346 1838 2401 multa
1858 2345 1938 2401 di—

348 2448 641 2523 ligentibus
667 2448 836 2518 legem
862 2446 977 2511 Dei,
1005 2452 1063 2499 ut
1081 2458 1185 2498 non
1207 2443 1276 2498 sit
1294 2441 1398 2496 illis
1419 2440 1744 2496 scandalum.

424 2543 480 2596 2.
504 2538 705 2596 Deinde
731 2536 856 2609 quid
877 2530 1082 2607 pasSuri
1108 2536 1307 2596 esSent,
1337 2531 1447 2602 jam
1488 2531 1793 2600 etprimcns
1817 2527 1890 2582 ait
1919 2531 1936 2582 ':

351 2624 521 2688 Extra
562 2644 847 2702 synagogas
893 2627 1077 2697 facient
1114 2641 1221 2680 vos.
1251 2623 1390 2692 Quid
1433 2631 1611 2679 autem
1656 2622 1779 2676 mali
1824 2627 1942 2675 erat

347 2722 626 2793 Apostolis
668 2710 863 2791 erpelli
898 2719 966 2775 de
1011 2717 1293 2791 synagogis
1332 2714 1587 2783 Judaicis,
1632 2713 1783 2785 quasi
1831 2714 1937 2769 nan

349 2815 478 2871 inde
504 2814 715 2870 fuerant
738 2828 798 2870 se
822 2810 1138 2883 separaturi.
1163 2808 1372 2865 etiamsi
1394 2823 1487 2865 eos
1508 2806 1682 2863 nullus
1703 2805 1940 2877 expelle-

349 2908 471 2963 ret?
497 2906 603 2962 Sed
634 2906 884 2962 nimirum
926 2904 1029 2959 hoc
1059 2901 1226 2957 voluit
1255 2896 1590 2965 denuntiare,
1618 2899 1740 2970 quia
1768 2897 1940 2954 Judxi

351 2998 626 3053 Christum
647 3012 755 3052 non
782 2995 990 3051 fuerant
1014 2992 1301 3063 recepturi,
1320 3006 1349 3045 a
1367 3005 1472 3061 quo
1493 2990 1579 3045 isti
1602 3004 1704 3043 non
1733 2988 1942 3044 fuerant

318 3082 649 3155 ~recessuri;
683 3097 736 3144 et
774 3087 896 3143 ideo
924 3085 1158 3141 futurum
1188 3092 1304 3139 erat
1339 3090 1399 3138 ut
1434 3081 1577 3138 foras
1604 3084 1942 3138 mitterentur

352 3191 477 3237 cum
509 3180 622 3248 illo,
653 3180 720 3234 ab
759 3180 839 3235 eis
874 3178 963 3248 qui
1004 3191 1125 3233 esse
1153 3176 1356 3231 nollent
1384 3175 1436 3229 in
1467 3173 1579 3238 illo,
1613 3172 1666 3228 hi
1694 3174 1782 3244 qui
1822 3188 1943 3229 esse

356 3287 463 3327 non
489 3280 710 3342 possent
732 3270 848 3326 sine
874 3269 985 3323 illo.
1010 3267 1143 3323 Nam
1171 3266 1429 3338 profecto,
1452 3266 1575 3336 quia
1596 3280 1702 3319 non
1729 3271 1846 3320 erat
1870 3254 1944 3319 ῡι-

357 3363 446 3418 ltts
482 3354 620 3418 alius
648 3358 876 3434 populus
904 3357 998 3415 Dei
1041 3367 1198 3429 quam
1246 3358 1373 3412 illud
1407 3372 1589 3413 semen
1619 3357 1864 3421 Abrahae,
1896 3356 1944 3412 si

356 3462 712 3525 agnoscerent
754 3461 810 3508 et
857 3451 1154 3522 reciperent
1178 3448 1484 3517 Christum,
1516 3456 1762 3519 tanquam
1806 3449 1940 3504 rami

357 3546 632 3601 naturales
658 3545 708 3598 in
737 3544 851 3599 olea
877 3550 1253 3615 permanerent
1284 3541 1301 3613 (
1327 3539 1414 3595 Id.
1439 3552 1510 3605 xl,
1539 3543 1603 3596 l7
1631 3542 1673 3613 );
1705 3547 1803 3596 nec
1825 3541 1943 3595 alite

360 3632 560 3689 ﬁerent
587 3632 837 3688 Ecclesia:
861 3631 1079 3697 Christi,
1121 3632 1238 3686 alia:
1278 3631 1569 3702 Synagogm
1594 3628 1898 3685 Judacorum
1928 3648 1941 3684 :

359 3725 568 3780 etedem
600 3727 615 3757 ¹
643 3724 838 3795 quippe
880 3730 1079 3789 essent,
1108 3721 1152 3777 si
1184 3722 1235 3777 in
1277 3722 1464 3777 eodem
1489 3726 1608 3775 esse
1632 3720 1941 3775 voluissent.

360 3814 515 3884 (ὶυού
535 3815 656 3884 quia
680 3815 981 3881 noluerunt,
1003 3812 1129 3884 quid
1149 3812 1383 3868 restabat
1402 3811 1503 3865 nisi
1532 3821 1586 3866 ut
1608 3818 1947 3866 remanentes

360 3919 515 3965 extra
542 3906 834 3973 Christum,
857 3915 1003 3961 extra
1030 3920 1324 3977 synagogas
1348 3904 1589 3959 facerent
1610 3918 1702 3960 eos
1721 3903 1810 3975 qui
1842 3918 1947 3958 non

361 4000 726 4070 relinquerent
744 3996 1050 4052 Christum?
1072 3999 1304 4065 Accepto
1325 3996 1517 4066 quippe
1542 3994 1742 4066 Spiritu
1764 4004 1948 4050 sancto

363 4100 530 4146 testes
560 4089 673 4160 ejus
702 4088 897 4153 effecti,
929 4104 1035 4143 non
1064 4088 1243 4157 utique
1273 4089 1404 4142 tales
1432 4096 1641 4154 essent,
1665 4088 1731 4142 de
1757 4088 1950 4159 quibus

362 4178 759 4237 dit‘iturzllulli
788 4179 1038 4250 principes
1053 4177 1348 4233 Judazorum
1379 4177 1697 4232 crediderunt
1721 4179 1773 4232 in
1800 4194 1949 4245 eum;

362 4275 452 4330 sed
482 4283 689 4344 propter
717 4282 901 4327 metum
929 4270 1251 4334 Judtcorum,
1277 4286 1337 4324 ne
1367 4270 1669 4340 pellerentur
1698 4269 1760 4323 de
1791 4286 1949 4341 syna-

361 4366 527 4435 gogis,
574 4379 676 4417 non
722 4362 969 4416 audebant
1008 4348 1236 4428 conﬁteri
1280 4370 1397 4414 eunt
1433 4376 1451 4414 :
1488 4359 1769 4414 dilexerunt
1819 4362 1952 4415 enim

360 4456 579 4530 gloriam
607 4454 865 4509 hominum
891 4455 1050 4525 inagis
1069 4470 1221 4523 quant
1251 4452 1345 4507 Dei
1357 4450 1531 4523 (Joan.
1555 4470 1647 4519 κη,
1675 4453 1744 4508 42
1765 4463 1809 4509 et
1825 4451 1950 4524 i5).

261 4599 265 4603 .
363 4548 720 4604 Crediderunt
747 4561 874 4616 ergo
906 4547 958 4599 in
992 4558 1146 4611 eum,
1174 4543 1269 4599 sed
1307 4561 1413 4599 non
1454 4545 1532 4600 sic
1565 4546 1830 4616 quomodo
1859 4561 1953 4602 eos

362 4642 581 4697 volebat
609 4641 850 4710 credere,
892 4644 981 4713 qui
1025 4643 1232 4697 dicebat
1266 4659 1278 4695 :
1314 4640 1579 4706 Quomodo
1609 4642 1812 4712 potestis
1840 4657 1950 4695 cre-

365 4735 505 4801 dere,
531 4735 748 4806 glariam
773 4731 835 4789 ab
860 4736 1066 4789 invicem
1092 4736 1453 4805 exspectantes,
1476 4741 1520 4788 et
1548 4733 1763 4805 gloriam
1787 4749 1900 4804 qua:
1922 4751 1954 4787 a

362 4831 475 4881 solo
520 4826 627 4882 Deo
665 4837 739 4882 est
802 4844 901 4883 non
939 4836 1212 4897 quwrentes
1243 4824 1370 4898 (Id.
1390 4840 1444 4891 γ,
1468 4826 1629 4896 ΜΗ
1674 4824 1956 4896 Discipulis

366 4935 495 4990 ergo
514 4920 595 4974 sic
614 4920 666 4975 in
688 4926 810 4975 eum
833 4918 1192 4982 credentibus,
1217 4924 1275 4972 ut
1303 4910 1504 4987 impleti
1526 4917 1723 4986 Spiritu
1744 4927 1949 4986 sancto,

365 5013 472 5070 hoc
498 5021 584 5070 est
620 5010 762 5068 dono
799 5014 981 5084 gratia:
1008 5013 1135 5075 Dei,
1170 5026 1272 5066 non
1305 5009 1409 5065 sint
1433 5009 1500 5066 de
1526 5017 1746 5067 numero
1770 5026 1956 5066 eorum

368 5107 459 5177 qui
506 5104 797 5177 ignorantes
834 5103 932 5158 Dci
969 5097 1241 5177 justitiam,
1274 5111 1320 5157 et
1357 5119 1500 5158 suam
1528 5101 1745 5158 volentes
1773 5104 1959 5158 consti-

367 5206 525 5264 tuere,
545 5198 762 5268 justitia:
781 5195 877 5251 Dei
903 5213 1003 5251 non
1024 5205 1139 5250 sunt
1164 5196 1374 5267 subjecti
1395 5191 1570 5264 (Rom.
1590 5212 1642 5262 x,
1669 5196 1749 5266 '5);
1774 5211 1873 5253 nec
1891 5197 1958 5253 de

368 5286 581 5343 illorum
608 5287 675 5343 de
708 5288 902 5358 quibus
938 5287 1138 5342 dictum
1166 5296 1269 5351 est,
1297 5286 1594 5342 Dileawrunt
1623 5288 1838 5359 gloriam
1867 5288 1961 5342 ho-

368 5381 562 5433 minum
592 5374 753 5451 magis
788 5396 940 5449 quam
972 5372 1064 5433 Dei
1084 5395 1101 5433 :
1121 5379 1207 5433 illa
1239 5378 1482 5451 congruit
1511 5379 1809 5449 prophetia,
1841 5395 1960 5449 qua:

370 5470 437 5527 de
478 5468 611 5541 ipsis
654 5470 920 5526 invenitur
958 5470 1205 5541 impleta,
1235 5469 1471 5534 Domine,
1499 5470 1552 5523 in
1583 5469 1770 5523 lumine
1795 5471 1962 5524 vultus

372 5563 447 5615 tui
476 5558 823 5628 ambulabunt,
845 5570 888 5615 et
918 5562 971 5614 in
993 5560 1193 5615 nomine
1217 5570 1302 5614 tuo
1324 5558 1644 5614 exsultabant
1666 5570 1769 5614 tota
1790 5561 1891 5627 die,
1914 5568 1963 5615 et

374 5652 426 5706 in
455 5661 541 5707 tua
557 5653 760 5723 justitia
787 5653 1171 5718 excitabuntur;
1197 5652 1436 5723 quoniam
1466 5652 1628 5726 gloria
1656 5653 1849 5710 virtutis
1878 5670 1964 5709 eo-

441 5764 461 5796 ι
478 5762 665 5827 Aliquot
686 5771 814 5823 Mss,
839 5764 1027 5814 eadem.

617 5847 843 5910 SANCT.
875 5849 1148 5909 Acacsr.
1188 5846 1295 5908 IlI.

1464 306 1871 367 TRACTATUS
1907 304 2090 363 XCIII.
2132 310 2355 369 CAPUT
2391 312 2508 371 XV.

3473 322 3611 382 1866

2028 439 2140 477 rum
2165 434 2216 479 tu
2236 444 2290 481 es
2317 427 2336 497 (
2361 427 2506 484 Psal.
2531 446 2788 499 Lxxxvm,
2815 432 2975 488 16-18
2995 431 3037 505 ).
3060 432 3245 489 Merito
3277 434 3355 491 eis
3391 436 3606 504 dicitur,

2032 511 2194 569 Extra
2223 524 2506 591 synagogas
2530 521 2716 592 facient
2739 539 2825 576 vos
2845 539 2863 576 :
2885 523 2958 577 illi
2982 524 3184 579 scilicet
3211 526 3299 595 qui
3325 527 3488 582 zelum
3514 527 3610 583 Dei

2031 604 2248 672 habent,
2300 609 2391 663 sed
2432 628 2532 666 non
2575 613 2847 667 secundum
2888 616 3182 682 scientiam,-
3210 629 3425 688 propter
3467 622 3609 690 quod

2029 696 2317 764 ignorantes
2346 699 2441 753 Dei
2471 701 2747 772 justitiam,
2786 713 2833 757 et
2873 720 3018 758 suam
3058 705 3272 760 volentes
3315 710 3612 765 constituere

2032 783 2206 855 (Rom.
2232 802 2284 851 χ,
2312 787 2406 842 2ει
2428 788 2503 859 5),
2529 805 2621 846 eos
2644 794 2913 863 expellunt
2935 795 2949 825 ¹
2969 795 3057 864 qui
3086 796 3258 850 nonin
3289 812 3404 861 sua,
3432 799 3525 853 sed
3556 801 3609 854 in

2032 875 2127 931 Dei
2165 877 2370 947 jnstitia
2419 881 2737 949 exaltantur,
2788 900 2888 939 nec
2936 886 3142 955 expulsi
3194 887 3262 942 ab
3309 889 3611 947 hominibus

2031 966 2372 1037 erubescunt,
2396 973 2644 1041 quoniam
2666 975 2830 1043 gloria
2855 976 3063 1032 virtutis
3088 992 3271 1033 eorum
3300 980 3411 1050 ipse
3434 991 3534 1036 est.

2103 1061 2155 1115 5.
2190 1061 2425 1132 Denique
2461 1079 2581 1118 cum
2608 1064 2713 1121 hoc
2737 1067 2816 1120 eis
2838 1067 3098 1134 dixisset,
3129 1069 3323 1139 adjecit
3351 1089 3367 1104 ο
3397 1071 3504 1127 Sed
3528 1087 3613 1128 ve-

2031 1151 2106 1205 nit
2132 1152 2257 1205 Itora
2283 1161 2337 1206 ut
2362 1154 2522 1208 omnis
2547 1157 2633 1225 qui
2651 1157 2887 1226 inter/icit
2906 1175 3011 1225 vos,
3034 1160 3299 1217 arbitretur
3324 1161 3613 1232 obsequium

2032 1256 2086 1294 se
2113 1253 2356 1313 praestare
2383 1243 2491 1298 Deo
2524 1260 2542 1299 :
2568 1255 2614 1299 et
2642 1246 2749 1300 hinc
2770 1249 2953 1319 facient
2977 1249 3130 1315 vobis,
3156 1252 3274 1322 quia
3301 1270 3402 1307 non
3425 1270 3613 1325 cogno-

2032 1341 2209 1388 verunt
2243 1333 2451 1391 Patrem
2481 1348 2636 1407 neque
2662 1355 2759 1393 me.
2795 1340 2907 1396 Hoc
2949 1350 3032 1398 est
3054 1385 3069 1409 ,
3118 1358 3224 1398 non
3250 1357 3614 1416 cognoverunt

2035 1426 2200 1483 Deum
2228 1439 2326 1484 nec
2363 1430 2480 1500 ejus
2517 1423 2748 1499 Filium,
2782 1435 2868 1489 cui
2912 1450 2970 1490 se
3021 1437 3072 1491 in
3118 1437 3266 1492 vobis
3309 1438 3613 1494 oecidendis

2035 1528 2286 1588 praestare
2313 1521 2642 1577 arbitrantur
2669 1524 3003 1594 obsequium.
3028 1527 3158 1594 Quae
3178 1529 3334 1583 verba
3359 1529 3615 1585 Dominus

2034 1608 2108 1662 ita
2134 1609 2387 1679 subjecit,
2419 1620 2668 1683 tanquam
2710 1630 2774 1668 ex
2806 1616 2908 1672 hoc
2937 1619 3303 1683 consolaretur
3330 1634 3453 1675 suos
3477 1661 3491 1686 ,
3522 1622 3616 1691 qui

2035 1698 2102 1754 de
2140 1702 2422 1772 synagogis
2447 1703 2681 1759 Judaicis
2707 1706 3050 1773 pellerentur.
3082 1708 3449 1766 Prmnuntians
3472 1712 3615 1771 enim

2036 1805 2154 1860 qua:
2182 1792 2317 1846 mala
2346 1803 2526 1848 essent
2551 1810 2647 1865 pro
2677 1795 2793 1865 ejus
2824 1798 3128 1854 testimonio
3155 1801 3475 1869 perpessuri,
3506 1784 3617 1855 Ex-

2036 1893 2114 1936 tra
2155 1901 2442 1956 synagogas
2465 1928 2479 1952 ,
2530 1888 2740 1956 inquit,
2772 1890 2956 1960 facient
2981 1902 3085 1945 vos.
3127 1891 3235 1947 Nec
3260 1893 3354 1961 ait,
3384 1893 3451 1947 Et
3474 1893 3620 1948 venit

2038 1974 2167 2029 hora
2192 1985 2253 2031 ut
2277 1978 2449 2032 omnis
2474 1981 2563 2049 qui
2592 1980 2838 2036 interﬁcit
2862 1996 2976 2050 vos,
2998 1983 3287 2040 arbitretur
3305 1986 3620 2057 obsequium

2038 2077 2098 2120 se
2132 2076 2383 2134 praestare
2428 2068 2556 2123 Deo.
2604 2069 2743 2137 Quid
2791 2086 2921 2141 ergo
2968 2074 3041 2126 ait
3077 2074 3231 2130 ?Sed
3269 2076 3400 2130 venit
3449 2076 3620 2133 liora:

2038 2157 2482 2225 quemadmodum
2508 2159 2732 2227 diceret,
2774 2162 2819 2216 si
2843 2163 3038 2232 aliquid
3068 2166 3189 2220 bOni
3218 2176 3334 2236 post
3359 2168 3494 2222 mala
3520 2168 3621 2224 ista

2037 2247 2371 2316 praediCcret.
2414 2249 2549 2316 Quid
2584 2251 2685 2305 sibi
2716 2267 2840 2321 ergo
2867 2254 3006 2318 vult,
3043 2254 3204 2308 Extra
3227 2272 3508 2327 synagogas
3537 2261 3622 2328 fa-

2039 2338 2168 2391 cient
2193 2354 2279 2393 vos
2311 2355 2328 2392 :
2355 2341 2443 2393 sed
2470 2343 2599 2395 venit
2625 2342 2792 2396 hora?
2819 2344 3089 2414 Tanquam
3115 2346 3215 2401 hoc
3230 2348 3470 2423 dicturus
3493 2349 3625 2403 fuis-

2041 2438 2123 2485 set
2152 2448 2165 2484 :
2193 2429 2527 2501 Separabunt
2566 2433 2641 2487 illi
2671 2434 2886 2503 quidem
2914 2450 3010 2489 vos
3035 2477 3050 2503 ,
3079 2436 3173 2490 sed
3215 2452 3313 2507 ego
3351 2450 3448 2493 vos
3474 2438 3627 2493 colli—

2041 2534 2193 2590 gam;
2221 2530 2333 2589 aut,
2361 2522 2696 2592 Separabunt
2720 2525 2933 2594 quidem
2961 2526 3036 2581 illi
3059 2540 3170 2592 vos,
3204 2527 3296 2583 sed
3324 2529 3469 2583 venit
3494 2528 3627 2585 hora

2041 2611 2237 2667 laetitiae
2260 2622 2470 2668 vestrae.
2501 2613 2636 2680 Quid
2665 2629 2794 2684 ergo
2818 2615 2910 2684 libi
2948 2616 3076 2671 facit
3112 2617 3212 2673 hoc
3237 2618 3458 2674 verbum
3483 2617 3628 2690 quod

2041 2703 2136 2771 ait,
2166 2703 2272 2758 Sed
2301 2705 2430 2758 venit
2456 2704 2601 2770 hora,
2629 2706 2781 2775 quasi
2802 2705 3223 2762 consolationem
3249 2708 3328 2762 eis
3353 2710 3630 2778 promitte-

2043 2803 2129 2850 ret
2170 2802 2289 2864 post
2330 2794 2761 2860 tribulationem;
2800 2811 2922 2850 cum
2953 2796 3121 2866 magis
3160 2796 3340 2853 dicere
3364 2784 3628 2854 debuisse

2042 2887 2286 2943 videatur
2327 2886 2613 2942 indicativo
2652 2887 2813 2941 modo
2838 2929 2853 2952 ,
2899 2886 2967 2942 Et
3007 2877 3153 2943 Venit
3191 2887 3363 2943 hora?
3386 2888 3491 2945 Sed
3518 2902 3629 2944 non

2042 2979 2137 3046 ait,
2166 2980 2231 3033 Et
2256 2978 2424 3045 venit,
2447 2992 2572 3033 cum
2598 2979 2997 3033 tribulationem
3026 2992 3186 3049 super
3209 2978 3627 3048 tribulationem,

2043 3088 2152 3127 non
2179 3071 2598 3127 consolationem
2627 3080 2749 3140 post
2788 3071 3181 3126 tribulationem
3221 3078 3496 3126 venturam
3526 3071 3632 3127 illis

2044 3179 2164 3220 esse
2189 3162 2522 3233 prxdiceret.
2552 3163 2633 3216 An
2663 3160 2798 3217 forte
2819 3162 2897 3217 sic
2919 3177 3012 3216 eos
3039 3162 3126 3216 illa
3148 3161 3217 3216 de
3241 3163 3523 3233 synagogis
3540 3176 3632 3218 se-

2045 3255 2252 3325 paratio
2281 3251 2455 3308 fuerat
2486 3251 2759 3307 turbatura
2781 3292 2797 3318 ,
2845 3262 2904 3306 ut
2932 3252 3065 3306 mori
3101 3252 3358 3318 mallent,
3388 3266 3547 3323 quam
3576 3253 3634 3309 in

2046 3345 2146 3400 hac
2171 3344 2275 3399 vita
2302 3333 2416 3399 sine
2456 3342 2761 3399 Iudaeorum
2803 3343 3303 3414 congregationibus
3322 3343 3634 3399 immorari?

2046 3437 2196 3491 Absit
2211 3435 2354 3490 utsic
2375 3434 2731 3502 turbarentur,
2757 3434 2845 3504 qui
2865 3435 2975 3500 Dei,
3001 3450 3104 3489 non
3128 3434 3399 3490 hominum
3412 3435 3636 3506 gloriam

2048 3526 2408 3598 requirebant.
2449 3524 2585 3595 Quid
2614 3540 2741 3596 ergo
2779 3533 2896 3591 est,
2932 3525 3089 3579 Extra
3120 3538 3401 3598 synagogas
3450 3527 3639 3597 facient

2048 3634 2134 3676 vos
2166 3620 2295 3675 :sed
2334 3621 2466 3674 venit
2493 3621 2654 3684 hora;
2693 3630 2813 3673 cum
2860 3619 3037 3687 potius
3065 3616 3246 3673 dicere
3285 3617 3535 3673 debuisse
3558 3618 3636 3674 vi-

2049 3711 2254 3778 deatur,
2286 3713 2349 3766 Et
2376 3711 2521 3765 venit
2544 3710 2692 3773 hora,
2722 3719 2776 3762 ut
2802 3709 2964 3762 omnis
2996 3708 3081 3775 qui
3107 3708 3343 3776 inter/icit
3367 3723 3473 3772 vos,
3499 3708 3640 3763 arbi-

2050 3811 2206 3857 tretur
2230 3803 2515 3881 obsequium
2544 3819 2597 3855 se
2622 3809 2862 3870 praestare
2888 3798 2998 3852 Deo
3014 3800 3039 3852 ξ)
3068 3799 3249 3868 Neque
3275 3798 3419 3854 enim
3444 3798 3641 3856 saltem

2050 3892 2251 3949 dictum
2281 3901 2382 3958 est,
2412 3891 2515 3949 Sed
2549 3892 2697 3947 venit
2722 3891 2852 3945 hora
2881 3899 2939 3945 ut
2968 3890 3286 3945 interﬁciant
3310 3903 3441 3957 vos,
3483 3891 3639 3960 quasi

2053 3994 2110 4041 ut
2137 3986 2217 4042 eis
2250 4000 2397 4039 mors
2418 3999 2518 4056 pro
2544 3983 2910 4038 consolatione
2937 3981 3078 4036 illius
3114 3981 3467 4050 separationis
3493 3982 3652 4037 seei--

2052 4077 2281 4143 deret‘;
2311 4075 2425 4140 sed,
2457 4074 2625 4138 Venit,
2659 4073 2848 4143 inquit,
2877 4072 3004 4125 liora
3031 4082 3088 4124 ut
3115 4071 3277 4126 omnis
3301 4072 3386 4142 qui
3406 4071 3645 4141 inter/icit

2053 4184 2161 4234 vos,
2189 4166 2458 4221 arbitretur
2476 4163 2764 4234 obsequium
2789 4179 2841 4216 se
2867 4172 3107 4232 praestare
3129 4160 3253 4215 Deo.
3278 4162 3507 4217 Prorsus
3531 4176 3641 4218 non

2053 4259 2186 4316 mihi
2215 4258 2425 4314 videtur
2452 4255 2595 4310 aliud
2621 4254 2921 4326 signiﬁcare
2948 4252 3203 4317 voluisse,
3236 4252 3335 4307 nisi
3364 4260 3421 4308 ut
3444 4253 3644 4309 intelli-

2053 4358 2243 4422 gerent
2269 4357 2430 4419 atque
2455 4345 2751 4418 gauderent
2783 4353 2888 4399 tam
2917 4344 3113 4399 multos
3138 4359 3197 4399 se
3223 4342 3439 4400 Christo
3462 4345 3645 4417 aequi-

2054 4444 2272 4509 situros,
2300 4429 2422 4496 eum
2445 4439 2513 4495 de
2533 4438 2838 4494 Judxorum
2864 4436 3364 4507 congregationibus
3384 4436 3644 4507 pelleren-

2057 4544 2163 4603 tur,
2194 4543 2254 4589 ιιι
2280 4550 2375 4589 eos
2400 4548 2506 4589 non
2532 4531 2803 4587 sufﬁceret
2830 4530 2851 4561 ³
2884 4530 3081 4599 pellere
3100 4571 3115 4592 ,
3148 4529 3242 4585 sed
3270 4544 3375 4584 non
3402 4530 3645 4585 sinerent

2056 4625 2255 4689 vivere,
2286 4639 2355 4679 ne
2391 4636 2577 4678 omnes
2606 4621 2671 4675 ad
2700 4635 2896 4675 nomen
2923 4619 3119 4675 Christi
3147 4634 3240 4675 sua
3266 4619 3647 4689 prtedieatione

2056 4722 2449 4779 converterent,
2483 4714 2630 4768 etab
2658 4712 3027 4767 observatione
3051 4710 3309 4767 Judaismi
3334 4738 3349 4776 ς
3393 4719 3643 4782 tanquam

2057 4810 2251 4866 divinae
2276 4806 2537 4872 veritatis,
2563 4813 2885 4859 averterent.
2930 4804 3042 4859 lloc
3069 4803 3210 4858 enim
3249 4803 3315 4859 de
3338 4801 3536 4858 Judaais
3560 4802 3647 4857 di-

2060 4909 2202 4956 ctum
2219 4898 2479 4954 debemus
2503 4896 2767 4966 accipere,
2782 4895 2848 4950 de
2861 4895 3054 4966 quibus
3075 4893 3303 4960 tlixerat,
3334 4892 3496 4947 Extra
3515 4909 3644 4963 syn-

2058 5009 2247 5065 agogas
2273 4991 2458 5063 facient
2495 5005 2601 5044 vos.
2629 4988 2761 5043 Nam
2790 4996 2974 5053 testes,
3006 4988 3057 5041 id
3082 4994 3163 5041 est
3197 4994 3457 5057 martyres
3480 4985 3611 5041 Chri
3640 5014 3646 5023 -
3704 5036 3715 5057 ,

2061 5086 2150 5154 sti,
2180 5082 2389 5140 etiamsi
2413 5081 2576 5138 occisi
2613 5091 2738 5136 sunt
2767 5097 2795 5135 a
2822 5079 3154 5142 Gentilibus;
3202 5094 3308 5133 non
3349 5087 3525 5133 tamen
3567 5077 3649 5135 illi

2063 5174 2306 5233 arbitrati
2333 5185 2457 5229 sunt
2480 5174 2626 5240 Deo,
2655 5172 2748 5228 sed
2777 5171 2880 5226 diis
2916 5171 3028 5225 suis
3069 5169 3211 5224 falsis
3247 5169 3561 5239 obsequium
3588 5185 3653 5227 se

2063 5276 2339 5340 praestare,
2367 5280 2488 5320 cum
2518 5264 2632 5318 haec
2657 5262 2911 5318 facerent.
2943 5261 3246 5315 Judacorum
3271 5268 3448 5315 autem
3476 5260 3651 5318 omnis

2064 5359 2153 5431 qui
2173 5357 2368 5414 occidit
2389 5355 2766 5427 praedicatores
2791 5350 3021 5418 Christi,
3051 5351 3160 5405 Deo
3187 5364 3247 5405 se
3278 5360 3531 5420 praestare
3556 5365 3655 5422 ρης

2133 5578 2147 5609 ¹
2174 5577 2247 5627 sic
2268 5582 2342 5624 Er.
2361 5573 2506 5637 Lugd.
2529 5580 2578 5622 et
2603 5580 2720 5637 ven.
2750 5576 2888 5637 ltt__B.,
2923 5575 3067 5637 ενι-αρε
3100 5565 3363 5637 capellam,
3387 5565 3543 5618 addita
3569 5579 3657 5616 vo-

2067 5638 2193 5695 cula,
2218 5644 2282 5698 et,
2303 5650 2396 5699 qua
2414 5628 2582 5699 darent
2605 5635 2718 5683 editi
2736 5633 2910 5695 quibus
2930 5628 3291 5693 adstipulainur.
3345 5637 3403 5678 at.

2135 5704 2153 5733 ²
2174 5697 2300 5757 ius,
2322 5697 2588 5747 accederet.
2632 5754 2662 5757 _
2838 5732 2841 5735 λ

2137 5748 2407 5822 Haeduis,
2447 5770 2539 5808 non
2556 5754 2841 5821 sufficerent.
2876 5760 2925 5802 tu
2948 5754 3120 5803 decem
3137 5760 3264 5813 uss,
3297 5764 3389 5803 non
3401 5748 3656 5815 sufﬁceret.

2658 5845 2729 5920 (ι
2748 5839 3280 5920 tnquante-neuf.)
