4030 6486
496 386 521 440 1
532 381 634 438 867

493 505 625 562 tavit
667 499 1016 569 obsequium;
1075 487 1302 546 credens
1356 479 1498 553 quod
1551 478 1860 569 desererent
1909 473 2077 569 Deum

497 595 682 663 Israel,
721 561 1043 663 quicumque
1083 582 1520 640 converterentur
1556 569 1626 663 ad
1667 565 1958 663 Christum.
2006 561 2076 620 Ut

494 688 636 745 enim
662 661 717 740 et
736 661 910 752 ipsum
933 675 1204 735 Christum
1225 666 1550 731 occiderent,
1573 662 1675 718 ista
1700 661 1907 752 ratione
1933 671 2076 711 com-

493 777 626 834 moti
655 749 780 830 sunt
808 789 822 826 :
849 783 973 824 nam
1013 777 1202 822 eorum
1243 760 1312 814 de
1343 757 1442 812 hac
1481 770 1539 809 re
1563 753 1722 809 etiam
1751 749 1912 805 verba
1938 761 2070 802 con-

492 867 690 936 scripta
713 870 856 918 sunt.
909 855 1101 914 Videtis
1124 853 1244 924 quia
1273 856 1407 903 totus
1432 845 1650 899 mundus
1676 849 1788 913 post
1813 855 1925 936 eum
1954 837 2074 936 abiit

497 928 676 1032 (lotin.
699 969 799 1020 xu,
831 951 923 1020 l9)
955 966 969 1003 :
998 948 1042 1002 si
1061 942 1396 1000 dimiserimus
1415 953 1527 992 eum
1548 935 1729 1000 vivere,
1752 932 1944 987 venient
1972 928 2076 982 Ro-

493 1022 654 1116 mani,
682 1057 728 1102 et
757 1042 930 1100 tollent
955 1038 1096 1094 nobis
1119 1045 1166 1092 et
1191 1034 1356 1089 locum
1378 1040 1425 1085 et
1445 1039 1658 1101 gentem.
1697 1025 1765 1080 Et
1793 1023 1932 1094 quod
1953 1022 2077 1116 Cai-

492 1143 626 1215 phas
640 1114 781 1197 dixit.
807 1152 822 1190 :
846 1132 1066 1203 Expedit
1089 1140 1143 1184 ut
1165 1144 1292 1183 unus
1313 1125 1461 1179 homo
1486 1121 1726 1215 moriatur
1746 1133 1842 1215 pro
1862 1114 2071 1186 papula,

491 1207 539 1291 et
566 1251 664 1290 non
686 1240 790 1287 tota
821 1242 941 1301 gens
964 1230 1133 1297 pereat
1163 1218 1272 1290 (Id.
1301 1233 1377 1282 xl,
1402 1215 1490 1277 48,
1514 1212 1626 1281 50).
1657 1209 1721 1264 Et
1746 1209 1798 1301 in
1824 1207 1926 1260 hoc
1946 1220 2073 1301 ergo

491 1336 740 1382 sermone
769 1297 896 1374 suos
931 1311 1222 1384 discipulos
1247 1321 1345 1364 suo
1373 1305 1540 1361 erexit
1567 1299 1812 1370 exemplo
1833 1338 1848 1364 ,
1880 1297 2072 1366 quibus

489 1417 716 1478 dixerat,
749 1411 810 1467 Si
839 1425 916 1463 me
943 1402 1186 1478 persecuti
1213 1406 1349 1465 sunt,
1378 1405 1423 1450 et
1453 1409 1537 1448 vos
1571 1397 1926 1464 persequentur

486 1522 594 1571 xv,
632 1503 762 1574 20)‘;
805 1509 861 1554 ut
905 1477 1351 1568 quemadmodum
1389 1486 1540 1540 illum
1583 1479 1875 1579 occidendo
1901 1519 1917 1545 ,
1959 1477 2073 1579 Deo

487 1611 547 1656 se
589 1571 906 1666 praestitisse
963 1583 1277 1654 obsequium
1336 1583 1697 1651 putaverunt,
1765 1571 1844 1626 sic
1905 1571 2068 1626 etiam

482 1687 622 1746 illos.

552 1778 609 1833 4.
657 1775 760 1831 Iste
788 1774 964 1843 itaque
982 1781 1170 1824 sensus
1191 1771 1275 1821 est
1302 1762 1354 1816 in
1383 1759 1468 1814 his
1500 1757 1672 1812 verbis
1700 1772 1714 1809 :
1756 1753 1916 1808 Extra
1943 1768 2068 1822 syn-

485 1883 674 1941 agogas
726 1866 913 1938 facient
955 1877 1079 1924 vos;
1124 1856 1219 1913 sed
1261 1853 1425 1909 nolite
1482 1846 1823 1905 solitudinem
1879 1843 2067 1898 formi-

484 1960 612 2016 dare
638 1975 653 2013 :
679 1955 913 2028 separati
948 1951 1145 2026 quippe
1187 1963 1220 2004 a
1247 1943 1658 2014 congregatione
1685 1953 1870 1996 eorum
1896 1978 1910 2001 ,
1958 1945 2064 1990 tam

483 2050 680 2107 mullos
704 2049 756 2103 in
779 2045 994 2102 nomine
1040 2054 1162 2098 meo
1181 2035 1570 2108 congregabitis
1588 2074 1603 2096 ,
1631 2040 1688 2086 ut
1715 2031 1788 2085 illi
1818 2037 2062 2084 metuen-

481 2152 564 2198 tes
603 2157 671 2198 ne
695 2139 950 2210 templum
977 2134 1118 2206 quod
1146 2141 1261 2188 erat
1291 2128 1431 2200 apud
1455 2142 1548 2182 eos
1568 2167 1582 2191 ,
1610 2133 1664 2181 et
1692 2124 1869 2179 omnia
1909 2120 2065 2191 Legis

479 2233 678 2289 veteris
716 2235 1049 2286 sacramenta
1085 2223 1402 2279 deserantur
1425 2260 1440 2285 ,
1469 2217 1790 2272 interﬁciant
1813 2229 1948 2278 vos;
1986 2214 2065 2269 sic

479 2325 762 2380 fundentes
807 2320 1116 2391 sanguinem
1161 2323 1396 2372 vestrum
1423 2355 1437 2379 ,
1480 2319 1537 2368 ut
1569 2313 1674 2366 Deo
1714 2325 1772 2366 se
1809 2319 2064 2380 praestare

479 2417 804 2471 arbitrentur
830 2411 1163 2482 obsequium.
1209 2409 1347 2463 Ecce
1389 2415 1472 2461 est
1518 2403 1646 2459 illud
1689 2402 1831 2474 quod
1871 2402 1939 2457 de
1978 2401 2062 2456 bis

478 2506 614 2562 dixit
640 2504 923 2576 Apostolus
943 2542 960 2571 ,
989 2495 1172 2557 Zetum
1199 2500 1292 2554 Dei
1320 2497 1520 2562 habent,
1548 2495 1637 2550 sed
1665 2511 1764 2548 non
1788 2493 2062 2548 secundum

478 2598 736 2652 scientiam
762 2593 935 2668 (Rom.
962 2609 1017 2660 x,
1037 2591 1095 2664 Ξ)
1128 2610 1140 2646 :
1174 2590 1483 2660 obsequium
1512 2601 1570 2642 se
1595 2592 1780 2656 putant
1806 2590 2060 2653 praestare

478 2690 610 2754 Deo,
647 2685 1014 2743 interﬁcienth
1053 2679 1281 2738 famulos
1323 2681 1435 2736 Dei.
1461 2679 1505 2734 0
1531 2692 1682 2733 error
1721 2675 2056 2731 horrendus!

473 2781 623 2837 Itane
670 2787 728 2833 nt
773 2778 982 2848 placeas
1029 2776 1171 2840 Deo,
1215 2772 1448 2843 percutis
1487 2769 1784 2839 placentem
1828 2768 1973 2832 Deo;
2004 2774 2060 2821 et

475 2873 728 2942 templum
756 2871 852 2927 Dei
891 2870 1067 2925 vivum
1099 2875 1151 2922 te
1174 2865 1403 2922 feriente
1430 2862 1788 2934 prosternitur
1811 2901 1825 2927 ,
1855 2875 1924 2914 ne
1964 2859 2058 2913 Dei

472 2965 729 3036 templum
759 2962 1025 3034 lapideum
1046 2960 1320 3015 deseratur
1337 2957 1361 3012 ?
1379 2954 1424 3011 Ο
1443 2952 1784 3012 exsecrabilis
1805 2951 2016 3007 etecitas
2039 2950 2053 3007 Ξ

473 3056 580 3112 Sed
609 3071 673 3112 ex
697 3063 845 3126 parte
872 3053 924 3107 in
947 3050 1108 3106 lsrael
1136 3050 1269 3103 facta
1295 3055 1395 3112 est,
1428 3054 1485 3099 ut
1508 3041 1782 3114 plenitudo
1805 3039 2054 3097 Gentium

471 3147 698 3201 intraret
725 3161 739 3198 :
771 3159 837 3198 ex
874 3151 1044 3212 parte,
1087 3140 1298 3209 inquam
1325 3178 1341 3204 ,
1384 3135 1521 3191 facta
1547 3142 1629 3188 est
1649 3175 1664 3197 ,
1696 3147 1799 3186 non
1829 3147 1891 3186 ex
1920 3139 2052 3184 toto.
2095 3185 2100 3188 ,

469 3237 588 3294 Νοιι
615 3237 758 3294 enim
789 3249 974 3293 omnes
994 3275 1008 3298 ,
1040 3232 1134 3288 sed
1162 3230 1323 3300 aliqui
1352 3243 1415 3284 ex
1447 3226 1608 3280 ramis
1635 3225 1784 3279 fracti
1811 3231 1964 3288 sunt,
1998 3231 2056 3275 ut

469 3331 800 3386 insereretur
845 3326 1074 3380 oleaster
1121 3323 1229 3394 (Id.
1261 3337 1313 3376 xl
1335 3359 1354 3389 ,
1381 3318 1453 3374 25
1476 3360 1492 3386 ,
1533 3316 1645 3389 17).
1675 3317 1806 3372 Nam
1852 3316 2052 3385 Spiritu

468 3430 654 3477 sancto
719 3419 972 3492 implente
1035 3415 1325 3485 discipulos
1375 3411 1612 3476 Christi,
1679 3424 1802 3465 cum
1857 3409 2051 3478 linguis

467 3515 706 3568 omnium
731 3511 968 3582 gentium
995 3509 1339 3578 loquerentur
1364 3546 1379 3570 ,
1428 3518 1550 3556 cum
1597 3515 1695 3572 per
1735 3515 1829 3554 eos
1873 3499 2049 3553 divina

469 3603 724 3660 miracula
769 3602 1264 3672 frcquentarentur,
1296 3604 1350 3652 et
1377 3595 1554 3649 divina
1583 3591 1790 3661 eloquia
1829 3605 2049 3661 sparge-

467 3705 692 3758 rentur,
739 3693 900 3748 etiam
928 3690 1139 3744 occisus
1166 3688 1234 3741 ita
1275 3686 1500 3740 dilectus
1544 3691 1628 3737 est
1665 3681 1944 3747 Christus,
1991 3689 2050 3735 ut

370 3770 375 3776 ’
463 3785 582 3855 ejus
607 3782 850 3853 discipuli
875 3780 1080 3851 expulsi
1108 3795 1138 3831 a
1166 3772 1666 3847 congregationibus
1701 3770 2006 3826 Judaeorum
2029 3811 2044 3835 ,

467 3892 534 3933 ex
562 3876 690 3946 ipsis
718 3889 930 3946 quoque
955 3871 1152 3927 Judzeis
1184 3869 1450 3939 ingentem
1491 3865 1881 3920 multitudinem
1913 3877 2056 3917 con-v

464 3976 783 4040 gregarent,
834 3974 889 4021 et
931 3964 1129 4018 nullam
1169 3958 1504 4014 solitudinem
1535 3956 1883 4012 formidarent
1909 3955 2043 4026 (Act.

461 4057 624 4128 n-tv).
673 4057 804 4110 llinc
841 4069 967 4124 ergo
1001 4050 1212 4106 accensi
1239 4049 1418 4104 cmteri
1448 4047 1662 4116 reprobi
1688 4054 1741 4100 et
1767 4046 1924 4110 θέρει,
1955 4059 2044 4098 ze-

460 4149 572 4203 lum
603 4148 697 4203 Dei
729 4146 1016 4208 habentes,
1043 4143 1137 4198 sed
1178 4156 1281 4194 non
1323 4140 1612 4195 secundum
1653 4138 1926 4192 scientiam
1946 4178 1959 4199 ,
1991 4143 2046 4192 et

463 4239 776 4308 obsequium
823 4250 883 4291 se
929 4242 1182 4304 praestare
1223 4231 1334 4284 Deo
1376 4229 1695 4291 credentes,
1731 4227 2044 4282 occidebant

463 4345 577 4387 eos.
619 4328 723 4384 Sed
753 4341 850 4396 pro
889 4325 992 4379 illis
1029 4323 1239 4377 occisus
1277 4321 1557 4390 colligebat
1593 4333 1714 4385 eos;
1746 4321 1835 4390 qui
1864 4319 1930 4373 de
1962 4319 2043 4375 his

459 4421 688 4484 futuris,
734 4425 1015 4486 antequam
1052 4412 1383 4468 occideretur
1405 4450 1420 4477 ,
1453 4410 1776 4464 instruxerat
1810 4425 1903 4466 eos
1930 4451 1944 4474 ,
1976 4426 2042 4466 ne

459 4513 674 4584 ignaros
697 4517 857 4580 atque
881 4508 1167 4576 imparatos
1191 4503 1398 4558 animos
1419 4501 1555 4556 mala
1582 4501 1846 4570 inopinata
1868 4510 1921 4556 et
1945 4503 2044 4555 im.

457 4603 694 4676 provisa,
729 4598 972 4671 quamvis
1000 4599 1106 4652 cito
1134 4595 1436 4657 transitura,
1463 4592 1755 4656 turbarent,
1784 4593 1880 4647 sed
1908 4609 2043 4662 prae-

462 4697 672 4768 cognita
699 4703 752 4751 et
775 4691 1036 4763 patienter
1064 4696 1278 4757 accepta
1303 4685 1371 4740 ad
1401 4687 1537 4741 bona
1564 4685 1886 4754 sempiterna
1915 4699 2040 4754 per-

459 4790 738 4844 ducerent.
782 4784 932 4839 Hanc
953 4781 1096 4837 enim
1125 4779 1286 4833 fuisse
1313 4792 1526 4832 causam
1556 4784 1612 4830 ut
1641 4775 1756 4832 haec
1783 4777 1861 4832 eis
1898 4790 2040 4846 prte-

461 4882 762 4942 nuntiaret,
809 4873 968 4931 etiam
997 4873 1109 4942 ipse
1137 4869 1518 4926 demonstravit
1556 4868 1848 4939 adjungens
1878 4885 1891 4922 :
1934 4867 2041 4924 Sed

456 4974 562 5027 [ire
590 4971 787 5026 locutus
821 4983 931 5022 sum
958 4965 1113 5032 vobis,
1145 4972 1198 5018 ut
1225 4979 1338 5017 cum
1365 4961 1551 5017 venerit
1580 4962 1708 5016 hora
1735 4978 1926 5029 comm,
1954 4978 2038 5015 re-

453 5062 790 5119 miniscamini
814 5061 932 5130 quia
959 5074 1048 5132 ego
1078 5058 1183 5112 dixi
1208 5057 1362 5111 vobis.
1394 5055 1536 5110 liora
1581 5070 1766 5110 eorum
1795 5054 1922 5109 hora
1961 5063 2040 5109 te-

455 5154 706 5222 nebrosa,
737 5154 869 5209 hora
897 5161 1172 5207 nocturna.
1202 5148 1306 5204 Sed
1349 5148 1400 5202 in
1428 5148 1515 5203 die
1553 5147 1823 5202 mandavit
1849 5147 2036 5202 Domi-

454 5266 556 5306 nus
575 5247 996 5307 misericordiam
1021 5259 1192 5306 suam,
1212 5253 1270 5300 et
1296 5243 1346 5296 in
1376 5251 1532 5298 nocte
1551 5241 1840 5296 declaravit
1863 5239 2033 5312 (Psal.

454 5355 566 5408 xu,
596 5340 653 5410 9)
685 5356 700 5393 :
733 5337 944 5408 quando
971 5350 1072 5390 nox
1100 5333 1402 5390 Judamrum
1428 5341 1732 5404 separatum
1753 5346 1784 5386 a
1808 5346 1867 5386 se
1892 5330 2034 5386 diem

455 5430 879 5487 Christianorum
921 5427 1065 5482 nulla
1094 5423 1404 5480 confusione
1444 5423 1701 5490 fuscavit;
1733 5433 1788 5479 et
1823 5423 2035 5494 quando

453 5539 670 5580 carnem
713 5521 955 5577 occidere
997 5517 1204 5589 potuit,
1259 5517 1417 5572 [idem
1463 5516 1737 5572 tenebrare
1783 5530 1888 5570 non
1937 5530 2034 5585 po-

496 5636 572 5672 ιιι.

455 5628 572 5674 Μ’
925 5676 1550 5768 τιιριατιιτιιςχαιιτ.

454 5804 534 5862 De
552 5820 608 5860 eo
638 5805 771 5871 quod
789 5804 908 5860 dicit
926 5803 1106 5874 ,Jesus,
1134 5803 1258 5858 llaec
1282 5809 1457 5855 autem
1484 5796 1632 5854 vobis
1657 5795 1722 5849 ab
1744 5793 1893 5850 initio
1922 5809 2028 5850 non

1369 355 1484 435 ,ιιι
1521 353 1794 416 ιυειΝΝιε
1833 343 2294 415 mummium,
2334 350 2390 405 s.
2433 352 2799 411 aueusrm

3628 360 3652 416 Ι
3663 359 3760 417 868

2254 463 2388 533 dixi,
2419 468 2540 537 quia
2566 469 2841 525 vobiscum
2867 487 3012 527 eram
3039 488 3053 539 ;
3084 489 3240 543 usque
3271 474 3340 527 ad
3377 474 3433 528 id
3453 517 3468 540 ,
3498 475 3553 532 Si
3581 486 3754 532 autem

2252 556 2434 612 abiero
2453 601 2468 625 ,
2498 561 2703 616 mittam
2733 579 2857 618 eum
2886 564 2952 619 ad
2980 581 3090 622 vos.
3123 566 3251 637 Cap.
3277 583 3393 634 xvi,
3434 569 3467 639 ᾗ
3491 608 3505 622 .
3534 571 3657 626 5-7.

2254 649 2306 702 1.
2349 647 2481 705 Cum
2513 651 2770 708 Dominus
2797 653 2953 710 Jesus
2979 657 3309 726 praedixisset
3345 659 3620 730 discipulis
3655 663 3762 718 suis

2183 742 2583 807 persecutiones
2607 759 2739 814 quas
2767 747 2971 815 passuri
3007 746 3212 803 fuerant
3242 758 3360 819 post
3399 750 3514 820 ejus
3546 751 3759 808 absces-

2180 845 2319 896 sum,
2352 834 2638 904 suhjunxit,
2668 846 2828 908 atque
2852 839 2928 893 ait
2959 857 2972 892 :
3009 839 3134 895 Ilaec
3160 850 3328 896 autem
3365 843 3500 898 vobis
3529 844 3590 898 ab
3620 833 3761 900 initio

2180 937 2280 975 non
2309 922 2418 977 dixi
2437 965 2453 990 ,
2492 925 2612 995 quia
2650 927 2905 992 vobiscum
2957 947 3096 983 eram
3129 947 3146 984 :
3175 948 3308 986 nunc
3333 945 3502 987 autem
3539 935 3667 989 vado
3697 936 3764 990 ait

2179 1030 2291 1068 eum
2315 1017 2402 1080 qui
2435 1034 2512 1072 me
2537 1019 2690 1073 misit.
2718 1011 2818 1076 Ubi
2862 1023 3092 1102 primum
3119 1023 3399 1080 videndum
3431 1036 3513 1082 est
3535 1069 3551 1094 ,
3583 1036 3760 1082 tttrum

2177 1103 2256 1159 eis
2304 1101 2502 1161 futuras
2549 1124 2654 1163 non
2701 1111 3005 1179 praedixerit
3043 1123 3166 1169 ante
3195 1115 3488 1183 passiones.
3529 1117 3632 1174 Sed
3671 1119 3761 1173 alii

2176 1204 2286 1250 tres
2331 1200 2668 1269 evangelista:
2709 1204 2836 1257 satis
2879 1221 2999 1259 eum
3043 1206 3351 1275 praedixisse
3392 1209 3488 1267 ista
3540 1210 3761 1266 demon-

2177 1301 2367 1358 strant,
2415 1305 2696 1367 antequam
2741 1309 2956 1355 ventum
3001 1311 3143 1357 esset
3187 1303 3254 1358 ad
3299 1317 3506 1360 comam
3549 1304 3758 1376 (Matth.

2177 1397 2324 1450 xxrv,
2357 1384 2424 1452 9;
2462 1386 2626 1442 Marc.
2650 1405 2766 1454 xut,
2797 1390 2932 1446 9-15
2955 1432 2971 1458 ,
3003 1402 3050 1446 et
3079 1393 3206 1447 Luc.
3236 1409 3325 1448 xxt
3347 1435 3362 1460 ,
3391 1394 3584 1468 12-17)
3616 1415 3628 1450 :
3657 1411 3760 1477 qua

2175 1485 2389 1543 peracta
2421 1478 2711 1534 secundum
2743 1480 3000 1537 Joannem
3034 1484 3128 1537 ista
3156 1485 3365 1540 locutus
3388 1493 3506 1551 est,
3534 1487 3625 1541 ubi
3649 1489 3758 1555 ait,

2174 1562 2302 1618 Ilaec
2323 1576 2486 1620 autem
2513 1569 2647 1623 vobis
2670 1571 2732 1624 ab
2761 1573 2903 1626 initio
2925 1590 3025 1627 non
3047 1573 3174 1640 dixi,
3192 1578 3310 1646 quia
3323 1575 3573 1632 vobiscum
3599 1594 3756 1634 erant.

2173 1659 2256 1712 An
2289 1658 2422 1716 forte
2448 1661 2574 1718 hinc
2602 1666 2700 1718 ista
2731 1665 2954 1721 solvitur
2977 1668 3200 1737 qumstio
3220 1709 3237 1734 ,
3278 1669 3400 1737 quia
3428 1677 3482 1724 et
3521 1670 3597 1724 illi
3635 1686 3758 1725 eum

2173 1759 2393 1804 narrant
2435 1754 2666 1821 passioni
2698 1757 2992 1824 proximum
3030 1757 3196 1814 fuisse
3224 1773 3344 1814 cum
3373 1759 3486 1814 ιιωο
3513 1759 3759 1817 diceret?

2171 1839 2285 1894 Non
2317 1858 2443 1912 ergo
2482 1844 2550 1899 ab
2581 1846 2730 1901 initio
2759 1849 2972 1918 quando
2999 1863 3122 1906 cum
3167 1851 3274 1906 illis
3300 1861 3454 1920 erat,
3496 1853 3617 1924 quia
3642 1853 3758 1924 jam

2171 1931 2542 2001 discessurus,
2591 1939 2809 2008 jamque
2860 1940 2927 1995 ad
2979 1941 3193 1997 Patrem
3251 1955 3588 2014 perrecturus
3641 1946 3758 2000 lure

2169 2026 2302 2081 dixit
2333 2046 2348 2084 :
2378 2038 2432 2084 et
2457 2029 2578 2085 ideo
2617 2033 2774 2086 etiam
2803 2037 3096 2088 secundum
3143 2034 3262 2090 illos
3291 2036 3642 2107 evangelistas
3665 2053 3758 2092 ve-

2170 2134 2288 2174 rum
2315 2129 2396 2175 est
2425 2122 2564 2191 quod
2593 2123 2678 2178 hic
2701 2124 2897 2180 dictum
2929 2135 3032 2193 est,
3062 2125 3189 2181 Ilwc
3217 2138 3383 2182 autent
3409 2127 3544 2183 vobis
3567 2129 3630 2182 ab
3654 2129 3755 2184 ini-

2167 2212 2237 2266 tio
2266 2229 2366 2267 non
2405 2214 2532 2268 dixi.
2581 2215 2688 2270 Sed
2715 2217 2840 2286 quid
2865 2219 3070 2288 agimus
3112 2219 3179 2274 de
3217 2220 3320 2275 lide
3364 2221 3633 2292 Evangelii
3662 2236 3754 2276 se-

2165 2303 2395 2358 cundum
2422 2305 2745 2370 Matlhaaum,
2773 2307 2863 2378 qui
2890 2308 3005 2364 haec
3027 2310 3104 2363 eis
3130 2324 3160 2364 a
3188 2309 3414 2365 Domino
3444 2327 3548 2365 non
3575 2312 3754 2367 solum

2164 2407 2283 2447 eum
2310 2394 2419 2463 jam
2455 2404 2600 2450 esset
2625 2395 2829 2450 Pascha
2857 2411 2978 2451 cum
3018 2397 3291 2468 discipulis
3315 2409 3620 2455 caenaturus
3651 2401 3756 2454 im-

2165 2484 2402 2539 minente
2425 2485 2695 2554 passione,
2724 2502 2908 2542 verum
2934 2495 2987 2542 et
3012 2487 3079 2542 ab
3104 2487 3252 2542 initio
3280 2489 3588 2544 denuntiata
3626 2505 3755 2547 esse

2163 2584 2567 2641 commemorat,
2597 2576 2682 2630 ubi
2715 2577 2941 2645 primum
2987 2578 3301 2633 nominatim
3329 2579 3610 2635 duodecim
3646 2597 3754 2638 ex-

2163 2663 2464 2732 primuntur
2505 2666 2743 2736 Apostoli
2773 2709 2788 2733 ,
2833 2675 2886 2722 et
2927 2666 2995 2723 ad
3034 2682 3198 2740 opera
3245 2669 3421 2725 divina
3463 2671 3757 2728 mittuntur

2162 2753 2376 2827 (Matth.
2397 2773 2451 2820 x,
2486 2759 2615 2829 i7)?
2645 2759 2778 2825 Quid
2804 2759 2902 2816 sibi
2932 2775 3058 2831 ergo
3085 2761 3194 2816 vult
3220 2764 3361 2832 quod
3391 2764 3475 2818 hic
3495 2766 3588 2832 ait,
3619 2765 3756 2820 Ilwe

2162 2857 2332 2901 autem
2354 2848 2491 2903 vobis
2517 2850 2579 2903 ab
2607 2850 2748 2904 initio
2777 2867 2876 2905 non
2903 2850 3029 2916 dixi,
3049 2853 3165 2921 quia
3189 2853 3436 2907 vobiscum
3451 2872 3589 2908 eram
3608 2872 3624 2909 :
3643 2856 3752 2911 nisi

2159 2938 2280 3008 quia
2302 2953 2365 2994 ea
2386 2955 2504 3009 quae
2527 2939 2612 2995 hic
2630 2940 2758 2995 dicit
2787 2940 2853 2996 de
2879 2941 3079 3010 Spiritu
3107 2951 3312 3008 sancto,
3343 2943 3481 3014 quod
3519 2946 3591 3000 sit
3619 2963 3754 3001 ven-

2160 3036 2309 3084 turus
2346 3029 2414 3084 ad
2460 3045 2554 3086 eos
2596 3041 2650 3087 et
2694 3033 3055 3087 testimonium
3097 3033 3485 3104 perhibilurus,
3531 3037 3752 3108 quando

2158 3123 2297 3177 lnala
2324 3124 2413 3177 illa
2455 3125 2659 3194 passuri
2690 3135 2846 3192 sunt,
2880 3125 2995 3182 hmc
3022 3125 3090 3182 ab
3129 3129 3278 3184 initio
3303 3129 3382 3184 eis
3420 3145 3524 3184 non
3575 3131 3749 3197 dixit,

2155 3213 2279 3283 quia
2309 3229 2427 3268 cum
2453 3215 2582 3283 ipsis
2607 3216 2764 3270 erat?

2225 3304 2281 3361 2.
2325 3305 2641 3361 Consolator
2685 3323 2813 3378 ergo
2855 3309 2945 3364 ille
2979 3309 3063 3364 vel
3091 3308 3379 3365 advocatus
3425 3311 3751 3382 (utrumque

2153 3398 2296 3452 enim
2328 3399 2706 3468 interpretatur
2728 3401 2868 3470 quod
2895 3410 2977 3456 est
3000 3418 3173 3472 grtece
3204 3402 3558 3474 paraclctus),
3593 3403 3751 3460 Chri-

2152 3499 2236 3543 sto
2256 3489 2575 3545 abscedente
2603 3490 2774 3546 fuerat
2799 3493 3170 3558 necessarius;
3199 3503 3253 3548 et
3277 3493 3398 3550 ideo
3421 3495 3489 3550 de
3517 3497 3613 3551 illo
3639 3512 3746 3552 non

2151 3578 2358 3635 dixerat
2385 3580 2452 3635 ab
2482 3581 2633 3636 initio
2653 3582 2863 3652 quando
2883 3597 3002 3637 cum
3027 3583 3128 3639 illis
3155 3593 3286 3649 erat,
3315 3587 3436 3655 quia
3461 3587 3581 3656 ejus
3606 3605 3750 3659 pm:-

2152 3674 2322 3726 sentia
2372 3673 2785 3729 consolabantur
2814 3692 2828 3728 :
2859 3675 3206 3731 abscessurus
3232 3686 3411 3740 autem
3455 3681 3751 3747 oportebat

2151 3771 2210 3818 ut
2255 3763 2455 3818 diceret
2499 3764 2647 3818 illum
2677 3779 2798 3821 esse
2831 3774 3110 3822 venturum
3136 3809 3150 3832 ,
3181 3784 3278 3838 per
3304 3786 3464 3839 quem
3497 3770 3749 3826 futurum

2149 3866 2263 3912 erat
2292 3867 2349 3912 ut
2377 3857 2633 3913 charitate
2661 3857 2850 3913 diffusa
2880 3859 2932 3914 in
2963 3861 3212 3917 cordibus
3241 3863 3352 3917 suis
3382 3862 3612 3919 verbum
3647 3865 3747 3920 Dei

2148 3963 2268 4004 cum
2313 3949 2499 4004 ﬁducia
2544 3950 2926 4022 praedicarent;
2978 3962 3034 4008 et
3080 3953 3170 4010 illo
3227 3955 3546 4012 intrinsecus
3594 3957 3745 4026 apud

2149 4057 2243 4096 eos
2274 4043 2632 4098 testimonium
2675 4044 2986 4112 perhibente
3020 4044 3086 4100 de
3116 4044 3360 4111 Christo,
3393 4047 3492 4116 ipsi
3516 4062 3741 4117 quoque

2147 4133 2506 4188 testimonium
2523 4133 2893 4203 perhiberent;
2919 4149 3091 4205 neque
3109 4135 3598 4192 scandalizarentur
3614 4153 3745 4192 cum

2147 4223 2349 4280 inimici
2369 4225 2539 4282 Judaei
2563 4224 2765 4296 absque
2794 4226 3077 4298 synagogis
3101 4225 3336 4281 facerent
3355 4242 3468 4294 eos,
3493 4236 3546 4282 et
3573 4229 3749 4283 inter-

2147 4315 2372 4372 ﬁcerent
2419 4316 2740 4372 arbitrantes
2782 4317 3097 4386 obsequium
3148 4332 3207 4372 se
3262 4326 3516 4387 praestare
3571 4319 3748 4376 Deo:

2145 4408 2396 4479 quoniam
2433 4407 2664 4464 charitas
2693 4408 2871 4463 omnia
2901 4408 3088 4462 tolerat
3113 4408 3159 4478 (l
3188 4407 3304 4462 Cor.
3331 4424 3458 4475 xm,
3487 4409 3542 4481 7)
3569 4451 3587 4477 ,
3620 4426 3748 4481 quae

2146 4499 2486 4555 diliundenda
2516 4509 2632 4556 erat
2659 4500 2712 4554 in
2738 4499 2987 4555 cordibus
3011 4515 3194 4554 eorum
3225 4516 3318 4570 per
3353 4501 3585 4570 Spiritus
3611 4517 3750 4558 Sull-

2145 4591 2216 4646 cti
2239 4589 2437 4645 donum
2469 4588 2644 4660 (Rom.
2681 4606 2713 4644 v
2733 4631 2748 4657 ,
2779 4590 2858 4661 5).
2889 4591 3026 4645 llinc
3061 4605 3189 4661 ergo
3217 4591 3316 4646 iste
3348 4598 3487 4647 totus
3523 4591 3751 4647 ducitur

2145 4695 2355 4747 sensus,
2385 4681 2506 4752 quia
2535 4679 2771 4735 facturus
2795 4695 2890 4736 eos
2926 4689 3041 4736 erat
3070 4689 3330 4752 martyres
3361 4696 3484 4736 suos
3507 4722 3522 4747 ,
3554 4681 3613 4737 id
3663 4692 3752 4738 est

2145 4781 2312 4830 testes
2338 4787 2463 4828 suos
2488 4787 2582 4841 per
2609 4771 2864 4843 Spiritum
2893 4782 3168 4838 sanctum;
3214 4781 3270 4826 ut
3299 4773 3389 4826 illo
3411 4771 3463 4827 in
3490 4773 3571 4828 eis
3603 4789 3751 4841 ope-

2145 4875 2324 4930 rante,
2354 4867 2783 4937 persecutionum
2811 4882 3158 4937 quaecumque
3185 4881 3373 4936 aspera
3403 4867 3749 4935 tolerarent,

2143 4974 2244 5014 nec
2274 4959 2615 5030 frigescerent
2658 4975 2687 5013 a
2730 4960 2987 5014 charitate
3027 4958 3384 5028 praedicandi,
3431 4957 3524 5011 illo
3549 4957 3752 5013 divino

2143 5051 2265 5122 igne
2291 5051 2553 5106 succensi.
2585 5050 2711 5108 ch
2735 5067 2881 5122 ergo,
2911 5051 3102 5121 inquit,
3134 5048 3327 5105 locutus
3351 5067 3464 5104 sum
3487 5051 3654 5117 vobis,
3691 5061 3753 5106 ut

2141 5161 2256 5198 cum
2279 5144 2462 5198 venerit
2485 5143 2609 5198 ltora
2632 5159 2823 5210 eorum,
2852 5141 3242 5196 rentiniscamini
3259 5141 3377 5213 quia
3402 5157 3492 5213 ego
3511 5141 3628 5196 dixi
3657 5159 3755 5200 vo-

2142 5235 2217 5290 bis
2248 5234 2424 5308 (Juan.
2456 5251 2579 5302 xw,
2621 5235 2702 5306 4).
2739 5233 2861 5291 [ltro
2903 5232 3107 5287 scilicet
3134 5231 3344 5288 locutus
3378 5247 3498 5287 sum
3530 5233 3710 5290 vobis
3734 5274 3752 5300 ,

2141 5343 2246 5382 non
2274 5334 2472 5380 tantum
2495 5326 2616 5396 quia
2643 5324 2847 5395 passuri
2877 5323 3006 5378 estis
3032 5324 3169 5389 ista;
3209 5322 3305 5379 sed
3330 5323 3454 5393 quia
3483 5338 3614 5378 cum
3645 5341 3752 5380 ve-

2139 5419 2280 5473 nerit
2307 5418 2605 5488 paraclelus
2630 5417 2753 5483 ille,
2788 5414 3148 5471 testimonium
3175 5414 3476 5486 perhibebit
3507 5413 3576 5469 de
3612 5430 3752 5485 me,

2140 5527 2208 5566 ne
2229 5511 2328 5565 ista
2357 5509 2591 5564 timendo
2620 5509 2858 5573 taceatis,
2889 5505 3031 5562 unde
3063 5505 3156 5560 ﬁet
3181 5514 3238 5560 ut
3263 5505 3422 5562 etiam
3453 5519 3543 5559 vos
3574 5508 3751 5561 testi-

2139 5603 2373 5657 monium
2418 5599 2760 5671 perhibeatis.
2805 5597 2934 5654 Ilwc
2961 5607 3130 5651 autem
3156 5597 3294 5652 vobis
3337 5597 3400 5653 ab
3437 5597 3588 5651 initio
3641 5615 3754 5654 non

2139 5696 2264 5760 dixi,
2293 5697 2412 5767 quia
2440 5695 2693 5749 vobiscum
2719 5709 2857 5746 eram
2880 5735 2895 5758 ,
2928 5700 2978 5746 et
3018 5707 3118 5761 ego
3147 5705 3244 5746 vos
3267 5691 3588 5746 consolabar
3620 5708 3752 5746 mea

2139 5790 2401 5861 corporali
2437 5786 2716 5860 prmsentia
2737 5827 2752 5856 ,
2791 5786 3030 5842 exhibita
3076 5785 3322 5842 humanis
3356 5783 3611 5841 sensibus
3645 5801 3746 5842 ve-
