4102 6470
305 360 441 421 1869

303 475 447 539 stris,
479 485 641 545 quam
671 470 875 544 parvuli
896 485 1086 541 capere
1116 472 1390 542 poteratis.

371 567 426 622 3.
460 564 618 620 Nunc
642 573 809 618 autem
836 563 963 616 vado
989 563 1057 617 ad
1082 580 1198 617 eum
1232 566 1319 633 qui
1347 582 1425 619 me
1448 567 1580 621 misit
1607 582 1627 621 .'
1648 576 1696 621 et
1718 582 1883 633 nemo,

301 656 491 727 inquit,
522 672 588 712 ea:
608 656 746 710 vobis
765 655 1037 725 interrogat
1059 671 1156 721 me,
1183 654 1294 719 Quo
1318 657 1499 711 vadis?
1523 658 1792 727 Signiﬁcat
1811 658 1889 714 sic

298 763 358 805 se
381 747 579 803 iturum
610 754 667 802 ut
690 746 864 801 nullus
882 746 1254 816 interrogaret,
1278 748 1417 817 quod
1445 749 1615 817 palam
1641 749 1750 804 fieri
1773 749 1887 804 visu

296 838 542 906 corporis
590 843 874 892 cernerent
918 851 934 891 :
975 849 1099 889 nam
1147 837 1392 906 superius
1434 838 1889 909 interrogaverunt

296 942 420 982 eum
449 941 554 998 quo
574 934 720 985 esset
739 927 930 994 iturus,
953 933 1006 982 et
1025 927 1373 997 responderat
1392 928 1470 982 eis
1489 942 1547 983 se
1569 928 1763 984 iturum
1783 944 1889 1000 quo

297 1016 397 1087 ipsi
443 1026 571 1073 tunc
611 1017 792 1073 venire
834 1032 938 1072 non
982 1026 1197 1087 possent
1240 1017 1415 1091 (Joan.
1441 1034 1565 1087 xm,
1596 1020 1708 1091 36).
1740 1019 1891 1076 Nunc

296 1122 431 1163 vero
479 1108 550 1163 ita
598 1121 659 1164 se
703 1108 962 1179 promittit
1008 1109 1238 1175 iturum,
1271 1119 1327 1164 ut
1354 1111 1529 1166 nullus
1561 1127 1745 1167 eorum
1784 1127 1889 1183 quo

297 1199 448 1255 vadit
485 1201 795 1270 interroget.
825 1197 1004 1255 Nubes
1049 1200 1191 1255 enim
1238 1202 1472 1271 suscepit
1513 1217 1632 1257 eum
1676 1205 1889 1273 quando

296 1289 542 1345 ascendit
570 1288 637 1345 ab
661 1290 773 1356 eis;
801 1297 855 1343 et
880 1297 1091 1344 euntem
1121 1289 1172 1343 in
1197 1290 1391 1345 malum
1419 1305 1523 1346 non
1544 1292 1723 1347 verbis
1747 1308 1890 1364 quin-

297 1381 527 1445 sierunt,
559 1379 655 1435 sed
682 1379 850 1435 oculis
876 1379 1211 1435 deduxerunt
1237 1381 1371 1451 (Act.
1392 1397 1430 1448 ι,
1459 1381 1640 1454 9-H).

372 1470 435 1524 ις
459 1468 565 1526 Sed
590 1470 709 1539 quia
735 1469 842 1524 lucc
872 1470 1067 1524 locutus
1093 1487 1204 1526 sum
1235 1472 1371 1526 vobis
1390 1512 1403 1537 ,
1447 1473 1613 1543 inQuit
1631 1516 1646 1540 ,
1688 1475 1891 1529 tristitia

296 1564 522 1634 implevit
542 1580 630 1619 cor
646 1573 883 1619 vestrum.
910 1562 1134 1618 Videbat
1156 1565 1334 1634 utique
1354 1566 1477 1635 quid
1502 1566 1586 1620 illa
1612 1581 1706 1621 sua
1728 1568 1889 1622 verba

297 1653 356 1708 in
385 1668 572 1709 eorum
599 1653 849 1709 cordibus
876 1663 1096 1724 agerent
1128 1672 1140 1708 :
1172 1656 1504 1725 spiritualem
1534 1658 1727 1727 quippe
1758 1673 1892 1714 non-

294 1744 427 1802 dum
455 1744 679 1800 interius
707 1744 964 1801 habentes
989 1746 1431 1814 consolationem,
1459 1763 1616 1819 quam
1649 1765 1742 1818 per
1765 1750 1888 1820 Spi-

294 1835 460 1889 ritum
491 1846 733 1891 sanctum
762 1834 970 1891 fuerant
1008 1836 1271 1904 habituri,
1314 1838 1367 1892 id
1396 1838 1536 1907 quod
1570 1840 1804 1895 exterius
1833 1841 1887 1896 in

292 1923 524 1980 Christo.
555 1926 837 1991 videbant,
883 1926 1126 1982 amittere
1177 1928 1514 1995 metuebant;
1565 1939 1618 1985 et
1663 1932 1782 2001 quia
1830 1946 1888 1988 se

292 2018 589 2071 amissuros
632 2032 751 2074 esse
792 2018 941 2072 illum
990 2033 1112 2073 vera
1162 2018 1561 2076 denuntiantem
1594 2023 1611 2054 ί
1645 2022 1888 2079 dubitare

291 2120 404 2160 non
430 2115 712 2177 poterant,
751 2108 1166 2163 contristabatur
1195 2109 1456 2165 humanus
1484 2111 1702 2166 allectus
1721 2152 1735 2176 ,
1763 2114 1883 2183 quia

290 2197 524 2252 carnalis
547 2197 887 2253 desolabatur
906 2208 1171 2269 aspectus.
1198 2198 1429 2255 Noverat
1448 2210 1624 2257 autem
1647 2202 1737 2257 ille
1758 2203 1886 2273 quid

288 2287 376 2342 eis
401 2287 580 2357 potius
605 2289 912 2358 expediret,
945 2291 1065 2358 quia
1095 2291 1241 2346 visus
1267 2290 1487 2347 interior
1524 2292 1638 2362 ipse
1669 2300 1752 2347 est
1778 2294 1883 2347 uti-

287 2392 399 2448 que
428 2378 637 2443 melior,
667 2392 773 2448 quo
797 2392 891 2433 cos
914 2379 1285 2435 consolaturus
1311 2380 1483 2435 fuerat
1508 2381 1734 2451 Spiritus
1761 2396 1885 2436 san-

285 2477 446 2535 ctus;
479 2485 587 2526 non
621 2472 950 2526 cernentium
996 2473 1308 2541 corporibus
1346 2473 1647 2543 ingesturus
1688 2489 1883 2544 corpus

286 2559 614 2627 humanum,
647 2561 743 2618 sed
770 2562 1000 2631 seipsum
1030 2563 1357 2617 credentium
1397 2563 1697 2632 pectoribus
1740 2564 1879 2618 infu-

285 2667 467 2707 surus.
501 2652 737 2722 Denique
759 2652 997 2723 adjungit
1016 2690 1031 2719 ,
1064 2652 1169 2707 Sed
1193 2669 1284 2723 ego
1308 2654 1563 2708 veritatem
1587 2654 1698 2707 dico
1719 2654 1875 2720 vobis,

284 2743 494 2813 expedit
526 2743 662 2798 vobis
690 2753 743 2797 ut
773 2760 863 2814 ego
884 2744 1083 2797 vadum.
1115 2743 1176 2798 Si
1201 2745 1333 2797 enim
1362 2761 1461 2797 non
1488 2744 1677 2810 abiero,
1707 2742 1878 2797 Para-

284 2834 447 2888 cletus
481 2850 583 2886 non
615 2834 772 2886 veniet
809 2833 876 2885 ad
904 2848 987 2886 vos
1013 2848 1031 2886 :
1058 2835 1101 2886 si
1126 2844 1293 2887 autem
1319 2833 1487 2888 abiero
1504 2874 1518 2899 ,
1546 2836 1739 2887 mittam
1764 2851 1877 2887 eum

285 2924 363 2977 ad
384 2940 467 2978 vos
495 2940 516 2979 :
548 2932 793 2994 tanquam
816 2924 1037 2990 diceret,
1065 2923 1291 2993 Expedit
1315 2924 1466 2980 vobis
1496 2932 1552 2978 ut
1576 2924 1687 2978 hac
1710 2923 1875 2978 forma

285 3017 433 3071 servi
463 3015 733 3071 auferatur
760 3030 789 3069 a
816 3015 964 3070 vobis
990 3032 1003 3068 :
1030 3028 1154 3070 caro
1183 3016 1395 3085 quidem
1421 3014 1615 3071 factum
1643 3015 1875 3070 Verbum

286 3106 473 3161 habito
501 3108 555 3162 in
582 3108 764 3173 vobis;
798 3108 892 3163 sed
922 3107 1046 3163 nolo
1078 3122 1160 3162 me
1186 3108 1468 3162 carnaliter
1492 3107 1665 3163 adhuc
1693 3108 1877 3178 diliga-

285 3199 379 3263 tis,
410 3207 466 3252 et
491 3199 594 3251 isto
622 3197 760 3252 lacte
786 3201 1019 3252 contenti
1050 3212 1262 3267 semper
1290 3197 1517 3253 infantes
1546 3213 1665 3254 esse
1693 3200 1876 3268 cupia-

286 3290 379 3343 tis.
408 3288 631 3358 Expedit
659 3289 793 3343 vobis
830 3299 884 3343 ut
924 3305 1012 3360 ego
1054 3290 1255 3342 vadum.
1288 3289 1349 3344 Si
1386 3291 1517 3343 enim
1551 3307 1651 3344 non
1683 3291 1870 3356 abiero,

287 3379 593 3435 Paracletus
618 3398 717 3435 non
737 3383 891 3436 veniet
917 3383 985 3435 ad
1004 3398 1107 3437 vos.
1135 3382 1189 3437 Si
1212 3382 1461 3437 alimenta
1486 3391 1662 3437 tenera
1685 3384 1875 3453 quibus

286 3486 387 3525 vos
408 3471 533 3537 alui,
568 3488 674 3526 non
707 3473 1016 3526 subtraxero
1036 3512 1050 3536 ,
1078 3472 1302 3526 solidum
1332 3471 1508 3527 cibum
1535 3487 1637 3526 non
1665 3474 1869 3529 esuries

283 3563 393 3627 tis;
420 3562 467 3616 si
491 3563 642 3617 carni
666 3563 949 3617 carnaliter
972 3562 1251 3625 hmseritis,
1274 3577 1496 3633 eapaces
1515 3564 1740 3634 Spiritus
1766 3580 1874 3621 non

283 3654 458 3708 eritis.
488 3654 621 3708 Nam
648 3653 771 3723 quid
800 3662 914 3717 est,
956 3653 1017 3709 Si
1058 3670 1159 3707 non
1194 3654 1393 3717 abiero,
1439 3654 1737 3709 Paracletus
1772 3672 1874 3710 non

281 3744 447 3798 veniet
487 3744 555 3796 ad
595 3760 679 3798 vos
706 3760 723 3797 :
748 3745 792 3797 si
814 3754 995 3807 autem
1030 3745 1229 3809 abiero,
1258 3745 1454 3796 mittam
1496 3759 1610 3797 eum
1650 3746 1717 3800 ad
1745 3746 1874 3801 vos?

282 3834 552 3904 Numquid
583 3835 669 3889 hic
700 3839 920 3903 positus,
952 3852 1072 3889 eum
1103 3851 1206 3890 non
1238 3843 1444 3904 poterat
1473 3838 1719 3892 mittere?
1744 3839 1872 3906 Quis

283 3925 391 3981 hoc
414 3926 646 3981 dixerit?
674 3928 853 3997 Neque
873 3928 1013 3981 enim
1036 3927 1124 3980 ubi
1153 3928 1238 3981 ille
1263 3936 1396 3994 erat,
1430 3927 1527 3982 iste
1554 3927 1675 3983 inde
1695 3944 1872 3985 reces-

284 4027 464 4084 serat;
495 4026 549 4073 et
586 4020 663 4073 sic
703 4029 921 4073 venerat
966 4032 996 4072 a
1045 4019 1232 4086 Patre,
1282 4028 1338 4073 ut
1383 4036 1488 4073 non
1538 4030 1777 4076 maneret
1817 4023 1871 4078 in

283 4096 465 4163 Patre.
493 4109 788 4175 Postremo,
821 4110 1089 4179 quomodo
1113 4100 1233 4164 eum
1261 4111 1419 4164 etiam
1446 4110 1533 4165 hic
1555 4112 1872 4170 constitutus

281 4214 394 4254 non
424 4209 632 4269 poterat
656 4201 867 4255 mittere
887 4242 902 4265 ,
930 4216 1088 4269 quem
1118 4200 1314 4254 scimus
1340 4215 1500 4269 super
1539 4217 1660 4256 cum
1702 4204 1872 4274 bapti-

282 4300 462 4345 zatum
490 4293 697 4346 venisse
723 4300 880 4360 atque
908 4293 1166 4346 mansisse
1198 4290 1371 4361 (Joan.
1396 4308 1433 4357 ι,
1457 4292 1581 4362 52);
1612 4294 1717 4347 imo
1744 4310 1871 4350 vero

283 4398 314 4437 a
340 4398 443 4453 quo
468 4385 666 4439 scimus
688 4399 808 4439 eum
834 4398 1098 4453 nunquam
1129 4383 1476 4451 separabilem
1504 4382 1705 4439 fuisse?
1733 4386 1870 4453 Quid

283 4485 371 4531 est
397 4491 525 4546 ergo
544 4518 559 4542 ,
592 4474 651 4532 Si
678 4492 777 4530 non
804 4475 969 4530 abiero
987 4516 1000 4541 ,
1030 4474 1326 4528 Paracletus
1353 4491 1452 4528 non
1478 4477 1634 4529 veniet
1660 4476 1728 4529 ad
1753 4492 1870 4542 vos;

286 4566 410 4629 nisi,
435 4581 542 4619 non
562 4567 785 4636 potestis
807 4581 996 4636 capere
1014 4565 1289 4634 Spiritum,
1314 4565 1560 4634 quamdiu
1578 4567 1871 4623 secundum

286 4670 506 4712 carnem
536 4658 817 4726 persistitis
845 4671 1003 4711 nosse
1028 4656 1330 4711 Christum?
1361 4656 1512 4712 Unde
1540 4658 1629 4714 ille
1653 4659 1740 4728 qui
1759 4659 1869 4728 jam

286 4757 569 4816 acceperat
587 4748 839 4817 Spiritum
868 4767 881 4802 :
911 4749 1020 4803 Etsi
1043 4763 1355 4811 noveramus,
1380 4747 1569 4817 inquit,
1598 4750 1871 4803 secundum

285 4854 492 4892 carnem
521 4836 807 4904 Christum,
840 4839 927 4892 sed
955 4855 1088 4892 nunc
1106 4838 1220 4907 jam
1260 4854 1360 4891 non
1389 4840 1615 4893 novimus
1642 4839 1721 4911 (ll
1750 4839 1869 4896 Cor.

284 4943 344 4993 v,
373 4926 487 4999 16).
530 4927 705 4982 Etiam
744 4930 911 4999 ipsam
955 4929 1149 4999 quippe
1187 4944 1399 4984 carnem
1424 4928 1619 4986 Christi
1647 4946 1755 4985 non
1781 4945 1871 4988 se-

283 5020 518 5075 cundum
552 5036 764 5076 carnem
807 5023 983 5087 novit,
1016 5022 1103 5090 qui
1145 5021 1378 5077 Verbum
1421 5037 1636 5078 carnem
1674 5022 1871 5079 factum

286 5112 633 5180 spiritualitcr
652 5114 819 5166 novit.
849 5113 959 5167 Hoc
983 5113 1232 5167 nimirum
1255 5113 1551 5184 significare
1576 5115 1741 5170 voluit
1762 5131 1875 5169 ma-

285 5202 454 5272 gister
477 5202 648 5257 bonus
673 5203 899 5258 dicendo
918 5245 931 5267 ,
966 5203 1028 5258 Si
1055 5205 1185 5257 enim
1214 5222 1313 5259 non
1338 5206 1533 5270 abiero,
1571 5206 1871 5261 Paracletus

288 5312 390 5350 non
412 5297 571 5349 veniet
597 5295 664 5349 ad
684 5312 768 5350 vos
794 5312 812 5351 :
836 5297 881 5350 si
899 5304 1063 5350 autem
1089 5297 1276 5363 abiero,
1308 5298 1502 5351 mittam
1531 5315 1641 5352 eum
1671 5300 1738 5352 ad
1765 5315 1867 5354 vos.

358 5387 414 5442 5.
444 5386 658 5443 Christo
685 5396 863 5441 autem
890 5387 1195 5442 discedente
1221 5389 1565 5457 corporaliter
1584 5426 1599 5456 ,
1640 5404 1742 5445 non
1780 5404 1870 5443 so-

288 5476 398 5530 lum
426 5477 653 5547 Spiritus
678 5485 909 5544 sanctus,
938 5478 1032 5534 sed
1058 5488 1112 5534 et
1137 5479 1292 5534 Pater
1317 5487 1371 5534 et
1394 5480 1558 5535 Filius
1585 5482 1686 5535 illis
1707 5481 1875 5537 adfuit

286 5567 652 5636 spiritualiter.
681 5568 813 5623 Nam
841 5569 886 5623 si
917 5568 984 5623 ab
1017 5569 1096 5624 eis
1127 5569 1205 5624 sic
1227 5570 1484 5626 abscessit
1511 5572 1783 5639 Christus,
1814 5584 1873 5629 ut

289 5672 389 5726 pro
424 5658 548 5727 illo,
576 5672 683 5713 non
711 5673 830 5713 cum
858 5659 951 5713 illo
979 5658 1033 5713 in
1061 5659 1141 5715 eis
1178 5668 1321 5716 esset
1357 5659 1583 5732 Spiritus
1621 5673 1869 5730 sanctus;

352 5771 370 5800 ¹
396 5769 620 5830 Utulecim
642 5777 771 5827 Mss.
795 5767 880 5823 illo
913 5784 1025 5823 vera
1046 5770 1373 5825 dentattiante.

1426 357 1469 416 Τ
1474 358 1832 419 RACTATUS
1869 359 2023 419 XCV.
2064 362 2292 427 CAPL‘T
2331 366 2471 429 κνι.

3431 388 3568 445 1870

1992 479 2079 533 ubi
2104 489 2185 536 est
2209 482 2324 555 ejus
2350 485 2630 556 promissio
2648 490 2895 562 dicentis,
2920 493 3053 554 Ecce
3073 514 3165 572 ego
3183 500 3432 558 vobiscum
3456 522 3571 561 sum

1990 584 2144 641 usque
2163 574 2213 627 in
2230 582 2702 637 consummationem
2719 588 2891 640 swculi
2914 586 3127 659 (Matth.
3143 607 3331 659 xxvnt,
3348 593 3439 667 20)
3457 611 3472 661 ;
3494 607 3571 666 et,

2006 659 2263 717 Veniemus
2284 665 2351 718 ad
2370 684 2481 721 eum
2501 684 2600 739 ego
2620 680 2673 726 et
2690 673 2867 743 Pater,
2893 686 2943 732 et
2966 680 3275 735 mansionem
3298 659 3436 754 apud
3457 702 3573 741 eum

1991 750 2231 820 faciemus
2272 753 2449 823 (Joan.
2480 773 2590 827 xlv,
2621 760 2713 833 25)
2745 781 2758 817 :
2785 779 2905 818 cum
2943 776 2996 822 et
3033 768 3285 838 Spiritum
3328 750 3572 831 sanctum

1992 842 2063 897 ita
2089 857 2147 897 se
2173 846 2473 912 promiserit
2506 865 2624 907 esse
2650 855 2965 926 missurum,
2998 868 3056 914 ut
3092 877 3210 916 cum
3241 864 3319 919 eis
3347 876 3490 921 esset
3520 868 3574 923 in

1992 937 2288 990 internum?
2313 936 2390 991 Ae
2415 954 2510 1008 per
2533 940 2634 996 hoc
2662 958 2777 998 cum
2805 962 2869 1002 ex
2896 950 3197 1007 carnalibus
3223 954 3306 1009 vel
3333 956 3574 1010 animali-

1991 1024 2091 1080 bus
2116 1037 2294 1081 essent
2332 1030 2631 1098 spirituales
2663 1033 2857 1104 futuri,
2891 1040 3127 1108 profecto
3172 1052 3226 1099 et
3265 1045 3476 1102 Patrem
3517 1059 3571 1103 et

1992 1115 2181 1172 Filium
2205 1128 2256 1173 et
2276 1119 2526 1199 Spiritum
2554 1136 2793 1182 sanctum
2817 1132 3062 1200 capacius
3086 1135 3296 1191 fuerant
3317 1137 3568 1194 habituri.

1992 1206 2049 1259 lu
2080 1208 2224 1264 nullo
2248 1222 2427 1265 autem
2454 1216 2750 1273 credendus
2778 1230 2860 1275 est
2887 1237 3007 1279 esse
3031 1224 3189 1283 Pater
3214 1230 3331 1286 sine
3358 1230 3490 1287 Filio
3517 1245 3573 1289 et

1992 1297 2191 1368 Spiritu
2212 1314 2414 1371 saneto,
2443 1318 2531 1360 aut
2556 1308 2713 1365 Pater
2740 1321 2793 1366 et
2818 1312 2981 1371 Filius
3008 1318 3120 1373 sine
3144 1319 3340 1390 Spiritu
3361 1335 3567 1393 sancto,

1990 1397 2082 1443 aut
2111 1390 2273 1446 Filius
2299 1395 2412 1449 sine
2440 1396 2596 1453 Patre
2624 1410 2679 1455 et
2702 1401 2898 1471 Spiritu
2925 1419 3127 1475 saneto,
3160 1421 3248 1465 aut
3273 1414 3386 1469 sine
3413 1390 3571 1473 Patre

1992 1487 2046 1535 et
2071 1478 2206 1536 Filio
2228 1483 2455 1553 Spiritus
2482 1499 2714 1560 sanctus,
2741 1504 2832 1548 aut
2859 1495 3014 1553 Pater
3037 1508 3088 1553 et
3110 1501 3335 1571 Spiritus
3356 1516 3570 1563 sanctus

1991 1572 2106 1627 sine
2134 1573 2271 1631 Filio
2299 1595 2312 1631 :
2342 1579 2437 1634 sed
2462 1581 2549 1635 ubi
2578 1598 2760 1639 eorum
2794 1589 3011 1655 quilibet
3039 1607 3173 1646 unus
3193 1634 3207 1659 ,
3242 1594 3311 1649 ibi
3341 1596 3585 1653 Trinitas

1992 1663 2132 1720 Deus
2157 1682 2311 1723 unus.
2343 1670 2631 1740 Oportebat
2658 1687 2833 1733 autem
2861 1680 2930 1734 ita
2956 1682 3213 1739 insinuari
3236 1686 3568 1758 Trinitatem,

1991 1764 2048 1808 ut
2075 1759 2315 1826 quamvis
2341 1762 2484 1816 nulla
2515 1774 2657 1821 esset
2680 1767 2957 1826 diversitas
2987 1768 3394 1831 substanﬁarum
3417 1820 3432 1845 ,
3463 1781 3573 1835 sin-

1989 1847 2211 1916 gillatim
2259 1860 2434 1909 tamen
2488 1859 2954 1915 commendaretur
3005 1863 3274 1921 distinctio
3320 1884 3572 1938 persona-

1988 1951 2141 2007 rum;
2173 1942 2259 1997 ubi
2290 1946 2368 2001 eis
2397 1948 2486 2017 qui
2532 1960 2676 2007 recte
2719 1952 3048 2026 intelligunt,
3089 1974 3358 2031 nunquam
3399 1964 3571 2021 videri

1988 2040 2163 2099 potest
2190 2039 2452 2104 separatio
2482 2050 2807 2098 naturarum.

2059 2121 2112 2177 6.
2144 2123 2293 2191 Quod
2320 2138 2494 2185 autem
2524 2135 2781 2204 sequitur,
2817 2137 3021 2194 Etcum
3046 2144 3230 2196 venerit
3264 2146 3368 2211 ille,
3395 2158 3570 2218 arguet

1988 2216 2230 2268 mundum
2269 2218 2331 2271 de
2367 2232 2601 2289 peccato,
2634 2236 2678 2277 et
2716 2227 2778 2280 de
2804 2230 3037 2297 justitia,
3072 2243 3114 2286 et
3142 2233 3204 2287 de
3218 2235 3414 2304 judicio
3507 2242 3571 2294 de

1987 2316 2188 2373 peccato
2228 2309 2462 2377 quidem,
2510 2314 2627 2383 quia
2669 2333 2769 2370 non
2810 2321 3019 2374 credunt
3047 2324 3098 2375 in
3124 2340 3237 2390 me;
3268 2327 3330 2379 de
3361 2330 3571 2396 justitia

1985 2413 2119 2461 vero,
2151 2400 2266 2468 quia
2291 2402 2358 2454 ad
2383 2401 2589 2459 Patrem
2619 2408 2746 2461 vado
2766 2451 2779 2475 ,
2809 2421 2855 2464 ct
2867 2413 2980 2480 jam
2999 2429 3098 2467 non
3119 2416 3344 2471 videbitis
3364 2436 3477 2485 me;
3507 2422 3571 2476 de

1975 2489 2173 2558 judicio
2203 2502 2389 2561 autem,
2429 2496 2547 2564 quia
2574 2499 2805 2571 princeps
2825 2502 2978 2572 hujus
3010 2506 3187 2559 mundi
3206 2509 3469 2575 judicatus
3494 2520 3569 2566 est

1988 2580 2096 2652 (Id.
2136 2598 2256 2649 xvr,
2294 2585 2469 2656 8-H)
2504 2605 2517 2640 :
2558 2598 2805 2661 tanquam
2844 2595 3014 2648 solum
3050 2597 3118 2650 sit
3154 2608 3426 2667 peccatum
3458 2618 3567 2657 non

1982 2674 2203 2729 credere
2233 2677 2282 2729 in
2307 2676 2576 2733 Christum
2596 2721 2609 2745 ,
2640 2691 2693 2736 et
2720 2691 2965 2754 tanquam
2996 2687 3107 2757 ipsa
3137 2689 3204 2743 sit
3228 2689 3428 2760 justitia
3460 2710 3568 2749 non

1981 2764 2161 2819 videre
2181 2766 2469 2834 Christum,
2499 2780 2554 2823 et
2582 2780 2826 2842 tanquam
2859 2777 3030 2845 ipsum
3058 2778 3395 2846 sitjudicium
3423 2784 3565 2852 quod

1982 2855 2228 2925 princeps
2260 2856 2413 2926 hujus
2437 2861 2638 2928 mundi,
2669 2863 2768 2919 hoc
2793 2875 2876 2918 est
2903 2866 3422 2938 diabol‘usjudicalus
3449 2881 3563 2927 est:

1982 2945 2133 2999 valde
2155 2947 2477 3003 latebrosum
2504 2960 2605 3016 est,
2640 2968 2738 3008 nec
2765 2954 2869 3008 isto
2897 2971 3141 3012 sermone
3168 2961 3563 3027 coarctandum,

1978 3049 2045 3089 ne
2086 3036 2175 3089 liat
2215 3037 2493 3093 obscurius
2532 3039 2824 3108 brevitate;
2856 3045 2949 3100 sed
2977 3047 3081 3101 alio
3109 3050 3285 3117 potius
3312 3061 3567 3120 quantum

1980 3125 2235 3182 Dominus
2260 3128 2523 3199 adiuverit
2553 3132 2943 3200 explicandum.

2463 3242 2872 3303 TRACTATUS
2909 3247 3068 3305 XCV.

1980 3354 2173 3439 In‘hwc
2196 3358 2343 3412 verba
2368 3359 2641 3430 superioris
2668 3360 2920 3429 lectionis,
2947 3364 3080 3420 Cum
3107 3369 3311 3424 venerit
3340 3369 3446 3435 ille,
3476 3385 3565 3425 ar-

2051 3460 2176 3521 guet
2211 3452 2465 3507 mundum
2503 3452 2570 3507 de
2600 3465 2845 3523 peccato,
2878 3466 2931 3512 et
2956 3458 3022 3513 de
3041 3459 3279 3529 justitia,
3313 3473 3405 3517 etc.
3435 3464 3562 3536 Cap.

2048 3552 2163 3607 xvr,
2208 3542 2242 3612 ᾗ
2267 3582 2279 3595 .
2306 3543 2461 3598 8-H.

2049 3674 2101 3726 1.
2132 3673 2453 3731 Promittens
2480 3677 2737 3733 Dominus
2763 3679 3048 3733 missurum
3076 3696 3132 3735 se
3152 3681 3401 3751 Spiritum
3434 3700 3562 3739 san~

1976 3773 2140 3826 ctum,
2173 3763 2299 3819 Cum
2334 3768 2538 3832 venerit,
2569 3770 2754 3839 inquit,
2789 3771 2877 3824 ille
2899 3782 3075 3841 arguet
3098 3776 3338 3828 mundum
3363 3778 3423 3829 de
3443 3794 3565 3847 pec-

1975 3864 2087 3907 cato
2105 3896 2117 3916 ,
2153 3864 2201 3907 et
2229 3856 2291 3909 de
2300 3856 2523 3926 justitin,
2551 3867 2597 3911 et
2622 3860 2684 3911 de
2703 3860 2922 3929 judicio.
2954 3862 3089 3927 Quid
3118 3872 3200 3917 est
3227 3864 3365 3919 hoc?
3392 3866 3561 3921 Num-

1975 3944 2224 4013 quidnam
2270 3946 2527 4000 Dominus
2564 3946 2808 4004 Christus
2856 3964 2961 4004 non
3000 3953 3170 4021 arguit
3200 3955 3453 4009 mundum
3496 3955 3564 4011 de

1975 4044 2213 4103 peccato,
2244 4050 2365 4089 cum
2394 4038 2468 4091 ait
2493 4055 2507 4091 :
2537 4038 2598 4092 Si
2623 4055 2723 4093 non
2746 4041 3002 4109 venissem,
3034 4052 3081 4096 et
3110 4045 3306 4099 locutus
3333 4048 3405 4101 eis
3431 4049 3563 4118 fuis-

1974 4143 2110 4193 sem,
2141 4138 2395 4197 peccatum
2423 4145 2523 4183 non
2550 4129 2822 4195 haberent;
2847 4149 2979 4187 nunc
3004 4145 3171 4188 autem
3194 4141 3564 4193 excusationem

1975 4234 2073 4272 non
2096 4220 2273 4272 habent
2295 4219 2357 4272 de
2377 4231 2578 4290 peccato
2601 4239 2691 4275 suo
2709 4221 2735 4275 .9
2759 4223 2862 4279 Sed
2892 4240 2959 4279 ne
2987 4226 3268 4294 quis'forte
3293 4229 3433 4284 dicat
3459 4230 3563 4285 hoc

1974 4310 2039 4364 ad
2064 4310 2275 4365 Jlld'JEOS
2302 4312 2513 4380 proprie
2542 4315 2829 4382 pertinere,
2860 4332 2963 4369 non
2987 4317 3050 4370 ad
3075 4319 3359 4386 mundum;
3384 4337 3562 4377 nonne

1974 4402 2049 4455 ait
2073 4402 2175 4455 alio
2206 4402 2323 4455 loco
2358 4420 2370 4456 :
2403 4404 2463 4457 Si
2488 4404 2551 4457 de
2574 4405 2761 4458 mundo
2784 4408 2982 4471 essetis,
3009 4408 3226 4463 mundus
3258 4412 3391 4480 quod
3416 4428 3563 4466 suum

1974 4503 2098 4548 esset
2132 4494 2358 4564 diligeret
2389 4494 2497 4567 (Id.
2528 4511 2621 4561 xv,
2651 4498 2753 4563 22,
2784 4498 2911 4569 19}?
2948 4500 3213 4571 Numquid
3254 4519 3357 4558 non
3388 4507 3563 4575 arguit

1975 4583 2040 4637 de
2064 4583 2286 4652 justitia,
2318 4585 2402 4638 ubi
2432 4586 2503 4638 ait
2530 4603 2541 4639 :
2573 4584 2731 4640 Pater
2749 4589 2908 4657 justo,
2940 4593 3157 4647 mundus
3184 4603 3229 4647 te
3252 4610 3352 4647 non
3374 4611 3562 4665 cogno-

1974 4674 2040 4726 vit
2054 4672 2228 4743 (Joan.
2244 4674 2479 4745 xvn,25)
2496 4675 2793 4747 ?Numquid
2817 4694 2919 4733 non
2943 4683 3115 4752 arguit
3139 4683 3205 4736 de
3221 4683 3439 4752 judicio,
3470 4686 3557 4742 ubi

1976 4778 2034 4819 se
2063 4766 2135 4818 ait
2170 4765 2398 4820 sinistris
2428 4781 2547 4822 esse
2573 4767 2835 4824 dicturum
2866 4788 2879 4824 :
2908 4771 2991 4825 Ite
3026 4775 3077 4825 in
3106 4774 3271 4845 ignem
3294 4785 3555 4841 internum,
3611 4825 3616 4843 ι

1974 4856 2061 4926 qui
2083 4865 2286 4924 paratus
2306 4865 2379 4910 est
2399 4856 2599 4911 diabolo
2624 4868 2669 4911 et
2688 4862 2880 4931 angelis
2903 4864 3011 4933 ejus
3045 4864 3248 4935 (Matth.
3274 4882 3406 4932 xxv,
3431 4868 3558 4937 bl)?
3626 4919 3632 4926 ,

1976 4947 2043 5001 Et
2067 4948 2229 5001 multa
2258 4948 2359 5002 alia
2388 4950 2724 5017 reperiuntur
2750 4953 2798 5005 in
2829 4963 3011 5008 sancto
3038 4955 3343 5026 Evangelio,
3376 4958 3461 5011 ubi
3490 4958 3560 5014 de

1977 5038 2061 5093 his
2086 5037 2327 5093 Christus
2354 5041 2526 5109 arguit
2551 5042 2827 5096 mundum.
2856 5044 2990 5112 Quid
3012 5054 3093 5099 est
3119 5062 3244 5116 ergo
3269 5048 3406 5117 quod
3436 5059 3557 5103 tan-

1976 5144 2133 5198 quam
2164 5131 2376 5198 proprie
2406 5131 2589 5186 tribuit
2627 5131 2729 5188 hoc
2767 5133 2984 5203 Spiritui
3028 5137 3248 5191 sancto?
3285 5139 3365 5191 An
3394 5136 3555 5206 forte,

1976 5220 2097 5289 quia
2122 5220 2363 5277 Christus
2392 5223 2444 5277 iu
2474 5223 2780 5279 Judaeerum
2813 5234 3012 5280 tantum
3042 5236 3196 5297 gente
3225 5229 3429 5285 locutus
3454 5242 3556 5301 est,

1978 5310 2232 5365 mundum
2260 5327 2364 5367 non
2392 5314 2601 5369 videtur
2625 5316 2882 5385 arguisse,
2914 5326 2973 5371 ut
3000 5318 3087 5374 ille
3116 5319 3438 5391 intelligatur
3466 5338 3558 5378 ar-

1975 5401 2061 5470 gui
2101 5402 2189 5471 qui
2224 5404 2371 5458 audit
2404 5410 2749 5476 arguentem?
2779 5408 3008 5478 Spiritus
3042 5420 3215 5466 autem
3258 5425 3473 5472 sanctus
3504 5417 3559 5473 in

1977 5494 2248 5563 discipulis
2272 5496 2388 5566 ejus
2422 5507 2533 5552 toto
2569 5500 2699 5554 orbe
2742 5501 2979 5569 ditl‘usis,
3026 5519 3129 5559 non
3160 5522 3314 5561 unam
3345 5519 3555 5580 gentem

1979 5586 2287 5657 intelligitur
2322 5591 2593 5660 arguisse,
2625 5592 2718 5648 sed
2750 5595 3024 5651 mundum.
3063 5598 3190 5653 Nam
3222 5601 3323 5657 hoc
3354 5604 3455 5658 illis
3483 5605 3558 5659 ait

1979 5692 2292 5735 ascensurus
2321 5681 2373 5735 in
2399 5683 2632 5737 caelum:
2673 5684 2793 5740 Non
2833 5697 2905 5742 est
2942 5698 3156 5744 vestrum
3183 5692 3309 5747 scire
3334 5702 3560 5765 tempora

1980 5770 2054 5824 rel
2093 5783 2375 5841 momenta,
2405 5790 2517 5843 qua:
2554 5774 2708 5831 Pater
2747 5780 2911 5849 posuit
2939 5781 2990 5835 in
3025 5798 3116 5835 sua
3157 5793 3399 5853 potestate
3428 5802 3444 5841 :
3473 5786 3560 5840 sed
