4030 6480
469 372 603 431 18⁸71

471 475 729 559 accipietis
758 484 988 543 virtutem
1016 484 1241 555 Spintus
1268 480 1426 536 sancti
1451 476 1840 546 supervenientis
1866 476 1919 529 in
1942 490 2050 542 vos,

470 589 520 635 et
538 579 672 634 eritis
692 578 813 633 mihi
839 585 982 631 testes
1006 576 1059 629 in
1079 573 1383 637 Jerusalem,
1414 579 1462 623 et
1491 570 1544 622 in
1570 576 1674 622 tota
1695 565 1900 630 Judaza,
1928 575 1975 620 et
1999 567 2054 620 in

470 670 732 735 Samaria,
760 677 807 723 et
834 682 991 736 usque
1016 666 1069 719 in
1098 665 1222 734 ﬁnes
1247 671 1391 715 terra:
1408 658 1541 733 (Act.
1566 674 1610 721 ι,
1635 660 1665 712 7
1682 657 1820 728 et8).
1836 656 1948 712 Hoc
1974 663 2056 710 est

469 773 695 831 arguere
733 758 1009 812 mundum.
1045 754 1148 810 Sed
1192 752 1310 822 quis
1346 750 1538 804 audeat
1578 748 1755 802 dicere
1785 746 1925 817 quod
1959 761 2054 816 per

470 850 761 920 discipulos
785 845 981 903 Christi
1007 843 1179 913 arguit
1209 840 1462 895 mundum
1486 838 1713 909 Spiritus
1736 846 1972 902 sanctus,
2000 843 2055 890 et

470 947 577 997 ndn
608 946 795 1012 arguat
821 938 935 1007 ipse
961 934 1237 997 Christus;
1270 946 1390 986 cum
1419 930 1614 984 clamet
1641 927 1945 998 Apostolus,
1973 926 2053 980 An

470 1027 620 1088 vultis
659 1030 1051 1101 experimentum
1093 1025 1316 1094 accipere
1352 1023 1459 1094 ejus
1502 1021 1587 1092 qui
1626 1020 1681 1073 in
1722 1036 1801 1073 me
1836 1019 2055 1087 loquitur

470 1124 700 1179 Christus
731 1120 805 1194 (ll
829 1118 945 1175 Cor.
973 1133 1098 1175 xm.
1128 1116 1224 1187 5)?
1261 1114 1406 1182 Quos
1432 1113 1609 1182 itaque
1631 1110 1803 1180 arguit
1827 1108 2054 1178 Spiritus

471 1224 705 1280 sanctus,
735 1211 909 1283 arguit
934 1210 1116 1279 utique
1143 1216 1196 1262 et
1221 1205 1481 1261 Christus.
1511 1203 1615 1260 Sed
1642 1211 1894 1272 quantum
1925 1200 2053 1255 mihi

470 1304 712 1370 videtur,
744 1302 867 1372 quia
901 1316 995 1371 per
1022 1299 1276 1369 Spiritum
1302 1305 1543 1352 sanctum
1571 1292 1909 1349 diﬁundenda
1940 1300 2056 1346 erat

469 1396 704 1451 Charitas
741 1393 794 1447 in
829 1390 1081 1447 cordibus
1117 1403 1300 1444 eorum
1346 1384 1519 1460 (Rom.
1555 1401 1609 1450 v,
1651 1384 1741 1454 5),
1769 1397 1887 1452 quso
1914 1381 2056 1436 foras

470 1486 631 1542 mittit
653 1485 895 1539 timorem
923 1480 1256 1554 (lJoan.1v,
1278 1478 1400 1549 18),
1428 1490 1532 1546 quo
1562 1473 1803 1544 impediri
1835 1479 2057 1541 possent

469 1591 540 1632 ne
578 1590 801 1647 arguere
838 1572 1091 1629 mundum
1137 1570 1227 1641 qui
1270 1568 1723 1639 perseeutionibus
1773 1564 2051 1632 fremebat,

468 1667 762 1731 auderent;
795 1674 1075 1734 propterea
1104 1663 1264 1726 dixit,
1295 1658 1395 1714 Ille
1422 1667 1596 1729 arguet
1624 1657 1865 1710 mundum
1892 1672 1911 1709 :
1942 1666 2057 1710 tan-

470 1771 630 1829 quam
655 1733 877 1821 diceret,
902 1733 1001 1808 ille
1027 1751 1282 1807 dill‘undet
1311 1750 1364 1805 in
1394 1749 1642 1804 cordibus
1668 1748 1859 1802 vestris
1883 1745 2057 1801 chari-

471 1856 675 1915 tatem;
707 1846 785 1902 sic
812 1845 954 1901 enim
996 1843 1182 1899 timore
1210 1841 1432 1912 depulso
1452 1883 1466 1904 ,
1497 1840 1751 1911 arguendi
1796 1839 2057 1895 habebitis

471 1939 796 1995 libertatem.
838 1934 992 2005 Saepe
1028 1943 1206 1989 autem
1245 1933 1474 1987 diximus
1503 1929 1869 1999 inseparabilia
1895 1942 2057 1998 opera

473 2043 594 2085 esse
635 2025 909 2083 Trinitatis
961 2022 1188 2096 (Supra,
1233 2021 1275 2075 Τ
1278 2032 1403 2075 ract.
1441 2019 1567 2092 20);
1617 2020 1710 2075 sed
1751 2018 2056 2088 singillatim

472 2112 924 2172 commendandus
961 2113 1124 2168 fuisse
1165 2125 1451 2182 personas,
1499 2120 1555 2165 ut
1591 2124 1699 2165 non
1740 2109 1911 2163 solum
1942 2108 2058 2163 sine

473 2208 843 2279 separatione,
873 2220 1059 2261 verum
1087 2206 1248 2261 etiam
1291 2204 1405 2260 sine
1445 2201 1758 2258 confusione
1793 2209 1849 2257 et
1884 2200 2058 2255 unitas

475 2302 802 2372 intelligatur
828 2308 882 2354 et
906 2299 1156 2353 Trinitas.

546 2397 601 2451 2.
633 2395 866 2466 Exponit
887 2392 1081 2449 deinde
1106 2389 1230 2461 quid
1258 2389 1453 2445 dixerit
1480 2389 1545 2444 de
1571 2396 1794 2459 peccato,
1822 2398 1869 2442 et
1892 2385 1956 2441 de
1970 2389 2062 2457 ju-

475 2488 614 2542 stitia
641 2496 687 2540 et
714 2486 778 2540 de
793 2484 1011 2557 judicio.
1038 2481 1118 2536 De
1138 2489 1339 2551 peccato
1357 2479 1578 2551 quidem,
1602 2479 1790 2549 inquit,
1818 2478 2061 2565 quianon

477 2576 797 2632 crediderunt
839 2576 891 2627 in
929 2588 1025 2626 me.
1072 2571 1185 2626 Hoc
1220 2570 1363 2625 enim
1406 2576 1679 2638 peccatum
1705 2567 2059 2638 quasisolum

477 2668 569 2735 sil,
601 2681 710 2738 prae
733 2665 942 2722 eteteris
968 2664 1176 2734 posuit;
1206 2662 1328 2732 quia
1355 2661 1454 2715 hoc
1479 2667 1723 2714 manente
1753 2666 1943 2713 caetera
1970 2657 2064 2712 de-

478 2759 749 2825 tinentur,
794 2764 849 2811 et
890 2755 994 2810 hoc
1032 2753 1338 2809 discedente
1377 2760 1567 2806 cmtera
1595 2750 1958 2805 remittuntur.
1985 2747 2064 2803 De

471 2848 672 2919 justitia
700 2862 815 2901 vero
835 2887 851 2914 ,
878 2846 1080 2915 inquit,
1111 2843 1231 2914 quia
1255 2842 1323 2895 ad
1346 2840 1553 2895 Patrem
1575 2840 1704 2895 vado
1722 2879 1738 2907 ,
1769 2851 1815 2895 et
1829 2841 1942 2913 jam
1962 2855 2063 2893 non

478 2938 707 2993 uidebitis
728 2954 825 2992 me.
852 2936 949 2992 llic
975 2936 1146 3006 primo
1170 2933 1452 2988 videndum
1477 2942 1582 2998 est,
1606 2934 1648 2986 si
1671 2940 1814 2987 recte
1839 2933 2065 3002 quisque

478 3029 716 3099 arguitur
753 3028 821 3083 de
859 3034 1110 3097 peccato,
1156 3024 1424 3095 quomodo
1460 3032 1604 3079 recte
1641 3034 1891 3093 arguatur
1918 3031 1972 3077 et
1996 3023 2064 3079 de

475 3120 699 3191 justitia.
728 3117 991 3188 Numquid
1013 3119 1154 3172 enim
1181 3118 1225 3172 si
1247 3115 1545 3185 arguendos
1569 3127 1653 3170 εει
1675 3125 1919 3185 peccator
1939 3130 2066 3185 pro-

477 3218 664 3279 ptcrea
683 3209 803 3278 quia
827 3216 1071 3278 peccator
1091 3215 1193 3270 est,
1217 3205 1542 3275 arguendum
1566 3206 1765 3287 putabit
1786 3206 2063 3275 quisquam

480 3309 536 3354 et
568 3300 767 3368 justum
804 3307 1087 3367 propterea
1127 3298 1248 3367 quia
1287 3296 1460 3367 justus
1501 3297 1618 3350 est?
1648 3295 1819 3350 Absit.
1851 3296 1983 3352 Nam
2012 3309 2067 3353 et

481 3391 528 3444 si
550 3389 834 3459 aliquando
849 3386 1023 3459 justus
1048 3390 1305 3460 arguitur,
1337 3388 1457 3443 ideo
1477 3397 1621 3444 recte
1640 3389 1895 3459 arguitur,
1918 3392 2062 3459 quia,

479 3482 619 3537 sicut
642 3482 893 3551 scriptum
916 3490 1018 3547 est,
1050 3481 1169 3535 Non
1194 3491 1265 3535 est
1281 3482 1454 3552 justus
1476 3481 1527 3534 in
1547 3491 1679 3535 terra
1702 3483 1787 3554 qui
1812 3483 1956 3554 faciet
1979 3482 2068 3537 bo-

480 3591 636 3642 num,
663 3584 710 3629 et
733 3591 831 3629 nan
862 3574 1103 3645 peccabit.
1131 3575 1386 3642 Quocirca
1416 3575 1575 3630 etiam
1604 3590 1724 3631 cum
1763 3577 1937 3646 justus
1973 3593 2065 3631 ar-

478 3665 677 3735 guitur,
707 3664 774 3721 de
799 3674 1022 3734 peccato
1044 3666 1301 3737 arguitur,
1331 3681 1435 3720 non
1462 3665 1529 3721 de
1548 3666 1772 3736 justitia.
1804 3667 2066 3735 Quoniam

477 3766 535 3813 et
577 3758 628 3812 in
672 3757 766 3813 illo
797 3757 939 3828 quod
968 3758 1192 3828 legimus
1222 3758 1471 3812 divinitus
1500 3758 1696 3813 dictum
1716 3800 1732 3826 ,
1780 3759 1906 3814 Noli
1941 3761 2066 3830 e/ﬁci

471 3850 647 3918 justus
675 3849 889 3903 multum
935 3847 1130 3920 (Eccle.
1174 3865 1283 3915 vn,
1323 3848 1428 3918 21,
1472 3851 1595 3919 17);
1625 3866 1733 3905 non
1762 3860 1847 3906 est
1885 3860 2066 3908 notata

477 3938 679 4007 justitia
705 3939 978 4008 sapientis,
1007 3939 1101 3995 sed
1123 3940 1369 4009 superbia
1394 3942 1783 4010 praesumentis.
1809 3942 1907 4010 Qui
1932 3958 2059 4013 ergo

480 4028 542 4081 ﬁt
566 4026 779 4080 multum
792 4029 985 4096 justus,
1009 4029 1124 4099 ipso
1145 4030 1307 4083 nimio
1330 4030 1387 4083 ﬁt
1407 4030 1652 4099 injustus.
1679 4032 1895 4086 Multum
1919 4034 2060 4087 enim

481 4132 542 4173 se
570 4117 696 4173 facit
719 4117 954 4187 justum,
992 4121 1082 4189 qui
1108 4119 1237 4173 dicit
1264 4134 1322 4175 se
1360 4136 1464 4175 non
1507 4121 1706 4178 habere
1749 4132 2062 4193 peccatum;

481 4216 574 4262 aut
610 4207 699 4277 qui
738 4223 797 4261 se
834 4216 983 4276 putat
1008 4224 1114 4263 non
1145 4210 1312 4278 gratia
1344 4212 1475 4275 Dei,
1521 4213 1615 4268 sed
1660 4229 1753 4267 sua
1794 4216 2065 4274 voluntate

480 4297 780 4353 sufﬁciente
805 4297 942 4354 efﬁci
964 4299 1162 4369 justum
1186 4318 1199 4354 :
1231 4317 1330 4358 nec
1356 4312 1500 4359 recte
1525 4305 1747 4361 vivendo
1765 4307 1940 4375 justus
1960 4321 2062 4379 est,

481 4387 578 4443 sed
598 4387 776 4458 potius
797 4387 1029 4456 inﬂatus,
1051 4391 1285 4460 putando
1308 4408 1366 4448 se
1386 4408 1504 4449 esse
1529 4395 1667 4464 quod
1695 4413 1798 4451 non
1825 4409 1925 4453 est.
1948 4401 2066 4469 Quo

482 4487 640 4547 pacto
665 4477 827 4548 igitur
851 4479 1081 4536 mundus
1094 4483 1400 4554 arguendos
1424 4484 1598 4541 estde
1621 4486 1844 4557 justitia,
1874 4491 1977 4547 nisi
1997 4493 2067 4549 de

472 4565 681 4636 justitia
709 4566 1080 4625 credentium?
1106 4573 1357 4643 Arguitur
1384 4574 1560 4645 itaque
1584 4575 1652 4631 de
1678 4588 1912 4647 peccato,
1941 4582 2065 4652 quia

480 4656 535 4710 in
556 4655 824 4712 Christum
855 4674 960 4713 non
988 4658 1185 4726 credit;
1214 4669 1270 4715 et
1296 4664 1533 4732 arguitur
1560 4664 1628 4720 de
1648 4666 1850 4736 justitia
1877 4685 2061 4726 eorum

480 4748 571 4818 qui
599 4747 843 4803 credunt.
877 4749 992 4819 Ipsa
1019 4750 1213 4821 quippe
1242 4752 1474 4808 ﬁdelium
1504 4761 1847 4828 comparatio,
1876 4761 2064 4819 inﬁde-

478 4839 609 4894 lium
640 4850 723 4896 est
756 4841 1094 4911 vituperatio.
1126 4842 1238 4898 lloc
1278 4856 1334 4900 et
1372 4846 1483 4914 ipsa
1521 4851 1783 4918 expositio
1820 4854 1950 4909 satis
1979 4855 2062 4908 in-

480 4929 641 4985 dicat.
675 4930 871 4986 Valens
898 4932 1039 4987 enim
1080 4934 1290 5002 aperire
1327 4936 1454 5005 quid
1498 4937 1724 5007 dixerit,
1764 4941 1844 4997 De
1862 4945 2064 5015 justitia

474 5036 595 5074 uero
614 5062 629 5086 ,
661 5020 864 5090 inquit,
894 5022 1012 5092 quia
1037 5022 1106 5076 ad
1134 5022 1343 5079 Patrem
1367 5027 1495 5081 vado
1515 5068 1528 5092 ,
1560 5038 1608 5082 et
1623 5030 1738 5100 jam
1756 5048 1857 5087 non
1878 5035 2063 5090 videbi-

480 5110 544 5165 tis
564 5126 661 5163 me.
688 5108 805 5165 Non
835 5111 944 5178 ait,
973 5111 1040 5167 Et
1062 5112 1172 5181 jam
1204 5129 1311 5170 non
1344 5116 1595 5173 videbunt
1630 5136 1747 5187 me;
1778 5122 1844 5178 de
1869 5126 2079 5195 quibus

479 5196 706 5266 dixerat,
729 5199 846 5270 quia
866 5216 965 5254 non
986 5201 1302 5257 crediderunt
1321 5205 1373 5258 in
1396 5222 1492 5259 me.
1516 5206 1620 5263 Sed
1644 5223 1914 5279 peceatum
1936 5216 2061 5285 quid

478 5294 696 5342 vocaret
717 5303 1007 5358 exponens,
1038 5289 1106 5346 de
1131 5290 1235 5347 illis
1257 5292 1464 5349 locutus
1487 5305 1570 5350 est
1590 5297 1793 5368 dicens,
1819 5304 1939 5372 quia
1960 5322 2061 5361 non

477 5376 798 5431 crediderunt
836 5377 888 5432 in
925 5395 1004 5432 me
1027 5395 1046 5432 :
1071 5394 1341 5450 exponens
1365 5392 1540 5443 autem
1564 5403 1719 5456 quam
1749 5390 1947 5447 dioeret
1970 5395 2060 5463 ju-

477 5467 699 5534 stitiam,
730 5469 796 5524 de
822 5484 925 5539 qua
955 5470 1183 5527 mundus
1205 5475 1464 5545 arguitur,
1495 5477 1561 5531 ad
1590 5478 1733 5548 ipsos
1756 5483 1948 5552 quibus
1976 5486 2059 5541 lo-

477 5555 772 5629 quebatur,
810 5573 870 5615 se
904 5562 1198 5630 convertit,
1246 5575 1405 5636 atque
1442 5567 1545 5635 ait,
1587 5567 1719 5634 Quia
1756 5572 1826 5626 ad
1850 5572 2057 5631 Patrem

476 5648 606 5702 uado
624 5688 641 5715 ,
671 5658 716 5704 et
735 5651 849 5721 jam
876 5669 977 5708 non
999 5654 1224 5711 uidebitis
1251 5673 1350 5712 me.
1376 5658 1710 5730 Quapropter
1734 5666 1962 5724 mundus
1990 5658 2061 5727 de

476 5748 695 5811 peccato
721 5742 933 5814 quidem
962 5760 1059 5805 suo
1077 5788 1094 5805 .
1122 5747 1190 5805 de
1209 5748 1413 5819 justitia
1441 5768 1570 5812 vero
1594 5756 1833 5828 arguitur
1859 5761 2051 5833 aliena,

1408 367 1471 423 IN
1509 364 1785 422 JOANNIS
1812 358 2277 426 EVANCELIUM,
2319 359 2377 416 S.
2418 357 2782 418 AUGUSTlNl

3607 363 3748 421 1872

2160 473 2299 528 sicut
2326 481 2619 543 arguuntur
2645 472 2713 529 de
2741 472 2942 530 lumine
2964 476 3198 533 tenebrae
3222 494 3234 528 :
3265 476 3449 534 Omnia
3473 482 3610 535 enim
3632 498 3751 553 qua

2160 572 2461 636 arguuntur,
2481 565 2554 618 ait
2566 565 2869 633 Apostolus,
2884 567 3118 621 alumine
3133 568 3516 639 manifestantur
3527 570 3746 643 (Ephes.

2159 671 2213 722 v,
2241 654 2353 727 l3).
2384 655 2645 724 Quantum
2672 657 2814 711 enim
2840 658 3037 713 malum
3063 660 3131 714 sit
3156 675 3338 715 eorum
3368 663 3456 732 qui
3486 679 3593 722 non
3621 680 3749 721 cre-

2158 744 2319 811 dunt,
2351 761 2456 800 non
2489 747 2661 802 solum
2689 762 2783 817 per
2806 749 3037 818 seipsum
3058 791 3073 817 ,
3106 765 3286 805 verum
3318 754 3477 809 etiam
3505 770 3573 810 ex
3600 757 3746 814 bono

2160 845 2334 906 potest
2360 851 2545 892 eorum
2576 852 2833 908 apparere
2861 840 2948 909 qui
2973 840 3216 896 credunt.
3249 842 3316 896 Et
3353 845 3600 912 quoniam
3645 848 3747 903 ista

2159 944 2263 984 vox
2309 929 2597 986 inﬁdelium
2642 946 2763 988 esse
2803 935 3112 1002 consuevit,
3157 923 3435 1004 Quomodo
3476 938 3749 998 credimus

2159 1021 2300 1093 quod
2347 1037 2450 1078 non
2499 1023 2779 1079 videmus?
2826 1025 2946 1080 ideo
2987 1026 3319 1083 credentium
3359 1030 3620 1100 justitiam
3667 1032 3753 1090 sic

2159 1116 2393 1184 oportuit
2420 1110 2651 1182 deliniri,
2683 1117 2817 1182 Quia
2845 1117 2914 1170 ad
2938 1116 3148 1173 Patrem
3172 1120 3319 1186 uado,
3345 1130 3395 1176 et
3407 1123 3523 1193 jam
3548 1139 3650 1178 non
3674 1124 3753 1178 ui-

2159 1205 2337 1259 debitis
2351 1222 2446 1259 me.
2468 1206 2617 1261 Beati
2637 1207 2777 1261 enim
2799 1207 2890 1276 qui
2912 1223 3015 1262 non
3032 1209 3231 1273 vident,
3248 1218 3303 1265 et
3317 1212 3545 1267 credunt
3558 1211 3749 1287 (Joan.

2159 1312 2247 1361 xx,
2270 1296 2385 1368 29).
2415 1296 2546 1351 Nam
2573 1306 2627 1352 et
2644 1298 2735 1368 qui
2761 1298 3005 1354 viderunt
3021 1297 3312 1367 Christum,
3336 1316 3440 1357 non
3469 1304 3521 1357 in
3547 1319 3612 1359 eo
3634 1305 3753 1360 lau-

2158 1385 2279 1440 data
2307 1395 2389 1442 est
2420 1385 2550 1442 ﬁdes
2584 1402 2768 1442 eorum
2791 1431 2806 1456 ,
2838 1390 2959 1458 quia
2988 1389 3276 1446 credebant
3302 1392 3444 1462 quod
3473 1393 3751 1463 videbant,

2159 1477 2211 1532 id
2238 1488 2319 1532 est
2338 1478 2533 1533 Filium
2557 1478 2822 1545 hominis;
2854 1480 2946 1535 sed
2976 1481 3099 1552 quia
3127 1482 3436 1550 credebant,
3467 1485 3609 1554 quod
3639 1502 3756 1543 non

2158 1569 2439 1637 videbant,
2475 1569 2528 1625 id
2555 1580 2639 1625 est
2662 1571 2854 1626 Filium
2885 1572 2995 1626 Dei.
3025 1572 3156 1627 Cum
3195 1588 3321 1628 vero
3348 1583 3404 1630 et
3430 1575 3544 1645 ipsa
3572 1575 3751 1632 forma

2160 1662 2299 1716 servi
2338 1662 2607 1717 subtracta
2636 1677 2820 1717 eorum
2849 1672 2990 1718 esset
3016 1665 3350 1734 aspectibus,
3383 1675 3493 1721 tum
3524 1683 3654 1723 vero
3682 1686 3752 1726 ex

2159 1755 2302 1809 omni
2336 1763 2485 1824 parte
2514 1755 2788 1824 impletum
2813 1764 2923 1822 est,
2940 1755 3120 1811 Justus
3148 1775 3213 1813 e1:
3236 1760 3338 1827 ﬁde
3363 1761 3480 1814 vivit
3509 1760 3686 1832 (Rom.
3706 1779 3750 1831 ι,

2161 1845 2265 1910 17;
2296 1844 2495 1898 Hahae.
2532 1861 2590 1909 ιι,
2615 1847 2671 1913 4,
2702 1853 2747 1899 et
2770 1845 2925 1900 Hebr.
2954 1863 3030 1914 xl,
3056 1848 3132 1918 1).
3164 1848 3255 1902 Est
3276 1850 3416 1904 enim
3439 1850 3585 1920 ﬁdes,
3611 1852 3756 1908 sicut

2159 1936 2211 1990 in
2232 1935 2468 2005 Epistola
2497 1950 2617 2005 qua:
2644 1935 2709 1991 ad
2736 1936 2987 1992 Hebraeos
3015 1947 3098 1993 est
3123 1938 3376 1994 deﬁnitur
3394 1983 3408 2007 ,
3436 1944 3754 2012 sperantium

2160 2025 2435 2080 substantia
2451 2067 2465 2090 ,
2497 2026 2739 2079 convictio
2767 2043 2935 2080 rerum
2958 2044 3070 2097 qua:
3094 2045 3195 2082 non
3216 2029 3465 2084 videntur.

2231 2118 2287 2171 5.
2324 2116 2426 2172 Sed
2451 2117 2575 2187 quid
2598 2125 2711 2182 est,
2751 2117 2871 2172 Jam
2899 2136 3001 2173 non
3029 2120 3254 2176 videbitis
3292 2123 3413 2176 me!
3447 2123 3564 2178 Non
3607 2125 3755 2181 enim

2161 2209 2264 2273 ait,
2291 2209 2372 2264 Ad
2398 2210 2608 2265 Patrem
2637 2209 2800 2277 vado,
2828 2220 3010 2266 etnon
3037 2212 3283 2268 videbitis
3312 2229 3428 2281 me;
3462 2225 3518 2270 ut
3544 2224 3756 2287 tempe.

2162 2302 2236 2357 ris
2261 2302 2598 2357 intervallum
2622 2318 2729 2373 quo
2752 2318 2860 2358 non
2886 2303 3168 2371 videbitur,
3202 2307 3530 2376 signiﬁcasse
3557 2309 3757 2367 intelli-

2163 2400 2394 2462 geretur,
2435 2393 2546 2448 sive
2574 2393 2738 2449 breve
2757 2434 2771 2460 ,
2799 2394 2917 2449 sive
2943 2394 3161 2464 longum
3183 2436 3197 2460 ,
3231 2404 3405 2451 tamen
3435 2399 3621 2469 utique
3649 2409 3760 2455 tera

2163 2481 2420 2536 minatum
2449 2497 2463 2535 :
2492 2482 2586 2537 sed
2614 2483 2841 2538 dicendo
2861 2525 2875 2550 ,
2919 2484 3041 2537 lam
3069 2500 3170 2538 non
3194 2486 3422 2540 uidebitis
3454 2505 3531 2543 me
3551 2529 3566 2553 ,
3608 2490 3760 2546 velut

2164 2589 2431 2644 nunquam
2471 2588 2566 2629 eos
2603 2574 2670 2629 de
2711 2585 2908 2630 cetero
2948 2575 3159 2631 visuros
3204 2576 3508 2644 Christum,
3556 2583 3761 2639 veritas

2166 2665 2559 2734 praenuntiavit.
2595 2665 2839 2720 Hmceine
2862 2666 3064 2735 justitia
3085 2677 3167 2722 est
3186 2685 3454 2739 nunquam
3479 2671 3757 2729 Christum

2164 2753 2384 2820 videre,
2428 2762 2484 2808 et
2524 2754 2577 2807 in
2617 2768 2740 2809 eum
2785 2763 2961 2810 tamen
3006 2756 3260 2824 credere;
3307 2773 3427 2813 cum
3472 2772 3762 2832 propterea

2166 2842 2409 2898 laudetur
2442 2844 2573 2899 ﬁdes
2610 2860 2677 2900 ex
2712 2861 2813 2915 qua
2848 2844 3023 2916 justus
3061 2849 3217 2915 vivit,
3262 2852 3511 2920 quoniam
3550 2854 3759 2923 credit,

2166 2947 2325 3002 quem
2359 2932 2519 2988 modo
2548 2949 2654 2988 non
2690 2935 2835 2988 videt
2866 2933 3132 2990 Christum
3154 2978 3169 3002 ,
3211 2952 3270 2992 se
3308 2939 3593 3010 aliquando
3635 2958 3764 3001 esse

2166 3025 2442 3080 visurum?
2477 3026 2754 3082 Postremo
2779 3028 3074 3082 secundum
3104 3028 3241 3085 hanc
3264 3030 3522 3100 justitiam
3544 3074 3561 3099 ,
3603 3047 3765 3091 num-

2167 3114 2295 3186 quid
2334 3114 2527 3172 dicturi
2557 3130 2743 3171 sumus
2775 3117 2997 3173 Paulum
3027 3121 3324 3188 apostolum
3350 3138 3455 3177 non
3484 3123 3648 3181 fuisse
3668 3126 3764 3197 ju-

2168 3216 2330 3272 stum,
2360 3208 2700 3263 conﬁtentem
2726 3224 2785 3263 se
2813 3210 3081 3265 Christum
3113 3212 3308 3268 vidisse
3336 3224 3456 3284 post
3479 3218 3765 3275 ascensio-

2169 3312 2291 3351 nem
2323 3298 2438 3366 ejus
2466 3298 2519 3351 in
2545 3298 2739 3352 coelum
2772 3298 2816 3369 (Ι
2847 3298 2963 3354 Cor.
2992 3315 3082 3367 xv,
3112 3300 3188 3372 8).
3222 3303 3289 3357 de
3316 3319 3419 3374 quo
3445 3306 3627 3376 utique
3646 3309 3766 3377 jam

2171 3396 2408 3457 tempore
2434 3388 2676 3456 dixerat,
2706 3389 2831 3444 lam
2856 3408 2956 3445 non
2986 3391 3213 3448 videbitis
3239 3396 3356 3449 me?
3379 3396 3645 3468 Numquid
3674 3414 3767 3456 se-

2169 3480 2396 3534 cundum
2424 3479 2562 3536 hanc
2581 3482 2839 3551 justitiam
2864 3482 3041 3551 justus
3068 3498 3172 3538 non
3200 3494 3315 3540 erat
3338 3488 3761 3556 gloriosissimus

2170 3570 2473 3641 Stephanus
2491 3614 2505 3638 ,
2534 3573 2626 3642 qui
2654 3587 2773 3627 cum
2802 3573 3147 3642 lapidaretur,
3180 3576 3254 3629 ait
3284 3594 3296 3629 :
3324 3575 3458 3631 Ecce
3483 3579 3627 3633 video
3654 3597 3765 3639 caad-

2171 3660 2275 3715 lum
2310 3673 2537 3731 apertum
2558 3703 2571 3728 ,
2603 3672 2650 3716 et
2678 3662 2872 3717 Filium
2914 3665 3130 3721 hominis
3165 3675 3378 3722 stantem
3404 3670 3474 3723 ad
3500 3671 3766 3726 dexteram

2170 3750 2270 3806 Dei
2297 3753 2434 3822 (Act.
2463 3769 2556 3816 vn,
2584 3752 2716 3827 55)?
2740 3755 2876 3823 Quid
2906 3772 3035 3827 ergo
3061 3767 3162 3824 est,
3195 3759 3274 3812 Ad
3299 3759 3506 3815 Patrem
3531 3763 3679 3830 vado,
3713 3773 3765 3819 et

2161 3842 2277 3913 jam
2303 3859 2404 3897 non
2432 3843 2657 3899 videbitis
2682 3862 2791 3911 me;
2817 3848 2937 3912 nisi,
2968 3850 3235 3917 quomodo
3260 3867 3398 3915 sum,
3427 3867 3549 3908 cum
3575 3855 3763 3911 vobis-

2170 3947 2291 3988 cum
2322 3935 2478 3989 sum?
2503 3935 2653 3992 Tunc
2679 3939 2819 3992 enim
2852 3940 3029 3996 adhuc
3066 3950 3181 3996 erat
3218 3944 3457 3999 mortalis
3489 3946 3540 3999 in
3570 3948 3764 4003 simili-

2170 4026 2353 4083 tudine
2382 4029 2558 4084 carnis
2595 4031 2797 4100 peccati
2825 4032 2999 4102 (llam.
3029 4049 3122 4088 vin
3141 4076 3157 4101 ,
3185 4034 3241 4104 5)
3261 4076 3276 4100 ,
3316 4038 3406 4106 qui
3430 4040 3635 4095 esurire
3660 4056 3763 4111 po-

2171 4124 2310 4173 terat
2352 4133 2415 4175 ac
2452 4120 2637 4187 sitire,
2678 4120 2885 4192 fatigari
2923 4132 3081 4194 atque
3120 4125 3350 4182 dormire
3393 4146 3407 4182 :
3453 4130 3594 4185 hunc
3629 4146 3761 4203 ergo

2170 4206 2439 4263 Christum
2461 4250 2477 4276 ,
2510 4210 2560 4264 id
2589 4220 2672 4266 est
2706 4212 2861 4267 talem
2897 4214 3198 4281 Christum,
3229 4230 3351 4272 cum
3384 4221 3661 4276 transisset
3688 4223 3760 4278 de

2170 4296 2275 4352 hoc
2302 4299 2498 4354 mundo
2528 4300 2593 4355 ad
2616 4301 2858 4369 Patrem,
2891 4318 2995 4359 non
3026 4316 3178 4361 erant
3193 4307 3303 4377 jam
3334 4308 3496 4365 visuri
3520 4327 3536 4378 ;
3560 4321 3615 4367 et
3640 4312 3760 4383 ipsa

2169 4398 2251 4442 est
2283 4388 2484 4458 justitia
2524 4389 2682 4460 ﬁdei,
2726 4393 2794 4448 de
2825 4410 2928 4464 qua
2962 4394 3090 4451 dicit
3111 4399 3433 4467 Apostolus,
3464 4400 3578 4456 Etsi
3603 4418 3761 4457 noue-

2167 4495 2339 4535 ramus
2379 4482 2632 4538 Christum
2673 4488 2948 4540 secundum
2981 4505 3181 4542 carnem
3201 4530 3216 4554 ,
3247 4492 3337 4545 sed
3365 4508 3498 4546 nunc
3513 4495 3628 4565 jam
3655 4512 3758 4550 non

2142 4568 2397 4625 ‘novimus
2435 4572 2503 4643 (ll
2532 4572 2649 4628 Cor.
2677 4591 2744 4643 v,
2786 4577 2899 4647 16).
2941 4578 3053 4632 Erit
3090 4580 3301 4650 itaque,
3341 4582 3542 4652 inquit,
3578 4594 3756 4644 vestra

2164 4661 2386 4731 justitia,
2408 4680 2511 4733 qua
2533 4666 2760 4724 mundus
2780 4680 3047 4739 arguatur,
3071 4672 3190 4743 quia
3210 4673 3340 4728 vado
3355 4675 3424 4728 ad
3450 4674 3676 4743 Patrem,
3709 4685 3758 4733 et

2158 4758 2272 4824 jam
2294 4772 2395 4809 non
2417 4757 2641 4812 videbitis
2668 4746 2746 4814 ine
2761 4777 2779 4814 :
2799 4763 3047 4831 quoniam
3075 4764 3126 4818 in
3150 4781 3270 4818 eum
3292 4782 3449 4836 quem
3472 4782 3576 4823 non
3598 4769 3752 4826 vide-

2166 4842 2291 4899 bitis
2308 4845 2538 4901 credetis
2558 4849 2610 4901 in
2634 4864 2720 4904 me
2739 4868 2752 4902 :
2776 4861 2830 4905 et
2850 4853 3063 4922 quando
3079 4869 3166 4910 me
3181 4854 3448 4925 videbitis,
3466 4859 3607 4929 quod
3628 4869 3756 4918 tunc

2168 4948 2282 4998 ero,
2314 4950 2422 4991 non
2445 4937 2689 4994 videbitis
2712 4956 2797 4996 me
2820 4942 2963 5012 quod
2987 4957 3103 4999 sum
3126 4946 3396 5003 vobiscum
3427 4950 3615 5016 modo;
3647 4967 3757 5008 non

2167 5026 2412 5082 videbitis
2442 5028 2717 5098 humilem,
2747 5033 2838 5087 sed
2864 5036 3166 5102 excelsum;
3194 5053 3300 5094 non
3327 5040 3573 5097 videbitis
3603 5057 3759 5098 mor-
3804 5026 3817 5055 ³

2169 5117 2325 5171 talem
2346 5158 2358 5180 ,
2400 5119 2494 5173 sed
2536 5123 2954 5191 sempiternum;
2984 5142 3087 5182 non
3112 5128 3355 5184 videbitis
3368 5131 3716 5200 judicandum
3737 5177 3755 5202 ,

2154 5208 2260 5263 sed
2278 5208 2636 5277 judicaturum
2662 5213 2678 5245 ί
2704 5231 2716 5267 :
2741 5215 2880 5271 etde
2903 5216 3002 5272 hac
3027 5217 3129 5273 ﬁde
3149 5228 3344 5284 vestra,
3374 5221 3426 5275 id
3451 5231 3532 5277 est
3546 5222 3759 5292 justitia

2167 5309 2339 5355 vestra
2358 5343 2373 5367 ,
2401 5311 2586 5372 arguet
2611 5302 2838 5375 Spiritus
2868 5316 3082 5364 sanctus
3108 5311 3440 5368 iucredulum
3472 5315 3755 5372 mundum.

2234 5391 2289 5445 4.
2329 5394 2531 5464 Arguet
2573 5395 2733 5450 etiam
2775 5397 2839 5451 de
2871 5398 3105 5469 judicio,
3150 5403 3270 5472 quia
3321 5405 3552 5476 princeps
3595 5405 3759 5477 hujus

2164 5483 2340 5535 mundi
2356 5484 2621 5555 judicatus
2643 5495 2734 5541 est.
2767 5478 3002 5554 Quis'est
3030 5491 3128 5547 iste
3149 5533 3161 5553 ,
3194 5493 3295 5549 nisi
3322 5495 3390 5551 de
3413 5511 3520 5565 quo
3545 5497 3622 5551 ait
3647 5498 3760 5553 alio

2166 5571 2302 5636 loco,
2333 5574 2462 5628 Ecce
2485 5576 2616 5629 venit
2644 5578 2876 5649 princeps
2904 5582 3100 5650 mundi,
3128 5595 3174 5637 et
3202 5585 3254 5638 in
3279 5602 3358 5640 me
3383 5587 3511 5640 nihil
3534 5587 3761 5644 inueniet

2166 5664 2346 5735 (Joan.
2377 5681 2499 5732 xw,
2529 5666 2656 5740 30);
2686 5669 2739 5725 id
2766 5680 2881 5740 est,
2907 5673 3036 5729 nihil
3055 5675 3192 5746 juris
3211 5677 3327 5746 sui,
3355 5676 3483 5733 nihil
3512 5680 3658 5751 quod
3684 5681 3760 5738 ad

2228 5781 2245 5811 ι
2263 5785 2388 5842 Mss,
2401 5779 2746 5845 judicatorem.
