4102 6470
330 326 467 388 ’8⁸15

321 469 442 514 eum
465 451 751 524 pertineat,
777 446 981 504 nullum
1003 443 1207 500 scilicet
1228 438 1442 497 omnino
1463 432 1773 508 peccatum?
1798 430 1902 485 Per

322 547 424 603 hoc
444 545 588 600 enim
611 551 694 599 est
716 539 955 596 diabolus
977 537 1218 608 princeps
1243 531 1445 588 mundi.
1474 529 1589 584 Non
1615 527 1755 583 enim
1779 524 1901 581 caeli

321 648 378 697 et
414 647 575 694 terra:
606 644 663 692 et
695 633 932 690 omnium
976 643 1094 700 quae
1132 627 1187 681 in
1231 625 1310 681 eis
1349 631 1499 689 sunt,
1545 629 1628 678 est
1659 619 1902 675 diabolus

321 733 607 804 princeps,
647 742 748 798 qua
777 722 1164 796 signiﬁcatione
1192 717 1500 788 intelligitur
1527 714 1782 776 mundus,
1814 711 1901 766 ubi

321 822 522 878 dictum
551 828 654 886 est,
685 818 754 873 Et
782 816 1000 871 mundus
1027 831 1114 886 per
1141 829 1255 867 eum
1277 812 1440 882 [actus
1466 818 1538 863 est
1561 825 1580 862 :
1601 807 1694 862 sed
1720 805 1903 860 mundi

320 922 407 969 est
443 911 688 967 diabolus
740 908 1016 979 princeps,
1054 905 1122 960 de
1158 917 1264 973 quo
1301 899 1499 956 mundo
1540 898 1612 954 ibi
1651 896 1930 968 continuo_

321 1004 590 1075 subjungit
610 1013 767 1072 atque
787 1001 880 1067 ait,
901 1000 968 1054 Et
990 997 1208 1052 mundus
1225 1011 1337 1050 eum
1356 1010 1456 1048 non
1472 990 1699 1062 cognovit
1721 987 1899 1058 (Joan.

320 1114 372 1164 ι,
403 1097 532 1168 10),
575 1096 677 1151 hoc
716 1102 798 1149 est
832 1092 1076 1147 homines
1112 1087 1384 1153 inﬁdeles,
1415 1084 1605 1155 quibus
1635 1089 1746 1138 toto
1774 1079 1903 1134 orbe

319 1197 584 1244 terrarum
612 1185 840 1241 mundus
866 1191 947 1239 est
973 1183 1158 1253 plenus
1185 1197 1198 1234 :
1230 1179 1366 1234 inter
1389 1191 1521 1246 quos
1543 1175 1708 1244 gemit
1734 1172 1904 1227 ﬁdelis

320 1278 583 1344 mundus,
610 1292 767 1348 quem
795 1276 861 1332 de
887 1273 1084 1329 mundo
1110 1271 1295 1340 elegit,
1328 1283 1422 1338 per
1445 1281 1602 1337 quem
1631 1265 1797 1319 factus
1821 1271 1903 1317 est

319 1370 587 1434 mundus;
627 1367 695 1424 de
720 1382 826 1437 quo
855 1366 967 1436 ipse
995 1363 1151 1428 dicit,
1186 1359 1306 1414 Non
1337 1359 1466 1412 venit
1495 1356 1660 1410 Filius
1687 1354 1904 1409 hominis

319 1471 377 1515 ut
395 1461 591 1532 judicet
620 1457 895 1523 mundum,
935 1455 1023 1510 sed
1048 1463 1101 1508 ut
1129 1452 1349 1508 salvetur
1374 1447 1594 1502 mundus
1625 1463 1712 1515 per
1735 1446 1903 1515 ipsum

320 1551 433 1623 (Id.
487 1567 581 1616 ιιι,
614 1549 726 1619 1ι7).
774 1545 1000 1601 Mundus
1043 1541 1394 1612 eojudicante
1423 1539 1720 1598 damnatur,
1752 1549 1905 1588 mun-

318 1643 422 1699 dus
463 1658 529 1698 eo
573 1640 928 1697 subveniente
953 1637 1186 1691 salvetur
1226 1651 1238 1688 :
1279 1631 1528 1700 quoniam
1571 1629 1714 1683 sicut
1745 1626 1904 1681 arbor

320 1733 462 1788 foliis
502 1741 559 1787 et
593 1730 798 1802 pomis,
844 1728 980 1782 sicut
1023 1740 1154 1780 area
1185 1723 1346 1792 paleis
1383 1729 1442 1776 et-
1480 1718 1789 1785 frumentis,
1832 1718 1903 1772 ita

321 1824 622 1880 inﬁdelibus
659 1831 716 1879 et
753 1821 994 1877 ﬁdelibus
1035 1820 1221 1889 plenus
1257 1825 1339 1872 est
1374 1813 1619 1868 mundus.
1651 1812 1904 1882 Princeps

321 1933 448 1988 ergo
473 1915 656 1972 mundi
683 1915 873 1985 hujus,
908 1912 1011 1966 hoc
1048 1918 1131 1964 est
1169 1909 1414 1978 princeps
1443 1905 1778 1960 tenebrarum
1812 1903 1904 1957 ha~

320 2025 439 2064 rum
459 2049 475 2075 ,
523 2007 575 2062 id
615 2015 697 2062 est
733 2004 1059 2066 inﬁdelium;
1100 2001 1165 2056 de
1190 1999 1379 2069 quibus
1404 1996 1608 2052 eruitur
1635 1993 1862 2049 mundus
1886 2034 1900 2058 ,

321 2101 513 2170 quibus
537 2098 749 2160 dicitur,
784 2094 980 2149 Fuistis
1009 2091 1282 2162 aliquando
1312 2087 1555 2150 tenebrae;
1582 2100 1712 2138 nunc
1740 2092 1906 2136 autem

321 2192 413 2245 tua:
436 2193 488 2244 in
517 2190 733 2244 Domino
760 2185 970 2257 (Ephes.
995 2201 1050 2250 v,
1074 2184 1129 2253 8)
1154 2201 1166 2236 :
1192 2183 1437 2251 princeps
1456 2179 1636 2233 tnundi
1663 2176 1817 2245 hujus
1838 2175 1906 2231 de

319 2299 429 2354 quo
453 2283 580 2336 alibi
609 2281 770 2345 dicit,
808 2277 963 2333 Nunc
993 2277 1223 2348 princeps
1248 2272 1424 2327 mundi
1450 2271 1601 2341 hujus
1628 2271 1807 2324 missus
1835 2279 1906 2323 est

321 2375 462 2444 foras
494 2372 672 2442 (Joan.
717 2387 824 2438 xu,
853 2368 942 2440 5t)
963 2409 977 2434 ,
1021 2367 1197 2437 utique
1223 2365 1486 2435 judicatus
1511 2371 1624 2428 est;
1657 2361 1905 2432 quoniam

317 2464 520 2534 judicio
550 2464 683 2534 ignis
712 2462 895 2518 aeterni
925 2459 1342 2515 irrevocabiliter
1367 2457 1660 2512 destinatus
1697 2463 1797 2508 est.
1839 2453 1907 2506 Et

321 2556 391 2612 de
419 2559 521 2612 hoc
546 2557 721 2626 itaque
744 2554 944 2623 judicio
964 2569 1068 2622 quo
1091 2550 1617 2622 princepsjudicatus
1647 2555 1728 2602 est
1754 2562 1908 2600 mun-

321 2646 411 2714 di,
441 2646 681 2716 arguitur
702 2661 731 2699 a
755 2645 953 2715 Spiritu
990 2651 1175 2699 sancto
1213 2641 1471 2706 mundus;
1507 2641 1756 2711 quoniam
1785 2653 1905 2692 cum

321 2752 420 2793 suo
449 2737 684 2808 principe
716 2736 1002 2807 judicatur,
1043 2751 1199 2806 quem
1237 2733 1500 2803 superbus
1525 2743 1684 2802 atque
1713 2731 1905 2800 impius

319 2829 560 2884 imitatur
580 2829 618 2881 ¹.
647 2828 707 2883 Si
737 2831 868 2882 enim
894 2827 1048 2891 Deus,
1071 2828 1220 2881 sicut
1245 2826 1374 2880 dicit
1397 2823 1667 2893 apostolus
1693 2822 1901 2885 Petrus,

323 2920 640 2991 peccantibus
659 2921 851 2992 angelis
875 2937 973 2975 non
999 2921 1236 2990 pepercit,
1259 2919 1347 2973 sed
1365 2917 1648 2971 carceribus
1673 2913 1906 2985 caliginis

321 3014 472 3085 inferi
517 3013 788 3068 retrudens
823 3013 1032 3066 tradidit
1074 3013 1128 3066 in
1160 3012 1360 3082 judicio
1399 3009 1678 3080 puniendos
1719 3007 1906 3062 servari

322 3105 391 3175 (ll
420 3104 563 3160 Petr.
590 3121 646 3171 tr,
673 3105 758 3176 4);
785 3104 1050 3175 quomodo
1081 3117 1185 3158 non
1216 3118 1246 3157 a
1274 3102 1470 3172 Spiritu
1498 3110 1680 3156 sancto
1708 3100 1776 3156 de
1805 3099 1906 3152 hoc

318 3195 518 3266 judicio
561 3195 788 3251 mundus
830 3196 1085 3266 arguitur,
1127 3195 1338 3264 quando
1381 3196 1435 3248 in
1479 3193 1678 3264 Spiritu
1720 3202 1906 3250 sancto

324 3288 439 3344 haec
477 3288 710 3358 loquitur
740 3288 1062 3357 Apostolus?
1090 3287 1319 3342 Credant
1356 3287 1533 3356 itaque
1573 3286 1813 3341 homines
1852 3285 1904 3339 in

324 3379 591 3435 Christum
613 3421 626 3444 ,
660 3393 727 3434 ne
755 3388 1041 3448 arguantur
1069 3378 1134 3433 de
1166 3389 1382 3447 peccato
1409 3378 1735 3433 infidelitatis
1759 3393 1868 3432 sum
1889 3418 1904 3442 ,

323 3487 429 3541 quo
453 3480 668 3540 peccata
688 3471 865 3525 omnia
887 3470 1189 3526 detinentur
1213 3489 1224 3522 :
1251 3479 1522 3526 transeant
1549 3471 1600 3525 in
1628 3485 1904 3526 numerum

325 3561 590 3626 ﬁdelium,
623 3577 689 3616 ne
714 3573 1000 3632 arguantur
1027 3563 1093 3617 de
1114 3563 1315 3633 justitia
1346 3578 1529 3617 eorum
1549 3605 1561 3626 ,
1593 3577 1726 3631 quos
1751 3562 1908 3628 justi-

325 3656 512 3709 licatos
539 3670 642 3709 non
673 3640 944 3710 imitantur
969 3674 982 3709 :
1012 3664 1234 3710 caveant
1264 3655 1494 3707 futurum
1521 3653 1774 3723 judicium
1797 3695 1810 3717 ,
1842 3667 1909 3706 ne

326 3760 446 3800 cum
476 3745 658 3800 mundi
688 3747 923 3816 principe
944 3747 1268 3816 judicentur,
1297 3760 1451 3815 quem
1473 3745 1762 3814 judicatum
1793 3744 1910 3796 imi-

328 3844 526 3890 tantur.
555 3837 762 3893 Etenim
793 3853 860 3893 ne
889 3838 989 3892 sibi
1018 3838 1283 3892 existimet
1325 3837 1465 3904 parci
1507 3836 1751 3904 superbia
1779 3835 1908 3889 dura

328 3929 650 3997 mortalium,
682 3930 750 3985 de
770 3930 1116 4000 superborum
1147 3929 1406 3999 supplicio
1435 3927 1680 4008 terrenda
1711 3934 1794 3982 est
1817 3942 1911 3980 an-

331 4021 590 4091 gelorum.

810 4135 1214 4192 TRACTATUS
1252 4134 1432 4190 XCVI.

336 4247 397 4302 In
426 4248 534 4302 haec
561 4249 740 4314 verba,
769 4247 954 4303 Adhuc
992 4249 1154 4303 multa
1189 4248 1358 4303 habeo
1393 4247 1542 4302 vobis
1572 4247 1778 4314 dicere;
1818 4245 1913 4302 sed

403 4354 508 4393 non
534 4339 753 4408 potestis
779 4350 989 4407 portare
1019 4339 1176 4394 modo
1206 4357 1217 4391 :
1246 4354 1364 4392 cum
1393 4349 1568 4394 autem
1597 4339 1799 4395 venerit
1828 4339 1914 4393 ille

401 4430 631 4499 Spiritus
666 4430 932 4496 veritatis,
974 4430 1185 4486 docebit
1225 4445 1320 4484 vos
1363 4446 1574 4486 omnem
1617 4430 1912 4485 veritatem.

402 4521 530 4592 Cap.
561 4536 689 4587 xvi,
737 4523 771 4592 ᾗ
808 4522 880 4594 ᾖ.
912 4522 1011 4588 ιε,
1045 4521 1130 4577 15.

401 4659 452 4712 1.
495 4658 552 4713 ιιι
588 4658 692 4714 isto
724 4659 893 4714 sancti
927 4658 1199 4728 Evangelii
1231 4659 1493 4729 capitulo,
1531 4659 1618 4715 ubi
1661 4660 1918 4715 Dominus

333 4750 403 4804 ait
421 4750 695 4820 discipulis
715 4751 827 4806 suis
842 4791 856 4817 ,
889 4751 1070 4805 Adhuc
1093 4751 1254 4805 multa
1280 4751 1437 4806 habeo
1457 4752 1593 4807 vobis
1611 4753 1802 4818 dicere,
1830 4752 1918 4806 sed

334 4861 430 4898 non
456 4845 662 4914 potestis
687 4855 891 4914 portare
917 4844 1064 4898 modo
1081 4885 1095 4910 ,
1128 4843 1275 4913 prius
1300 4845 1642 4912 quazrendum
1675 4844 1803 4898 illud
1829 4860 1918 4900 oc-

332 4935 517 5000 currit,
543 4935 813 5004 quomodo
838 4935 1084 5005 superius
1109 4935 1319 5000 dixerit,
1347 4934 1531 4989 Omnia
1557 4952 1669 5007 qua:
1693 4937 1863 4990 audivi
1887 4951 1919 4989 a

334 5026 490 5082 Patre
511 5045 641 5092 meo,
665 5015 787 5082 nota
811 5028 907 5097 feci
931 5027 1066 5082 vobis
1095 5026 1271 5100 (Joan.
1295 5043 1388 5094 xv,
1420 5025 1540 5098 15);
1570 5036 1624 5082 et
1646 5028 1731 5083 hic
1754 5027 1915 5095 dicat,

333 5121 516 5174 Adhuc
535 5122 698 5174 multa
722 5121 878 5175 habeo
897 5119 1032 5175 vobis
1051 5121 1234 5184 dicere,
1259 5123 1347 5175 sed
1371 5137 1470 5174 non
1498 5122 1698 5190 potestis
1719 5131 1921 5192 portare

333 5211 503 5266 modo.
533 5210 737 5266 Verum
776 5211 1208 5282 illud-quomodo
1245 5211 1472 5279 dixerit,
1512 5211 1652 5281 quod
1682 5211 1917 5265 nondum

335 5301 535 5358 fecerat
570 5312 821 5372 tanquam
861 5302 1074 5369 fecerit,
1114 5302 1250 5358 sicut
1285 5317 1346 5358 ea
1391 5317 1510 5372 quae
1549 5301 1724 5356 futura
1762 5310 1918 5366 sunt,

335 5394 502 5449 Deum
533 5392 726 5449 fecisse
755 5395 1013 5464 propheta
1043 5403 1264 5450 testatur
1291 5394 1474 5449 dicens
1492 5433 1506 5459 ,
1540 5393 1640 5459 Qui
1669 5393 1785 5464 fecit
1811 5408 1922 5464 qua:

338 5487 510 5555 futura
537 5495 658 5538 sunt
687 5484 839 5557 (Isai.
871 5502 998 5553 va,
1032 5488 1092 5541 il
1116 5528 1129 5551 ,
1161 5502 1261 5540 sec.
1292 5483 1492 5557 LXX),
1520 5484 1628 5555 jam
1659 5500 1781 5540 cum
1809 5485 1922 5554 ipsa

337 5575 497 5630 verba
530 5583 912 5644 tractaremus,
951 5586 1008 5631 ut
1045 5577 1336 5647 potuimus,
1373 5577 1736 5646 exposuimus.
1775 5575 1924 5631 Nunc

399 5684 581 5756 {laeva
595 5684 854 5756 superbum
889 5692 1028 5752 atque
1067 5685 1267 5752 impium
1303 5686 1536 5739 imitatur.
1574 5694 1664 5738 Nos
1693 5687 1771 5739 hic
1799 5695 1853 5740 ut
1875 5691 1926 5740 in

342 5742 484 5796 editis
506 5744 613 5796 aliis
635 5742 688 5797 et
710 5755 814 5797 Mss.

1444 305 1850 376 TRACTATUS
1889 301 2066 358 XCVI.
2107 308 2330 368 CAPUT
2373 311 2508 367 XVI.

3456 319 3480 367 ι
3490 317 3586 369 874

2009 441 2136 498 ergo
2171 445 2290 498 qua:
2331 426 2431 484 ista
2473 430 2578 484 sint
2619 443 2739 499 quae
2782 428 3020 498 Apostoli
3065 437 3189 484 tunc
3231 437 3450 500 portare
3479 444 3585 484 non

2009 527 2288 587 poterant,
2325 521 2483 576 vultis
2511 519 2732 575 forsitan
2762 520 2917 574 scire.
2948 519 3050 575 Sed
3077 519 3194 590 quis
3220 528 3458 576 nostrum
3487 537 3584 576 au-

2009 610 2132 665 deat
2157 627 2340 667 eorum
2377 629 2436 668 se
2472 615 2649 668 dicere
2682 613 2790 682 jam
2829 627 3108 683 capacem,
3138 629 3257 682 qua:
3286 613 3362 669 illi
3389 628 3584 682 capere

2010 717 2116 756 non
2141 703 2414 759 valebant?
2445 705 2521 758 Ac
2550 720 2646 774 per
2670 705 2767 758 hoc
2793 719 2890 758 nec
2918 720 2948 759 a
2975 719 3058 758 me
3082 705 3432 774 exspectanda
3461 713 3585 759 sunt

2010 800 2067 845 ut
2093 791 2354 858 dicantur,
2394 810 2511 864 quae
2540 793 2674 849 forte
2705 811 2810 848 non
2839 809 3080 864 caperem
3099 838 3111 858 ,
3152 795 3198 850 si
3229 795 3358 850 mihi
3387 796 3452 852 ab
3480 795 3580 850 alio

2008 881 2342 948 dicerentur;
2381 899 2479 939 nec
2505 898 2598 940 vos
2627 901 2688 939 ea
2720 895 2930 954 portare
2962 886 3216 954 possetis,
3248 886 3453 940 etiamsi
3483 900 3583 954 ego

2009 984 2186 1030 tantus
2210 991 2418 1044 essem,
2465 985 2522 1031 ut
2559 992 2587 1031 a
2625 993 2710 1032 me
2757 977 3013 1047 istaquae
3055 978 3204 1032 vobis
3239 978 3423 1032 altiora
3459 987 3585 1033 sunt

2007 1067 2278 1121 audiretis.
2303 1068 2367 1122 Et
2389 1068 2499 1141 fieri
2526 1068 2737 1137 quidem
2763 1077 2932 1137 potest
2960 1078 3016 1124 ut
3035 1069 3138 1122 sint
3165 1069 3216 1126 iu
3246 1070 3392 1123 vobis
3418 1069 3580 1141 aliqui

2007 1157 2073 1212 ad
2103 1173 2169 1213 ea
2193 1159 2443 1228 capienda
2470 1159 2579 1228 jam
2609 1160 2780 1214 idonei
2803 1202 2818 1223 ,
2860 1177 2976 1230 qum
3006 1162 3094 1215 alii
3130 1177 3318 1231 capere
3346 1161 3580 1217 nondum

2008 1250 2214 1314 valent;
2251 1260 2304 1305 et
2328 1252 2372 1305 si
2403 1268 2516 1306 non.
2533 1252 2707 1307 omnia
2736 1252 2811 1307 de
2832 1253 3023 1322 quibus
3051 1255 3299 1324 magister
3327 1253 3467 1308 Deus
3496 1253 3584 1310 ille

2007 1341 2234 1408 dicebat,
2263 1344 2443 1397 Adhuc
2463 1333 2622 1398 multa
2647 1344 2802 1399 habeo
2826 1345 2960 1399 vobis
2989 1345 3172 1410 dicere,
3197 1355 3371 1400 tamen
3397 1359 3584 1401 eorum

2007 1433 2230 1491 fortasse
2265 1437 2517 1492 tmnnulla
2550 1455 2562 1490 :
2604 1438 2697 1493 sed
2741 1453 2983 1508 quaenam
3028 1439 3133 1494 sint
3171 1444 3271 1493 Ista
3309 1454 3428 1508 qure
3471 1438 3588 1506 ipse

2009 1539 2113 1578 non
2142 1525 2290 1592 dixit,
2323 1529 2659 1583 temerarium
2687 1537 2768 1583 est
2795 1529 2926 1583 velle
2949 1544 3268 1598 praesumere
3297 1545 3360 1583 ac
3382 1528 3585 1584 dicere.

2006 1614 2136 1669 Nam
2161 1626 2214 1670 et
2237 1619 2370 1672 mori
2408 1634 2504 1687 pro
2541 1620 2754 1675 Christo
2792 1621 3023 1675 nondum
3063 1631 3215 1676 erant
3251 1621 3423 1676 idonei
3460 1629 3586 1676 tunc

2011 1707 2270 1777 Apostoli,
2297 1711 2485 1779 quibus
2508 1711 2734 1776 dicebat,
2765 1711 2886 1766 Non
2913 1713 3116 1783 potestis
3142 1729 3219 1765 me
3239 1714 3376 1781 sequi
3401 1712 3588 1778 modo;

2009 1797 2148 1851 unde
2188 1801 2388 1868 primus
2425 1815 2608 1855 eorum
2653 1802 2841 1857 Petrus
2865 1843 2880 1868 ,
2921 1802 3011 1870 qui
3049 1802 3151 1857 hoc
3190 1802 3300 1872 jam
3335 1817 3392 1857 se
3433 1816 3590 1871 posse

2011 1898 2437 1957 prmsumpserat,
2459 1891 2597 1944 aliud
2621 1901 2971 1960 expertusest
2993 1907 3148 1961 quam
3173 1892 3385 1960 putabat
3407 1890 3586 1962 (Joan.

2008 1995 2121 2044 xm,
2151 1979 2335 2053 56-58)
2359 1999 2370 2033 :
2395 1989 2645 2036 ettamcn
2669 1993 2848 2052 postea
2874 1993 2926 2038 et
2949 1983 3043 2036 viri
3070 1991 3123 2036 et
3143 1982 3412 2046 mulieres,
3440 1984 3589 2051 pueri

2009 2079 2062 2125 et
2090 2072 2306 2140 puellm,
2332 2072 2556 2142 juvenes
2585 2081 2641 2128 et
2670 2073 2921 2144 virgines,
2956 2075 3194 2128 seniores
3219 2088 3338 2127 cum
3361 2071 3590 2142 juniori-

2009 2160 2109 2217 bus
2146 2162 2558 2220 innumerabiles
2599 2166 2854 2236 martyrio
2892 2165 3129 2220 coronati
3159 2173 3313 2229 sunt;
3354 2174 3407 2218 et
3433 2177 3592 2234 posse

2011 2253 2238 2308 inventae
2273 2264 2396 2309 sunt
2431 2271 2557 2310 oves
2581 2297 2596 2323 ,
2634 2257 2774 2326 quod
2811 2266 2933 2310 tunc
2969 2255 3180 2325 quando
3207 2256 3305 2308 ista
3338 2253 3592 2308 Dominus

2010 2342 2344 2412 loquebatur,
2370 2345 2601 2399 nondum
2628 2353 2870 2414 poterant
2902 2354 3112 2414 portare
3139 2353 3398 2414 pastores.
3425 2343 3595 2398 Num-

2010 2434 2134 2503 quid
2174 2450 2300 2506 ergo
2337 2434 2518 2489 debuit
2557 2435 2661 2489 illis
2699 2435 2883 2490 ovibus
2921 2435 3026 2490 dici
3066 2435 3120 2488 in
3154 2434 3245 2488 illo
3286 2432 3593 2488 tentationis

2008 2526 2264 2589 articulo,
2307 2541 2412 2596 quo
2455 2536 2660 2581 certare
2699 2541 2864 2596 usque
2893 2525 2957 2580 ad
2991 2534 3214 2580 mortem
3246 2539 3341 2593 pro
3370 2522 3594 2578 veritate

2011 2617 2307 2684 oportebat,
2335 2629 2388 2671 et
2415 2633 2510 2686 pro
2537 2617 2733 2671 Christi
2765 2618 2977 2672 nomine
3006 2617 3087 2671 vel
3113 2616 3350 2671 doctrina
3379 2613 3593 2684 sangui-

2009 2723 2130 2762 nem
2159 2709 2407 2772 fundere;
2437 2709 2975 2778 mnnquid,'inquam,
3004 2706 3184 2762 debuit
3207 2707 3284 2760 eis
3312 2706 3436 2771 dici,
3461 2705 3593 2772 Quis

2009 2810 2242 2857 vestrum
2270 2801 2463 2856 audeat
2489 2801 2737 2857 idoneum
2769 2800 3026 2870 martyrio
3055 2814 3113 2854 se
3139 2807 3344 2868 putare,
3372 2797 3456 2852 cui
3487 2797 3592 2850 Pe-

2012 2900 2123 2946 trus
2151 2892 2372 2946 idoneus
2397 2891 2630 2946 nondum
2674 2891 2882 2956 fuerat,
2927 2889 3136 2961 quando
3178 2905 3297 2944 eum
3338 2902 3398 2944 os
3433 2887 3495 2942 ad
3532 2901 3594 2942 os

2011 2983 2125 3051 ipse
2165 2983 2416 3036 Dominus
2457 2982 2792 3038 instruebat?
2830 2980 2918 3036 Sic
2954 2981 3132 3051 itaque
3169 2980 3367 3034 dixerit
3404 2978 3594 3048 aliquis

2011 3088 2116 3128 non
2145 3073 2342 3128 debere
2371 3072 2473 3127 dici
2503 3073 2712 3142 populis
2740 3071 3040 3126 Christianis
3059 3110 3073 3130 .
3119 3068 3302 3123 audire
3329 3067 3595 3138 cupienti-

2012 3165 2113 3220 bus
2141 3179 2260 3235 qure
2285 3164 2391 3218 sint
2416 3164 2482 3220 de
2509 3163 2700 3233 quibus
2728 3162 2981 3216 Dominus
3007 3169 3132 3214 tunc
3155 3159 3382 3224 dicebat,
3413 3157 3596 3212 Adhuc

2012 3255 2173 3309 multa
2194 3256 2350 3310 habeo
2375 3257 2510 3310 vobis
2532 3255 2715 3319 dicere,
2739 3255 2829 3309 sed
2852 3271 2951 3308 non
2975 3253 3177 3324 potestis
3200 3259 3400 3322 portare
3420 3248 3592 3315 modo,

2012 3348 2067 3404 Si
2096 3349 2334 3418 Apostoli
2365 3347 2596 3403 nondum
2621 3355 2886 3418 poterant,
2917 3345 3085 3400 multo
3116 3345 3290 3398 minus
3317 3357 3413 3399 vos
3440 3351 3596 3413 pote-

2013 3442 2110 3495 stis
2141 3459 2153 3493 :
2189 3441 2306 3509 quia
2339 3438 2474 3494 forte
2515 3439 2593 3493 sic
2633 3437 2786 3492 multi
2818 3443 3044 3507 possunt.
3063 3434 3280 3499 audire,
3305 3432 3445 3502 quod
3471 3441 3597 3486 tunc

2014 3532 2250 3588 nondum
2281 3539 2481 3600 poterat
2510 3530 2724 3594 Petrus,
2758 3529 2892 3584 sicut
2917 3517 3065 3580 mulli
3094 3533 3313 3594 possunt
3341 3522 3596 3593 martyrio

2014 3625 2280 3692 coronari,
2309 3624 2449 3696 quod
2475 3631 2598 3678 tunc
2625 3621 2856 3676 nondum
2884 3625 3090 3688 poterat
3118 3617 3304 3671 Petrus
3329 3633 3340 3669 :
3367 3628 3599 3684 pracsep

2016 3717 2110 3770 tim
2142 3715 2251 3785 jam
2289 3716 2451 3769 misso
2489 3713 2688 3782 Spiritu
2720 3720 2932 3773 sancto,
2961 3711 3049 3778 qui
3079 3715 3202 3761 tunc
3222 3703 3454 3762 nondum
3481 3710 3602 3756 erat

2016 3810 2242 3872 missus,
2282 3807 2349 3862 de
2387 3821 2496 3876 quo
2519 3805 2776 3862 continuo
2812 3801 3105 3871 subjunxit,
3140 3809 3298 3867 atque
3327 3798 3434 3863 ait,
3468 3795 3598 3850 Cum

2016 3911 2182 3958 autem
2211 3899 2396 3955 venerit
2415 3897 2507 3953 ille
2533 3896 2756 3968 Spiritus
2785 3893 3006 3948 veritatis
3024 3932 3039 3958 ,
3071 3890 3260 3944 docebit
3289 3904 3373 3942 vos
3400 3903 3599 3941 onmem

2017 3994 2308 4056 veritatem;
2349 3991 2427 4046 sic
2465 3991 2643 4059 utique
2672 3987 3044 4042 demonstrans
3073 3983 3189 4037 illos
3215 3979 3334 4037 ideo
3359 3994 3478 4050 qum
3503 3978 3601 4032 ha-

2018 4087 2178 4142 bebat
2203 4086 2399 4146 dicere,
2427 4091 2642 4152 portare
2667 4096 2772 4134 non
2801 4092 2975 4150 posse,
3003 4077 3124 4147 quia
3154 4073 3390 4131 nondum
3414 4072 3481 4126 ad
3507 4086 3600 4126 eos

2019 4186 2240 4234 venerat
2265 4177 2492 4246 Spiritus
2519 4183 2751 4229 sanctus.

2089 4269 2144 4322 2.
2172 4271 2322 4324 .Eece
2351 4267 2705 4323 concedamus
2747 4271 2805 4318 ut
2851 4263 2919 4316 ita
2967 4260 3067 4327 sit,
3095 4259 3290 4314 mullos
3335 4272 3397 4312 ea
3444 4254 3604 4312 modo

2020 4371 2233 4432 portare
2254 4375 2412 4430 posse
2434 4361 2542 4428 jam
2571 4357 2733 4411 misso
2759 4354 2957 4423 Spiritu
2994 4360 3176 4407 sancto
3197 4392 3211 4418 ,
3243 4363 3360 4419 quae
3390 4356 3514 4402 tunc
3538 4360 3605 4401 eo

2023 4455 2259 4511 nondum
2291 4454 2456 4507 misso
2481 4467 2586 4507 non
2617 4456 2863 4519 poterant
2888 4453 3103 4516 portare
3128 4441 3371 4510 discipuli
3401 4457 3413 4492 :
3441 4455 3605 4494 num-

2023 4547 2151 4618 quid
2195 4546 2314 4600 ideo
2358 4545 2556 4598 scimus
2601 4556 2720 4610 qua:
2759 4539 2864 4592 sint
2892 4551 3012 4605 quae
3038 4534 3214 4589 dicere
3255 4530 3455 4596 noluit,
3484 4542 3654 4598 quar-

2023 4647 2151 4693 tunc
2192 4637 2450 4690 sciremus
2482 4632 2527 4686 si
2563 4630 2630 4685 ab
2667 4643 2732 4683 eo
2769 4626 2908 4682 dicta
2935 4626 3229 4695 legeremus
3270 4621 3353 4675 vel
3390 4618 3604 4673 audire-

2024 4727 2181 4784 mus?
2206 4725 2363 4780 Aliud
2393 4731 2476 4778 est
2503 4721 2644 4777 enim
2673 4719 2809 4774 scire
2835 4727 3011 4771 utrum
3051 4731 3079 4768 a
3106 4713 3256 4768 nobis
3286 4710 3366 4766 vel
3395 4724 3425 4762 a
3455 4707 3607 4762 vobis

2025 4822 2225 4896 portari
2254 4819 2491 4890 possint;
2520 4813 2663 4871 aliud
2687 4821 2861 4866 autem
2883 4811 3019 4865 scire
3045 4823 3160 4880 quae
3181 4806 3312 4870 sint,
3343 4802 3453 4856 sive
3483 4814 3606 4896 por-

2027 4889 2126 4970 tari
2155 4889 2386 4983 possint,
2413 4909 2524 4962 sive
2545 4922 2650 4961 non
2679 4902 2899 4974 possint.
2927 4900 3057 4966 Qua:
3077 4913 3195 4952 cum
3218 4897 3332 4966 ipse
3360 4889 3605 4956 tacuerit,

2025 5006 2144 5077 quis
2163 4982 2414 5059 “nostrum
2442 4999 2615 5062 dicat,
2646 4995 2752 5049 Ista
2790 4992 2872 5047 vel
2903 4991 3008 5046 illa.
3033 4986 3196 5044 sunt?
3221 4987 3326 5040 Aut
3361 4984 3405 5038 si
3431 4982 3610 5037 dicere

2026 5097 2245 5158 audeat,
2279 5091 2419 5148 unde
2460 5087 2685 5161 probat?
2713 5085 2842 5156 Quis
2871 5083 3015 5141 enim
3056 5088 3138 5137 est
3175 5089 3281 5134 tam
3307 5090 3477 5130 vanus
3519 5081 3611 5128 aut

2029 5186 2378 5251 temerarius,
2395 5183 2483 5253 qui
2509 5195 2630 5236 eum
2657 5175 2850 5234 dixerit
2875 5173 3037 5231 etiam
3057 5184 3182 5226 vera
3209 5167 3399 5238 quibus
3428 5165 3611 5253 volue-

2027 5281 2132 5348 rit,
2188 5294 2306 5349 qua:
2350 5252 2604 5338 voluerit,
2629 5270 2745 5326 sine
2772 5268 2880 5323 ullo
2923 5259 3225 5321 testimonio
3249 5256 3428 5313 divino
3460 5252 3611 5349 afﬁr-

2029 5347 2140 5431 met
2158 5347 2219 5427 ea
2241 5384 2360 5426 esse
2376 5381 2492 5438 qua:
2518 5373 2642 5420 tunc
2662 5361 2916 5417 Dominus
2937 5356 3114 5412 dicere
3130 5351 3330 5407 noluit?
3354 5349 3483 5417 Quis
3509 5347 3613 5404 hoc

2031 5473 2271 5523 nostrum
2300 5460 2484 5522 faciat,
2513 5465 2566 5512 et
2608 5469 2714 5510 non
2739 5449 3024 5506 maximam
3052 5444 3259 5513 culpam
3296 5438 3612 5496 temeritatis

2031 5558 2298 5621 incurrat,
2328 5553 2378 5606 in
2403 5566 2508 5620 quo
2529 5561 2628 5604 uec
2650 5541 2958 5615 prophetica
2999 5550 3100 5592 nec
3125 5533 3413 5605 apostolica
3438 5528 3614 5586 excel-

2032 5643 2427 5706 litauctoritas‘l
2456 5641 2587 5697 Nam
2617 5636 2854 5710 profecto
2886 5633 2932 5688 si
2957 5644 3140 5687 eorum
3169 5625 3364 5697 aliquid
3385 5622 3611 5695 legisse-

2034 5759 2151 5800 mus
2172 5742 2224 5798 in
2254 5736 2426 5796 Libris
2446 5732 2694 5792 canonica
2739 5727 3051 5786 auctoritate
3089 5721 3346 5790 ﬁrmatis,
3374 5717 3463 5790 qui
3493 5721 3614 5788 post
