4102 6474
533 311 557 368 Ι
567 309 674 368 875

527 430 893 490 ascensionem
921 429 1132 488 Domini
1164 429 1345 500 scripti
1375 438 1527 496 sunt,
1555 443 1743 500 parum
1784 426 1960 485 fuerat
2005 426 2110 482 hoc

525 523 750 594 legisse,
778 523 879 578 nisi
913 523 1023 579 illic
1058 523 1112 578 id
1153 523 1310 578 etiam
1337 521 1623 592 legeretur,
1650 519 1752 577 hoc
1777 536 1844 577 ex
1881 519 1960 576 eis
1989 533 2110 576 esse

524 629 643 684 quae
673 625 797 671 tunc
824 615 1078 672 Dominus
1103 615 1279 671 noluit,
1307 613 1579 683 discipulis
1614 611 1822 680 dicere,
1851 613 1971 682 quia
2000 626 2108 667 non

523 714 771 777 poterant
796 707 884 761 illa
910 715 1146 779 portare.
1189 705 1462 776 Tanquam
1492 703 1568 770 si,
1595 702 1741 758 verbi
1777 703 1943 774 gratia
1963 741 1980 769 ,
2009 717 2108 772 ego

523 798 758 855 dicerem
774 840 790 865 ,
814 799 939 853 illud
965 798 1104 869 quod
1126 796 1350 867 legimus
1369 797 1421 850 in
1443 789 1600 866 hujus
1619 794 1889 866 Evangelii
1912 794 2102 863 capite,

523 889 589 944 In
616 892 864 963 principio
889 900 994 946 erat
1030 889 1244 946 Verbum
1263 931 1279 958 ,
1311 899 1355 944 et
1394 888 1604 945 Verbum
1625 900 1731 944 erat
1752 889 1892 960 apud
1923 889 2102 953 Deum,

523 993 568 1035 et
591 982 728 1038 Deus
757 993 863 1037 erat
903 981 1145 1048 Verbum,
1174 981 1268 1036 hoc
1289 981 1470 1036 eratin
1499 981 1748 1050 principio
1773 980 1914 1050 apud
1939 978 2104 1033 Deum

523 1073 703 1147 (Joau.
732 1091 766 1140 ι,
799 1077 848 1139 1,
871 1075 950 1147 2),
973 1084 1026 1132 et
1046 1073 1147 1130 alia
1167 1089 1287 1145 qua:
1305 1081 1618 1147 sequuntur,
1647 1073 1895 1142 quoniam
1920 1078 2099 1142 postea

519 1167 716 1236 scripta
740 1174 896 1233 sunt,
924 1181 1024 1222 nec
1069 1181 1130 1223 ea
1161 1166 1444 1221 Dominum
1469 1164 1650 1222 Iesum
1691 1164 1890 1220 dixisse
1914 1178 2071 1220 narra

519 1264 631 1312 tum
662 1266 775 1324 est,
801 1272 923 1314 cum
965 1259 1052 1314 hic
1075 1266 1220 1315 esset
1247 1258 1300 1313 in
1339 1272 1530 1322 carne,
1561 1256 1655 1311 sed
1702 1256 1816 1312 haec
1858 1271 1994 1311 unus
2035 1270 2102 1311 ex

519 1350 792 1418 Apostolis
832 1350 949 1421 ejus
969 1391 984 1418 ,
1017 1364 1080 1405 ac
1117 1349 1317 1419 Spiritu
1360 1349 1476 1418 ejus
1503 1349 1519 1380 ί
1549 1347 1650 1406 sibi
1675 1348 1942 1404 revelante
1969 1361 2100 1402 con-

515 1441 761 1512 scripsit,
793 1457 861 1496 ex
891 1442 975 1498 his
998 1457 1120 1501 esse
1140 1456 1258 1513 qua:
1278 1442 1446 1498 noluit
1471 1449 1594 1496 tunc
1616 1442 1870 1500 Dominus
1897 1438 2096 1506 dicere,

514 1534 636 1604 quia
665 1549 726 1590 ea
747 1534 988 1606 discipuli
1009 1542 1222 1606 portare
1245 1549 1352 1591 non
1372 1542 1646 1604 poterant;
1667 1531 1787 1603 quis
1810 1547 1895 1586 me
1919 1530 2099 1585 audiat

513 1636 623 1681 tam
641 1637 839 1683 temere
855 1627 954 1683 ista
970 1627 1267 1684 dicentem?
1285 1626 1341 1684 Si
1356 1633 1533 1682 autem
1549 1625 1636 1682 ubi
1651 1624 1751 1679 hoc
1765 1624 2008 1694 legimus,
2024 1621 2096 1676 ibi

511 1716 617 1774 hoc
631 1719 788 1773 etiam
807 1719 1122 1790 legeremus,
1137 1718 1256 1790 quis
1275 1734 1379 1774 non
1401 1723 1546 1774 tanto
1564 1714 1806 1786 apostolo
1821 1712 2096 1769 crederet?

582 1810 635 1866 5.
676 1809 782 1866 Sed
825 1809 878 1874 id
904 1824 1115 1882 quoque
1153 1810 1284 1874 mihi
1316 1808 1525 1865 videtur
1550 1805 1928 1861 absurdissime
1953 1804 2089 1871 dici,

509 1916 570 1958 ea
605 1912 729 1958 tunc
753 1917 858 1958 non
888 1903 1126 1974 potuisse
1143 1909 1357 1972 portare
1379 1900 1666 1971 discipulos
1682 1939 1699 1965 ,
1722 1913 1840 1968 quae
1863 1897 1931 1951 de
1959 1895 2095 1951 invi-

508 1992 750 2049 sibilibus
773 2002 828 2049 et
866 1993 1140 2052 altissimis
1181 1993 1339 2048 rebus
1379 1993 1676 2048 invenimus
1706 1991 1757 2045 in
1787 1989 2093 2060 apostolicis

507 2082 723 2141 Litteris
742 2124 758 2150 ,
783 2099 902 2154 qua:
920 2083 1259 2154 postmodum
1288 2083 1497 2152 scripta:
1517 2091 1677 2149 sunt,
1708 2097 1808 2137 nec
1829 2096 1894 2147 ea
1915 2081 2094 2136 Domi-

506 2187 635 2229 num
663 2173 874 2242 quando
901 2188 1022 2228 cum
1066 2175 1170 2230 illis
1196 2174 1472 2229 visibiliter
1503 2182 1650 2239 erat,
1682 2171 1882 2228 dixisse
1909 2185 2092 2226 narra-

506 2271 612 2317 tur.
645 2262 754 2320 Cur
781 2264 925 2319 enim
955 2279 1018 2318 ea
1052 2273 1176 2319 tunc
1206 2263 1345 2321 ferre
1364 2279 1468 2318 non
1497 2271 1774 2333 poterant,
1805 2277 1924 2333 quae
1951 2275 2094 2318 nunc

505 2351 560 2408 in
609 2366 792 2408 eorum
837 2353 1010 2408 Libris
1056 2353 1173 2423 quis
1219 2369 1326 2412 non
1368 2353 1542 2425 legat,
1592 2354 1713 2424 quis
1753 2369 1859 2412 non
1915 2352 2086 2418 ferat,

503 2441 712 2498 etiamsi
737 2457 842 2499 non
871 2443 1171 2513 intelligat?
1199 2443 1461 2499 Nonnulla
1485 2443 1700 2514 quidem
1731 2442 1973 2508 homines
2004 2442 2090 2505 in-

504 2532 692 2590 ﬁdeles
733 2533 784 2589 in
827 2533 1118 2605 Scripturis
1156 2537 1354 2591 sanctis
1391 2545 1445 2592 et
1485 2551 1591 2591 non
1640 2535 1938 2606 intelligunt
1965 2550 2088 2590 cum

504 2622 685 2694 legunt
709 2624 792 2679 vel
826 2625 1074 2689 audiunt,
1097 2636 1153 2684 et
1183 2626 1314 2683 lecta
1342 2625 1427 2684 vel
1451 2626 1628 2682 audita
1668 2627 1805 2682 ferre
1829 2643 1933 2682 non
1964 2641 2089 2696 pos-

502 2724 666 2785 sunt:
694 2715 831 2772 sicut
858 2717 1053 2788 Pagaui
1071 2759 1086 2786 ,
1117 2719 1258 2788 quod
1288 2734 1381 2788 per
1400 2734 1520 2775 eum
1546 2719 1636 2790 qui
1663 2719 1947 2777 cruciﬁxus
1969 2727 2050 2774 est
2069 2761 2084 2787 ,

501 2805 673 2863 factus
693 2817 774 2863 est
799 2809 1060 2876 mundus;
1095 2811 1232 2869 sicut
1256 2811 1423 2866 Judaei
1444 2852 1460 2879 ,
1495 2811 1635 2882 quod
1667 2812 1831 2868 Filius
1863 2813 1956 2868 Dei
1983 2813 2086 2880 sit,

501 2896 591 2968 qui
617 2912 682 2954 eo
709 2898 867 2956 modo
891 2916 998 2971 quo
1022 2901 1121 2971 ipsi
1147 2901 1418 2959 celebrant
1437 2902 1715 2958 sabbatum
1743 2904 1928 2968 solvit;
1950 2904 2090 2960 sicut

499 2991 787 3050 Sabelliani
806 3035 820 3060 ,
849 2994 974 3064 quia
1001 2993 1234 3050 Trinitas
1262 3002 1344 3052 est
1380 2995 1541 3052 Pater
1565 3003 1619 3052 et
1657 2995 1820 3051 Filius
1842 3005 1896 3052 et
1920 2995 2088 3068 Spiri-

499 3094 588 3141 tus
612 3094 866 3151 sanctus;
894 3085 1032 3161 sicut
1059 3087 1274 3153 Ariani,
1299 3088 1422 3159 quia
1447 3089 1664 3160 aequalis
1692 3097 1775 3145 est
1820 3089 1962 3145 Patri
1992 3090 2083 3145 Fi-

497 3178 602 3234 lius
623 3220 640 3247 ,
667 3187 722 3235 et
746 3178 892 3235 Patri
918 3193 981 3235 ac
1006 3178 1140 3237 Filio
1173 3181 1402 3250 Spiritus
1441 3190 1690 3246 sanctus;
1719 3182 1855 3237 sicut
1897 3182 2083 3237 Photi-

497 3268 664 3334 niani,
691 3269 814 3339 quia
844 3284 950 3326 non
975 3268 1134 3331 homo
1161 3279 1362 3327 tantum
1389 3271 1576 3328 similis
1599 3271 1772 3340 nobis,
1803 3273 1898 3328 sed
1923 3274 2082 3329 etiam

498 3360 644 3416 Deus
666 3362 776 3419 Deo
795 3361 936 3418 Patri
956 3363 1173 3434 aequalis
1201 3373 1284 3419 est
1308 3365 1586 3432 Christus;
1613 3366 1746 3421 sicut
1770 3365 2043 3421 Manichaei
2065 3408 2080 3434 ,

501 3451 643 3520 quod
664 3450 903 3510 Christus
927 3451 1079 3510 Jesus
1099 3468 1195 3524 per
1213 3470 1369 3524 quem
1391 3454 1649 3517 liberandi
1665 3455 1687 3486 ⁸
1708 3469 1912 3523 sumus,
1936 3457 2081 3512 nasci

497 3541 555 3598 in
584 3557 746 3600 carne
772 3551 827 3600 et
863 3543 931 3601 de
955 3559 1117 3604 carne
1153 3545 1396 3617 dignatus
1435 3556 1519 3602 est
1544 3564 1557 3599 :
1582 3557 1636 3604 et
1676 3548 1855 3604 caeteri
1895 3563 2080 3604 omnes

496 3651 866 3706 perversarum
902 3651 968 3693 ac
994 3636 1324 3695 diversarum
1369 3647 1634 3697 sectarum
1671 3639 1947 3708 homines,
1981 3642 2082 3696 uti-

497 3745 600 3798 que
627 3728 768 3784 ferre
793 3745 897 3786 non
927 3739 1180 3802 possunt,
1208 3731 1461 3802 quidquid
1491 3732 1541 3786 in
1567 3732 1854 3802 Scripturis
1881 3735 2079 3790 sanctis

494 3830 548 3876 et
575 3821 625 3874 in
654 3821 758 3876 ﬁde
786 3821 1044 3878 catholica
1070 3824 1350 3892 reperitur,
1374 3826 1514 3895 quod
1535 3837 1719 3882 contra
1742 3842 1926 3884 eorum
1955 3845 2080 3899 pro-

493 3909 696 3967 feratur
716 3926 963 3980 errores;
989 3914 1123 3971 sicut
1153 3929 1252 3972 nos
1279 3914 1418 3971 ferre
1447 3933 1552 3974 non
1593 3933 1875 3988 possumus
1914 3921 2079 3975 sacri-

494 4001 642 4072 legas
661 4017 846 4060 eorum
872 4005 1131 4062 vanitates
1159 4016 1213 4062 et
1239 4007 1472 4065 insanias
1492 4011 1796 4068 mendaces.
1826 4012 1962 4082 Quid
1994 4021 2078 4070 est

493 4092 638 4146 enim
663 4091 803 4150 ferre
823 4107 928 4149 non
953 4109 1113 4166 posse
1135 4137 1151 4163 ,
1185 4098 1283 4152 nisi
1313 4114 1466 4169 mque
1499 4101 1680 4157 animo
1711 4120 1815 4159 non
1843 4104 2075 4162 habere?

493 4181 603 4237 Sed
630 4184 808 4241 omnia
836 4200 955 4254 qua:
998 4195 1117 4255 post
1159 4190 1525 4246 ascensionem
1567 4193 1775 4249 Domini
1817 4197 2073 4256 canonica

490 4273 716 4332 veritate
733 4283 891 4346 atque
916 4278 1230 4335 auctoritate
1254 4283 1554 4352 conscripta
1574 4293 1730 4350 sunt,
1755 4287 1874 4356 quis
1901 4287 2073 4348 ﬁdelis

487 4365 576 4420 vel
615 4366 773 4421 etiam
818 4367 1268 4438 catechumcnus,
1313 4382 1592 4443 antequam
1637 4375 1893 4446 Spiritum
1944 4396 2071 4435 san-

490 4465 636 4511 ctum
662 4456 957 4528 baptizatus
981 4460 1222 4529 accipiat,
1252 4478 1358 4517 non
1380 4479 1534 4535 teque
1560 4467 1742 4524 animo
1761 4469 1889 4541 legit
1914 4482 2071 4544 atque

488 4546 672 4616 audit,
704 4550 908 4605 etiamsi
941 4552 1175 4607 nondum
1211 4553 1351 4610 sicut
1375 4565 1585 4626 oportet
1622 4559 1903 4632 intelligit?
1923 4565 2069 4631 Quo-

487 4637 650 4694 modo
670 4654 796 4710 ergo
825 4641 1022 4712 aliquid
1051 4659 1232 4699 eorum
1261 4661 1379 4715 qua:
1417 4656 1537 4717 post
1563 4653 1927 4709 ascensionem
1960 4656 2068 4711 Do-

483 4729 613 4786 mini
635 4733 830 4803 scripta
856 4744 1010 4802 sunt,
1044 4751 1148 4790 non
1178 4746 1396 4806 possent
1433 4738 1574 4796 ferre
1601 4741 1879 4815 discipuli,
1906 4748 2066 4806 etiam

482 4823 719 4881 nondum
737 4825 834 4880 sibi
860 4825 1024 4882 misso
1049 4826 1248 4897 Spiritu
1263 4839 1469 4898 sancto,
1497 4847 1616 4888 cum
1633 4837 1810 4892 omnia
1835 4854 1975 4896 nunc
1990 4839 2068 4898 fe-

481 4925 604 4971 rant
623 4917 988 4974 catechumeni
1002 4921 1235 4977 nondum
1249 4932 1469 4995 accepto
1484 4925 1680 4996 Spiritu
1697 4933 1914 4987 sancto?
1931 4934 2064 5003 Quia

417 5075 425 5090 Ι
479 5006 579 5061 etsi
612 5021 721 5061 non
737 5007 816 5062 eis
833 5008 1063 5064 ﬁdelium
1077 5024 1406 5068 sacramenta
1422 5017 1732 5085 produntur,
1751 5037 1855 5077 non
1873 5023 1991 5080 ideo
2009 5027 2066 5085 ﬁt

479 5099 622 5170 quod
640 5116 701 5155 ea
720 5099 860 5158 ferre
881 5119 983 5158 non
1003 5115 1251 5174 possunt;
1271 5108 1364 5163 sed
1382 5119 1438 5164 ut
1453 5112 1520 5167 ab
1536 5114 1613 5169 eis
1631 5122 1776 5171 tanto
1791 5119 2062 5183 ardentius

477 5194 944 5263 conCUpiscantur,
971 5207 1170 5269 quanto
1195 5201 1274 5257 eis
1309 5201 1669 5263 honorabilius
1709 5212 2058 5272 occultantur.

547 5286 603 5340 4.
642 5286 996 5361 Quapropter,
1019 5291 1315 5352 charissimi
1334 5335 1349 5362 ,
1380 5312 1486 5354 non
1507 5313 1536 5352 a
1563 5300 1718 5358 nobis
1740 5310 2060 5376 exspectetis

477 5376 665 5438 audire
681 5395 797 5450 quae
817 5388 942 5437 tunc
962 5382 1133 5439 noluit
1151 5383 1406 5442 Dominus
1426 5387 1698 5462 discipulis
1717 5392 1914 5466 dicere,
1934 5402 2056 5470 quia

477 5467 714 5523 nondum
741 5479 984 5541 poterant
1004 5472 1092 5530 illa
1113 5483 1360 5546 portare:
1385 5478 1479 5534 sed
1506 5481 1681 5550 potius
1716 5484 1768 5539 in
1796 5467 2055 5548 charitate

477 5559 749 5641 proﬁcite,
773 5576 892 5633 quae
913 5562 1224 5621 diffunditur
1250 5565 1304 5622 in
1332 5568 1583 5625 cordibus
1607 5576 1799 5631 vestris
1824 5593 1917 5650 per
1934 5577 2046 5652 Spi.

538 5677 553 5750 ξ
576 5671 921 5750 toditiLipsQIac
941 5674 1262 5750 Spirituejus.
1287 5679 1449 5750 Abest,
1473 5678 1590 5750 ipso,
1617 5697 1646 5736 a
1668 5693 1773 5738 Mss.

534 5740 552 5770 ³
572 5747 622 5796 ιιι
641 5737 800 5803 editis,
825 5737 1029 5792 liberati.
1047 5747 1103 5793 At
1125 5737 1176 5790 hi
1200 5749 1329 5806 uss,
1351 5737 1603 5797 libertiudi.

1457 310 1522 366 IN
1558 307 1835 367 JOANNIS
1881 304 2347 377 EVANGELIUM,
2385 310 2442 368 S.
2481 312 2849 374 AUGUSTlNl

3649 327 3792 393 i876

2219 423 2380 482 ritum
2409 437 2652 485 sanctum
2679 434 2771 502 qui
2816 433 2973 492 datus
3015 445 3096 494 est
3142 438 3292 496 vobis
3335 439 3508 514 (Rom.
3541 459 3594 511 v,
3621 445 3713 518 5);
3745 456 3805 506 ut

2215 521 2404 591 spiritu
2438 523 2704 583 ferventes
2730 539 2784 583 et
2809 531 3098 600 spiritualia
3123 533 3408 606 diligentes
3426 578 3441 604 ,
3467 538 3803 609 spiritualem

2213 611 2386 668 lucem
2406 615 2842 689 spiritualemque
2865 637 3049 678 vocem
3065 664 3080 692 ,
3103 639 3260 694 quam
3286 629 3527 688 carnales
3552 630 3802 690 homines

2213 702 2355 762 ferre
2396 722 2502 762 non
2552 721 2804 779 possunt,
2836 729 2942 770 non
2987 717 3167 788 aliquo
3217 719 3372 790 signo
3419 725 3787 792 corporalibus

2211 799 2378 861 oculis
2405 812 2694 875 apparente
2713 846 2730 874 ,
2759 821 2860 868 nec
2887 808 3063 879 aliquo
3091 824 3225 868 sono
3261 816 3624 884 corporalibus
3645 819 3802 874 auri-

2209 889 2310 945 bus
2353 891 2682 964 instrepente
2706 935 2721 960 ,
2755 897 2852 952 scd
2903 899 3154 958 interiore
3191 914 3481 975 conspectu
3518 917 3573 963 et
3607 910 3803 967 auditu

2208 997 2368 1039 nosse
2392 987 2625 1055 possitis.
2651 988 2768 1045 Non
2800 993 2942 1046 enim
2974 994 3206 1064 diligitur
3230 998 3371 1067 quod
3400 999 3610 1070 penitus
3635 1001 3798 1072 igno-

2207 1081 2375 1128 ratur.
2422 1075 2526 1132 Sed
2568 1093 2689 1134 cum
2733 1081 2971 1153 diligitur
3013 1087 3157 1155 quod
3199 1102 3267 1151 ex
3310 1091 3799 1163 quantulacumque

2208 1175 2358 1236 parte
2381 1171 2733 1239 cognoscitur,
2759 1174 2871 1244 ipsa
2893 1176 3119 1233 efficitur
3141 1179 3427 1238 dilectione
3449 1192 3508 1239 ut
3525 1185 3718 1241 melius
3737 1193 3796 1242 et

2206 1257 2412 1327 plenius
2436 1273 2801 1330 cognoscatur.
2830 1265 2885 1320 Si
2916 1283 3044 1338 ergo
3083 1270 3134 1324 in
3173 1270 3431 1328 charitate
3466 1274 3808 1353 proﬁciatis,

2204 1361 2362 1418 quam
2391 1349 2637 1406 diffundit
2677 1355 2728 1408 in
2755 1356 3002 1413 cordibus
3049 1359 3275 1430 Spiritus
3317 1372 3532 1420 sanctus
3552 1406 3567 1429 ,
3594 1367 3792 1422 docebit

2203 1453 2289 1492 vos
2314 1456 2512 1496 omnem
2537 1445 2827 1502 ueritatem:
2857 1450 2977 1515 vel,
3009 1453 3145 1508 sicut
3189 1454 3276 1508 alii
3315 1456 3530 1512 codices
3553 1457 3786 1528 habent,

2203 1531 2410 1588 deducet
2454 1551 2540 1589 vos
2581 1537 2636 1590 in
2683 1540 2820 1594 omni
2861 1543 3064 1596 veritate
3095 1543 3166 1615 (a)
3192 1563 3205 1598 :
3230 1547 3371 1602 unde
3412 1547 3612 1606 dictum
3661 1561 3783 1618 est,

2201 1620 2379 1678 Deduc
2407 1643 2485 1680 me
2503 1669 2518 1691 ,
2560 1627 2794 1698 Domine,
2823 1633 2874 1686 in
2895 1634 2974 1688 uia
3000 1644 3106 1702 tua,
3139 1647 3186 1691 et
3213 1637 3481 1695 ambulatio
3505 1641 3558 1696 in
3583 1643 3788 1702 veritate

2201 1720 2286 1766 tua
2317 1712 2486 1784 (Psal.
2532 1733 2736 1786 Lxxxv,
2775 1722 2882 1792 Η).
2913 1723 3002 1779 Sic
3028 1724 3118 1780 ﬁet
3163 1736 3221 1782 ut
3264 1744 3370 1784 non
3408 1745 3439 1784 a
3479 1731 3786 1790 doctoribus

2198 1804 2551 1861 exterioribus
2576 1808 2666 1862 illa
2693 1809 2943 1876 discatis,
2974 1829 3094 1884 quae
3140 1818 3308 1872 noluit
3354 1820 3610 1878 Dominus
3656 1833 3786 1881 tunc

2197 1892 2402 1959 dicere,
2435 1896 2528 1952 sed
2557 1898 2672 1954 sitis
2707 1916 2896 1957 omnes
2921 1903 3174 1961 docibiles
3205 1909 3308 1963 Deo
3338 1907 3514 1982 (Joan.
3543 1928 3623 1979 vt,
3654 1913 3779 1986 45);

2196 1995 2256 2041 ut
2282 2003 2344 2042 ea
2385 1987 2498 2057 ipsa
2525 2006 2646 2059 qua:
2671 2007 2767 2061 per
2792 1993 3050 2051 lectiones
3079 2006 3237 2068 atque
3273 2015 3550 2057 sermones
3575 2006 3780 2060 extrin-

2193 2091 2349 2133 secus
2372 2079 2638 2136 adhibitos
2663 2081 2920 2139 didicistis
2945 2094 2999 2141 et
3021 2088 3319 2144 credidistis
3347 2091 3414 2147 de
3446 2101 3632 2148 natura
3674 2095 3774 2153 Dei

2195 2183 2302 2223 non
2327 2185 2613 2240 corporea,
2644 2188 2743 2228 nec
2774 2174 2891 2230 loco
2931 2178 3109 2247 aliquo
3141 2177 3344 2236 inclusa
3364 2222 3378 2245 ,
3411 2197 3511 2237 nec
3539 2199 3633 2253 per
3661 2185 3784 2239 inﬁ-

2192 2259 2303 2314 nita
2343 2261 2508 2330 spatia
2539 2261 2774 2318 locorum
2809 2266 2961 2335 quasi
3000 2268 3141 2323 mole
3174 2269 3400 2326 distenta
3420 2313 3436 2336 ,
3460 2273 3554 2328 sed
3582 2274 3780 2346 ubique

2193 2356 2303 2405 tota
2331 2359 2384 2405 et
2413 2351 2647 2422 perfecta
2675 2363 2730 2410 et
2774 2355 2979 2411 inﬁnita
3001 2398 3017 2425 ,
3049 2359 3164 2414 sine
3210 2362 3473 2418 nitoribus
3497 2365 3736 2422 colorum
3757 2408 3777 2435 ,

2192 2441 2309 2496 sine
2351 2440 2533 2512 ﬁguris
2581 2444 3058 2515 lineamentorum,
3091 2450 3206 2505 sine
3260 2454 3400 2508 notis
3448 2455 3775 2525 litterarum,

2190 2531 2310 2589 sine
2335 2534 2474 2588 serie
2495 2535 2836 2605 syllabarum,
2861 2538 2972 2608 ipsa
2998 2550 3176 2596 mente
3196 2544 3506 2613 conspicere
3533 2546 3775 2603 valeatis.

2190 2619 2332 2676 Ecce
2363 2621 2474 2678 dixi
2500 2624 2694 2696 aliquid
2723 2627 2864 2696 quod
2891 2627 3025 2686 forte
3062 2629 3185 2685 inde
3206 2632 3303 2697 sit,
3333 2643 3386 2688 et
3415 2644 3596 2698 tamen
3621 2651 3778 2694 acce-

2190 2713 2377 2783 pistis;
2408 2724 2463 2771 et
2489 2734 2594 2772 nun
2622 2719 2793 2774 solum
2834 2719 2973 2777 ferre
3000 2724 3243 2792 potuistis
3263 2765 3280 2791 ,
3305 2741 3493 2783 verum
3523 2729 3681 2785 etiam
3707 2732 3778 2786 li-

2189 2802 2379 2862 bentur
2402 2808 2642 2864 audistis.
2678 2810 2781 2866 Sed
2820 2812 2909 2868 ille
2951 2814 3202 2883 magister
3249 2817 3486 2885 interior,
3517 2821 3610 2890 qui
3652 2837 3778 2879 cum

2187 2897 2364 2956 adhuc
2386 2899 2662 2970 discipulis
2688 2903 2922 2958 exterius
2944 2903 3269 2975 loqueretur,
3293 2908 3388 2974 ait,
3409 2910 3592 2964 Adhuc
3616 2913 3779 2966 multa

2187 2987 2346 3048 habeo
2376 2990 2511 3044 uobis
2537 2991 2700 3046 dicere
2718 3034 2733 3058 ,
2765 2993 2854 3048 sed
2901 3011 3002 3048 non
3029 2999 3234 3065 potestis
3281 3010 3486 3069 portate
3525 3003 3704 3070 modo,
3728 3006 3778 3060 si

2187 3079 2349 3140 vellet
2373 3080 2526 3136 nobis
2557 3082 2605 3140 id
2631 3083 2773 3152 quod
2817 3084 2884 3140 de
2930 3085 3242 3157 incorporea
3272 3090 3365 3144 Dei
3409 3100 3595 3147 natura
3621 3093 3730 3148 dixi
3755 3135 3773 3160 ,

2185 3168 2508 3226 intrinsecus
2534 3172 2603 3226 ita
2625 3173 2802 3230 dicere
2821 3215 2836 3242 ,
2868 3175 3002 3230 sicut
3028 3179 3225 3233 sanctis
3249 3181 3466 3251 Angelis
3491 3182 3649 3251 dicit,
3682 3186 3776 3255 qui

2186 3273 2401 3330 semper
2426 3262 2605 3317 vident
2638 3264 2823 3320 faciem
2853 3266 3024 3321 Patris
3054 3269 3262 3338 (Matth.
3295 3287 3451 3338 xvtn,
3482 3271 3605 3347 10);
3631 3291 3778 3331 non-

2187 3348 2313 3404 dum
2343 3366 2403 3405 ca
2431 3362 2642 3421 portare
2678 3369 2974 3424 possemus.
3018 3357 3248 3416 Proinde
3269 3363 3410 3431 quod
3436 3364 3539 3432 ait,
3561 3363 3776 3421 Docebit

2185 3457 2270 3497 vos
2293 3461 2490 3498 omnem
2517 3447 2802 3514 ueritatem,
2829 3449 2946 3516 vel,
2970 3451 3179 3506 deducet
3199 3470 3285 3508 vos
3310 3455 3360 3509 iu
3381 3457 3516 3510 omni
3546 3459 3771 3526 ueritate,

2184 3550 2291 3590 non
2317 3536 2549 3591 arbitror
2573 3536 2627 3592 in
2658 3537 2758 3593 hac
2796 3539 2901 3597 vita
2949 3541 3001 3595 in
3043 3542 3352 3614 cujusquam
3393 3557 3574 3604 mente
3609 3563 3774 3619 posse

2183 3628 2436 3697 compleri
2476 3627 2632 3702 (quis
2678 3633 2820 3686 enim
2857 3633 3039 3688 vivens
3093 3637 3142 3689 in
3202 3637 3307 3694 huc
3354 3653 3579 3709 corpore
3625 3644 3773 3712 quod

2183 3723 2540 3794 corrumpitur
2557 3733 2610 3779 et
2635 3735 2883 3796 aggravat
2910 3729 3138 3783 animam
3167 3728 3323 3802 [Sap.
3357 3748 3428 3796 ix,
3458 3731 3565 3806 15],
3599 3739 3772 3804 possit

2181 3827 2394 3868 omnem
2419 3829 2742 3884 cognoscere
2785 3818 3092 3885 veritatem;
3124 3835 3242 3875 cum
3274 3821 3414 3878 dicat
3441 3825 3766 3896 Apostolus,

2180 3903 2266 3958 Ex
2286 3914 2427 3974 parte
2447 3907 2631 3960 scimus
2643 3907 2724 3978 ?);
2751 3908 2842 3963 sed
2859 3910 2980 3978 quia
3010 3926 3103 3979 per
3129 3911 3380 3981 Spiritum
3405 3926 3644 3972 sanctum
3669 3919 3766 3990 ﬁt,

2179 3996 2320 4050 unde
2348 4011 2502 4051 'nunc
2535 3997 2724 4067 pignus
2763 4000 3064 4068 accepimus
3099 4001 3174 4070 (ll
3205 4003 3321 4057 Cor.
3357 4021 3408 4070 ι,
3438 4007 3570 4079 2'2),
3612 4019 3670 4064 ut
3697 4010 3768 4064 ad

2178 4087 2348 4156 ipsam
2395 4103 2604 4158 quoque
2636 4089 3020 4160 plenitudinem
3050 4093 3323 4150 veniamus
3356 4113 3370 4152 :
3399 4097 3466 4153 de
3491 4115 3593 4169 qua
3622 4101 3767 4157 idem

2177 4177 2304 4233 dicit
2328 4179 2628 4249 apostolus,
2665 4180 2804 4235 Tunc
2827 4193 2995 4240 autem
3015 4185 3148 4254 facie
3167 4187 3235 4240 ad
3259 4189 3479 4258 facient;
3507 4201 3581 4257 et,
3608 4193 3769 4250 Nunc

2174 4271 2279 4324 scio
2307 4287 2370 4325 ex
2399 4279 2541 4340 parte
2560 4313 2572 4336 ,
2600 4282 2717 4327 tunc
2755 4284 2921 4329 autent
2959 4292 3259 4346 cognoscam
3287 4280 3414 4334 sicut
3442 4293 3486 4336 et
3532 4286 3769 4356 cognitus

2173 4377 2286 4415 sum
2314 4361 2355 4433 (Ι
2382 4359 2500 4417 Cor.
2531 4379 2656 4428 χιιι,
2684 4363 2747 4429 9,
2780 4364 2869 4435 12)
2904 4383 2917 4419 :
2951 4383 3055 4422 non
3099 4369 3240 4438 quod
3282 4369 3334 4426 in
3384 4371 3485 4428 hac
3513 4375 3618 4430 vita
3662 4378 3768 4432 scit

2175 4460 2378 4520 totum,
2416 4455 2558 4525 quod
2601 4472 2768 4526 usque
2811 4458 2875 4512 ad
2909 4459 3050 4513 illam
3099 4461 3477 4529 perfectionem
3524 4466 3765 4527 futurum

2173 4544 2328 4600 nobis
2360 4545 2616 4601 Dominus
2642 4549 2885 4618 promisit
2914 4566 3010 4621 per
3035 4551 3345 4611 charitatem
3378 4557 3641 4627 Spiritus,
3675 4562 3762 4617 di-

2172 4649 2332 4704 cens,
2362 4635 2569 4690 Docebit
2599 4654 2682 4692 vos
2725 4655 2921 4694 onmem
2963 4643 3254 4711 veritatem;
3281 4646 3392 4714 vel,
3425 4647 3637 4706 deducet
3675 4668 3763 4708 vos

2170 4728 2222 4788 in
2243 4728 2379 4782 omni
2408 4730 2629 4785 veritate.

2242 4821 2295 4876 5.
2337 4819 2465 4887 Qua:
2507 4837 2626 4876 cum
2669 4823 2742 4879 ita
2769 4823 2912 4894 sint,
2943 4827 3299 4898 dilectissimi,
3333 4850 3525 4892 moneo
3564 4852 3660 4894 vos
3705 4839 3759 4894 in

2171 4910 2428 4968 charitate
2453 4911 2683 4981 Christi,
2726 4925 2783 4971 ut
2825 4919 3134 4976 scductores
3162 4926 3394 4980 caveatis
3429 4928 3667 4997 impurus
3706 4941 3762 4986 et

2168 5003 2438 5060 obscmnzn
2460 5005 2798 5076 turpitudinis
2824 5016 3013 5075 sectas,
3039 5011 3106 5068 de
3133 5007 3326 5083 quibus
3344 5015 3418 5070 ait
3442 5017 3755 5089 Apostolus,

2171 5093 2299 5161 ρυω
2335 5105 2501 5151 autem
2544 5095 2737 5154 occulte
2777 5099 2906 5168 ﬁunt
2945 5100 3008 5156 ab
3035 5101 3178 5172 istis,
3205 5111 3352 5177 turpe
3389 5117 3460 5162 est
3500 5119 3549 5164 et
3593 5111 3760 5167 dicere

2167 5187 2382 5260 (Ephes.
2415 5205 2471 5258 v,
2501 5190 2588 5263 12)
2617 5208 2722 5249 :ne
2750 5209 2871 5249 cum
2914 5194 3209 5254 horrendas
3250 5199 3613 5260 immunditias
3653 5205 3754 5259 do-

2165 5296 2289 5351 cere
2335 5285 2626 5354 coeperint,
2667 5301 2804 5357 quas,
2845 5287 3092 5352 humanm
3133 5305 3292 5349 aures
3333 5295 3755 5366 qualescumque

2163 5372 2304 5444 sint,
2335 5382 2548 5445 portare
2573 5391 2680 5432 non
2709 5387 2968 5447 possunt,
2997 5379 3179 5446 dicant
3217 5383 3331 5454 ipsa
3356 5399 3476 5442 esse
3498 5401 3618 5457 quae
3651 5387 3756 5442 Do-

2163 5465 2341 5524 minus
2383 5466 2486 5531 ait,
2515 5465 2694 5532 Adhuc
2718 5469 2880 5524 multa
2925 5469 3082 5525 habeo
3120 5470 3258 5536 vobis
3297 5473 3496 5543 dicere,
3521 5477 3616 5533 sed
3648 5495 3755 5534 non

2163 5556 2367 5627 potestis
2392 5567 2594 5628 portare
2623 5559 2774 5614 modo
2789 5575 2812 5624 ;
2839 5570 2892 5616 et
2929 5576 3027 5632 per
3051 5562 3304 5634 Spiritum
3331 5576 3573 5624 sanctum
3596 5584 3752 5626 asse-

2161 5657 2282 5704 rant
2311 5647 2426 5704 ﬁeri
2447 5657 2504 5704 ut
2528 5650 2734 5720 possint
2763 5652 2851 5709 illa
2881 5653 3153 5712 immunda
3181 5665 3238 5716 et
3263 5657 3491 5717 nefanda
3514 5661 3746 5734 portari.

2225 5757 2297 5823 (α)
2318 5762 2486 5829 (item,
2503 5762 2738 5828 odt'gései.
