4102 6462
364 344 493 401 187⁸1

353 461 468 517 Alia
495 463 623 515 sunt
648 452 787 509 mala
813 464 930 522 qua:
957 456 1168 520 portare
1198 461 1303 501 non
1328 453 1504 516 potest
1531 444 1929 515 qualiscumque

354 551 523 623 pudor
549 548 840 608 humanus;
868 550 923 598 et
950 542 1053 597 alia
1080 547 1204 595 sunt
1244 539 1381 594 bona
1417 553 1535 607 qua:
1573 544 1788 607 portare
1822 548 1929 588 non

352 650 528 717 potest
563 653 757 711 parvus
781 652 969 695 sensus
996 637 1258 691 humanus
1279 648 1294 687 :
1319 633 1418 689 ista
1456 631 1590 687 llunt
1614 631 1666 686 in
1693 628 1929 700 corpori-

352 738 453 793 bus
481 730 763 804 impudicis
783 771 796 795 ,
826 730 911 785 illa
942 735 1146 784 remota
1176 735 1298 781 sunt
1323 741 1353 780 a
1378 724 1689 794 corporibus
1711 722 1927 777 univer-

350 828 459 893 sis;
491 825 593 881 hoc
613 824 818 894 impura
846 835 1006 876 carne
1031 816 1400 883 committitur,
1432 814 1560 870 illud
1595 828 1724 884 pura
1752 821 1928 868 mente

350 919 435 970 vix
457 915 709 972 cernitur.
734 932 754 966 ι
779 911 1125 969 Renovamini
1146 924 1273 980 ergo
1302 907 1488 978 spiritu
1516 906 1705 961 mentis
1734 914 1928 959 vestra:

354 1031 374 1064 ι
396 1010 614 1083 (Ephes.
636 1023 721 1075 tv,
743 1006 861 1079 2'5),
886 1025 905 1059 ι
933 1016 987 1060 et
1010 1004 1285 1071 intelligite
1309 1016 1427 1070 qum
1447 1001 1518 1057 sit
1541 999 1782 1056 voluntas
1809 996 1925 1064 Dei,

346 1103 488 1175 quod
504 1103 701 1158 bonum
719 1108 803 1157 est
826 1108 881 1155 et
905 1098 1293 1167 beneplacitum
1310 1104 1362 1151 et
1389 1091 1680 1163 perfectum
1707 1108 1725 1142 ι
1753 1088 1924 1162 (Rom.

345 1211 420 1251 xu
439 1236 455 1260 ,
484 1195 545 1267 2)
569 1213 582 1249 :
614 1212 633 1246 ι
661 1201 722 1249 ut
763 1193 816 1247 in
845 1190 1103 1248 charitate
1126 1185 1343 1244 radicati
1369 1194 1421 1241 et
1446 1183 1643 1241 fundati
1665 1225 1680 1250 ,
1711 1182 1927 1254 possitis

344 1285 804 1357 comprehendere
834 1298 953 1339 cum
982 1280 1226 1338 omnibus
1255 1278 1484 1345 sanctis,
1516 1292 1633 1348 quae
1660 1274 1727 1330 sit
1755 1273 1926 1343 longi-

349 1380 512 1446 tudo,
560 1377 811 1446 latitudo,
858 1374 1082 1432 altitudo
1124 1381 1180 1428 et
1219 1368 1567 1442 proinndu’m;
1607 1380 1928 1436 cognoscere

344 1473 505 1529 etiam
529 1469 1012 1541 supereminentem
1040 1464 1276 1520 scientiae
1304 1462 1613 1517 charitatem
1633 1456 1845 1520 Christi,
1874 1465 1930 1510 ut

344 1562 670 1634 impleamini
698 1562 749 1617 in
775 1574 988 1616 omnem
1020 1554 1399 1628 plenitudinem
1427 1551 1518 1606 Dci
1547 1568 1565 1603 ι
1600 1549 1816 1620 (Ep/tes.
1846 1563 1923 1613 nt,

346 1654 558 1723 17-19).
599 1653 707 1710 Isto
732 1652 877 1709 enim
902 1649 1061 1705 modo
1086 1662 1183 1704 vos
1219 1644 1432 1702 docebit
1462 1641 1691 1714 Spiritus
1713 1645 1926 1694 sanctus

344 1764 556 1806 omnem
584 1746 866 1803 veritatem
886 1786 900 1811 ,
928 1758 1047 1798 cum
1075 1739 1245 1812 magis
1285 1736 1557 1809 magisque
1589 1732 1846 1790 diﬂ‘undet
1873 1732 1924 1786 in

344 1840 596 1899 cordibus
624 1837 814 1893 vestris
842 1835 1179 1892 charitatem.

817 1961 1227 2022 TRACTATUS
1266 1957 1468 2017 XCVII.

809 2080 877 2137 In
915 2079 1139 2135 eamdem
1179 2077 1456 2132 lectionem.

414 2204 464 2257 l.
491 2200 720 2271 Spiritus
735 2206 948 2255 sanctus
974 2208 1129 2265 quem
1150 2190 1393 2264 promisit
1417 2187 1671 2243 Dominus
1694 2200 1752 2241 se
1767 2183 1925 2240 disci-

344 2294 478 2365 pulis
503 2293 615 2347 suis
640 2306 759 2347 esse
780 2289 1065 2343 missurum
1087 2326 1102 2351 ,
1132 2283 1218 2353 qui
1244 2299 1336 2337 eos
1361 2280 1578 2336 doceret
1602 2292 1814 2331 omnem
1836 2289 1928 2330 ve-

346 2386 555 2440 ritatem
577 2424 592 2448 ,
624 2396 781 2451 quam
811 2388 935 2433 tunc
959 2375 1170 2447 quando
1196 2388 1315 2429 cum
1337 2370 1414 2426 eis
1444 2370 1776 2440 loquebatur,
1800 2381 1924 2437 por-

347 2483 455 2529 tare
486 2488 593 2527 non
625 2478 905 2543 poterant:
937 2467 1005 2522 de
1029 2481 1134 2537 quo
1159 2463 1357 2534 Spiritu
1387 2471 1572 2517 sancto
1591 2503 1606 2526 ,
1637 2460 1774 2514 sicut
1796 2457 1925 2512 dicit

344 2566 662 2638 Apostolus,
694 2578 833 2618 nunc
881 2562 1064 2633 pignus
1111 2557 1417 2627 accepimus
1470 2553 1534 2626 (ll
1572 2551 1690 2608 Cor.
1721 2566 1774 2616 ι,
1803 2548 1922 2618 22),

343 2675 446 2731 quo
474 2658 639 2713 verbo
670 2654 1082 2723 intelligeremus
1125 2650 1239 2719 ejus
1282 2645 1657 2718 plenitudinem
1689 2642 1840 2697 nobis
1871 2641 1922 2695 in

343 2750 447 2803 vita
473 2749 576 2801 alia
606 2746 863 2800 reservari
892 2761 905 2797 :
931 2743 1044 2813 ipse
1066 2755 1190 2811 ergo
1220 2739 1445 2809 Spiritus
1466 2745 1678 2792 sanctus
1705 2742 1758 2789 et
1784 2746 1924 2786 nunc

342 2839 497 2895 docet
528 2836 745 2901 ﬁdeles,
778 2842 975 2905 quanta
1005 2832 1226 2902 quisque
1252 2836 1425 2899 potest
1451 2841 1641 2896 capere
1671 2824 1920 2893 spiritua-

341 2930 437 2994 lia;
466 2938 520 2983 et
559 2941 747 2983 eorum
773 2932 989 2996 pectora
1018 2920 1281 2977 desiderio
1309 2918 1508 2987 majore
1543 2914 1852 2977 succendit,
1877 2914 1921 2968 si

341 3022 562 3092 quisque
578 3020 632 3074 in
659 3033 720 3074 ea
737 3017 996 3074 charitate
1018 3013 1279 3085 proﬁciat,
1303 3025 1402 3080 qua
1420 3018 1475 3065 ct
1491 3008 1670 3078 diligat
1690 3007 1918 3077 cognita,

339 3122 390 3168 et
414 3107 780 3181 cognoscenda
808 3105 1114 3162 desideret:
1145 3103 1215 3158 ita
1245 3109 1305 3156 ut
1331 3116 1392 3156 ea
1427 3114 1634 3170 quoque
1663 3097 1773 3167 ipsa
1804 3112 1922 3166 qua}

339 3219 477 3258 nunc
490 3200 984 3273 quomodocumque
995 3193 1285 3266 cognoscit,
1305 3191 1534 3246 nondum
1548 3205 1607 3244 se
1619 3191 1754 3244 scire
1766 3189 1916 3254 sciat,

339 3298 472 3351 sicut
493 3294 708 3351 scienda
728 3301 853 3348 sunt
878 3291 929 3345 in
944 3305 1006 3344 ea
1026 3288 1131 3343 vita
1151 3301 1307 3357 quam
1334 3298 1432 3341 nec
1447 3283 1628 3338 oeulus
1652 3282 1802 3348 vidit,
1823 3296 1921 3335 nec

338 3389 479 3442 auris
503 3384 839 3450 audit-innec
856 3383 910 3437 in
937 3377 1280 3436 corhominis
1305 3374 1541 3429 ascendit
1566 3372 1605 3445 (1
1630 3371 1822 3439 Cat-.11,
1840 3370 1918 3440 9).

338 3478 450 3545 Quo
480 3476 682 3533 sciendi
712 3473 891 3539 modo,
920 3472 964 3526 si
995 3485 1137 3525 nunc
1163 3484 1225 3524 ea
1255 3467 1414 3522 vellet
1438 3465 1654 3520 interior
1670 3463 1921 3535 magister

339 3571 538 3635 dicere,
558 3568 608 3623 id
633 3575 737 3633 cst,
764 3574 959 3620 nostra:
985 3561 1149 3617 menti
1174 3558 1380 3629 aperire
1405 3567 1562 3625 atque
1588 3562 1916 3619 monstrare;

339 3662 569 3717 humana
584 3659 862 3721 inﬁrmitas
889 3663 1103 3726 portare
1121 3668 1224 3709 non
1246 3658 1443 3723 posset.
1464 3649 1614 3705 Unde
1636 3663 1719 3702 me
1742 3655 1919 3701 vestra

339 3751 561 3807 Dilectio
586 3748 828 3805 meminit
847 3746 960 3815 jam
988 3745 1257 3809 locutum,
1290 3756 1409 3797 cum
1450 3738 1615 3794 sancti
1648 3736 1919 3806 Evangelii

338 3845 498 3900 verba
544 3850 926 3906 tractaremus,
955 3838 1046 3893 ubi
1099 3834 1353 3891 Dominus
1393 3832 1498 3899 ait,
1533 3830 1713 3886 Adhuc
1759 3829 1920 3883 multa

339 3935 493 3991 habeo
516 3931 660 3989 vobis
679 3932 846 3987 dicere
862 3971 881 4000 ,
913 3929 1002 3985 sed
1032 3943 1132 3982 non
1158 3924 1362 3998 potestis
1382 3930 1583 3994 portare
1604 3918 1773 3975 modo.
1802 3918 1918 3974 Non

338 4036 393 4083 ut
407 4028 460 4083 in
484 4027 568 4082 his
580 4021 788 4082 Domini
807 4021 986 4080 verbis
1000 4019 1181 4076 nescio
1200 4032 1319 4090 quas
1338 4024 1541 4073 secreta
1563 4013 1720 4069 nimis
1741 4012 1919 4068 abdita

336 4118 687 4188 suspicemur,
713 4127 973 4187 quaecum
1003 4110 1108 4167 dici
1150 4123 1181 4164 a
1210 4108 1437 4164 docente
1464 4104 1688 4176 possint,
1716 4101 1919 4173 portari

335 4225 363 4263 a
384 4209 623 4263 discente
657 4221 761 4260 non
791 4204 994 4274 possint
1025 4219 1038 4255 :
1064 4200 1157 4256 sed
1191 4214 1257 4255 ea
1296 4199 1408 4268 ipsa
1447 4212 1564 4266 quae
1590 4196 1644 4252 in
1680 4195 1917 4251 doctrina

336 4299 607 4369 religionis
632 4298 683 4352 in
711 4293 1067 4367 quorumlibet
1098 4290 1369 4347 hominum
1401 4288 1586 4343 notitia
1616 4287 1837 4357 legimus
1863 4294 1920 4341 et

335 4391 646 4455 scribimus,
677 4386 919 4441 audimus
963 4393 1019 4439 et
1054 4381 1310 4442 dicimus,
1361 4378 1407 4433 si
1449 4377 1608 4432 vellet
1648 4391 1713 4431 eo
1758 4375 1918 4431 modo

335 4482 486 4546 nobis
513 4480 758 4535 Christus
804 4477 982 4532 dicere
1002 4515 1017 4540 ,
1046 4474 1183 4528 sicut
1218 4485 1281 4527 ea
1320 4468 1449 4525 dicit
1478 4467 1695 4537 Angelis
1720 4467 1917 4522 sanctis

335 4574 384 4628 in
413 4574 593 4643 seipse
615 4570 883 4642 unigenito
903 4566 1074 4623 Patris
1098 4561 1275 4621 Verbo
1295 4604 1310 4630 ,
1340 4560 1591 4630 Patrique
1614 4566 1913 4625 comterno;

333 4667 546 4736 quinam
576 4671 791 4733 portare
814 4658 1060 4715 homines
1079 4662 1325 4727 possent,
1355 4652 1514 4708 etiam
1535 4651 1579 4705 si
1599 4650 1708 4720 jam
1734 4657 1916 4704 essent

334 4753 663 4825 spirituales,
684 4750 868 4822 quales
888 4745 1311 4816 adhucApostoli
1330 4760 1433 4799 non
1456 4742 1685 4808 fuerunt,
1704 4739 1915 4811 quando

334 4847 431 4901 ista
475 4845 556 4899 eis
602 4842 865 4898 Dominus
911 4838 1242 4910 loquebatur,
1273 4835 1561 4905 qualesque
1595 4841 1780 4904 postea
1822 4846 1915 4888 ve-

334 4940 514 4995 niente
542 4948 729 4992 sancto
754 4934 951 5004 Spiritu
976 4930 1098 4987 facti
1118 4930 1278 4985 sunt?
1303 4928 1437 4985 Nam
1463 4928 1643 4998 utique
1662 4924 1917 4997 quidquid

336 5028 400 5084 de
436 5036 684 5083 creatura
731 5024 855 5080 sciri
903 5030 1117 5094 potest,
1148 5021 1321 5074 minus
1367 5025 1451 5073 est
1496 5017 1611 5088 ipso
1638 5015 1912 5083 Creatore,

333 5119 427 5189 qui
469 5130 714 5173 summus
759 5123 813 5170 et
855 5128 1012 5168 verus
1043 5123 1097 5168 ct
1141 5108 1482 5163 immutabilis
1524 5117 1607 5162 est
1639 5106 1801 5161 Deus.
1848 5104 1917 5159 Et

333 5210 451 5280 quis
475 5223 599 5264 eum
626 5206 802 5263 tacet?
826 5204 927 5262 Ubi
950 5219 1053 5258 non
1084 5219 1113 5257 a
1139 5201 1435 5272 legentibus
1454 5240 1469 5265 ,
1496 5197 1911 5269 disputantibus,

331 5299 727 5371 qua-rentibus,
758 5294 1236 5366 respondentibus,
1285 5289 1652 5353 laudantibus,
1690 5295 1914 5344 cantan-

332 5394 504 5457 tibus,
543 5388 918 5460 quoquomodo
963 5384 1475 5447 sermocinantibus,
1521 5389 1794 5453 postremo
1846 5380 1916 5435 ab

330 5485 460 5555 ipsis
489 5485 650 5538 etiam
676 5478 1164 5552 blasphemantibus
1184 5472 1524 5532 nominatur?
1552 5474 1618 5527 Et
1643 5487 1762 5528 cum
1790 5487 1911 5527 eum

330 5591 491 5630 nemo
521 5583 719 5639 taceat,
745 5574 864 5644 quis
888 5579 971 5628 est
998 5571 1085 5643 qui
1116 5586 1236 5626 eum
1265 5569 1404 5623 sicut
1432 5565 1803 5637 intelligendus
1832 5572 1915 5619 est

330 5670 529 5736 capiat.
563 5682 685 5723 cum
710 5666 778 5722 de
800 5664 983 5722 oribus
1006 5673 1062 5721 et
1087 5662 1302 5718 auribus
1329 5660 1601 5717 hominum
1632 5674 1739 5713 non
1765 5672 1910 5711 rece-

334 5759 452 5815 dat?
472 5758 606 5826 Quis
623 5755 877 5829 estcuius
898 5755 1040 5815 acies
1061 5753 1123 5811 ad
1145 5766 1270 5811 eum
1294 5750 1486 5808 mentis
1513 5747 1761 5808 accedet?
1781 5747 1911 5816 Quis

1399 328 1808 385 TRACTATUS
1846 327 2048 383 XCVII.
2091 330 2314 388 C\PUT
2355 332 2492 389 XVI.

3474 347 3611 405 {S78

2036 447 2119 494 est
2164 442 2252 511 qui
2304 459 2425 498 eum
2474 445 2782 503 Trinitatem
2828 464 2947 506 esse
2992 451 3211 519 scisset,
3257 454 3359 512 nisi
3396 458 3508 529 ipse
3536 461 3614 517 sie

2037 534 2370 593 innotescere
2413 540 2701 597 voluisset?
2730 542 2795 597 Et
2832 544 2951 614 quis
2994 545 3263 603 hominum
3312 550 3425 619 jam
3456 553 3611 608 istam

2036 627 2189 682 sileat
2245 629 2554 687 Trinitatem
2595 650 2608 687 :
2651 642 2705 690 et
2752 642 2930 692 tamen
2967 638 3089 709 quis
3149 638 3424 699 hominum
3476 645 3615 701 sicut

2037 718 2222 788 Angeli
2270 722 2439 791 sapiat
2480 723 2831 783 Trinitatem?
2881 728 2957 783 Ea
3013 730 3127 800 ipsa
3181 746 3313 805 ergo
3362 750 3484 806 quae
3544 735 3613 792 de

2035 808 2131 865 Dei
2170 812 2499 882 mtcrnitate,
2530 819 2790 888 veritate,
2817 820 3130 892 sanctitate,
3162 822 3216 880 in
3266 835 3512 896 promptu
3559 838 3614 882 et

2034 903 2207 972 palam
2251 904 2364 959 sine
2404 911 2701 966 cessatione
2738 910 3012 983 dicuntur,
3053 914 3125 971 ab
3162 913 3283 972 aliis
3329 918 3500 985 bene,
3542 920 3611 972 ab

2033 992 2149 1049 aliis
2177 995 2311 1050 male
2338 996 2739 1069 intelliguntur:
2768 1003 2874 1058 imo
2899 1003 2968 1060 ab
2992 1004 3111 1063 aliis
3135 1004 3517 1079 intelliguntur,
3542 1009 3611 1065 ab

2033 1086 2152 1141 aliis
2183 1104 2287 1143 non
2316 1091 2695 1163 intelliguntur.
2726 1095 2826 1165 Qui
2857 1097 2998 1155 enim
3026 1101 3166 1158 male
3194 1103 3468 1174 intelligit,
3502 1119 3610 1161 non

2033 1176 2293 1251 intelligit.
2320 1183 2401 1238 Ab
2427 1184 2504 1240 eis
2525 1185 2650 1254 ipsis
2670 1199 2846 1244 autem
2868 1204 2900 1245 a
2927 1191 3117 1262 quibus
3142 1192 3276 1249 bene
3302 1194 3609 1266 intelligun-

2034 1276 2137 1335 tur,
2163 1271 2231 1325 ab
2259 1273 2375 1329 aliis
2419 1277 2622 1344 minus,
2652 1279 2721 1334 ab
2745 1280 2861 1335 aliis
2900 1282 3128 1351 amplius
3169 1285 3363 1339 mentis
3409 1286 3608 1341 vivaci»

2033 1370 2139 1417 tate
2165 1376 2472 1433 cernuntur,
2500 1379 2550 1422 et
2573 1385 2602 1423 a
2630 1371 2774 1426 nullo
2820 1371 3091 1429 hominum
3118 1375 3257 1431 sicut
3300 1376 3368 1431 ab
3393 1377 3609 1446 Angelis

2032 1455 2328 1523 capiuntur.
2362 1457 2416 1511 lu
2446 1458 2557 1527 ipsa
2598 1475 2725 1530 ergo
2766 1472 2974 1530 mente,
3001 1463 3104 1519 hoc
3144 1474 3227 1520 est
3266 1466 3318 1520 in
3359 1466 3611 1521 interiore

2034 1544 2280 1613 homine,
2320 1548 2711 1618 quodammodo
2753 1554 3027 1620 crescitur,
3074 1569 3180 1610 non
3227 1556 3399 1611 solum
3447 1566 3503 1611 ut
3543 1556 3611 1611 ad

2032 1638 2205 1694 cibum
2245 1655 2277 1695 a
2318 1640 2454 1697 lacte
2500 1652 2821 1713 lranseatur,
2849 1661 3034 1701 verum
3072 1647 3231 1701 etiam
3281 1658 3339 1702 ut
3383 1647 3612 1718 amplius

2036 1740 2195 1801 atque
2224 1733 2451 1803 amplius
2476 1734 2626 1790 cibus
2654 1735 2767 1806 ipse
2786 1746 3043 1792 sumatur.
3075 1738 3189 1793 Non
3215 1747 3388 1794 autem
3410 1740 3612 1795 cresci-

2035 1828 2119 1875 tur
2147 1822 2380 1891 spatiosa
2406 1824 2547 1881 mole
2566 1866 2583 1893 ,
2605 1827 2699 1882 sed
2724 1827 3068 1899 intelligentia
3099 1829 3358 1885 luminosa
3383 1847 3397 1895 ;
3422 1831 3542 1901 quia
3560 1842 3614 1886 et

2033 1911 2146 1981 ipse
2172 1912 2320 1968 cibus
2345 1913 2688 1986 intelligibilis
2709 1916 2795 1971 lux
2818 1926 2917 1973 est.
2938 1916 3008 1974 Ut
3027 1934 3154 1990 ergo
3171 1921 3445 1985 crescatis,
3464 1936 3615 1974 eum-

2030 2020 2135 2074 que
2158 2005 2377 2076 capiatis
2396 2047 2410 2072 ,
2440 2014 2495 2063 et
2532 2018 2729 2078 quanto
2768 2009 2935 2079 magis
2974 2010 3213 2065 crescitis
3232 2051 3247 2077 ,
3276 2018 3422 2065 tanto
3446 2012 3613 2081 magis

2032 2096 2307 2165 magisque
2330 2097 2582 2167 capiatis;
2612 2114 2718 2155 non
2734 2099 2801 2155 ab
2817 2116 2879 2157 eo
2906 2100 3122 2157 doctore
3148 2101 3235 2172 qui
3255 2102 3445 2157 vestris
3468 2104 3612 2158 auri-

2030 2186 2129 2243 bus
2144 2198 2318 2255 sonat,
2340 2191 2439 2245 hoc
2456 2198 2556 2259 cst,
2576 2190 2868 2248 forinsecus
2884 2194 3154 2263 operando
3171 2194 3372 2264 plantat
3386 2203 3439 2251 et
3453 2195 3609 2265 rigat,

2029 2277 2124 2333 sed
2156 2279 2222 2333 ab
2249 2295 2313 2334 eo
2341 2280 2430 2351 qui
2455 2280 2546 2335 dat
2586 2282 2971 2339 incrementum
2998 2284 3039 2356 (l
3069 2283 3190 2340 Cor.
3217 2300 3293 2352 III,
3323 2285 3399 2358 6),
3430 2295 3613 2356 petere

2028 2384 2090 2425 ac
2115 2385 2333 2441 Sperare
2362 2371 2593 2429 debetis.

2095 2460 2152 2516 2.
2201 2462 2463 2530 Proinde,
2508 2463 2645 2520 sicut
2688 2470 2956 2535 praeterito
2982 2480 3230 2523 sermone
3261 2468 3610 2529 eommonui.

2027 2563 2245 2621 cavete,
2294 2556 2524 2611 maxime
2560 2556 2649 2627 qui
2675 2558 2877 2627 parvuli
2905 2559 3036 2614 estis
3060 2567 3114 2614 et
3141 2558 3315 2617 adhuc
3344 2561 3613 2617 alimentis

2029 2645 2213 2702 lacteis
2252 2647 2499 2718 indigetis
2519 2690 2533 2715 ,
2572 2663 2638 2703 ne
2668 2649 2966 2705 hominibus
2985 2650 3083 2705 sub
3107 2650 3205 2706 hac
3223 2653 3502 2708 occasione
3521 2653 3614 2708 dc-

2026 2736 2192 2806 ceptis
2217 2750 2280 2790 ac
2303 2736 2691 2806 deecptoribus,
2716 2737 2839 2809 quia
2861 2739 3115 2794 Dominus
3135 2740 3229 2808 ait,
3256 2739 3436 2796 Adhuc
3453 2741 3612 2796 multa

2027 2824 2183 2881 habeo
2218 2827 2354 2881 vobis
2381 2827 2579 2895 dicere,
2607 2826 2695 2881 sed
2719 2843 2819 2882 non
2849 2829 3055 2898 potestis.
3078 2838 3280 2900 portare
3300 2831 3449 2885 modo
3467 2873 3484 2899 ,
3510 2847 3610 2887 au-

2025 2934 2140 2974 rem
2187 2920 2453 2975 curiosam
2497 2918 2779 2990 prmbeatis
2820 2919 2885 2974 ad
2922 2919 3187 2991 incognita
3213 2920 3459 2987 scienda,
3487 2938 3609 2978 cum

2024 3017 2230 3065 mentes
2250 3010 2509 3065 invalidas
2542 3009 2778 3064 habeatis
2798 3010 2862 3065 ad
2885 3025 3007 3065 vera
3030 3019 3081 3066 et
3102 3010 3232 3065 falsa
3252 3010 3607 3081 dijudieanda:

2023 3101 2255 3155 maxime
2301 3109 2519 3172 propter
2569 3100 3001 3155 obsceenissimas
3046 3101 3434 3170 turpitudines,
3479 3118 3610 3173 quas

2023 3193 2205 3248 docuit
2239 3201 2449 3248 satanas
2486 3192 2690 3248 animas
2732 3192 3006 3248 instabiles
3047 3203 3207 3262 atque
3235 3195 3508 3261 carnales,
3537 3194 3605 3249 ad

2026 3284 2126 3340 hoc
2171 3283 2282 3340 Deo
2317 3283 2528 3341 sinente
2545 3323 2562 3350 ,
2588 3289 2649 3337 ut
2675 3281 2788 3352 ejus
2812 3281 3008 3351 ubique
3036 3281 3144 3337 sint
3170 3268 3441 3338 tremenda
3463 3283 3613 3352 judi-

2023 3373 2133 3440 cia,
2178 3381 2233 3430 et
2272 3372 2325 3428 in
2366 3369 2761 3441 comparatione
2803 3371 3025 3441 impura?
3060 3370 3310 3441 nequitia;
3343 3372 3613 3427 dulceseat

2022 3467 2306 3535 purissima
2330 3463 2606 3533 disciplina
2632 3479 2647 3529 ;
2674 3470 2834 3534 atque
2852 3471 2912 3517 ut
2934 3462 3009 3517 illi
3032 3461 3122 3517 det
3146 3461 3429 3530 honorem:
3451 3463 3608 3519 timo-

2022 3571 2134 3611 rem
2164 3562 2341 3610 autem
2371 3552 2457 3609 vel
2485 3552 2741 3623 pudorem
2772 3552 2913 3619 sibi,
2938 3551 3029 3622 qui
3057 3552 3107 3605 in
3140 3551 3227 3606 illa
3251 3553 3387 3607 mala
3412 3554 3493 3607 vel
3518 3553 3610 3609 illo

2021 3653 2240 3717 regente
2284 3660 2392 3699 non
2434 3644 2660 3711 cecidit,
2707 3643 2790 3698 vel
2829 3642 2923 3698 illo
2957 3642 3081 3698 inde
3118 3643 3326 3698 levante
3354 3644 3607 3699 surrexit.

2020 3737 2217 3794 Cavete
2239 3735 2473 3791 timendo
2493 3744 2547 3791 et
2571 3733 2799 3799 orando,
2827 3748 2894 3787 ne
2919 3733 3133 3789 irruatis
3153 3733 3203 3787 in
3234 3732 3359 3788 illud
3382 3733 3606 3803 aenigma

2020 3827 2321 3888 Salomonis
2338 3868 2355 3895 ,
2386 3826 2479 3883 ubi
2503 3826 2686 3880 mulier
2708 3825 2949 3895 insipiens
2976 3832 3023 3878 et
3049 3823 3254 3890 audax,
3283 3823 3431 3894 ineps
3459 3824 3607 3895 panis

2021 3920 2199 3988 effecta
2218 3961 2234 3989 ,
2263 3927 2522 3975 convocat
2544 3925 2928 3988 praetereuntes
2952 3914 3134 3970 dicens
3157 3955 3172 3981 ,
3196 3912 3368 3971 Panes
3387 3914 3607 3971 occultos

2022 4012 2231 4067 libenter
2273 4010 2542 4083 attingite,
2582 4018 2629 4063 et
2667 4024 2813 4080 aqua:
2854 4008 3052 4080 furtiva:
3082 4006 3398 4064 dulcedinem
3422 4006 3602 4082 (Prov.

2020 4120 2073 4160 rx
2094 4144 2111 4169 ,
2153 4102 2362 4173 15-17).
2404 4102 2531 4158 Ηῑεθ
2554 4102 2693 4157 enim
2722 4101 2913 4156 mulier
2936 4099 3141 4155 vanitas
3169 4107 3249 4155 est
3274 4099 3555 4170 impiorum
3583 4143 3600 4169 ,

2020 4211 2142 4251 cum
2163 4195 2272 4251 sint
2303 4191 2753 4265 insipientissimi,
2779 4190 2978 4262 aliquid
3006 4207 3064 4247 se
3089 4192 3225 4248 scire
3252 4192 3605 4261 epinantium,

2019 4288 2157 4344 sicut
2193 4287 2264 4344 de
2306 4286 2408 4343 ista
2432 4287 2655 4343 muliere
2683 4285 2880 4340 dictum
2911 4292 3025 4351 est,
3050 4283 3200 4355 inops
3229 4286 3377 4356 panis
3403 4284 3602 4353 effecta.

2019 4380 2149 4448 Quae
2172 4394 2293 4435 cum
2315 4378 2386 4435 sit
2404 4380 2559 4450 inops
2578 4377 2748 4449 panis,
2779 4375 3033 4446 promittit
3054 4390 3217 4447 panes
3240 4392 3255 4443 ;
3284 4376 3337 4433 id
3356 4386 3458 4444 est,
3482 4393 3604 4433 cum

2018 4472 2090 4527 sit
2116 4472 2300 4542 ignara
2327 4470 2567 4527 veritatis
2585 4511 2602 4537 ,
2636 4468 2897 4539 promittit
2923 4467 3198 4523 scientiam
3222 4468 3476 4524 veritatis.
3500 4468 3605 4524 Oc-

2019 4562 2199 4618 cultos
2243 4572 2419 4619 tamen
2447 4575 2614 4631 panes
2641 4559 2932 4630 promittit,
2964 4572 3099 4629 quos
3125 4558 3254 4614 dicit
3280 4559 3503 4614 libenter
3525 4569 3607 4613 at-

2018 4653 2185 4724 tingi,
2226 4660 2281 4709 ct
2316 4668 2469 4723 aquae
2504 4649 2716 4707 furtivae
2739 4649 3113 4713 dulcedinem;
3142 4657 3201 4705 ut
3227 4664 3289 4706 ea
3314 4650 3513 4706 scilicet
3540 4650 3605 4704 li-
3680 4665 3683 4669 ί

2016 4743 2231 4799 bentius
2253 4751 2308 4799 et
2327 4742 2532 4798 dulcius
2554 4741 2841 4798 audiantur
2859 4749 2913 4796 et
2931 4749 3185 4811 agantur,
3212 4754 3329 4811 qua:
3352 4740 3525 4811 palam
3548 4739 3603 4794 in

2017 4834 2253 4890 Ecclesia
2273 4833 2379 4889 dici
2399 4832 2650 4902 credique
2674 4830 3043 4901 prohibentur.
3071 4830 3187 4897 Ipsa
3208 4830 3404 4901 quippe
3423 4829 3602 4884 occul—

2019 4926 2219 4981 latione
2237 4924 2493 4980 condiunt
2509 4919 2899 4993 quodammodo
2922 4919 3109 4976 nefarii
3128 4918 3375 4974 doctores
3398 4931 3494 4972 sua
3510 4931 3606 4973 ve-

2017 5030 2153 5072 nena
2194 5012 2459 5083 curiosis;
2504 5021 2562 5068 ut
2602 5011 2721 5068 ideo
2762 5026 2822 5066 se
2847 5010 3150 5067 existiment
3173 5008 3365 5081 aliquid
3394 5007 3603 5065 discere

2017 5120 2302 5177 maguum,
2343 5103 2464 5174 quia
2504 5102 2698 5158 meruit
2736 5100 2932 5155 habere
2969 5107 3231 5155 secretum
3253 5140 3269 5165 ,
3311 5110 3365 5153 et
3390 5098 3602 5153 suavius

2018 5196 2262 5252 hauriant
2290 5194 2644 5266 insipientiam
2668 5234 2683 5260 ,
2714 5207 2870 5263 quam
2900 5199 3086 5263 putant
3108 5190 3383 5246 scientiam
3405 5231 3420 5258 ,
3450 5188 3602 5261 cujus

2016 5287 2338 5360 prohibitam
2365 5284 2755 5358 quodammodo
2776 5282 3020 5337 furantur
3045 5279 3384 5336 audientiam.

2086 5380 2140 5435 5.
2183 5378 2320 5432 Hinc
2354 5385 2407 5431 et
2444 5374 2675 5429 nefarios
2704 5374 2837 5429 ritus
2865 5387 2991 5427 suos
3016 5371 3319 5425 hominibus
3346 5370 3600 5441 sacrilega

2016 5469 2321 5527 curiositate
2346 5466 2584 5535 deceptis
2607 5464 2690 5521 vel
2714 5461 3040 5534 decipiendis
3064 5460 3384 5532 magicamm
3406 5461 3599 5514 artium

2016 5560 2256 5617 doctrina
2304 5555 2660 5613 commendat.
2708 5553 2844 5609 llinc
2889 5554 2993 5609 illae
3032 5553 3225 5609 illicitae
3249 5550 3600 5609 divinationes

2016 5653 2268 5725 inSpeetis
2301 5650 2561 5722 pecudum
2599 5648 2893 5705 visceribus
2916 5648 3243 5714 occisorum,
3270 5655 3363 5701 aut
3384 5646 3599 5701 vocibus

2004 5753 2069 5803 ‘et
2108 5743 2366 5800 volatibus
2406 5740 2615 5808 avium,
2660 5749 2751 5796 aut
2774 5740 2939 5813 signis
2965 5736 3375 5797 multiformibus
3400 5736 3601 5792 daemo-
