4102 6470
496 366 523 421 1
535 361 637 419 879

499 490 663 542 num,
708 473 1109 528 insusurrantur
1144 467 1362 524 auribus
1406 466 1681 521 hominum
1726 461 2083 533 periturorum

499 583 599 642 per
640 564 903 638 colloquia
948 563 1296 636 perditorum.
1329 560 1552 629 Propter
1577 557 1693 613 haec
1722 555 1900 612 illicita
1928 562 2086 625 atque

499 656 765 730 punienda
789 663 1014 719 secreta,
1044 655 1239 709 mulier
1263 652 1349 706 illa
1372 666 1475 705 non
1506 649 1678 704 solum
1706 648 1972 718 insipiens,
1997 659 2089 699 ve-

495 764 618 805 rum
660 745 834 802 audax
872 746 1032 802 etiam
1076 749 1425 812 nuncupatur.
1456 739 1564 797 Sed
1590 741 1703 794 haec
1728 753 1834 807 non
1859 737 2033 807 solum
2056 749 2086 788 a

496 854 560 895 re
602 839 743 908 ipsa,
786 852 971 891 verum
1016 841 1070 890 et
1096 849 1124 888 a
1156 834 1372 889 nomine
1396 842 1592 888 nostra:
1620 830 1893 902 religionis
1917 828 2090 884 aliena

499 939 647 987 sunt.
687 927 824 997 Quid
863 925 1003 998 quod
1046 925 1235 980 mulier
1260 923 1376 979 haec
1399 922 1655 993 insipiens
1681 931 1735 977 et
1757 920 1926 975 audax
1946 960 1961 986 ,
1990 916 2091 974 sub

498 1016 792 1075 christiano
836 1014 1092 1070 vocabulo
1137 1023 1214 1069 tot
1258 1012 1515 1069 scelestas
1561 1012 1792 1067 haereses
1819 1008 2087 1076 condidit,

499 1117 581 1165 tot
625 1105 882 1164 nefandas
925 1105 1130 1161 fabulas
1174 1104 1370 1160 finxit?
1413 1103 1627 1161 Utinam
1669 1103 1802 1177 tales
1829 1098 2090 1172 quales-in

498 1198 724 1254 theatris
769 1196 884 1254 sive
925 1206 1225 1261 cantantur,
1245 1195 1357 1251 sive
1393 1196 1684 1260 saltantur,
1733 1193 1845 1247 sive
1880 1189 2093 1265 mimica

497 1289 823 1346 scurrilitate
864 1289 1143 1357 ridentur;
1188 1299 1243 1345 et
1282 1305 1389 1343 non
1419 1287 1676 1359 quasdam
1709 1286 1839 1341 tales
1862 1326 1878 1351 ,
1909 1282 2093 1355 quales

496 1381 756 1437 adversus
806 1381 972 1437 Deum
1018 1381 1216 1452 fingere
1255 1382 1493 1451 potuisse
1534 1379 1611 1434 sic
1650 1378 1791 1432 illam
1818 1375 2095 1447 doleamus

496 1472 890 1542 insipientiam,
937 1479 997 1527 ut
1040 1471 1296 1526 miremur
1338 1470 1635 1525 audaciam.
1681 1466 1879 1523 Omnes
1914 1472 2093 1545 autem

494 1562 919 1634 insipientissimi
952 1563 1208 1628 brcretici,
1239 1564 1328 1634 qui
1360 1579 1417 1618 se
1444 1561 1766 1617 christianos
1789 1558 1969 1614 vocari
1993 1572 2093 1612 vo-

486 1655 649 1721 ~lunt,
698 1656 949 1713 audacias
994 1655 1366 1728 figmentorum
1410 1669 1662 1718 suorum,
1707 1667 1840 1724 quas
1866 1650 2095 1705 maxime

494 1746 750 1805 exltorret
781 1762 972 1803 sensus
1002 1747 1263 1802 humanus
1283 1788 1299 1815 ,
1327 1747 1608 1803 occasione
1631 1744 1949 1815 evangelicae
1967 1757 2091 1797 scn-

488 1839 680 1895 teutiae
722 1839 966 1895 colorare
1007 1848 1296 1906 conantur,
1342 1838 1432 1894 ubi
1477 1837 1733 1893 Dominus
1770 1836 1877 1902 ait,
1916 1834 2095 1898 Adhuc

496 1930 661 1985 multa
691 1928 849 1984 habeo
875 1929 1014 2003 vobis
1044 1931 1228 1997 dicere,
1248 1930 1338 1985 sed
1360 1945 1463 1983 non
1479 1928 1683 2000 potestis
1699 1939 1901 1999 portare
1917 1927 2091 1983 modo:

494 2022 645 2093 quasi
673 2020 787 2077 hate
810 2021 923 2092 ipsa
946 2022 1051 2077 sint
1075 2038 1192 2092 qua:
1221 2030 1345 2077 tunc
1367 2016 1610 2092 discipuli
1635 2029 1848 2090 portare
1873 2036 1977 2075 non
2001 2035 2097 2091 po-

493 2121 707 2181 terant,
751 2122 809 2169 et
849 2128 912 2169 ea
957 2113 1200 2169 docuerit
1239 2112 1467 2184 Spiritus
1491 2108 1749 2189 sanctus,
1771 2128 1893 2184 quae.
1920 2113 2093 2182 palam

495 2204 697 2262 docere
721 2212 882 2275 atque
913 2204 1199 2275 praedicare
1218 2247 1233 2269 ,
1265 2204 1596 2275 quantalibet
1622 2203 1821 2259 feratur
1846 2196 2090 2268 audacia,

496 2299 718 2369 spiritus
740 2297 1011 2353 erubescit
1034 2296 1358 2351 immundus.

570 2387 625 2442 4.
657 2387 767 2443 Hos
786 2388 1073 2457 Apostolus
1099 2387 1153 2440 in
1177 2386 1379 2456 Spiritu
1405 2393 1590 2440 sancto
1616 2383 1915 2454 prtevidens
1936 2384 1952 2416 ί
1980 2385 2090 2440 ait:

504 2497 524 2531 ι
559 2478 677 2534 Erit
712 2480 854 2537 enim
898 2487 1106 2549 tempus
1132 2474 1241 2549 quo
1264 2492 1446 2533 sanam
1474 2478 1767 2533 doctrinam
1799 2492 1901 2530 non
1930 2477 2093 2531 susti-

497 2572 735 2637 nebunt,
788 2572 882 2629 sed
926 2570 1219 2643 secundum
1266 2570 1528 2639 desideria
1557 2584 1651 2624 sua
1682 2570 1963 2639 magistros
1990 2567 2094 2622 sibi

498 2661 889 2720 coacervabunt
917 2646 1217 2733 prurientes
1251 2661 1433 2716 auditu
1458 2677 1473 2715 :
1504 2668 1559 2731 et
1584 2674 1615 2715 a
1644 2660 1864 2717 veritate
1880 2658 2092 2730 quidem

498 2751 737 2807 auditum
766 2746 1223 2817 suum‘avertent,
1257 2752 1324 2811 ad
1350 2749 1556 2806 fabulas
1577 2759 1753 2821 autem
1775 2758 2092 2825 converten-

499 2851 616 2898 tur»
650 2842 716 2914 (ll
742 2841 870 2897 Tim.
896 2858 977 2917 tv,
998 2843 1050 2908 5,
1078 2842 1154 2915 4).
1182 2842 1274 2896 llla
1304 2842 1447 2917 enim
1473 2842 1665 2897 secreti
1695 2839 1927 2911 furtique
1942 2856 2092 2905 com-

503 2934 823 2990 memoratio
852 2949 954 3004 qua
967 2916 1181 3000 dicitur,
1204 2932 1371 2988 Panes
1381 2933 1599 2993 occultos
1618 2932 1826 2988 libenter
1840 2933 2087 3004 attingite,

501 3035 550 3080 et
586 3040 731 3097 aqum
759 3025 957 3097 furtivae
975 3024 1311 3093 dulcedinem,
1333 3024 1595 3095 pruritum
1618 3024 2093 3079 facitaudientibus

500 3116 560 3173 iu
608 3118 830 3173 auribus
876 3118 1221 3187 Spiritualitcr
1255 3117 1676 3181 fornicantibus,
1714 3116 1857 3178 (zicut
1886 3118 2091 3186 pruritu

503 3211 733 3288 quodam
756 3211 985 3268 libidinis
1006 3212 1163 3266 etiam
1193 3211 1248 3266 in
1269 3225 1429 3267 carne
1448 3210 1803 3280 corrumpitur
1820 3209 2093 3280 integritas

504 3304 788 3360 casdtatis.
840 3302 1038 3358 Audite
1081 3303 1259 3373 itaque
1280 3302 1593 3371 Apostolum
1633 3301 1755 3355 talia
1795 3299 2093 3375 praeviden-

504 3406 655 3479 tem,
711 3405 765 3452 et
815 3410 879 3452 ea
926 3395 1141 3469 vitanda
1193 3383 1476 3449 salubriter
1501 3378 1874 3467 admonentem
1908 3411 1921 3449 :
1957 3392 2093 3448 Pro-

505 3490 655 3563 (lanas
673 3530 689 3558 ,
727 3488 932 3559 inquit,
958 3487 1219 3551 verborum
1249 3488 1490 3543 novitates
1518 3489 1645 3542 evita
1674 3503 1692 3542 :
1723 3488 1936 3541 multant
1961 3487 2095 3541 enim

504 3579 780 3653 proﬁciunt
816 3578 884 3633 ad
921 3579 1227 3649 impietatem
1252 3621 1267 3646 ,
1310 3588 1357 3634 et
1384 3594 1547 3633 sermo
1568 3595 1737 3633 eorum
1766 3579 1895 3633 sicut
1915 3594 2096 3633 cancer

505 3673 662 3744 serpit
698 3670 807 3744 (Id.
838 3687 906 3740 ιι,
941 3672 1042 3738 16,
1074 3669 1185 3744 17).
1216 3670 1284 3726 Ει
1309 3687 1414 3726 non
1441 3672 1545 3738 ait,
1575 3672 1860 3727 verborum
1892 3672 2098 3727 novita-

504 3771 591 3831 tes
614 3780 630 3831 ;
662 3764 755 3820 sed
780 3763 1009 3832 addidit,
1040 3769 1301 3836 profanas.
1332 3765 1467 3820 Sunt
1491 3765 1631 3820 enim
1658 3775 1711 3820 et
1729 3765 1983 3822 doctrina:
2007 3781 2096 3823 re-

505 3853 718 3937 ligionis
744 3865 1098 3931 congruentes
1124 3856 1404 3911 verborum
1436 3857 1728 3924 novitates,
1757 3857 1895 3913 sicut
1924 3858 2097 3928 ipsum

505 3960 705 4020 nomen
745 3948 1164 4021 Christianorum
1191 3948 1402 4019 quando
1426 3948 1529 4003 dici
1556 3949 1778 4019 cmperit
1795 3989 1813 4018 ,
1842 3950 2098 4020 scriptum

509 4046 613 4094 est.
644 4038 699 4092 In
733 4038 1012 4093 Antiochia
1042 4039 1182 4099 enim
1206 4039 1432 4110 primum
1454 4048 1573 4108 post
1593 4040 1959 4107 ascensionem
1990 4040 2097 4095 Do-

509 4128 642 4185 mini
685 4129 932 4215 appellati
970 4141 1094 4185 sunt
1122 4130 1364 4201 discipuli
1390 4130 1713 4198 Christiani,
1746 4132 1880 4202 sicut
1907 4132 2098 4213 legitur

509 4224 566 4279 in
591 4222 813 4279 Actibus
838 4224 1213 4293 Apostolorum
1244 4222 1382 4294 (Act.
1409 4239 1462 4277 ιιι
1483 4266 1497 4291 ,
1520 4223 1612 4297 26)
1646 4241 1659 4278 :
1686 4235 1741 4279 et
1768 4224 2098 4280 xenodochia

510 4322 568 4370 et
595 4314 915 4368 monasteria
939 4323 1121 4385 postea
1148 4323 1273 4369 sunt
1296 4314 1561 4383 appellata
1584 4314 1735 4369 novis
1760 4315 2062 4371 nominibus
2079 4358 2095 4383 ,

509 4420 599 4461 res
620 4413 797 4460 tamen
826 4404 954 4475 ipsa:
976 4414 1028 4459 et
1048 4415 1170 4459 ante
1192 4404 1405 4459 nomina
1429 4420 1522 4459 sua
1545 4406 1697 4461 erant
1715 4448 1729 4472 ,
1753 4415 1807 4461 et
1827 4405 2099 4477 religionis

509 4496 736 4564 veritate
763 4495 1038 4565 firmantur
1056 4538 1072 4564 ,
1101 4511 1203 4567 qua
1223 4497 1382 4552 etiam
1405 4505 1591 4551 contra
1611 4496 1884 4569 improbos
1910 4498 2097 4554 deleu-

509 4589 727 4653 duntur.
760 4588 1029 4645 Adversus
1055 4588 1380 4659 impietatem
1402 4604 1613 4660 quoque
1638 4590 1954 4645 Arianorum
1985 4591 2099 4647 bte—

508 4683 798 4754 reticorum
837 4695 1033 4749 novum
1064 4696 1259 4747 nomen
1290 4682 1461 4741 Patris
1491 4682 1816 4747 llomousion
1842 4682 2097 4739 condide-

507 4782 636 4831 runt
678 4791 693 4829 :
736 4772 834 4829 sed
862 4788 968 4828 non
996 4788 1109 4828 rem
1141 4788 1332 4837 novam
1363 4772 1454 4827 tali
1480 4774 1692 4828 nomine
1717 4774 2095 4845 signaverunt;

507 4865 612 4923 hoc
637 4866 780 4923 enim
804 4872 1027 4933 vocatur
1054 4865 1379 4925 Homousion
1398 4907 1412 4934 ,
1436 4865 1578 4936 quod
1603 4875 1685 4921 est
1704 4907 1717 4931 ,
1741 4864 1854 4938 Ego
1875 4875 1919 4920 et
1941 4864 2099 4922 Pater

505 4976 667 5022 unum
685 4975 859 5023 sumus
881 4955 1059 5032 (Joan.
1088 4974 1123 5013 ι
1142 4999 1157 5025 ,
1182 4958 1295 5030 30),
1314 4959 1471 5013 unius
1492 4958 1736 5016 videlicet
1755 4958 2098 5029 ejusdemque

507 5052 842 5111 substantiae.
873 5049 1008 5119 Nam
1036 5049 1082 5105 si
1110 5049 1286 5105 omnis
1314 5050 1521 5106 novitas
1548 5049 1763 5120 profana
1791 5056 1968 5116 esset,
2001 5065 2109 5111 nec.

504 5160 536 5200 a
578 5144 804 5200 Domino
842 5141 1151 5227 diceretur,
1195 5140 1497 5195 Mandatum
1530 5156 1710 5194 novum
1741 5139 1805 5193 do
1829 5139 1963 5194 vobis
1986 5139 2096 5212 (Id.

504 5252 599 5291 xui
622 5277 638 5304 ,
667 5235 757 5307 54)
783 5252 797 5302 ;
819 5250 920 5291 nec
940 5235 1345 5295 Testamentum
1368 5234 1723 5304 appellaretur
1745 5232 1973 5301 Novum,
1997 5248 2098 5289 nec

504 5335 810 5385 cantaretur
852 5327 909 5395 in
949 5327 1197 5381 universa
1237 5334 1379 5381 terra
1416 5324 1693 5383 Canticum
1739 5338 1953 5387 novum.
1988 5323 2096 5379 Sed

504 5420 740 5491 profana:
764 5427 890 5474 sunt
914 5419 1199 5474 verborum
1228 5418 1489 5473 novitates
1508 5459 1522 5482 ,
1553 5416 1644 5471 ubi
1664 5415 1792 5473 dicit
1814 5418 1993 5473 mulier
2017 5418 2097 5471 in-

503 5511 693 5582 sipiens
729 5518 776 5564 et
814 5508 987 5563 audax
1023 5524 1041 5563 :
1079 5507 1251 5564 Panes
1285 5507 1507 5563 occultos
1533 5506 1742 5561 libenter
1762 5507 2020 5579 attingite,
2047 5517 2096 5563 et

503 5618 650 5675 aquae
691 5601 889 5673 furtiva:
929 5601 1261 5658 dulcedinem.
1304 5601 1387 5656 Ab
1422 5600 1520 5656 hac
1546 5600 1920 5668 pollicitatione
1948 5599 2096 5657 falsae

504 5692 740 5766 scientiae
768 5691 1016 5764 prohibet
1042 5693 1200 5748 etiam
1228 5691 1320 5746 illo
1350 5691 1467 5746 loco
1496 5691 1783 5760 Apostolus
1808 5690 1896 5746 ubi
1922 5690 2049 5746 dicit
2076 5708 2112 5753 :,

566 5808 587 5850 tl
606 5808 694 5871 sic.
713 5812 788 5858 Er.
808 5804 956 5871 Lugd.
981 5811 1033 5856 et
1056 5812 1175 5857 ven.
1205 5819 1216 5832 ·
1252 5813 1346 5857 Hoc
1380 5804 1673 5872 apostolus...
1709 5804 1995 5870 providens.
2032 5814 2087 5858 Μ.

1414 353 1479 417 ιΝ
1515 346 1793 408 JO.\NN|S
1832 341 2295 411 EVANGELIUM,
2338 341 2395 399 S.
2436 343 2800 402 AUGUSTINI

3636 351 3660 407 1
3671 351 3776 410 880

2199 476 2217 509 ι
2264 456 2309 513 Ο
2338 458 2635 529 Timothee,
2667 461 2964 532 depositum
2990 461 3230 533 custodi,
3258 461 3499 523 devitans
3524 466 3779 549 profanas

2191 563 2378 605 vocum
2392 552 2671 619 novitates,
2694 554 3201 612 etcontradictiones
3218 557 3332 611 falsi
3354 560 3585 615 nominis
3605 561 3783 619 scien-

2192 635 2280 698 tire
2304 686 2319 712 ,
2351 660 2509 716 quam
2532 647 2743 719 quidam
2771 648 3173 718 promittentes,
3203 651 3341 715 circa
3374 651 3530 722 fidem
3558 655 3778 711 excide-

2192 745 2316 792 runt
2344 755 2363 790 ι
2392 737 2434 808 (1
2462 737 2591 812 Tim.
2618 755 2700 807 vt,
2725 737 2840 816 20),.
2867 740 3008 796 Nihil
3031 744 3172 797 enim
3200 742 3275 798 sic
3304 754 3483 813 amant
3506 745 3591 801 isti
3618 762 3780 818 quam

2193 827 2467 884 scientiam
2480 829 2789 901 promittere
2804 848 2818 897 ;
2841 840 2893 887 et
2906 831 3063 899 fidem
3077 848 3255 889 rerum
3269 850 3512 903 verarum
3526 852 3656 907 quas
3669 854 3781 895 cre-

2194 919 2321 993 dere
2351 922 2554 993 parvuli
2585 923 2982 995 praecipiuntur,
2999 925 3144 981 velut
3163 927 3479 999 imperitiam
3506 920 3777 986 deridere.

2266 1012 2321 1067 5.
2364 1012 2516 1069 Dicet
2542 1014 2730 1085 aliquis
2760 1032 2774 1069 :
2805 1015 3018 1071 Nihilne
3046 1017 3347 1087 spirituales
3371 1018 3472 1073 viri
3499 1018 3698 1075 habent
3726 1021 3780 1076 in

2196 1101 2434 1159 doctrina
2458 1145 2473 1168 ,
2514 1106 2656 1176 quod
2696 1107 2999 1163 carnalibus
3041 1116 3283 1174 taceant,
3326 1118 3380 1167 et
3417 1112 3785 1181 Spiritualibus

2196 1194 2551 1264 eloquamur?
2591 1197 2646 1253 Si
2690 1199 3047 1278 respondero,
3093 1198 3212 1255 Non
3252 1194 3479 1269 habent,
3526 1204 3785 1260 continuo

2197 1286 2325 1339 mihi
2350 1286 2557 1342 dicetur-
2574 1302 2638 1343 ex
2668 1280 2900 1358 Epis'tola
2923 1290 2990 1345 ad
3016 1290 3322 1347 Corinthios
3341 1294 3566 1363 apostoli
3589 1295 3738 1350 Pauli
3765 1315 3782 1352 :

2203 1394 2222 1428 ι
2254 1375 2368 1431 Non
2398 1379 2542 1447 potui
2563 1378 2712 1433 vobis
2743 1379 2887 1450 loqui
2907 1383 3058 1452 quasi
3086 1383 3452 1452 spiritualibus
3471 1428 3486 1454 ,
3513 1387 3608 1442 sed
3629 1388 3787 1458 quasi

2196 1468 2514 1523 carnalibus.
2552 1467 2712 1535 Quasi
2742 1472 2973 1540 parvulis
2997 1473 3049 1527 in
3076 1472 3288 1529 Christo
3312 1474 3395 1531 lac
3421 1476 3573 1531 vobis
3596 1487 3785 1547 potum

2197 1557 2340 1624 dedi,
2365 1575 2467 1614 non
2489 1572 2666 1616 escam
2689 1578 2703 1625 ;
2727 1563 2960 1618 nondum
2980 1566 3120 1619 enim
3147 1568 3400 1635 poteratis
3422 1586 3435 1623 :
3457 1569 3550 1624 sed
3572 1586 3670 1626 nec
3688 1571 3786 1626 ad-

2198 1649 2300 1706 huc
2315 1651 2525 1722 quidem
2546 1655 2796 1725 potestis;
2816 1655 2989 1710 adhuc
3009 1657 3148 1711 enim
3171 1658 3298 1713 estis
3318 1660 3590 1716 carnales:
3607 1660 3785 1735 (lCor.

2199 1757 2287 1807 lli,
2318 1745 2411 1797 iet
2432 1741 2488 1811 2)
2514 1761 2528 1807 ;
2561 1753 2615 1799 et
2641 1744 2796 1809 illud,
2818 1762 2837 1796 ι
2874 1745 3199 1817 Sapientiam
3218 1750 3788 1824 loquimurinterper-

2197 1832 2363 1887 fectos
2387 1850 2401 1900 ;
2438 1853 2456 1887 ι
2482 1842 2537 1890 et
2557 1835 2706 1901 illud,
2737 1835 3140 1907 «Spiritualibus
3164 1841 3453 1910 spiritualia
3472 1820 3793 1913 comparan-

2200 1933 2279 1979 tes
2321 1942 2334 1978 :
2375 1926 2618 1981 animalis
2657 1937 2833 1983 autem
2852 1928 3012 1984 homo
3040 1944 3146 1988 non
3171 1934 3522 2004 percipitquze
3539 1934 3792 2004 suntSpi—

2198 2016 2425 2073 ritusDei
2450 2033 2466 2084 ;
2489 2018 2711 2090 stultitia
2730 2020 2870 2075 enim
2892 2030 2972 2086 est
2988 2021 3099 2089 illi».
3115 2021 3163 2094 (1
3170 2024 3291 2094 d.u,
3312 2025 3365 2091 6,
3387 2026 3453 2080 15
3472 2036 3518 2079 ει
3541 2025 3644 2097 it).
3674 2026 3792 2081 Hoc

2200 2116 2367 2165 totum
2388 2110 2545 2181 quale
2573 2111 2667 2184 sit,
2690 2128 2757 2168 ne
2778 2128 2961 2169 rursus
2984 2125 3198 2185 prepter
3221 2115 3338 2172 hrcc
3358 2118 3517 2190 verba
3539 2119 3787 2190 Apostoli

2196 2201 2432 2273 profanis
2467 2218 2657 2259 vocum
2694 2205 3017 2275 novitatibus
3051 2220 3258 2278 secreta,
3281 2194 3618 2279 quaerantur,
3646 2221 3697 2265 et
3722 2226 3791 2266 ea

2197 2309 2314 2365 qua:
2335 2294 2493 2351 debet
2511 2306 2778 2353 castorum
2806 2300 3023 2369 spiritus
3043 2315 3341 2373 corpusque
3366 2303 3554 2370 vitare,
3579 2303 3794 2360 dicatur

2196 2389 2434 2443 carnales
2476 2392 2739 2446 sustinere
2776 2407 2882 2446 non
2909 2408 3065 2462 posse
3089 2437 3104 2460 ,
3132 2380 3378 2449 sermone
3401 2396 3505 2450 alio
3530 2396 3574 2450 si
3604 2396 3791 2449 Domi-

2196 2493 2297 2533 nus
2339 2479 2647 2546 donaverit,
2696 2481 3071 2553 diSputandum
3116 2494 3228 2553 est,
3272 2494 3329 2541 ut
3361 2486 3471 2557 jam
3498 2487 3653 2542 istum
3683 2486 3789 2541 ali-

2196 2571 2407 2641 quando
2426 2571 2755 2628 claudam‘us.

2659 2686 3069 2745 TRACTATUS
3098 2689 3323 2746 XCVIII.

2677 2798 2744 2854 In
2774 2802 2999 2857 eamdem
3026 2804 3304 2858 lectionem.

2268 2933 2320 2987 1.
2367 2933 2443 2989 Ex
2466 2934 2643 2990 verbis
2665 2935 2871 2991 Domini
2898 2938 3095 3005 nostri,
3122 2938 3211 2994 ubi
3236 2938 3363 2994 dicit
3387 2983 3400 3006 ,
3425 2939 3604 2995 Adlmc
3630 2941 3793 2995 multa

2195 3026 2354 3083 habeo
2397 3029 2531 3092 vobis
2575 3031 2773 3100 dicere,
2822 3032 2912 3101 sed
2958 3048 3058 3086 non
3104 3035 3310 3115 potestis
3355 3045 3557 3115 portare
3598 3037 3779 3101 modo,

2197 3127 2434 3183 exortam
2472 3119 2739 3176 difficilem
2782 3124 3128 3192 quzcstionem
3167 3140 3253 3179 me
3292 3127 3470 3179 recolo
3488 3125 3785 3193 distulisse,

2197 3217 2255 3262 ut
2282 3208 2403 3276 inde
2428 3211 2650 3277 otiosius
2678 3221 2999 3269 tractaretur
3020 3216 3038 3246 ¹
3059 3258 3074 3282 ,
3104 3216 3226 3286 quia
3255 3216 3400 3271 illum
3431 3216 3621 3272 modus
3641 3232 3794 3272 com-

2197 3309 2384 3372 petens
2410 3303 2760 3371 compellebat
2786 3304 2937 3369 finire
2964 3298 3282 3362 sermonem.
3320 3307 3473 3361 Nunc
3498 3323 3626 3379 ergo
3650 3325 3793 3379 quo-

2198 3392 2339 3446 niam
2384 3401 2591 3464 tempus
2624 3405 2705 3450 est
2745 3398 3003 3466 promissa
3031 3399 3324 3466 reddendi,
3356 3408 3707 3468 pertractctur
3732 3408 3791 3455 ut

2182 3476 2455 3539 Dominus
2476 3487 2588 3555 ipse
2612 3485 2924 3554 donaverit,
2950 3490 3035 3558 qui
3067 3490 3215 3544 cordi
3239 3500 3421 3545 nostro
3444 3501 3499 3544 ut
3524 3505 3795 3561 propone-

2197 3583 2347 3630 retur
2385 3574 2621 3647 in'gcssit.
2668 3577 2791 3633 llaec
2817 3588 2901 3635 est
2927 3589 3101 3635 autem
3129 3583 3351 3650 quaestio
3384 3600 3396 3637 :
3428 3592 3602 3636 utrum
3631 3582 3794 3652 spiri-

2202 3667 2368 3722 tuales
2391 3666 2635 3723 homines
2657 3670 2885 3725 habeant
2903 3671 3099 3741 aliquid
3130 3673 3182 3726 in
3205 3672 3445 3727 doctrina
3469 3715 3483 3739 ,
3507 3672 3647 3743 quod
3670 3687 3795 3729 car-

2200 3759 2409 3814 nalihus
2436 3767 2677 3828 taceant,
2709 3771 2763 3816 et
2786 3762 3148 3832 Spiritualibus
3173 3764 3371 3819 dicant.
3403 3765 3538 3832 Quia
3562 3766 3605 3819 si
3632 3765 3793 3820 dixe-

2200 3849 2405 3917 rimus,
2446 3849 2561 3903 Non
2599 3850 2831 3918 habent;
2868 3852 3276 3923 reSpondcbitur
3319 3854 3500 3919 nobis,
3545 3854 3681 3923 Quid
3708 3864 3795 3911 est

2201 3954 2329 4010 ergo
2354 3940 2497 4011 quod
2522 3941 2735 3997 dicebat
2758 3944 3043 4013 Apostolus
3070 3945 3312 4000 scribens
3341 3945 3409 4000 ad
3438 3946 3744 4001 Corinthios
3772 3964 3788 4001 :

2208 4049 2228 4083 ι
2266 4031 2380 4086 Non
2408 4033 2553 4102 potui
2581 4034 2730 4089 vobis
2758 4034 2899 4105 loqui
2927 4037 3075 4107 quasi
3100 4036 3462 4107 spiritualibus
3480 4081 3494 4103 ,
3524 4039 3615 4093 sed
3636 4041 3793 4109 quasi

2202 4124 2523 4191 carnalibus.
2553 4124 2712 4192 Quasi
2744 4128 2976 4196 parvulis
2999 4128 3053 4183 in
3083 4128 3297 4185 Christo
3323 4130 3405 4185 lac
3427 4131 3578 4186 vobis
3606 4141 3794 4201 potum

2202 4214 2360 4280 dedi,
2402 4231 2506 4270 non
2546 4232 2723 4272 escam
2747 4206 2765 4284 ;
2807 4219 3042 4274 nondum
3078 4221 3219 4275 enim
3258 4225 3549 4291 poteratis:
3575 4223 3668 4279 sed
3692 4240 3796 4282 nec

2202 4308 2375 4377 adhuc
2422 4309 2634 4380 quidem
2679 4312 2939 4381 potestis;
2980 4312 3153 4367 adhuc
3174 4315 3314 4369 enim
3339 4316 3467 4369 estis
3488 4316 3731 4373 carnales
3768 4336 3787 4371 ι

2209 4399 2250 4471 (l
2284 4398 2401 4453 Cor.
2443 4415 2529 4479 tu,~
2551 4400 2575 4454 1
2601 4409 2647 4454 et
2670 4400 2725 4474 2)
2747 4402 2770 4457 ?
2796 4401 2851 4457 Si
2879 4411 3055 4469 autem
3084 4402 3377 4460 dixerimus
3396 4448 3411 4473 ,
3442 4406 3683 4473 llabcnt;
3715 4408 3788 4462 ti-

2204 4490 2455 4544 mendum
2478 4499 2531 4544 et
2554 4491 2847 4557 cavendum
2869 4501 2984 4561 est,
3010 4509 3074 4549 ne
3096 4496 3194 4549 sub
3215 4494 3314 4550 hac
3332 4497 3610 4552 occasione
3632 4499 3683 4553 in
3703 4513 3796 4555 oc-

2205 4580 2361 4635 cultis
2402 4579 2601 4636 nefaria
2649 4582 2939 4637 doceantur
2968 4624 2983 4650 ,
3029 4594 3083 4638 et
3127 4585 3479 4654 Spiritualium
3526 4587 3744 4644 nomine
3775 4630 3792 4656 ,

2203 4671 2350 4727 velut
2372 4686 2433 4727 ea
2455 4688 2570 4744 qua:
2591 4673 2831 4733 carnales
2856 4689 3048 4746 capere
3069 4690 3173 4729 non
3196 4686 3450 4757 possunt,
3484 4693 3586 4731 non
3617 4679 3793 4733 solum

2204 4764 2546 4820 excusatione
2604 4764 2895 4831 dealbanda
2921 4808 2937 4835 ,
2979 4781 3165 4822 verum
3211 4768 3372 4823 ctiam
3416 4769 3795 4839 praedicatione

2203 4856 2463 4927 laudanda
2492 4857 2786 4913 videantur.
3635 4933 3640 4937 _
3836 4930 3845 4941 ‘

2273 4949 2327 5003 ἓ.
2368 4948 2604 5004 Primum
2634 4966 2759 5029 ergo
2790 4952 2925 5006 st-ire
2958 4952 3116 5008 debet
3150 4951 3392 5009 Charitas
3417 4964 3589 5011 vestra
3609 5000 3623 5022 ,
3650 4957 3795 5027 quod

2204 5040 2319 5113 ipse
2349 5039 2594 5103 Christus
2632 5043 2913 5097 cruciﬁxus
2944 5045 2985 5109 ³,
3021 5061 3125 5125 quo
3173 5045 3319 5099 velut
3361 5047 3499 5102 lacte
3546 5049 3797 5118 parvulos

2202 5133 2397 5189 aluisse
2424 5146 2482 5187 se
2508 5132 2635 5187 dicit
2662 5134 2980 5207 Apostolus;
3012 5126 3121 5204 ipsa
3150 5152 3276 5193 vero
3302 5151 3426 5198 caro
3451 5138 3585 5207 ejus,
3615 5139 3665 5192 in
3690 5155 3795 5210 qua

2202 5223 2340 5281 facta
2374 5234 2458 5281 est
2483 5242 2605 5283 vera
2631 5241 2776 5281 mors
2806 5228 2920 5297 ejus
2946 5237 3000 5282 et
3028 5224 3244 5283 vulnera
3275 5245 3396 5283 vera
3424 5231 3639 5297 conﬁxi,
3667 5245 3796 5285 san-

2200 5317 2422 5397 guisque
2461 5318 2726 5390 percussi,
2757 5334 2863 5375 non
2907 5335 2973 5373 eo
3017 5319 3222 5373 modoa
3253 5321 3552 5375 carnalibus
3591 5337 3699 5392 quo
3728 5320 3800 5376 ab

2201 5408 2561 5487 spiritualibus
2587 5411 2866 5480 cogitatur,
2892 5421 2945 5465 ct
2973 5410 3073 5467 illis
3094 5420 3175 5466 est
3201 5410 3301 5477 lac,
3333 5413 3447 5467 istis
3466 5413 3650 5479 cibus;
3671 5412 3797 5485 quia

2202 5508 2258 5557 et
2294 5502 2471 5556 sinon
2501 5500 2724 5561 audiunt
2752 5501 3000 5571 amplius,
3046 5502 3346 5573 intelligunt
3384 5504 3631 5575 amplius.
3675 5501 3798 5559 Non

2266 5684 2283 5751 ξ
2308 5692 2485 5751 omnes
2506 5697 2657 5751 prope
2679 5691 2807 5751 Mss,
2836 5690 2885 5751 ut
2908 5684 2969 5736 de
2986 5687 3141 5751 spatio
3157 5693 3462 5751 tractaretur.

2263 5722 2967 5815 ξιέιὶῢῖᾷἵὸἃνῷἕὲῗίιιῖὲὲιὶὶὲ
2986 5722 3546 5815 ’ὶΐί’ὶῗνὶἱς“ἑὶίὲἲὲἰςῖ“ἰὶιιε
3584 5749 3796 5815 auum,

2199 5812 2286 5872 est,
2312 5821 2410 5872 quo
2428 5815 2517 5858 Mss
2537 5815 2720 5859 carent.
