4102 6502
252 357 382 427 ⁴1881

257 485 393 542 enim
405 474 685 549 requaliter
694 474 873 527 mente
887 460 1031 535 perci
1039 458 1086 531 pi
1093 454 1372 524 tur,'etiam
1390 450 1533 523 quod
1554 450 1607 504 in
1623 446 1725 502 tide
1736 460 1803 516 pa
1815 476 1833 489 -

257 538 383 635 riter
399 538 722 635 ab-utrisque
738 557 1012 627 recipitur.
1026 552 1101 606 ιω
1122 548 1180 603 lit
1196 556 1253 602 ut
1269 543 1585 616 praedicatus
1603 538 1672 593 ab
1691 538 1835 607 Apo—

257 665 404 723 stolis
417 628 667 718 Christus
678 648 980 711 cruciﬁxus,
994 652 1048 700 et
1063 639 1262 697 iud-.eis
1279 643 1422 691 esset
1439 628 1766 691 scandalum,
1782 632 1838 681 et

259 755 513 816 Gentibus
527 745 770 809 stultitia,
784 749 839 797 et
854 737 985 809 ipsis
996 731 1199 789 vocatis
1217 726 1413 784 Iudaeis
1441 731 1494 778 et
1518 719 1718 776 Graecis
1742 715 1835 771 Dei

453 853 508 900 et
521 841 616 897 Dei
630 827 945 907 Sapientia(l
959 827 1076 883 Cor.
1106 839 1147 890 t,
1178 820 1269 884 2'5,
1299 813 1520 885 24):sed
1540 808 1840 867 carnalibus

261 938 492 1016 parvulis
520 933 573 989 id
598 899 801 987 tantum
829 899 1097 978 credendo
1127 911 1448 972 tenentibus,
1476 899 1841 975 spiritualibus

883 1014 894 1016 -
982 1012 992 1016 -
1105 1008 1116 1016 .
1394 999 1437 1016 ,Α
1476 991 1838 1016 ,η-ηημιη,

260 991 436 1089 ἔιιιειιι
460 1020 828 1097 capacioribus
847 1014 899 1085 id
925 1012 1084 1083 etiam
1105 999 1447 1074 intelligendo
1469 991 1840 1056 cernentibus;

260 1124 361 1181 illis
380 1135 514 1190 ergo
529 1080 785 1185 Itanquam
809 1081 1009 1161 lacteus
1034 1080 1213 1171 potus,
1238 1092 1354 1149 istis
1370 1100 1619 1158 tanquam
1642 1080 1845 1137 solidus

263 1171 596 1274 non
637 1171 761 1276 quia
802 1199 906 1254 hoc
943 1193 1018 1250 illi
1054 1190 1206 1245 aliter
1230 1187 1282 1240 in
1309 1179 1550 1254 populis,
1579 1175 1665 1231 isti
1695 1171 1848 1227 aliter

263 1310 318 1365 in
343 1301 605 1363 cubiculis
625 1296 983 1366 cognoverunt
1005 1301 1021 1352 ;
1047 1280 1140 1338 sed
1160 1276 1304 1355 quod
1330 1272 1515 1329 eodem
1542 1265 1700 1323 modo
1720 1261 1851 1319 utri-

267 1416 365 1473 que
407 1411 532 1453 cum
574 1392 751 1463 palam
788 1385 1056 1440 diceretur
1097 1354 1413 1435 audiebant,
1445 1378 1540 1435 pro
1565 1375 1663 1415 suo
1691 1354 1850 1412 modo

1068 1467 1079 1473 ‘
1180 1461 1234 1473 Α·
1289 1459 1300 1472 ⁹
1338 1468 1349 1473 -
1400 1471 1413 1473 ~
1461 1457 1740 1473 -Αι-ιι--ι--ι
1784 1444 1850 1473 ..ιι

265 1444 460 1564 quique
501 1444 801 1554 capiebant.
832 1474 965 1530 Cum
999 1467 1139 1524 enim
1175 1459 1421 1517 Christus
1461 1457 1742 1524 propterea
1784 1444 1853 1499 sit

266 1537 273 1543 ⁷
303 1537 458 1560 "‘I"'
510 1537 547 1541 "
570 1537 585 1554 ι

266 1537 552 1639 cruciﬁxus
570 1617 586 1642 ,
613 1581 672 1627 ut
702 1569 755 1623 in
779 1561 1150 1622 remissionem
1177 1557 1517 1624 peccatorum
1542 1537 1853 1610 sanguinem

268 1672 543 1735 tunderet,
571 1626 684 1736 ,qua
722 1660 839 1730 ejus
866 1648 1135 1723 Unigeniti
1177 1641 1426 1715 passione
1467 1633 1643 1691 divina
1689 1626 1855 1699 gratia

268 1746 694 1821 commendatur,
715 1760 773 1805 ut
798 1759 954 1803 nemo
975 1743 1028 1797 in
1054 1737 1272 1793 homine
1292 1729 1572 1803 glorietur;
1591 1718 1857 1793 quomodo

269 1811 638 1920 intelligebant
650 1811 920 1898 Christum
940 1829 1249 1889 cruciﬁxum
1278 1820 1369 1893 qui
1388 1817 1562 1873 adhuc
1587 1811 1855 1876 dicebant,

566 1935 716 1992 Pauli
752 1930 934 2001 (lbid.,
966 1922 1095 1994 12)?
1136 1912 1400 1985 Numquid
1439 1904 1705 1980 quomodo
1748 1902 1861 1972 ipse

272 1992 473 2095 Paulus
501 2031 592 2103 qui
613 1992 856 2088 dicebat,
886 2016 1018 2073 Mihi
1041 1992 1214 2067 autem
1242 2006 1367 2061 absit
1396 1998 1638 2075 gloriari,
1670 1994 1768 2049 nisi
1808 1992 1863 2045 in

274 2083 671 2185 able—Enim
717 2083 874 2171 nostri
917 2109 1041 2164 Jesu
1080 2101 1266 2161 Christi
1292 2096 1487 2170 (Galat.
1518 2105 1604 2156 vt,
1636 2085 1760 2157 14)?
1787 2083 1864 2137 De

276 2223 395 2292 ipso
422 2219 604 2287 itaque
628 2210 842 2267 Christo
867 2200 1119 2258 crucilixo
1138 2235 1155 2261 ,
1184 2201 1239 2248 et
1268 2192 1382 2261 ipse
1419 2186 1594 2241 cibum
1632 2194 1732 2251 pro
1770 2190 1865 2231 sua

277 2269 574 2382 c‘apacimle
613 2300 889 2362 sumebat,
912 2303 966 2350 et
991 2292 1110 2347 illos
1133 2288 1271 2342 lacte
1297 2297 1398 2355 pro
1426 2293 1610 2335 eorum
1641 2269 1866 2328 inﬁrmi-

278 2364 390 2464 tat‘e
416 2399 705 2459 nutriebat.
724 2390 958 2459 Denique
982 2385 1067 2440 illa
1089 2395 1209 2452 qua:
1228 2373 1438 2444 scripsit
1456 2370 1522 2426 ad
1542 2364 1866 2428 Corinthios,

280 2496 439 2551 aliter
484 2491 667 2565 utique
712 2483 779 2538 ab
818 2453 946 2550 ipsis
976 2470 1239 2544 parvulis,
1268 2464 1422 2519 aliter
1447 2475 1478 2515 a
1506 2453 1871 2527 capacioribus

467 2545 691 2651 intelligi
708 2545 905 2638 scietis,
929 2570 1037 2623 ait:
1066 2564 1247 2645 Siquis
1271 2567 1341 2613 est
1365 2556 1496 2610 inter
1514 2567 1599 2606 vos
1627 2545 1873 2620 propheta

286 2637 377 2738 gul
404 2673 710 2750 spiritualis,
743 2674 983 2738 agnoscat
1007 2674 1119 2731 qua:
1144 2640 1305 2710 scribo
1334 2648 1488 2712 vobis,
1519 2645 1639 2714 quia
1667 2637 1875 2694 Domini

790 2748 793 2749 ⁷
1212 2748 1219 2750 Α
1486 2740 1497 2750 ·
1667 2735 1679 2750 ι
1697 2734 1728 2750 ρ.
1757 2748 1792 2750 υ
1821 2730 1837 2750 l
1856 2727 1871 2750 I

288 2785 363 2833 est
403 2727 743 2827 mandatum:
773 2748 815 2816 si
854 2727 978 2829 quis.
1004 2727 1168 2807 autem
1205 2748 1433 2819 ignorat,
1480 2734 1795 2810 ignorabitur
1819 2727 1873 2803 (I

289 2823 552 2929 Eorfxvtv,
583 2859 671 2923 57,
705 2853 816 2924 38).
836 2823 1072 2907 solidam
1102 2839 1342 2913 profecto
1367 2832 1537 2889 voluit
1563 2841 1682 2883 esse
1705 2823 1878 2878 scien-

291 2961 420 3015 tiam
450 2949 805 3026 Spiritualium
825 2986 839 3009 ,
867 2942 957 2998 ubi
999 2953 1105 2993 non
1148 2933 1259 2989 sola
1295 2928 1426 2984 lich
1453 2916 1881 2978 accommodare-

293 3061 404 3118 tur,
431 3046 527 3102 sed
554 3051 702 3100 certa
731 3034 962 3108 cognitio
991 3036 1292 3089 teneretur;
1329 3035 1393 3075 ac
1434 3031 1529 3089 per
1557 3013 1660 3069 hoc
1700 3010 1776 3065 illi
1818 3021 1881 3063 ea

299 3144 414 3213 ipsa
443 3136 770 3196 credebant,
794 3143 913 3199 quae
938 3118 1237 3195 spirituales
1262 3115 1479 3182 insuper
1505 3101 1880 3178 agnoscebant.

1110 3209 1169 3213 μ,
1433 3208 1445 3213 Α
1494 3198 1506 3210 ,
1592 3193 1804 3213 d__,‘__
1839 3188 1880 3213 ,ε

301 3188 414 3213 ἰ’-ν’·
448 3188 631 3194 --ν--η
760 3188 769 3196 -
812 3188 824 3199 .
971 3188 982 3195 .

301 3228 632 3306 Ignorabitur
658 3231 835 3298 autem
858 3260 871 3286 ,
899 3215 1006 3280 ait,
1034 3211 1124 3283 qui
1152 3209 1391 3280 ignorat;
1420 3198 1542 3270 Quia
1573 3193 1809 3250 nondum
1835 3188 1886 3244 ei

1139 3302 1169 3306 --
1300 3298 1311 3306 ·
1358 3303 1364 3306 -
1424 3292 1459 3306 Α
1554 3290 1567 3306 ι
1607 3302 1715 3306 μμ---
1748 3284 1798 3306 ιι.
1834 3282 1883 3306 2..

302 3282 594 3384 revelatum
622 3325 734 3383 est,
768 3282 989 3381 utquod
1031 3302 1199 3360 credit
1240 3298 1391 3353 sciat.
1420 3290 1569 3359 Quod
1597 3302 1720 3343 cum
1748 3284 1805 3338 ﬁt
1834 3282 1887 3337 in

305 3415 539 3474 hominis
584 3415 794 3472 mente,
834 3404 950 3473 ipse
990 3396 1183 3452 dicitur
1224 3384 1471 3458 cognosci
1514 3397 1543 3436 a
1588 3380 1729 3443 Deo;
1766 3373 1889 3444 quia

307 3510 449 3565 Deus
478 3505 626 3561 illum
652 3501 1058 3568 cognoscentem
1088 3483 1213 3538 facit
1232 3522 1246 3548 ,
1270 3479 1408 3534 sicut
1435 3471 1561 3528 alibi
1590 3470 1665 3523 ait
1690 3484 1703 3521 :
1739 3464 1892 3519 Nunc

311 3611 475 3657 autem
500 3596 852 3671 cognoscentes
872 3584 1056 3648 Deum,
1077 3578 1178 3631 into
1197 3569 1382 3644 cogniti
1407 3585 1438 3621 a
1462 3565 1572 3619 Deo
1599 3559 1794 3633 (Galat.
1818 3573 1891 3623 tv,

313 3695 388 3765 9).
402 3650 589 3760 Neque:
609 3684 750 3741 enim
772 3689 895 3747 tunc
914 3674 1234 3743 cognoverat
1253 3678 1347 3720 eos
1361 3661 1521 3721 Deus,
1543 3650 1896 3725 praecognitos

1134 3760 1145 3765 _
1238 3756 1250 3765 .
1444 3747 1512 3765 ,η
1557 3746 1577 3765 ,ί
1627 3760 1643 3765 _
1698 3739 1894 3765 num,

316 3739 369 3851 ei
391 3739 593 3840 elecltos
623 3784 745 3830 ante
770 3767 949 3826 mundi
978 3739 1413 3819 constitutionem
1442 3746 1602 3822 (Eph.
1627 3760 1665 3809 ι,
1688 3741 1774 3813 b);
1803 3739 1898 3796 sed

321 3885 441 3945 tunc
465 3886 558 3926 eos
585 3866 819 3935 seipsum
844 3865 1164 3926 cognoscere
1194 3848 1411 3901 fecerat.

388 3964 442 4018 3.
483 3960 599 4015 Hoc
641 3927 798 4025 igitur
840 3945 1091 4020 primitus
1125 3938 1356 4009 cognito,
1385 3929 1526 4004 quod
1553 3943 1616 3985 ea
1647 3927 1757 3996 ipsa
1784 3936 1902 3993 qure

323 4053 477 4111 simul
508 4048 728 4104 audiunt
753 4037 1051 4112 spirituales
1078 4041 1237 4103 atque
1262 4024 1524 4095 carnales,
1551 4034 1649 4091 pro
1674 4032 1769 4072 suo
1788 4014 1906 4084 qui—

326 4162 425 4217 qnc
451 4140 666 4199 modulo
696 4108 939 4205 capiunt;
968 4128 1043 4184 illi
1074 4133 1133 4181 ut
1158 4119 1395 4195 parvuli,
1436 4115 1521 4171 isti
1558 4120 1615 4167 ut
1653 4108 1903 4177 majores,

328 4204 403 4294 illi
430 4246 489 4292 ut
526 4231 679 4288 lactis
708 4204 1012 4282 alimentum
1034 4262 1049 4284 ,
1088 4216 1177 4273 isti
1222 4222 1280 4268 ut
1316 4210 1419 4266 cibi
1448 4204 1856 4262 solidamentum
1889 4215 1902 4252 :

330 4328 470 4386 nulla
496 4324 708 4393 videtur
736 4331 854 4374 esse
883 4310 1205 4373 necessitas,
1248 4311 1309 4359 ut
1347 4303 1521 4369 aliqua
1564 4302 1769 4352 secreta
1816 4289 1912 4344 do-

332 4421 515 4475 ctrina:
543 4390 836 4474 taceantur,
863 4413 918 4462 et
941 4397 1333 4458 abscondantur
1371 4389 1617 4446 ﬁdelibus
1656 4380 1909 4455 parvulis,

333 4520 572 4565 seorsum
593 4500 817 4559 dicenda
841 4492 1152 4564 majoribus,
1166 4485 1269 4540 hoc
1288 4488 1371 4538 est
1388 4471 1912 4545 intelligentioribns;

336 4612 389 4660 et
413 4602 517 4656 hoc
546 4597 666 4652 ideo
703 4561 1000 4647 faciendum
1029 4589 1263 4653 putetur,
1293 4574 1413 4643 quia
1439 4569 1581 4625 dixit
1606 4561 1913 4634 Apostolus,

341 4652 640 4762 liciti—potui
668 4683 802 4738 vobis
842 4676 977 4748 loqui
1013 4652 1155 4746 quasi
1205 4662 1551 4739 spiritualibus
1576 4701 1591 4722 ,
1643 4656 1730 4711 sed
1778 4652 1921 4722 quasi

339 4744 644 4840 carnalibus.
672 4776 785 4831 lloc
824 4744 1000 4841 ipsum
1026 4744 1187 4819 enim
1234 4753 1377 4829 quod
1414 4767 1521 4807 non
1559 4744 1819 4819 judicavit
1864 4755 1922 4796 se

341 4875 476 4931 scire
504 4872 559 4926 in
588 4868 669 4924 eis
698 4863 798 4919 nisi
820 4861 1003 4917 Jesum
1030 4852 1298 4910 Christum
1320 4888 1335 4914 ,
1366 4852 1420 4899 et
1447 4842 1589 4897 hunc
1613 4833 1925 4893 cruciﬁxum

580 4922 618 5014 tt
639 4997 655 5024 ,
680 4956 765 5025 2),
794 4952 922 5023 ipsis
948 4962 1051 5002 non
1078 4941 1252 5014 potuit
1287 4934 1430 5005 loqui
1460 4929 1611 5002 quasi
1640 4922 1928 4997 spirituali-

344 5015 442 5113 bns
462 5098 476 5121 ,
508 5051 605 5108 sed
817 5015 1148 5101 carnalibus;
1189 5028 1311 5102 quia
1358 5026 1412 5081 id
1447 5025 1586 5079 sicut
1626 5015 1929 5089 spirituales

346 5160 539 5226 Capere
576 5156 685 5198 non
727 5136 992 5193 valebant.
1037 5126 1366 5194 Quicumque
1408 5126 1587 5170 autem
1629 5108 1933 5180 spirituales

885 5224 895 5226 -
1140 5215 1153 5226 .
1289 5218 1327 5226 ._
1360 5219 1534 5226 ,___‘_‘
1572 5198 1805 5226 Amm,“
1834 5210 1932 5226 ML

350 5198 490 5295 intrer
519 5248 614 5291 eos
633 5236 785 5287 erant
803 5267 817 5290 ,
849 5224 988 5280 idem
1016 5215 1157 5289 quod
1181 5212 1259 5268 illi
1288 5218 1539 5278 tanquam
1569 5198 1807 5258 carnales
1833 5210 1933 5249 au-

1269 331 1682 394 TRACTATUS
1718 327 1948 388 XCVI“.
1988 322 2214 382 CAPUT
2251 321 2389 379 XVI.

3378 315 3517 372 £882

1936 459 1966 500 a
1991 457 2172 508 carne,
2202 440 2328 513 quia
2354 454 2419 497 ex
2446 436 2621 494 anima
2650 442 2704 492 et
2727 446 2887 491 carne
2915 438 3123 490 constat
3153 439 3293 487 totus
3319 429 3515 494 homo;

1938 552 2038 591 non
2063 534 2271 607 percipit
2298 547 2411 603 qua:
2432 540 2546 585 sunt
2568 529 2794 600 Spiritus
2810 527 2906 581 Dei
2922 526 2962 597 (1
2985 525 3102 581 Cor.
3120 541 3180 591 tt,
3201 523 3312 595 14),
3337 523 3388 577 id
3405 529 3518 585 est,

1938 626 2063 697 quid
2088 626 2273 696 gratim
2295 623 2630 679 credentibus
2658 634 2790 676 crux
2813 617 3053 673 conferat
3075 614 3303 679 Christi;
3333 622 3388 670 ct
3418 608 3523 681 pti-

1942 727 2018 775 tat
2045 719 2145 772 hoc
2183 717 2269 771 illa
2313 729 2472 770 cruce
2508 721 2683 768 aetum
2709 724 2831 767 esse
2856 706 3253 773 tantummodo,
3285 713 3345 758 ut
3372 701 3526 758 nobis

1942 824 2112 879 usque
2134 807 2202 862 ad
2235 814 2461 862 mortem
2493 819 2588 874 pro
2611 802 2835 857 veritate
2862 797 3187 855 certantibus
3210 792 3523 851 imitandum

1944 899 2268 970 praeberetur
2293 894 2617 964 exemplum.
2643 891 2774 947 Nam
2805 889 2853 945 si
2876 888 3076 945 scirent
3102 883 3409 956 hujusmodi
3428 882 3528 937 ho-

1946 992 2140 1058 mines,
2161 988 2250 1061 qui
2288 987 2477 1044 nolunt
2499 999 2619 1041 esse
2642 984 2744 1039 nisi
2772 982 3016 1038 homines
3035 1022 3051 1048 ,
3075 975 3528 1050 quemadmodum

1947 1083 2194 1140 Christus
2229 1077 2513 1136 cruciﬁxus
2535 1080 2701 1147 factus
2735 1074 2805 1129 sit
2828 1072 2970 1128 nobis
2996 1042 3243 1142 sapientia
3263 1085 3296 1122 a
3320 1066 3461 1133 Deo,
3484 1042 3532 1120 et

1942 1172 2164 1246 justitia,
2192 1179 2239 1225 et
2266 1166 2618 1238 sanctiﬁcatio,
2646 1173 2693 1220 ct
2713 1163 3008 1233 redemptio,
3031 1170 3085 1215 ut
3107 1156 3530 1231 quemadmodum

1952 1265 2195 1333 scriptum
2218 1271 2313 1327 est,
2346 1260 2445 1326 Qui
2493 1257 2743 1330 gloriatur
2788 1255 2843 1309 in
2874 1252 3093 1307 Domino
3137 1249 3378 1323 glorietur
3407 1245 3533 1319 (Id.

1953 1369 1990 1420 ι,
2021 1355 2112 1419 50,
2135 1352 2226 1423 51)
2248 1368 2262 1415 ;
2286 1350 2471 1422 procul
2496 1348 2656 1403 dubio
2688 1360 2795 1401 non
2829 1344 3182 1415 gloriarentur
3214 1342 3266 1395 in
3295 1339 3533 1403 homine,

1956 1459 2056 1500 nec
2093 1443 2381 1513 carnaliter
2405 1440 2675 1503 dicerent,
2716 1435 2830 1506 Ego
2854 1433 3057 1508 quidem
3080 1449 3190 1487 sum
3219 1430 3409 1495 Pauli;
3445 1443 3537 1498 ego

1956 1545 2124 1590 autem
2152 1534 2362 1605 Apollo,-
2391 1548 2482 1603 ego
2505 1546 2622 1586 vero
2649 1528 2833 1599 Cepluc
2850 1543 2869 1581 :
2897 1524 2992 1583 sed
3030 1521 3397 1594 spiritualiter,
3424 1517 3538 1590 Ego

1957 1644 2069 1684 sum
2087 1625 2273 1681 Christi
2295 1623 2456 1696 (Ibid.
2486 1620 2598 1693 te).
2950 1627 2955 1632 ·

2029 1716 2084 1772 4.
2116 1715 2312 1771 Verum
2351 1713 2480 1768 illud
2506 1710 2683 1766 adhuc
2708 1707 3058 1779 qumstionem
3102 1702 3258 1769 facit,
3297 1697 3441 1771 quod
3487 1697 3542 1753 in

1961 1808 2203 1881 Epistola
2248 1805 2596 1879 adHebraeos
2633 1803 2871 1873 legitur:
2908 1818 2926 1852 ‹
2955 1797 3087 1854 Cum
3131 1796 3237 1867 iam
3277 1789 3545 1848 deberetis

1964 1909 2203 1970 tempore
2245 1898 2363 1968 ipso
2389 1910 2511 1952 esse
2538 1895 2803 1960 doctores,
2834 1892 3027 1948 iterum
3069 1887 3311 1944 doctrina
3338 1882 3548 1953 indige-

1948 1994 2061 2067 tis,
2095 2005 2213 2061 qua:
2239 1990 2346 2044 sint
2371 1989 2631 2043 elementa
2669 1997 2978 2040 sermonum
3005 1979 3137 2045 Dei;
3168 1986 3222 2033 et
3259 1976 3383 2031 facti
3420 1973 3551 2031 estis

1966 2100 2101 2154 Opus
2129 2082 2388 2137 habentes
2411 2079 2566 2145 laete,
2589 2092 2695 2133 non
2722 2075 2891 2131 solido
2919 2074 3059 2131 cibo.
3082 2070 3268 2128 Omnis
3288 2068 3429 2125 enim
3460 2067 3553 2138 qui

1968 2178 2228 2243 laetatur,
2276 2175 2581 2244 inexpertus
2620 2178 2701 2225 est
2746 2166 2968 2224 verbum
2990 2164 3245 2235 justitiae;
3273 2160 3447 2217 infans
3472 2164 3557 2213 est

1972 2267 2137 2323 enim.
2159 2264 2519 2321 Perfectorum
2542 2269 2626 2317 est
2643 2268 2820 2315 autem
2839 2256 3041 2312 solidus
3064 2255 3234 2318 cibus,
3253 2264 3439 2307 eorum
3465 2247 3559 2319 qui

1972 2379 2072 2435 per
2087 2360 2324 2416 habitum
2342 2355 2659 2412 exercitatos
2675 2351 2874 2429 habent
2889 2363 3099 2414 sensus,
3120 2345 3183 2400 ad
3202 2339 3560 2414 separandum

1972 2433 2174 2511 bonum
2219 2466 2249 2506 ιι
2292 2445 2734 2518 malo»(Hebr.v,
2760 2440 2969 2513 12-”).
3012 2439 3109 2495 llic
3152 2437 3293 2493 enim
3318 2433 3565 2489 videmus

1976 2557 2227 2615 tanquam
2257 2538 2534 2596 deﬁnitum
2563 2549 2683 2592 esse
2708 2547 2865 2603 quem
2891 2528 3247 2601 perfecturum
3280 2523 3409 2579 dicit
3433 2519 3565 2576 soli-

1977 2611 2106 2693 dum
2147 2634 2354 2695 cibum;
2384 2637 2439 2683 et
2475 2627 2577 2681 hoc
2622 2639 2742 2680 esse
2787 2621 2918 2678 illud
2956 2619 3097 2691 quod
3147 2617 3214 2672 ad
3259 2611 3567 2670 Corinthios

1978 2727 2233 2795 scriptum
2283 2729 2396 2785 est,
2428 2718 2743 2790 Sapientiam
2783 2713 3034 2784 loquimur
3068 2711 3199 2764 inter
3244 2700 3567 2775 perfectos(l

1981 2794 2101 2873 Cor.
2126 2832 2184 2877 tt,
2217 2814 2293 2884 6).
2321 2812 2467 2878 Quos
2500 2817 2678 2863 autem
2728 2804 2991 2875 perfectos
3033 2800 3262 2855 voluerit
3302 2796 3405 2851 hoc
3447 2794 3569 2847 loco

1983 2908 2226 2978 intelligi,
2251 2902 2474 2973 subjecit
2494 2909 2654 2971 atque
2675 2898 2770 2964 ait,
2797 2895 2895 2961 Qui
2918 2910 3007 2966 per
3028 2891 3249 2946 habitum
3276 2885 3571 2943 exercitatos

1985 2999 2165 3055 habent
2190 3011 2385 3063 sensus,
2413 2992 2480 3046 ad
2504 2988 2844 3061 separandum
2865 2986 3049 3041 bonum
3075 2999 3108 3037 a
3132 2982 3286 3037 malo.
3310 2979 3422 3034 Hoc
3444 2972 3573 3046 ergo

1986 3092 2076 3162 qui
2104 3085 2330 3144 invalida
2356 3092 2411 3138 et
2434 3080 2777 3137 inexercitata
2806 3085 2985 3133 mente
3019 3088 3128 3129 non
3157 3078 3414 3143 possunt,
3443 3080 3573 3137 pro-

1990 3181 2128 3237 fecto
2154 3177 2254 3233 nisi
2287 3174 2406 3230 fidei
2431 3172 2660 3243 quodam
2687 3169 2828 3225 lacte
2863 3173 3163 3228 teneantur,
3194 3170 3250 3215 ut
3287 3169 3342 3216 et
3384 3155 3576 3213 invisi-

1991 3275 2115 3331 bilia
2138 3285 2256 3342 quae
2286 3283 2391 3323 non
2414 3265 2618 3328 vident,
2645 3270 2700 3318 et
2724 3257 3224 3330 intelligibiliaoure
3250 3250 3485 3306 nondum
3506 3246 3579 3300 iu-

1998 3337 2257 3433 lolligunt,
2284 3356 2524 3423 credant,
2550 3352 2706 3409 facile
2729 3351 2794 3406 ad
2814 3363 2978 3405 vanas
2997 3357 3051 3403 et
3071 3344 3354 3413 sacrilegas
3373 3337 3582 3394 fabulas

1997 3453 2355 3527 promissione
2392 3448 2629 3504 scientiae
2667 3444 2932 3500 ducuntur
2955 3458 2969 3494 :
2994 3449 3050 3494 ut
3078 3445 3131 3493 et
3154 3438 3353 3493 bonum
3382 3439 3438 3488 et
3461 3444 3582 3485 ma-

1996 3548 2105 3603 lum
2128 3542 2338 3600 nonnisi
2355 3538 2721 3610 corporalibus
2741 3532 3054 3604 imaginibus
3072 3528 3324 3598 cogitent,
3345 3533 3397 3579 et
3412 3523 3586 3592 ipsum

2000 3639 2168 3693 Deum
2192 3632 2403 3691 nonnisi
2429 3626 2647 3699 aliquod
2674 3639 2794 3681 esse
2821 3635 3016 3692 corpus
3044 3618 3368 3679 existiment,
3395 3620 3448 3669 et
3474 3624 3589 3664 ma-

2002 3732 2112 3787 lum
2156 3727 2259 3782 nisi
2305 3720 2656 3779 substantiam
2700 3725 2889 3786 putare
2936 3727 3041 3766 non
3088 3708 3322 3779 possint;
3351 3717 3473 3758 cum
3519 3699 3591 3753 sit

2004 3823 2182 3895 potius
2206 3818 2275 3873 ab
2306 3812 2625 3871 immutabili
2644 3807 2937 3865 substantia
2976 3800 3304 3858 mutabilium
3340 3795 3591 3850 substan-

2006 3884 2196 3972 iiarum
2225 3909 2438 3980 quidam
2467 3903 2730 3967 defectus,
2759 3914 2890 3970 quas
2915 3895 3041 3951 fecit
3064 3909 3128 3948 ex
3155 3890 3319 3945 nihilo
3346 3888 3459 3956 ipsa
3490 3884 3592 3937 im-

2008 4003 2280 4063 mutabilis
2313 4008 2369 4054 et
2410 4009 2620 4053 summa
2662 3988 2956 4047 substantia
2978 4028 2993 4052 ,
3023 3984 3111 4054 qui
3140 3991 3222 4037 est
3252 3981 3414 4033 Deus.
3442 3971 3595 4042 Quod

2009 4097 2248 4171 profecto
2293 4088 2531 4162 quisquis
2579 4100 2686 4140 non
2725 4082 2898 4137 solum
2946 4075 3153 4137 credit,
3202 4084 3390 4126 verum
3437 4065 3599 4122 etiam

2013 4159 2324 4247 exercitatis
2350 4176 2693 4236 interioribus
2717 4170 2881 4227 animi
2904 4168 3151 4224 sensibus
3179 4159 3450 4228 intelligit,
3477 4168 3603 4226 per-

2014 4280 2164 4351 cipit,
2188 4276 2368 4339 novit;
2393 4286 2501 4327 non
2531 4275 2613 4323 est
2632 4266 2742 4336 jam
2765 4258 3110 4319 metuendum
3138 4270 3205 4308 ne
3231 4251 3518 4307 seducatur
3537 4243 3605 4298 ab

2017 4372 2097 4428 eis
2121 4367 2210 4439 qui
2240 4365 2439 4421 malum
2466 4356 2701 4431 putando
2742 4368 2864 4409 esse
2905 4346 3250 4404 substantiam
3294 4354 3452 4411 quam
3497 4349 3605 4389 non

2020 4464 2146 4520 fecit
2200 4461 2376 4522 Deus,
2427 4450 2733 4508 mutabilem
2789 4442 3136 4500 substantiam
3189 4435 3385 4490 faciunt
3433 4430 3607 4499 ipsum

2025 4556 2190 4611 Deum
2208 4591 2223 4616 ,
2248 4550 2388 4607 sicut
2413 4538 2716 4607 Mauichaei,
2742 4536 2826 4592 vel
2854 4534 2897 4590 si
2924 4548 3041 4604 quae
3066 4530 3182 4585 alia:
3207 4535 3385 4596 pestes
3410 4531 3481 4576 tta
3512 4518 3609 4573 de-

2025 4644 2244 4713 sipiuut.

2098 4733 2152 4789 5.
2195 4728 2301 4786 Sed
2332 4730 2509 4781 mente
2531 4721 2704 4778 adhuc
2734 4716 2990 4789 parvulis,
3014 4728 3145 4784 quos
3174 4709 3301 4764 dicit
3325 4702 3614 4775 Apostolus

2030 4820 2272 4880 carnales
2313 4817 2450 4872 lacte
2493 4809 2842 4875 nutriendos,
2884 4804 3057 4873 omnis
3084 4802 3152 4857 de
3180 4800 3281 4853 hac
3315 4811 3376 4851 re
3416 4806 3613 4854 sermo,

2034 4928 2141 4984 quo
2166 4908 2340 4980 agitur
2368 4913 2423 4960 ut
2453 4918 2557 4958 non
2583 4901 2757 4957 solum
2782 4897 3048 4961 credatur,
3068 4904 3253 4945 verum
3274 4887 3431 4943 etiam
3465 4880 3621 4935 intel-

2035 5004 2229 5073 ligatur
2257 4999 2558 5065 sciaturque
2599 4989 2740 5063 quod
2780 4989 2988 5050 dicitur,
3019 4981 3296 5054 percipere
3343 4974 3464 5029 talia
3515 4983 3622 5024 non

2038 5093 2339 5152 valentibus
2364 5102 2626 5145 onerosus
2646 5094 2748 5147 est,
2770 5080 3077 5147 faciliusque
3103 5074 3223 5129 illos
3249 5066 3445 5140 premit
3464 5078 3623 5134 quam

2042 5189 2231 5261 pascit.
2264 5186 2341 5239 Ex
2367 5197 2473 5252 quo
2520 5180 2577 5233 lit
2618 5185 2675 5231 ut
2715 5170 3015 5245 spirituales
3051 5167 3150 5219 ista
3189 5158 3489 5217 carnalibus
3515 5168 3626 5227 non

2045 5251 2354 5345 omnimodo
2387 5251 2625 5335 taceant,
2656 5273 2873 5337 propter
2911 5257 3225 5316 catholicam
3270 5251 3425 5305 tidem
3450 5287 3467 5315 ,
3512 5259 3630 5316 qua:

2048 5370 2292 5430 omnibus
2330 5359 2669 5435 praedicanda
2713 5362 2829 5421 est;
2858 5368 2959 5408 nec
2996 5358 3171 5405 tamen
3213 5344 3289 5399 sic
3331 5341 3632 5401 disserant,

2050 5474 2110 5522 ut
2134 5464 2377 5520 volentes
2398 5472 2461 5513 ea
2492 5454 2789 5525 perducere
2815 5448 2881 5502 ad
2913 5441 3311 5513 intelligentiam
3341 5452 3445 5491 non
3473 5448 3637 5503 capa-

2053 5572 2194 5621 cem,
2221 5551 2425 5608 facilius
2452 5545 2675 5602 fastidiri
2705 5541 2897 5594 faciant
2938 5538 2990 5592 in
3033 5535 3254 5589 veritate
3295 5540 3638 5591 sermonem,

2058 5663 2220 5726 quam
2249 5647 2302 5701 in
2327 5653 2573 5699 sermone
2602 5633 2801 5710 percipi
2840 5631 3139 5687 veritatem.
3182 5627 3466 5695 Propterea
3512 5617 3644 5674 dicit

2059 5741 2297 5800 scribens
2334 5735 2403 5793 ad
2416 5733 2789 5791 Colosscnscs:
2812 5724 2874 5781 Et
2894 5724 2938 5781 si
2955 5736 3162 5794 corpore
3187 5720 3362 5775 absens
3387 5729 3520 5778 sum,
3543 5709 3644 5777 θῇς

353 5330 588 5391 diebaut,
610 5286 872 5392 spirituali
902 5312 1002 5384 ipsi
1027 5286 1297 5365 intellectu
1321 5298 1638 5369 capiebant:
1666 5298 1724 5345 ut
1750 5288 1825 5342 sic
1851 5286 1935 5340 in-

358 5378 627 5489 ielligatur
644 5378 789 5483 quod
814 5378 1070 5474 ain-Non
1107 5395 1244 5470 potui
1278 5392 1417 5448 vobis
1443 5386 1581 5458 loqui
1614 5382 1755 5454 quasi
1789 5378 1943 5450 spiri-

360 5472 598 5568 tuali‘bus.
625 5472 712 5559 sed
748 5472 1233 5571 quasilcarnalibus,
1268 5497 1331 5538 ac
1367 5480 1411 5535 si
1441 5478 1669 5534 diceret.
1700 5472 1819 5526 Non
1845 5482 1944 5539 po-

362 5603 537 5661 tuistis
573 5594 727 5669 quasi
771 5587 1101 5663 Spirituales,
1137 5578 1232 5636 sed
1277 5573 1428 5646 quasi
1468 5567 1711 5625 carnales
1752 5575 1946 5633 capere

364 5659 502 5767 quod
521 5659 1063 5763 loduebaradnimalis
1082 5674 1224 5732 enim
1249 5671 1418 5735 homo,
1438 5665 1491 5722 id
1515 5671 1617 5729 est,
1643 5659 1731 5731 qui
1761 5670 1950 5712 secun-

266 5843 271 5849 .
370 5790 492 5847 dum
510 5784 782 5843 hominem
804 5777 960 5849 sapit,
983 5768 1227 5831 animalis
1245 5763 1415 5821 dictus
1431 5757 1498 5815 ab
1513 5755 1708 5823 anima,
1727 5748 1951 5808 carnalis
