4102 6474
593 279 730 334 1885

588 403 688 448 ritu
715 391 964 449 vobiscum
988 410 1130 463 sum,
1155 394 1383 468 gaudens
1415 407 1460 450 et
1491 397 1660 452 videns
1688 397 2056 452 ordinationem
2083 414 2167 454 ve-

588 493 766 552 stram,
794 494 841 540 et
863 485 918 540 id
940 487 1077 556 quod
1095 486 1230 542 deest
1251 489 1269 521 ¹
1300 486 1422 557 ﬁdei
1443 497 1618 543 vestrm
1644 489 1695 545 in
1724 488 1921 546 Christo
1951 489 2166 564 (Coloss.

585 591 622 632 lt
643 617 660 642 ,
681 575 761 649 5).
796 576 865 632 Et
888 577 953 631 ad
979 577 1480 635 Thessalonicenses
1508 597 1522 635 :
1551 579 1716 636 Nocte
1735 599 1796 636 ac
1821 583 1933 649 die,
1960 583 2164 654 inquit,

585 667 920 723 abundantius
957 678 1192 739 orantes,
1235 679 1290 726 ut
1328 671 1586 728 videamus
1627 674 1809 747 faciem
1845 685 2092 740 vestram,
2120 684 2167 730 et

582 758 907 830 suppleamus
938 775 1052 830 qua:
1089 761 1269 815 desunt
1294 760 1416 831 ﬁdei
1450 773 1626 818 uestra
1653 763 1706 834 (Ι
1729 762 1906 819 Thess.
1933 781 2019 833 ιιι,
2050 764 2160 839 10).

586 849 911 921 [intelligendi
952 860 1077 908 sunt
1117 851 1299 924 utique
1340 853 1412 909 ita
1457 855 1687 924 primum
1720 858 2059 926 catechizati,
2105 867 2164 913 ut

572 939 718 997 ‘Iacte
743 941 1031 1008 alerentur,
1060 957 1169 1000 non
1197 944 1368 1001 solido
1390 946 1510 1002 cibo
1535 964 1549 1003 :
1574 948 1726 1018 cujus
1765 949 1917 1005 lactis
1955 951 2021 1006 ad
2056 951 2161 1006 llo-

582 1029 753 1086 hrmos
791 1041 1239 1091 commemoratur
1283 1037 1496 1094 ubertas
1535 1038 1613 1093 eis
1656 1055 1792 1110 quos
1815 1041 2027 1097 volebat
2055 1043 2158 1098 cibi

554 1121 844 1179 soliditate
879 1122 992 1194 jam
1034 1139 1271 1196 pascere.
1305 1128 1532 1200 Propter
1567 1132 1710 1203 quod
1735 1135 1809 1189 ait
1837 1151 1851 1188 :
1880 1153 1901 1189 ‹
1929 1134 2158 1207 ideoque

579 1216 909 1272 remittentes
950 1219 1085 1275 initii
1126 1220 1324 1278 Christi
1370 1224 1628 1292 verbum,
1659 1225 1712 1282 in
1741 1230 2156 1286 consummatio-

576 1321 694 1362 nem
719 1309 1096 1380 respiciamus;
1125 1329 1229 1370 non
1255 1316 1448 1372 iterum
1467 1318 1728 1389 jacientes
1752 1321 2151 1380 fundamentum

575 1398 897 1465 poenitentiae
928 1402 995 1456 ab
1020 1404 1267 1474 operibus
1294 1410 1516 1464 mortuis
1536 1451 1550 1474 ,
1591 1420 1646 1467 et
1682 1411 1803 1469 ﬁdei
1847 1413 1900 1470 in
1945 1416 2111 1471 Deum
2133 1458 2149 1485 ,

572 1484 764 1542 lavacri
792 1491 1049 1550 doctrina:
1067 1537 1083 1562 ,
1111 1506 1166 1551 et
1198 1496 1553 1568 impositiOnis
1592 1519 1840 1560 manuum
1861 1547 1878 1573 ,
1907 1524 2150 1566 resurre-

568 1579 757 1634 ctionis
784 1583 942 1639 etiam
968 1595 1322 1654 mortuorum,
1342 1600 1396 1646 et
1417 1592 1602 1662 judicii
1631 1599 1844 1653 aeternis
1867 1599 2050 1671 (Hebr.
2075 1619 2146 1670 vr,

568 1669 622 1736 1,
649 1669 728 1743 2).
755 1673 882 1730 Haec
933 1684 1018 1732 est
1051 1677 1204 1734 lactis
1232 1681 1478 1751 ubertas,
1506 1685 1622 1740 sine
1663 1703 1769 1758 quo
1813 1669 1917 1745 non
1967 1693 2149 1750 vivunt

565 1765 654 1832 qui
691 1764 800 1834 jam
839 1769 1053 1838 quidem
1093 1775 1300 1832 ratione
1345 1786 1562 1834 utuntur
1590 1791 1648 1836 ut
1675 1785 1876 1852 possint
1904 1786 2144 1858 credere,

562 1854 658 1909 sed
699 1857 894 1913 bonum
937 1875 966 1915 a
1009 1863 1172 1931 malo,
1213 1882 1318 1922 non
1365 1870 1630 1928 credendo
1674 1883 1913 1946 tantum,
1961 1895 2145 1936 verum

557 2128 853 2185 moratione
879 2135 1058 2203 posuit
1076 2144 1130 2190 et
1144 2137 1465 2208 doctrinam,
1494 2145 1606 2213 ipsa
1632 2155 1714 2202 est
1741 2164 1860 2220 quae
1887 2167 1983 2223 per
2004 2169 2144 2227 sym-

554 2215 734 2273 bolum
760 2222 983 2280 traditur
1003 2234 1057 2281 et
1081 2231 1377 2286 orationem
1405 2234 1748 2294 dominicam.

625 2308 678 2362 6.
703 2309 808 2366 Sed
835 2311 958 2369 huic
978 2315 1099 2372 lacti
1123 2319 1260 2376 absit
1289 2331 1346 2378 ut
1371 2325 1441 2380 sit
1464 2329 1763 2387 contrarius
1787 2333 1937 2390 cibus
1955 2351 2137 2392 rerum

551 2398 906 2466 Spiritualium
938 2405 1086 2461 ﬁrma
1114 2405 1457 2482 intelligentia
1488 2419 1779 2488 capiendus
1798 2465 1811 2490 ,
1839 2426 1926 2496 qui
1953 2427 2139 2484 Colos-

551 2489 795 2547 sensihus
817 2504 869 2548 et
893 2495 1454 2562 Thessalonicensibus
1480 2509 1681 2578 defuit,
1711 2524 1764 2570 et
1788 2519 2130 2589 supplendos,

547 2579 668 2636 fuit.
691 2582 912 2650 Quando
933 2590 1074 2644 enim
1105 2595 1381 2663 suppletur
1409 2601 1550 2668 quod
1580 2601 1766 2674 defuit,
1799 2579 1907 2662 non
1933 2579 2134 2681 impro:

544 2669 702 2726 batur
743 2677 882 2744 quod
927 2678 1043 2734 fuit.
1089 2682 1219 2738 Nam
1260 2696 1314 2741 et
1346 2688 1397 2742 in
1441 2690 1570 2760 ipsis
1598 2710 1716 2764 qure
1751 2669 2134 2758 sumimusali-

542 2767 772 2833 mentis,
797 2784 965 2840 usque
1006 2773 1139 2830 adeo
1177 2793 1280 2832 non
1324 2789 1406 2835 est
1443 2783 1562 2839 lacti
1598 2791 1893 2847 contrarius
1929 2794 2132 2852 solidus

543 2853 713 2923 cibus,
745 2869 802 2914 ut
832 2862 943 2932 ipse
969 2864 1253 2936 lactescat,
1280 2887 1386 2942 quo
1421 2877 1588 2944 possit
1616 2894 1736 2936 esse
1771 2891 1924 2952 aptus
1951 2886 2128 2942 infan-

539 2947 704 3018 tibus,
731 2952 796 3007 ad
822 2969 956 3024 quos
989 2973 1082 3027 per
1116 2965 1301 3018 matris
1340 2966 1425 3022 vel
1464 2970 1686 3026 nutricis
1727 2947 1965 3043 pervenit
2009 2997 2125 3036 car-

540 3054 663 3094 nem
691 3061 702 3096 :
729 3045 863 3099 sicut
885 3045 1010 3103 fecit
1035 3051 1192 3106 etiam
1223 3065 1391 3111 mater
1420 3058 1532 3128 ipsa
1553 3063 1830 3133 sapientia,
1862 3085 1980 3138 qua:
2001 3086 2122 3127 cum

537 3132 605 3186 sit
635 3133 685 3188 in
711 3137 939 3194 excelsis
968 3141 1289 3212 Angelorum
1333 3149 1538 3206 solidus
1578 3155 1762 3222 cibus,
1791 3158 2003 3229 dignata
2041 3173 2122 3220 est

533 3510 740 3568 morte,
772 3519 901 3562 vera
943 3515 1336 3572 resurrectione
1365 3518 1631 3580 sincerum
1664 3527 1744 3583 lac
1769 3529 1962 3588 dicitur
1989 3551 2114 3605 par-

531 3595 795 3665 vulorum,
821 3614 940 3656 cum
964 3603 1102 3660 bene
1126 3608 1194 3663 ab
1217 3611 1581 3679 Spiritualibus
1600 3620 1826 3692 capitur,
1849 3625 2115 3686 invenitur

529 3684 786 3745 Dominus
812 3691 1155 3763 Angelorum.
1179 3699 1406 3760 Proinde
1431 3721 1529 3763 nec
1554 3710 1633 3765 sic
1661 3715 1862 3781 parvuli
1885 3727 2009 3773 sunt
2037 3720 2114 3776 la-

527 3779 741 3847 etandi,
780 3790 837 3836 ut
865 3799 1077 3856 semper
1114 3806 1218 3846 non
1260 3793 1560 3868 intelligant
1602 3779 1767 3858 Deum
1807 3806 2108 3879 Christum;

525 3882 626 3922 nec
667 3871 746 3925 sic
781 3874 1114 3946 ablactandi,
1143 3893 1202 3938 ut
1235 3884 1482 3943 deserant
1520 3891 1788 3952 hominem
1818 3899 2107 3960 Christum.

523 3959 676 4026 Quod
720 3963 825 4020 alio
862 3969 1020 4024 modo
1059 3972 1286 4042 idipsum
1322 3977 1392 4033 ita
1421 3979 1525 4036 dici
1556 3996 1764 4053 potest:
1791 4005 1890 4047 nec
1923 3993 2001 4048 sic
2029 3995 2108 4050 la-

521 4053 699 4108 etandi
727 4066 882 4124 sunt,
907 4069 965 4115 ιιι
989 4074 1284 4123 creatorem
1324 4087 1590 4150 nunquam
1619 4079 1912 4153 intelligant
1946 4085 2106 4142 Chri-

521 4153 696 4212 stum;
723 4163 821 4204 nec
848 4151 926 4207 sic
952 4153 1269 4225 ablactandi,
1298 4170 1356 4216 ut
1383 4167 1725 4225 mediatorem
1753 4151 1980 4246 unquam
2008 4179 2104 4236 de-

519 4246 702 4293 serant
727 4239 1018 4299 Christum.
1042 4247 1097 4301 ln
1129 4249 1230 4306 hoc
1256 4254 1451 4324 quippe
1474 4273 1578 4314 non
1606 4239 1855 4320 convenit
1885 4268 2005 4325 huic
2025 4274 2102 4328 rei

519 4331 810 4392 similitudo
831 4342 1054 4396 materni
1081 4343 1232 4400 lactis
1259 4353 1316 4401 et
1342 4349 1496 4405 solidi
1521 4352 1646 4422 cibi,
1668 4357 1763 4412 sed
1791 4362 1965 4428 potius
1987 4364 2104 4420 fun-

517 4421 752 4481 damenti
780 4443 794 4480 :
823 4430 945 4499 quia
983 4442 1036 4488 et
1074 4449 1206 4503 puer
1243 4440 1455 4507 quando
1481 4421 1803 4516 ablactatur,
1822 4459 1878 4506 ut
1905 4455 1971 4509 ab
1999 4457 2100 4510 ali-

515 4519 710 4574 mentis
738 4521 970 4581 infantiae
999 4527 1109 4596 jam
1149 4533 1398 4600 recedat,
1430 4535 1568 4592 inter
1591 4540 1790 4598 solidos
1814 4545 1964 4602 cibos
1990 4564 2098 4606 non

513 4613 708 4680 repetit
727 4615 888 4671 ubera
916 4634 1032 4689 qua:
1053 4624 1304 4692 sugebat;
1334 4627 1577 4688 Christus
1597 4643 1772 4689 autem
1794 4639 2094 4710 cruciﬁxus,

511 4711 566 4756 et
595 4703 680 4759 lac
709 4709 1048 4776 sugentibus,
1070 4722 1124 4767 et
1147 4715 1297 4771 cibus
1325 4728 1406 4773 est
1437 4721 1851 4790 proﬁcientibus.
1880 4729 2095 4786 Funda-

511 4794 678 4849 menti
714 4811 840 4851 vero
876 4798 994 4854 ideo
1031 4811 1110 4857 est
1149 4806 1324 4875 aptior
1365 4809 1673 4882 similitudo,
1703 4817 1825 4887 quia
1851 4829 1910 4874 ut
1932 4821 2092 4890 perﬁ-

508 4885 682 4942 ciatur
713 4890 855 4959 quod
892 4894 1134 4966 struitur,
1161 4898 1372 4957 additur
1396 4903 1675 4964 aediﬁcium
1698 4885 1847 4976 ,inon
1887 4885 2094 4971 subtra-

509 4975 653 5033 hitur
679 4978 1101 5042 fundamentum.

578 5071 632 5125 7.
673 5072 803 5141 Quae
829 5091 950 5132 cum
990 5079 1062 5134 ita
1103 5083 1229 5150 sint,
1255 5098 1290 5141 ο
1317 5087 1634 5161 quicumque
1669 5094 1818 5159 estis,
1856 5096 1944 5166 qui
1974 5098 2090 5156 sine

504 5161 670 5219 dubio
688 5166 838 5221 multi
864 5171 1001 5227 estis
1020 5175 1223 5241 parvuli
1252 5176 1303 5230 in
1336 5176 1568 5246 Christo,
1597 5185 1836 5252 proﬁcite
1861 5161 1926 5242 ad
1956 5189 2086 5244 soli-

504 5255 629 5310 dum
654 5257 829 5314 cibum
853 5263 1068 5332 mentis,
1091 5279 1198 5321 non
1223 5271 1445 5324 ventris.
1476 5271 1722 5329 Proﬁcite
1742 5276 1806 5330 ad
1829 5292 2085 5347 separan-

503 5346 626 5402 dum
654 5349 849 5408 bonum
871 5369 902 5410 a
922 5357 1081 5423 malo,
1105 5366 1164 5415 et
1198 5362 1365 5432 magis
1394 5364 1665 5436 magisque
1690 5346 1944 5428 iuhzcrete
1971 5375 2083 5428 Me-

503 5436 717 5507 diatori,
747 5457 844 5513 per
861 5460 1018 5516 quem
1046 5448 1342 5507 liberamini
1364 5469 1394 5508 a
1421 5455 1594 5524 malo;
1630 5459 1769 5528 quod
1797 5476 1901 5516 non
1941 5473 2023 5519 est
2049 5480 2081 5521 a

565 5576 580 5606 ι
604 5582 710 5661 Pro,
729 5579 788 5661 to
817 5582 1066 5661 stercorata,
1101 5582 1488 5661 ﬁrmamentum;
1512 5591 1728 5661 legebat,
1755 5594 1801 5645 ιὸ
1823 5597 2077 5661 ustorema,

497 5632 706 5752 id‘q'tfg
725 5643 873 5696 deest.
891 5632 1526 5715 sie’éunii'ih"éiii§iai§'ad
1535 5632 1804 5720 ﬁliiﬁlii};

500 5709 554 5748 es
693 5735 706 5752 .

1505 281 1572 338 IN
1607 281 1882 339 JOA‘NNIS
1911 277 2376 350 EVANGELIUM,
2418 281 2476 339 S.
2518 285 2880 348 AUGUSTINI

3723 311 3856 370 £88!

2275 399 2426 454 vobis
2450 400 2566 457 loco
2593 418 2968 478 separandum,
2989 409 3082 477 sed
3106 411 3158 469 in
3179 413 3329 470 vobis
3354 417 3526 487 potius
3551 430 3634 478 est
3659 439 3855 484 sanan-

2271 489 2417 546 dum.
2446 492 2696 564 Quisquis
2717 506 2892 554 autem
2917 501 3067 558 vobis
3081 503 3299 571 dixerit,
3321 507 3495 568 Nolite
3518 513 3741 572 credere
3760 534 3856 574 ve-

2270 595 2385 635 rum
2415 582 2681 640 hominem
2707 586 3002 658 Christum,
3032 603 3120 648 aut
3158 610 3264 651 non
3287 612 3318 652 a
3345 615 3475 656 vero
3509 603 3620 660 Deo
3655 622 3854 679 corpus

2268 673 2548 743 cujuslibet
2577 679 2807 736 hominis
2831 683 2915 739 vel
2942 688 3225 755 cujuslibet
3250 691 3536 751 animantis
3579 673 3846 771 creatum,

2266 772 2357 817 aut
2387 780 2490 818 non
2521 781 2552 821 a
2577 783 2704 824 vero
2732 771 2844 826 Deo
2871 772 3032 830 Vetus
3058 777 3453 839 Testamentum
3490 786 3695 858 datum,
3725 802 3780 848 et
3805 794 3853 850 εἰ

2265 855 2388 923 quid
2416 856 2746 928 hujusmodi;
2775 863 2889 920 haec
2911 868 3052 922 enim
3077 871 3230 926 vobis
3252 874 3395 943 prius
3417 877 3538 933 ideo
3565 897 3669 936 non
3699 884 3853 940 dicc-

2263 943 2475 1014 bantur,
2507 950 2720 1019 quando
2755 953 2890 1010 lacte
2918 959 3314 1030 nutriebamini,
3344 969 3592 1037 quoniam
3628 973 3695 1028 ad
3721 991 3851 1034 vera

2262 1037 2518 1106 capienda
2546 1055 2640 1096 cor
2681 1045 2916 1103 nondum
2946 1049 3221 1108 habebatis
3249 1053 3535 1116 idoneum:
3560 1078 3666 1118 non
3693 1066 3850 1122 vobis

2261 1130 2359 1186 iste
2379 1133 2552 1188 cibum
2582 1150 2861 1208 praeparat,
2889 1143 2986 1198 sed
3007 1161 3286 1203 venenum.
3310 1150 3534 1224 Propter
3553 1157 3693 1226 quod
3721 1158 3849 1214 bea-

2259 1230 2345 1278 tus
2373 1225 2657 1297 Apostolus
2699 1245 2793 1286 eos
2821 1233 3098 1306 alloquens
3127 1239 3215 1308 qui
3252 1240 3351 1295 sibi
3376 1242 3486 1312 jam
3528 1225 3848 1305 videbantur

2257 1328 2378 1369 esse
2401 1317 2639 1385 perfecti,
2666 1335 2785 1376 cum
2809 1337 2868 1378 se
2889 1324 3254 1396 imperfectum
3275 1331 3388 1402 ipse
3407 1333 3650 1404 dixisset,
3681 1339 3844 1406 Quot-

2255 1417 2377 1477 quot
2399 1425 2537 1481 ergo,
2565 1411 2752 1482 inquit,
2777 1419 3003 1488 perfecti,
3027 1419 3122 1474 hoc
3141 1425 3398 1492 sapiamus
3419 1443 3439 1481 :
3465 1436 3512 1482 et
3530 1429 3575 1482 si
3589 1431 3711 1500 quid
3735 1433 3842 1486 ali-

2255 1508 2330 1553 ter
2347 1503 2541 1572 sapitis,
2567 1504 2661 1559 hoc
2678 1523 2873 1578 quoque
2891 1512 3026 1568 vobis
3062 1512 3204 1570 Deus
3227 1519 3482 1577 reuelabit.
3508 1523 3573 1578 Et
3603 1540 3669 1580 nc
3699 1525 3840 1584 forte

2253 1590 2586 1649 incurrerent
2617 1596 2668 1650 in
2695 1598 3024 1670 seductores,
3045 1606 3132 1675 qui
3157 1621 3251 1662 eos
3280 1609 3480 1666 vellent
3497 1627 3528 1666 a
3553 1613 3655 1670 ﬁde
3677 1631 3840 1670 aver-

2251 1689 2366 1739 tere
2395 1690 2753 1755 promittendo
2781 1694 3056 1751 scientiam
3086 1701 3346 1768 veritatis,
3381 1712 3437 1760 et
3463 1703 3564 1762 hoc
3591 1716 3840 1777 putarent

2250 1789 2370 1832 esse
2397 1779 2537 1848 quod
2563 1780 2697 1838 dixit
2717 1785 3020 1853 Apostolus,
3050 1789 3106 1843 id
3125 1808 3320 1864 quoque
3337 1795 3473 1851 vobis
3497 1797 3628 1854 Deus
3646 1802 3840 1856 reuela-

2247 1863 2352 1933 bit;
2377 1870 2628 1925 continuo
2652 1873 2944 1945 subjunxit,
2982 1863 3334 1938 Verumtamen
3353 1885 3406 1940 in
3444 1888 3578 1958 quod
3609 1893 3837 1960 perveni—

2247 1973 2380 2024 mus,
2409 1959 2458 2014 in
2479 1977 2538 2016 eo
2563 1963 2878 2022 ambulemus
2921 1967 3178 2042 (Philipp.
3221 1989 3297 2040 ιιι,
3344 1976 3434 2043 15,
3469 1978 3578 2050 16).
3610 1959 3676 2036 Si
3705 1982 3835 2052 quid

2120 2094 2144 2106 -
2245 2064 2374 2118 ergo
2399 2051 2727 2110 intellexeris
2764 2058 2904 2128 quod
2930 2075 3035 2114 non
3061 2061 3130 2117 sit
3154 2074 3338 2120 contra
3364 2068 3606 2139 regulam
3639 2051 3833 2127 catho-

2245 2138 2362 2194 lica:
2383 2141 2527 2211 ﬁdei,
2569 2143 2637 2200 ad
2667 2163 2847 2215 quam,
2876 2150 3015 2205 velut
3040 2153 3180 2208 viam
3210 2172 3329 2225 qua:
3372 2165 3424 2212 te
3443 2138 3611 2215 ducat
3634 2161 3701 2216 ad
3730 2178 3828 2231 pa-

2247 2230 2424 2300 triam,
2451 2236 2770 2306 pervenisti;
2799 2249 2854 2295 et
2880 2242 2958 2296 sic
2985 2241 3330 2313 intellexeris,
3356 2256 3414 2303 ut
3433 2248 3558 2306 inde
3581 2251 3832 2310 dubitare

2242 2324 2462 2378 omnino
2488 2341 2594 2382 non
2620 2327 2848 2385 debeas:
2877 2332 3014 2389 adde
3055 2335 3360 2406 aediﬁcium,
3392 2340 3504 2396 noli
3528 2351 3704 2399 tamen
3733 2360 3828 2400 re-

2240 2413 2482 2484 linquere
2509 2416 2932 2503 fundamentum.
2975 2424 3066 2483 Sic
3109 2427 3305 2486 debent
3352 2432 3585 2503 majores
3626 2437 3829 2494 docere

2238 2503 2431 2576 aliquid
2461 2510 2728 2579 parvulos,
2776 2527 2833 2568 ut
2856 2499 3092 2573 omnium
3130 2521 3409 2578 Dominum
3449 2522 3741 2596 Christum,
3769 2539 3829 2586 et

2236 2595 2427 2664 seipsis
2452 2597 2610 2670 longe
2641 2603 2872 2672 majores
2900 2607 3192 2679 Prophetas
3216 2621 3270 2668 et
3292 2613 3579 2683 Apostolos
3607 2633 3714 2672 non
3727 2595 3825 2674 fdi-

2234 2696 2356 2740 cant
2378 2688 2576 2760 aliquid
2598 2691 2761 2749 fuisse
2787 2699 3055 2754 mentitos.
3079 2701 3192 2756 Non
3217 2713 3393 2760 autem
3419 2707 3588 2762 solum
3617 2710 3827 2765 vanilo-

2235 2791 2368 2848 quos
2389 2788 2445 2835 et
2468 2785 2660 2838 mentis
2685 2787 2993 2846 seductores
3012 2791 3248 2850 fabulosa
3265 2806 3317 2851 et
3342 2797 3470 2854 lalsa
3499 2802 3820 2871 garrientes,

2235 2875 2291 2933 et
2319 2868 2373 2922 in
2402 2870 2481 2926 eis
2504 2874 2822 2932 vanitatibus
2851 2880 2996 2935 velut
3015 2883 3174 2938 altam
3202 2887 3479 2943 scientiam
3504 2868 3824 2962 promitten-

2232 2965 2312 3012 tes
2341 2970 2528 3016 contra
2558 2966 2792 3034 regulam
2842 2969 2984 3040 ﬁdei,
3027 2989 3186 3043 quam
3217 2977 3531 3035 catholicam
3572 2985 3820 3055 suscepi-

2227 3050 2346 3117 stis,
2374 3066 2566 3110 cavere
2594 3056 2838 3114 debetis:
2883 3078 3062 3119 verum
3111 3067 3270 3123 etiam
3318 3070 3460 3140 ipsos
3489 3073 3578 3144 qui
3605 3074 3672 3130 de
3699 3076 3821 3146 ipsa

2226 3140 2420 3198 divinas
2444 3145 2870 3208 immutabilitate
2896 3165 3120 3226 naturae,
3149 3161 3233 3215 vel
3259 3161 3566 3235 incorporea
3597 3179 3818 3228 creatu-

2224 3247 2303 3298 ra,
2328 3233 2441 3290 sive
2466 3235 2718 3296 Creatore
2745 3245 3007 3302 veraciter
3032 3249 3326 3322 disputant,
3355 3233 3576 3328 etquod
3604 3260 3812 3330 dicunt,

2222 3327 2442 3385 omnino
2470 3330 2805 3391 documentis
2831 3348 2990 3408 atque
3020 3343 3313 3401 rationibus
3339 3350 3650 3408 certissimis
3679 3370 3830 3425 pro-'

2223 3417 2367 3486 bant,
2394 3431 2448 3477 et
2479 3432 2655 3481 tamen
2681 3428 2750 3484 ab
2780 3447 2884 3484 uno
2908 3433 3002 3488 Dei
3027 3443 3082 3491 et
3107 3435 3380 3494 hominum
3403 3417 3696 3500 Mediatore
3709 3461 3811 3502 co-

2219 3520 2414 3565 nantur
2432 3524 2693 3585 avertere,
2714 3526 2961 3591 tanquam
2993 3535 3195 3594 pestem
3223 3529 3611 3590 insidiosiorem
3641 3546 3812 3592 Caete-

2217 3600 2292 3654 ris
2322 3601 2504 3672 fugite.
2535 3605 2690 3663 Tales
2718 3611 2860 3665 enim
2885 3623 3009 3669 sunt
3033 3615 3100 3672 de
3122 3619 3313 3687 quibus
3340 3621 3468 3678 dicit
3491 3623 3806 3694 Apostolus,

2219 3689 2352 3756 Quia
2381 3705 2734 3764 cognoscentes
2758 3699 2946 3770 Deum,
2974 3721 3077 3760 non
3112 3708 3243 3762 sicut
3283 3709 3450 3768 Deum
3487 3715 3811 3785 gloriﬁcave-

2213 3791 2332 3837 runt
2361 3783 2535 3856 (Rom.
2577 3804 2615 3857 ι,
2659 3788 2774 3863 21).
2803 3792 2938 3859 Quid
2969 3797 3109 3850 enim
3137 3799 3358 3868 prodest
3386 3783 3582 3861 habere
3609 3783 3809 3864 intelli-

2211 3875 2442 3944 gentiam
2466 3893 2645 3934 veram
2675 3882 2739 3936 de
2760 3882 3075 3944 immutabili
3105 3889 3267 3958 bono,
3310 3893 3359 3949 ei
3401 3894 3490 3966 qui
3521 3911 3626 3952 non
3655 3907 3808 3957 tenet

2210 3981 2308 4036 per
2330 3984 2487 4038 quem
2508 3971 2762 4028 liberetur
2778 3991 2810 4030 a
2832 3977 3013 4034 malo?
3037 3979 3262 4038 Prorsus
3285 3983 3577 4043 admonitio
3604 3989 3808 4046 beatis-

2210 4058 2332 4113 simi
2362 4061 2604 4130 Apostoli
2629 4065 2696 4121 de
2719 4069 2910 4125 vestris
2929 4071 3180 4130 cordibus
3205 4091 3310 4131 non
3345 4079 3591 4138 recedat:
3611 4081 3804 4154 Siquis

2209 4151 2346 4205 vobis
2361 4156 2771 4227 euangelizanerit
2791 4172 2975 4230 praeter
2993 4167 3130 4237 quod
3146 4170 3428 4240 accepistis,
3450 4151 3718 4229 anathema
3730 4178 3801 4232 sit

2208 4241 2402 4314 (Galat.
2425 4263 2463 4315 ι,
2491 4247 2572 4319 9).
2600 4249 2715 4306 Non
2740 4253 2833 4318 ait,
2857 4254 2976 4324 plus
3002 4274 3161 4328 quam
3190 4263 3503 4332 accepistis;
3526 4267 3642 4335 sed,
3661 4284 3800 4337 pra:-

2206 4346 2280 4391 ter
2306 4340 2443 4409 quod
2465 4345 2744 4415 accepistis.
2774 4345 2906 4402 Nam
2927 4350 2976 4406 si
2999 4351 3129 4407 illud
3154 4353 3375 4423 diceret,
3398 4357 3498 4412 sibi
3523 4357 3635 4428 ipse
3652 4375 3798 4429 pra:-

2198 4426 2484 4500 judicaret,
2513 4434 2601 4502 qui
2630 4435 2876 4504 cupiebat
2893 4440 3076 4497 venire
3105 4442 3170 4497 ad
3193 4443 3713 4514 Thessalonicenses,
3735 4459 3798 4506 ut

2204 4523 2472 4592 suppleret
2498 4541 2618 4596 quae
2646 4527 2854 4584 illorum
2901 4531 3021 4587 ﬁdei
3061 4534 3358 4592 defuerunt.
3389 4538 3494 4596 Sed
3535 4543 3626 4612 qui
3655 4559 3788 4614 sup-

2202 4611 2330 4681 plet,
2361 4614 2501 4684 quod
2528 4618 2705 4674 minus
2742 4629 2855 4676 erat
2879 4622 3044 4690 addit,
3073 4641 3181 4682 non
3224 4630 3364 4699 quod
3409 4611 3581 4689 inerat
3610 4611 3783 4691 tollit:

2199 4705 2288 4772 qui
2330 4716 2504 4762 autem
2534 4712 2962 4782 praetergreditur
2989 4715 3110 4772 ﬁdei
3139 4721 3398 4789 regulam,
3440 4737 3549 4781 non
3578 4725 3788 4782 accedit

2198 4795 2250 4850 in
2277 4797 2381 4863 via,
2408 4799 2502 4854 sed
2527 4803 2729 4858 recedit
2749 4805 2815 4860 de
2840 4807 2944 4863 via.
2996 4848 3002 4854 .

2267 4889 2320 4944 8.
2361 4891 2511 4957 Quod
2540 4893 2718 4964 itaque
2741 4898 2815 4952 ait
2843 4898 3118 4969 Dominus,
3143 4901 3324 4957 Adhuc
3343 4905 3499 4962 multa
3519 4907 3678 4962 habeo
3699 4924 3786 4963 oo-

2197 4977 2272 5034 bis
2295 4981 2479 5049 dicere,
2518 4987 2606 5039 sed
2651 5003 2752 5042 non
2791 4990 2997 5059 potestis
3039 5003 3243 5062 portare
3272 4995 3459 5063 modo;
3483 4998 3784 5068 adjicienda

2197 5073 2302 5129 illis
2319 5074 2660 5150 fuerantqusc
2681 5083 3009 5150 nesciebant,
3038 5100 3144 5141 non
3167 5102 3288 5158 quze
3309 5089 3606 5146 didicerant
3623 5108 3784 5149 ever-

2193 5166 2371 5222 tenda.
2403 5169 2468 5224 Et
2508 5170 2597 5226 ille
2624 5171 2858 5242 quidem,
2887 5175 3026 5232 sicut
3059 5177 3112 5232 in
3143 5179 3366 5247 pristino
3392 5195 3642 5238 sermone
3665 5183 3785 5254 jam

2189 5260 2433 5328 exposui,
2469 5262 2640 5330 potuit
2677 5263 2779 5318 hoc
2806 5265 2875 5319 ita
2901 5265 3099 5335 dicere,
3126 5269 3247 5338 quia
3279 5270 3363 5324 illa
3390 5271 3501 5342 ipsa
3529 5288 3656 5343 quae
3683 5273 3782 5330 do-

2188 5358 2391 5416 cuerat,
2415 5351 2458 5405 si
2486 5352 2643 5407 vellet
2671 5354 2749 5409 eis
2773 5356 2851 5410 sic
2873 5358 3102 5425 aperire,
3122 5367 3176 5412 ut
3200 5359 3250 5414 in
3278 5359 3372 5416 illo
3399 5363 3777 5434 concipiuntur

2187 5439 2256 5495 ab
2297 5441 2548 5512 Angelis;
2597 5444 2699 5500 hoc
2748 5445 3028 5502 inﬁrmitas
3075 5447 3306 5504 humana
3348 5453 3400 5508 in
3446 5468 3550 5524 qua
3601 5455 3780 5510 adhuc

2186 5542 2357 5601 erant,
2387 5534 2524 5591 ferre
2549 5552 2656 5591 non
2679 5547 2877 5609 posset.
2902 5540 3200 5614 Spiritualis
3223 5552 3401 5600 autem
3430 5543 3592 5600 homo
3617 5547 3778 5616 quili-

2183 5623 2273 5680 bet
2298 5635 2470 5695 potest
2490 5628 2714 5684 alterum
2735 5629 3002 5687 hominem
3023 5633 3217 5690 docere
3237 5635 3377 5706 quod
3396 5637 3566 5705 novit,
3587 5640 3634 5695 si
3652 5655 3777 5710 pro-

2187 5716 2409 5775 ﬁciendo
2433 5721 2762 5791 capaciorem
2802 5723 2955 5782 faciat
2979 5726 3206 5798 Spiritus
3231 5737 3463 5798 sanctus,
3497 5731 3551 5792 in
3587 5747 3694 5803 quo
3722 5739 3778 5791 et
