4102 6492
267 345 400 406 1885

263 468 376 533 ipse
396 457 586 514 doctor
612 448 812 522 aliquid
838 445 1068 517 amplius
1107 442 1380 499 addiscere
1419 439 1608 510 potuit,
1653 445 1710 492 ut
1736 435 1844 491 sint

262 531 418 610 ambo
445 546 702 606 docibiles
723 544 833 600 Deo
857 540 1036 615 (Joan.
1056 555 1128 606 Vl,
1161 534 1272 609 45).
1294 535 1604 604 Quanquam
1629 540 1684 588 et
1708 531 1848 585 inter

263 659 406 716 ipsos
434 638 739 713 spirituales
779 643 901 690 sunt
919 631 1102 702 utique
1122 630 1238 684 aliis
1259 627 1346 682 alii
1366 625 1672 696 capaciores
1689 632 1846 692 atque

264 715 548 797 meliores;
572 731 643 786 ita
668 735 728 783 ut
750 725 960 797 quidam
986 723 1197 778 illorum
1222 719 1288 774 ad
1308 733 1368 774 ea
1398 715 1700 787 pervenerit
1727 728 1846 784 qua:

263 841 371 883 non
400 825 524 878 licet
571 817 770 875 homini
799 815 963 886 loqui.
1006 812 1119 880 Qua
1162 808 1441 865 occasione
1479 805 1598 860 vani
1631 803 1846 874 quidam

266 913 639 988 Apocalypsim
685 909 854 974 Pauli,
895 921 1056 977 quam
1080 918 1208 958 sana
1235 916 1341 958 non
1369 897 1558 966 recipit
1587 895 1846 962 Ecclesia,

265 1009 450 1068 nescio
474 1007 662 1078 quibus
706 1001 899 1058 fabulis
941 999 1176 1069 plenam,
1223 992 1533 1049 stultissima
1595 1001 1852 1058 praesum-

263 1106 451 1175 ptione
473 1101 766 1162 tinxerunt;
798 1095 1038 1150 dicentes
1061 1090 1200 1146 hanc
1229 1101 1348 1144 esse
1376 1083 1513 1140 unde
1535 1082 1742 1137 dixerat
1760 1095 1849 1134 ra-

266 1171 416 1266 ptum
440 1208 498 1248 se
520 1191 680 1246 fuisse
703 1190 756 1243 in
782 1187 992 1242 tertium
1019 1183 1232 1246 coelum,
1258 1191 1311 1235 et
1337 1179 1446 1234 illic
1473 1175 1684 1231 audisse
1715 1171 1851 1228 inef-

266 1264 445 1342 iabilia
474 1282 629 1338 verba
649 1295 764 1351 quae
785 1295 886 1332 non
917 1277 1030 1331 licet
1055 1273 1246 1328 homini
1265 1271 1398 1341 loqui
1429 1267 1492 1341 (Il
1525 1265 1643 1323 Cor.
1679 1281 1772 1330 xu,
1792 1264 1850 1332 2,

267 1379 346 1446 4).
389 1376 687 1444 Utcumque
726 1372 933 1425 illorum
962 1364 1249 1421 tolerabilis
1279 1370 1421 1417 esset
1457 1357 1696 1422 audacia,
1725 1356 1770 1410 si
1795 1370 1856 1410 se

265 1470 484 1526 audisse
513 1467 732 1520 dixisset
755 1477 873 1534 quas
902 1459 1075 1515 adhuc
1102 1471 1210 1510 non
1259 1454 1379 1509 licet
1422 1451 1622 1506 homini
1660 1447 1803 1518 loqui
1838 1465 1852 1502 :

267 1575 392 1615 cum
415 1573 548 1614 vero
580 1555 792 1618 dixerit,
831 1567 946 1623 quia
969 1567 1069 1604 non
1100 1549 1211 1603 licet
1237 1545 1425 1600 homini
1450 1543 1614 1612 loqui;
1654 1540 1741 1595 isti
1767 1539 1856 1609 qui

268 1660 397 1705 sunt
424 1649 513 1719 qui
541 1648 657 1702 hmc
684 1644 917 1700 audeant
936 1640 1268 1712 impudenter
1297 1646 1351 1692 et
1377 1633 1652 1690 infeliciter
1676 1629 1857 1702 loqui?

269 1741 378 1796 Sed
403 1741 515 1810 jam
558 1739 716 1794 istum
757 1749 1058 1790 sermonem
1102 1731 1204 1786 hoc
1248 1728 1352 1783 line
1399 1724 1737 1786 concludam;
1764 1737 1859 1791 per

267 1847 430 1903 quem
459 1845 556 1885 vos
583 1843 702 1884 esse
728 1828 884 1896 cupio
909 1825 1176 1895 sapientes
1213 1819 1424 1892 quidem
1455 1818 1506 1871 in
1535 1816 1695 1884 bono,
1725 1813 1860 1868 inte-

267 1937 398 1992 gros
424 1931 604 1977 autem
630 1938 658 1973 a
683 1920 844 1974 malo.

751 2025 1158 2085 TRACTATUS
1194 2022 1380 2081 XCIX.

271 2143 339 2200 In
363 2143 513 2211 illud,
537 2142 653 2198 Non
681 2141 822 2196 enim
839 2140 1082 2208 loquetur
1098 2151 1127 2190 a
1145 2133 1451 2203 semetipso,
1477 2130 1570 2186 scd
1593 2142 1860 2200 quaeeoru-

500 2250 603 2305 que
631 2232 832 2298 audiet,
860 2231 1118 2301 loquetur.
1151 2226 1277 2296 ϐαρ.
1305 2239 1415 2290 va,
1461 2224 1492 2295 ᾗ
1521 2262 1534 2276 .
1559 2223 1646 2278 15.

350 2369 401 2424 ι.
442 2365 579 2434 Quid
609 2375 691 2420 est
719 2361 858 2434 quod
889 2361 1143 2416 Dominus
1187 2359 1261 2412 ait
1304 2357 1372 2411 de
1406 2353 1604 2425 Spiritu
1653 2361 1857 2419 sancto,

270 2475 396 2514 cum
423 2473 545 2513 eum
571 2465 848 2511 venturum
875 2467 994 2508 esse
1021 2450 1369 2521 promitteret,
1401 2455 1456 2502 et
1482 2445 1760 2501 docturunt
1782 2443 1863 2498 di-

271 2551 511 2622 scipulos
539 2549 656 2618 ejus
681 2561 893 2601 omnem
935 2545 1234 2609 veritatem,
1263 2539 1346 2596 vel
1389 2554 1484 2594 eos
1512 2538 1860 2592 deducturum

271 2643 329 2697 in
357 2641 503 2696 omni
528 2639 782 2694 veritate:
817 2634 937 2690 Non
966 2636 1098 2688 enim
1128 2634 1356 2700 loquetur
1395 2647 1426 2684 a
1463 2630 1746 2699 semetipso,
1773 2627 1862 2682 sed

271 2745 603 2800 quacumque
629 2727 818 2792 audiet,
851 2723 1123 2796 loquetur?
1147 2722 1332 2778 Simile
1370 2731 1451 2776 est
1489 2720 1630 2775 enim
1671 2718 1770 2773 hoc
1812 2717 1861 2772 ei

271 2822 417 2892 quod
451 2822 519 2876 de
549 2836 607 2877 se
647 2822 761 2890 ipse
798 2819 951 2884 dixit,
981 2815 1104 2872 Non
1134 2831 1336 2885 possum
1361 2831 1393 2867 a
1422 2830 1500 2867 me
1525 2817 1689 2884 facere
1712 2811 1860 2881 quid-

271 2928 462 2983 quam:
491 2913 622 2966 sicut
641 2909 1011 2980 audio,judico
1039 2907 1219 2979 (Joan.
1247 2923 1298 2972 v,
1318 2906 1431 2975 50).
1457 2905 1561 2960 Sed
1590 2903 1712 2958 illud
1741 2919 1861 2958 cum

271 3019 687 3074 exponeremus,
727 3001 1017 3056 secundum
1045 2999 1313 3054 hominem
1345 3012 1500 3068 posse
1529 2996 1693 3068 accipi
1721 2996 1860 3048 dixi-

273 3111 396 3150 mus
420 3095 638 3167 (Supra,
658 3093 831 3149 Tract.
851 3093 1100 3162 XIX—xxii)
1121 3109 1134 3144 :
1159 3090 1578 3146 utohcdientiam
1595 3103 1742 3142 suam
1761 3103 1861 3159 qua

276 3189 450 3244 factus
477 3197 561 3243 est
588 3187 841 3243 obediens
866 3202 1034 3256 usque
1059 3185 1124 3239 ad
1147 3193 1372 3239 mortem
1399 3183 1573 3237 crucis
1603 3180 1859 3256 (Philipp.

275 3296 338 3344 ll,
361 3280 440 3349 8),
465 3279 852 3349 prmuuntiasse
879 3277 1046 3334 Filius
1075 3277 1360 3342 videretur,
1389 3285 1442 3330 et
1470 3275 1519 3328 iu
1544 3274 1743 3344 judicio
1780 3273 1863 3328 fu-

277 3378 450 3427 turam
474 3371 517 3435 ‘,
547 3384 651 3440 quo
680 3371 831 3425 vivos
859 3379 912 3424 et
943 3377 1178 3422 mortuos
1199 3367 1481 3437 judicahit;
1506 3365 1625 3436 quia
1655 3365 1752 3417 hoc
1771 3380 1865 3433 per

276 3464 332 3519 id
362 3465 599 3518 facturus
623 3472 705 3518 est
740 3462 881 3534 quod
912 3462 1050 3516 ﬁlius
1080 3461 1309 3515 hominis
1347 3469 1446 3515 est.
1478 3459 1702 3527 Propter
1723 3457 1865 3527 quod

276 3557 432 3624 dixit,
469 3555 626 3610 Pater
653 3572 752 3609 non
768 3555 967 3627 judicat
994 3569 1308 3621 quemquam,
1341 3551 1428 3606 sed
1455 3567 1598 3603 omne
1612 3549 1865 3619 judicium

277 3651 417 3705 dedit
439 3647 750 3718 Filio:quia
777 3648 827 3701 in
851 3646 1052 3718 judicio
1077 3661 1181 3700 non
1203 3644 1371 3699 forma
1401 3643 1496 3699 Dei
1519 3658 1618 3712 qua
1647 3641 1866 3710 atqualis

279 3749 362 3797 est
380 3740 548 3804 Patri,
570 3753 670 3794 nec
696 3738 762 3792 ab
801 3738 977 3806 impiis
1003 3736 1166 3791 videri
1197 3743 1396 3806 potest,
1441 3732 1534 3788 scd
1565 3732 1730 3785 forma
1763 3731 1862 3784 ho-

279 3833 440 3889 minis
460 3831 755 3900 apparebit,
789 3846 889 3900 qna
916 3831 1210 3885 minoratus
1238 3836 1321 3882 est
1348 3826 1506 3880 etiam
1536 3825 1745 3879 modico
1768 3823 1862 3877 mi-

281 3940 382 3982 nus
411 3923 481 3978 ab
509 3924 750 3992 Angelis;
783 3921 1028 3991 quamvis
1050 3920 1155 3989 jam
1179 3920 1230 3974 in
1259 3917 1517 3982 claritate,
1542 3932 1648 3971 non
1679 3915 1731 3968 in
1760 3915 1868 3984 pri-

281 4017 417 4071 stina
446 4017 519 4070 sit
546 4015 844 4068 humilitate
873 4020 1143 4076 venturus,
1176 4010 1491 4080 conspicuus
1515 4018 1686 4062 tamen
1719 4006 1863 4060 futu-

284 4123 372 4163 rus
399 4117 454 4162 et
483 4107 637 4161 bonis
665 4113 721 4160 ct
741 4105 911 4160 malis.
941 4105 1076 4158 lline
1103 4103 1177 4157 ait
1205 4112 1258 4158 et
1283 4101 1408 4156 illud
1434 4119 1446 4155 :
1480 4099 1545 4154 Et
1574 4107 1866 4170 potestatem

283 4199 422 4254 dedit
465 4199 514 4253 ei
541 4197 794 4268 judicium
837 4200 1038 4268 facere,
1083 4194 1318 4264 quoniam
1356 4192 1494 4262 ﬁlius
1542 4189 1756 4243 hominis
1793 4196 1866 4241 est

286 4287 466 4360 (Joan.
496 4303 548 4353 v,
571 4286 664 4354 2‘2,
699 4283 813 4357 27).
842 4284 897 4339 1η
922 4285 1112 4355 quibus
1148 4282 1324 4337 verbis
1351 4281 1468 4350 ejus
1498 4278 1866 4334 manifestatur

285 4398 389 4438 non
414 4396 536 4438 eam
563 4381 782 4436 formam
814 4376 1234 4448 praesentandam
1279 4388 1400 4429 esse
1432 4372 1650 4442 judicio,
1683 4372 1734 4424 iu
1763 4385 1864 4439 qua

287 4490 405 4530 cum
430 4482 596 4538 esset,
631 4488 733 4526 non
762 4471 1000 4540 rapinam
1043 4467 1328 4522 arbitratus
1375 4472 1459 4520 est
1499 4476 1619 4519 esse
1648 4461 1866 4530 mqualis

289 4567 428 4633 Deo;
469 4565 566 4620 sed
604 4565 746 4619 illam
785 4577 942 4632 quam
981 4576 1102 4614 cum
1145 4556 1488 4625 semetipsum
1519 4554 1864 4616 exinanisset,

289 4657 510 4726 accepit.
539 4655 892 4723 Semetipsum
941 4653 1082 4706 enim
1131 4648 1420 4704 exinanivit
1459 4645 1683 4700 formam
1726 4645 1866 4700 servi

287 4749 552 4820 accipiens
581 4748 835 4818 (Philipp.
873 4762 929 4810 ιι,
955 4745 1008 4810 6,
1030 4745 1084 4813 7)
1110 4761 1124 4798 :
1156 4743 1208 4796 in
1238 4756 1340 4812 qua
1383 4739 1591 4794 videtur
1614 4739 1772 4794 etiam
1799 4738 1866 4794 ad

290 4839 590 4896 faciendum
614 4839 869 4908 judicium
891 4834 1244 4891 obedientiam
1267 4848 1417 4888 suam
1441 4831 1866 4896 commendasse,

290 4947 406 4986 cum
437 4931 591 4995 dixit,
615 4928 735 4983 Non
753 4945 951 5000 possunt
970 4927 1134 4996 facere
1150 4943 1182 4978 a
1198 4925 1384 4995 meipso
1404 4924 1674 4994 quidquam
1695 4937 1714 4976 :
1741 4923 1870 4976 sicut

291 5023 462 5087 audio,
485 5021 685 5092 judico.
714 5018 881 5073 Adam
915 5032 1139 5087 namque
1167 5031 1260 5085 per
1287 5015 1438 5085 cujus
1461 5015 1616 5070 unius
1641 5015 1869 5071 hominis

292 5111 702 5168 iuobedicntiam
735 5118 1039 5179 peccatores
1078 5108 1351 5163 constituti
1393 5115 1517 5162 sunt
1558 5106 1730 5173 multi,
1761 5121 1868 5160 non

290 5207 423 5260 sicut
443 5205 659 5268 audivit,
676 5202 955 5273 judicavit;
979 5201 1097 5271 quia
1113 5200 1253 5271 quod
1273 5199 1474 5256 audivit
1488 5201 1867 5270 prmvaricavit.

293 5303 343 5352 et
370 5312 398 5349 a
429 5295 718 5364 semetipso
760 5293 886 5347 fecit
912 5291 1106 5345 malum
1135 5289 1276 5360 quod
1313 5289 1464 5355 fecit;
1495 5289 1616 5359 quia
1643 5305 1745 5343 non
1775 5290 1870 5346 Dei

295 5388 636 5451 voluntatem,
664 5385 756 5440 scd
774 5399 923 5440 suam
943 5382 1064 5438 fecit
1083 5400 1096 5436 :
1120 5382 1218 5437 iste
1234 5390 1409 5435 autem
1427 5396 1522 5450 per
1540 5380 1692 5450 cujus
1715 5382 1872 5435 unius

292 5478 522 5534 hominis
543 5476 901 5532 obedientiam
932 5473 1060 5544 justi
1086 5473 1481 5529 constituuntur
1506 5472 1654 5526 multi
1687 5471 1866 5542 (Rom.

292 5591 344 5645 v,
362 5576 475 5646 i9),
498 5590 603 5632 non
631 5575 802 5632 solum
827 5571 1080 5629 obediens
1110 5571 1207 5627 fuit
1229 5585 1398 5641 usque
1417 5569 1483 5624 ad
1508 5575 1732 5623 mortem
1750 5582 1872 5623 cru-

293 5668 388 5735 cis,
409 5669 465 5726 in
485 5683 588 5739 qua
615 5677 698 5724 est
721 5669 869 5722 vivus
889 5665 1155 5737 judicatus
1174 5679 1205 5720 a
1230 5663 1482 5729 mortuis;
1505 5661 1601 5718 sed
1615 5661 1869 5718 obcdicn-
1909 5722 1911 5724 η

354 5782 372 5817 ι
395 5787 473 5833 Er.
495 5780 640 5844 Lugd.
668 5786 719 5831 et
740 5787 856 5831 Ven.
886 5778 1064 5840 ferunt,
1087 5783 1131 5830 et
1142 5773 1385 5840 judicium
1401 5775 1634 5840 futurum.
1663 5782 1716 5824 at.

1383 321 1797 384 TRACTATUS
1827 320 2013 377 XCIX.
2052 319 2278 378 CAPUT
2315 319 2455 377 XVI.

3389 329 3530 391 1886

1950 443 2056 490 tem
2073 451 2131 491 se
2154 435 2384 492 futurum
2411 436 2724 508 promittens
2739 437 2794 493 in
2814 437 2932 509 ipso
2953 455 3165 511 quoque
3181 442 3402 513 judicio,
3421 461 3530 517 quo

1949 529 2122 584 estde
2150 530 2281 585 vivis
2306 531 2635 601 judicaturus
2663 540 2716 587 et
2745 533 2987 599 mortuis,
3023 533 3146 589 Non
3174 552 3398 606 passum,
3439 539 3528 593 ir.-

1949 620 2081 690 quit,
2105 637 2137 674 a
2162 622 2349 692 meipso
2369 626 2535 693 facere
2551 623 2823 693 quidquam
2844 639 2864 678 :
2881 626 3007 678 sicut
3021 625 3192 692 audio,
3205 627 3404 697 judico.
3423 628 3532 685 Sed

1951 713 2204 782 numquid
2230 714 2295 768 de
2320 714 2517 783 Spiritu
2543 724 2727 770 sancto
2755 717 2893 786 quod
2913 716 3112 772 dictum
3138 726 3240 785 est,
3260 714 3382 774 Non
3401 721 3534 776 enim

1953 803 2179 872 loquetur
2204 821 2234 856 a
2259 807 2543 874 semetipso,
2572 806 2660 860 sed
2687 823 3013 880 quaecumque
3061 809 3252 876 audiet,
3278 809 3531 881 loquetur,

1954 895 2243 949 secundum
2272 895 2540 952 hominem
2560 897 2646 952 vel
2673 899 2963 953 secundum
2990 901 3412 970 assumptionem
3431 916 3529 957 cu-

1949 986 2195 1057 jusqnam
2223 996 2481 1044 creatura:
2500 987 2699 1044 dictum
2715 1004 2834 1048 esse
2853 991 3166 1046 audebimus
3179 992 3422 1063 opinari?
3437 992 3538 1049 So-

1958 1079 2040 1132 Ius
2069 1081 2262 1149 quippe
2291 1079 2342 1134 in
2371 1079 2628 1136 Trinitate
2661 1080 2826 1138 Filius
2855 1080 3079 1137 formam
3125 1084 3264 1138 servi
3305 1084 3530 1154 accepit,

1957 1186 2072 1239 qua:
2098 1169 2264 1224 forma
2288 1171 2360 1225 illi
2381 1171 2445 1225 ad
2463 1172 2714 1228 unitatem
2733 1188 2973 1242 persona:
2988 1183 3227 1244 coaptata
3239 1181 3340 1242 est,
3359 1174 3411 1230 id
3431 1184 3533 1244 est,

1959 1271 2011 1314 ut
2030 1259 2192 1314 Filius
2209 1261 2368 1316 Deiet
2382 1261 2520 1318 ﬁlius
2537 1262 2764 1320 hominis
2776 1280 2913 1320 unus
2929 1266 2996 1320 sit
3009 1265 3163 1320 .lcsus
3179 1266 3448 1335 Christus;
3467 1282 3537 1323 ne

1958 1369 2064 1408 non
2085 1354 2334 1420 Trinitas,
2353 1356 2448 1411 sed
2464 1357 2791 1426 quaternitas
2806 1358 3124 1427 praedicetur
3151 1359 3360 1426 anobis,
3393 1359 3538 1430 quod

1959 1445 2097 1499 absit
2117 1460 2147 1498 a
2163 1445 2312 1500 nobis
2348 1447 2572 1517 Propter
2587 1463 2744 1518 quam
2765 1463 3046 1518 personam
3063 1465 3223 1504 unam
3243 1465 3308 1504 ex
3333 1449 3539 1506 duabus

1961 1535 2268 1590 substantiis
2299 1536 2472 1591 divina
2505 1538 2840 1608 humanaque
2869 1548 3222 1604 constantem,
3251 1539 3534 1610 aliquando

1960 1626 2250 1681 secundum
2271 1628 2322 1682 id
2339 1629 2479 1698 quod
2505 1631 2648 1684 Deus
2668 1639 2745 1684 est
2776 1630 3028 1699 loquitur,
3055 1640 3114 1686 ut
3135 1641 3215 1685 est
3243 1630 3372 1685 illud
3397 1630 3540 1702 quod

1961 1719 2054 1783 ait,
2073 1717 2186 1788 Ego
2201 1729 2248 1773 et
2269 1718 2418 1774 Pater
2442 1737 2598 1774 unum
2619 1738 2796 1775 sumus
2821 1721 2997 1792 (Joan.
3023 1739 3078 1786 ιι,
3108 1721 3198 1793 '50)
3224 1740 3237 1775 :
3261 1722 3542 1792 aliquando

1962 1810 2249 1866 secundum
2280 1810 2332 1865 id
2358 1811 2496 1880 quod
2525 1812 2688 1868 homo
2716 1823 2816 1877 est,
2849 1814 3001 1868 sicuti
3020 1822 3101 1868 est
3121 1813 3542 1880 illud,'Quoniam

1963 1899 2122 1956 Pater
2145 1903 2308 1971 major
2340 1919 2419 1958 me
2445 1913 2517 1958 est
2551 1905 2664 1974 (Id.
2689 1921 2793 1971 xw,
2826 1905 2950 1975 28);
2975 1905 3267 1962 secundum
3290 1905 3430 1976 quod
3455 1921 3547 1961 ac-

1962 1992 2201 2061 cepimus
2223 2008 2342 2049 esse
2365 1995 2432 2049 ab
2455 2009 2521 2050 eo
2541 1995 2736 2050 dictum
2758 2004 2811 2050 et
2850 1995 2950 2050 hoc
2981 1997 3119 2052 unde
3148 2013 3287 2052 nunc
3311 1997 3543 2067 disputo,

1965 2081 2087 2138 Non
2117 2101 2320 2154 possum
2339 2103 2370 2138 a
2391 2087 2578 2157 meipso
2599 2090 2763 2158 facere
2785 2087 3058 2157 quidquam
3078 2104 3095 2141 :
3115 2089 3243 2142 sicut
3264 2088 3437 2156 audio,
3457 2091 3549 2160 ju-

1965 2176 2098 2229 dico.
2142 2175 2198 2230 In
2229 2191 2451 2246 persona
2482 2193 2608 2233 vero
2633 2178 2861 2248 Spiritus
2891 2181 3058 2233 sancti
3097 2180 3365 2250 quomodo
3402 2181 3545 2236 acci-

1965 2269 2172 2339 piamus
2197 2268 2337 2338 quod
2365 2271 2457 2336 ait,
2489 2268 2610 2324 Non
2637 2271 2769 2323 enim
2809 2271 3036 2341 loquetur
3075 2287 3107 2324 a
3134 2273 3417 2342 semetipso,
3460 2273 3546 2325 sed

1965 2377 2287 2432 quwcumque
2309 2362 2498 2428 audiet,
2523 2363 2772 2430 loquetur;
2793 2377 2914 2416 cum
2945 2362 2997 2415 in
3027 2376 3090 2416 ea
3119 2378 3224 2416 non
3241 2362 3310 2416 sit
3335 2363 3436 2416 alia
3463 2362 3549 2416 di-

1966 2456 2220 2519 vinitatis,
2251 2455 2352 2509 alia
2383 2455 2745 2522 humanitatis,
2776 2455 2862 2510 vel
2909 2455 3126 2510 alterius
3167 2465 3425 2509 creatura:
3451 2470 3550 2509 cu-

1961 2549 2276 2619 juscumque
2300 2548 2614 2612 substantia,
2643 2563 2830 2617 magna
2860 2547 3097 2601 exoritur
3122 2545 3424 2600 difﬁcultas.

2036 2640 2090 2694 2.
2133 2639 2264 2692 Illud
2305 2640 2445 2694 enim
2472 2639 2612 2708 quod
2653 2638 2790 2692 sicut
2815 2638 3057 2693 columba
3084 2637 3310 2706 Spiritus
3338 2645 3554 2692 sanctus

1966 2733 2212 2802 apparuit
2239 2732 2415 2799 specie
2441 2730 2704 2798 corporali
2727 2729 2941 2799 (Matth.
2974 2745 3050 2795 ιιι,
3078 2730 3186 2800 l6),
3212 2729 3344 2782 visio
3371 2727 3468 2782 fuit
3486 2728 3552 2782 ad

1967 2825 2150 2878 horam
2189 2822 2325 2877 facta
2352 2831 2509 2891 atque
2549 2829 2812 2876 transacta
2833 2837 2847 2878 :
2869 2821 3006 2874 sicut
3033 2821 3190 2874 etiam
3219 2819 3432 2889 quando
3457 2835 3550 2874 su-

1967 2932 2063 2986 per
2091 2915 2378 2984 discipulos
2408 2915 2570 2978 venit,
2603 2914 2731 2968 visa:
2753 2923 2877 2967 sunt
2906 2913 3008 2966 illis
3034 2913 3224 2985 lingua:
3251 2913 3434 2967 divisa:
3461 2928 3552 2968 ve-

1968 3011 2046 3064 Int
2085 3011 2240 3081 ignis,
2271 3011 2358 3079 qui
2385 3017 2440 3064 ct
2481 3008 2673 3063 insedit
2700 3023 2863 3077 super
2902 3023 3335 3077 unumquemque
3364 3022 3550 3062 eorum

1971 3104 2104 3178 (Act.
2131 3121 2187 3169 ιι,
2214 3105 2292 3173 5).
2315 3103 2413 3171 Qui
2431 3117 2556 3171 ergo
2577 3101 2705 3156 dicit
2729 3100 3028 3156 columbam
3057 3099 3122 3154 ad
3149 3100 3406 3154 unitatem
3435 3114 3554 3168 per-

1968 3211 2114 3251 sona:
2141 3195 2360 3265 Spiritui
2391 3203 2576 3249 sancto
2602 3192 2767 3248 fuisse
2807 3191 3171 3262 conjunctam,
3205 3198 3262 3244 ut
3286 3204 3352 3244 ex
3381 3189 3468 3244 illa
3500 3198 3556 3245 et

1969 3287 2081 3342 Deo
2107 3286 2249 3356 (quia
2273 3284 2502 3354 Spiritus
2529 3291 2743 3338 sanctus
2776 3283 2917 3336 Deus
2944 3281 3050 3349 est)
3074 3294 3175 3334 una
3191 3279 3419 3349 Spiritus
3434 3294 3557 3333 san-

1969 3381 2038 3434 cti
2071 3395 2296 3450 persona
2324 3386 2628 3441 constaret;
2656 3377 2756 3430 hoc
2781 3377 2941 3430 etiam
2968 3374 3036 3429 de
3058 3374 3149 3427 illo
3175 3373 3295 3442 igne
3323 3371 3558 3440 compel-

1969 3472 2095 3526 litnr
2110 3471 2307 3534 dicere,
2329 3478 2385 3524 nt
2407 3469 2670 3537 intelligat
2690 3467 2821 3521 nihil
2848 3466 3037 3520 horum
3065 3464 3260 3520 debere
3277 3478 3335 3518 se
3354 3462 3554 3516 dicere.

1969 3563 2074 3618 [Sta
2101 3564 2240 3619 enim
2263 3578 2381 3631 qum
2402 3561 2468 3616 de
2494 3559 2784 3615 substantia
2812 3558 2908 3612 Dei
2927 3571 3138 3626 quoquo
3164 3553 3323 3610 modo
3347 3561 3404 3608 ut
3423 3568 3555 3622 opus

1970 3665 2084 3711 erat
2129 3652 2493 3724 signiﬁcanda,
2537 3651 2810 3720 corporeis
2841 3649 3114 3702 hominum
3145 3645 3389 3700 sensibus
3433 3659 3556 3698 sese

1971 3745 2263 3800 intulerunt
2289 3753 2447 3812 atque
2477 3741 2820 3806 transierunt,
2847 3737 2914 3792 ad
2941 3739 3125 3792 horam
3146 3735 3397 3789 divinitus
3416 3733 3553 3786 facta

1969 3849 2094 3894 sunt
2120 3838 2187 3892 de
2214 3846 2455 3891 creatura
2487 3835 2771 3897 serviente,
2824 3848 2930 3885 non
2980 3831 3045 3885 de
3087 3830 3196 3898 ipsa
3245 3826 3554 3881 dominante

1970 3941 2180 3994 natura,
2226 3943 2344 3999 qua:
2374 3928 2425 3982 iu
2452 3942 2510 3982 se
2537 3939 2761 3980 manens
2785 3923 2925 3992 quod
2956 3921 3069 3975 vult
3094 3926 3290 3980 movet,
3333 3925 3388 3971 et
3411 3914 3554 3986 quod

1969 4023 2082 4078 vult
2109 4021 2453 4076 immutabilis
2493 4026 2680 4074 mutat.
2717 4015 2865 4073 Sicut
2887 4016 3046 4072 etiam
3078 4029 3180 4067 thx
3207 4012 3298 4066 illa
3323 4011 3388 4065 de
3414 4010 3553 4064 nube

1969 4130 2126 4170 aures
2153 4114 2332 4182 utique
2371 4111 2543 4180 attigit
2577 4108 2902 4178 corporales,
2933 4119 3164 4174 eumque
3193 4117 3406 4158 sensum
3435 4115 3528 4154 cor

1968 4207 2115 4276 poris
2131 4204 2221 4274 qui
2243 4211 2460 4258 vocatur
2482 4199 2690 4256 auditus
2709 4197 2858 4267 (Luc.
2886 4213 2965 4261 lx,
2985 4195 3110 4266 '55);
3138 4208 3235 4248 nec
3255 4202 3429 4246 tamen
3449 4190 3556 4244 ullo

1969 4297 2130 4353 modo
2154 4293 2488 4351 credendum
2516 4301 2597 4348 est
2621 4290 2852 4346 Verbum
2880 4288 2999 4354 Dei,
3031 4285 3173 4357 quod
3199 4292 3280 4340 est
3308 4283 3552 4353 unigeni-

1970 4398 2054 4444 tus
2083 4387 2265 4450 Filius,
2292 4386 2541 4455 quoniam
2568 4383 2798 4438 Verbum
2821 4381 3031 4446 dicitur,
3063 4378 3280 4451 syllabis
3303 4378 3555 4447 sonisque

1971 4481 2142 4535 ﬁniri:
2173 4479 2294 4548 quia
2322 4492 2420 4532 nec
2443 4489 2630 4530 omnes
2659 4474 2812 4529 simul
2834 4488 3024 4528 sonare
3053 4479 3275 4542 possunt
3297 4485 3417 4526 cum
3443 4484 3557 4524 ser-

1970 4587 2060 4626 mo
2087 4571 2164 4636 lit,
2193 4569 2286 4624 sed
2313 4579 2560 4638 tanquam
2589 4573 2867 4620 nascentes
2887 4563 3236 4619 morientibus
3251 4562 3437 4618 ordine
3456 4575 3554 4615 suo

1971 4663 2085 4718 soni
2127 4662 2445 4731 quicumque
2471 4657 2777 4720 succedunt,
2811 4664 2867 4710 ut
2893 4664 3058 4710 totum
3105 4653 3246 4724 quod
3290 4651 3554 4720 loquimur

1972 4753 2258 4810 novissima
2287 4751 2490 4822 syllaba
2517 4749 2866 4819 compleatur.
2899 4748 3054 4803 Absit
3102 4755 3160 4801 ut
3205 4746 3282 4800 sic
3310 4744 3554 4812 loquatur

1972 4847 2129 4903 Pater
2143 4845 2208 4898 ad
2227 4844 2434 4906 Filium,
2459 4843 2557 4896 hoc
2572 4851 2673 4907 est,
2698 4840 2838 4895 Deus
2854 4838 2918 4893 ad
2939 4838 3172 4893 Verbum
3191 4850 3342 4890 suum
3361 4834 3548 4888 Deum.

1971 4937 2075 4994 Sed
2119 4937 2220 4990 hoc
2243 4950 2427 4990 eorum
2452 4940 2535 4989 est
2577 4946 2787 5001 capere,
2817 4939 3070 5000 quantum
3099 4929 3166 4984 ab
3194 4925 3405 4980 homine
3432 4921 3552 4992 capi

1973 5039 2168 5102 potest,
2198 5027 2264 5082 ad
2293 5041 2425 5096 quos
2455 5042 2558 5080 non
2602 5025 2684 5078 lac
2726 5023 2976 5092 pertinet,
3019 5020 3114 5076 sed
3144 5017 3345 5073 solidus
3373 5014 3548 5071 cibus.

1973 5124 2106 5179 Cum
2131 5122 2288 5191 igitur
2307 5119 2534 5189 Spiritus
2554 5123 2768 5171 sanctus
2794 5114 2936 5168 nulla
2962 5111 3296 5180 susceptione
3324 5106 3555 5161 hominis

1975 5216 2045 5269 sit
2073 5213 2232 5267 homo
2258 5211 2446 5274 lactus,
2474 5208 2619 5263 nulla
2646 5206 2980 5276 susceptione
3005 5200 3176 5271 angeli
3219 5199 3290 5253 sit
3331 5197 3552 5267 angelus

1976 5305 2162 5369 factus,
2195 5302 2334 5356 nulla
2364 5300 2699 5371 susceptione
2728 5298 3036 5367 cujusquam
3089 5300 3351 5348 creatura:
3399 5303 3555 5344 crea-

1976 5405 2091 5451 tura
2122 5396 2192 5450 sit
2231 5392 2432 5459 factus;
2463 5390 2731 5462 quomodo
2776 5389 2843 5444 de
2889 5388 2979 5441 illo
3024 5381 3417 5453 intelligendum
3471 5389 3555 5436 est

1973 5485 2116 5557 quod
2146 5484 2402 5540 Dominus
2430 5485 2523 5549 ait,
2554 5481 2674 5536 Non
2703 5480 2835 5534 enim
2861 5478 3086 5548 loquetur
3110 5474 3444 5542 asemetipso,
3466 5471 3556 5526 sed

1973 5591 2296 5647 quaecumque
2315 5573 2503 5641 audiet,
2527 5567 2982 5643 loquetur?Ardua
3005 5565 3249 5637 quaestio,
3280 5563 3438 5618 nimis
3465 5577 3558 5616 ar-

1975 5669 2098 5725 dua.
2132 5667 2249 5740 Ipse
2285 5667 2421 5721 adsit
2447 5664 2692 5734 Spiritus,
2723 5671 2779 5717 ut
2802 5662 2988 5718 saltem
3017 5661 3152 5716 sicut
3175 5673 3292 5714 eam
3323 5656 3558 5728 cogitare

1979 5777 2282 5836 possumus,
2309 5761 2386 5818 sic
2411 5758 2588 5832 eloqui
2625 5758 2909 5832 possimus,
2939 5771 3002 5812 ac
3026 5756 3104 5813 sic
3145 5753 3212 5810 ad
3256 5751 3554 5823 intelligen-
