4030 6480
559 295 693 354 1887

489 385 498 392 ’
549 407 680 466 tiam
709 417 938 468 vestram
969 423 1066 482 pro
1087 409 1194 467 mei
1221 408 1422 466 moduli
1451 407 1696 464 facultate
1723 407 2012 478 perveniat.

624 507 678 561 5.
707 504 860 560 Prius
885 503 1062 574 itaque
1089 517 1249 558 nosse
1273 501 1505 565 debetis,
1534 509 1592 555 et
1612 499 1905 568 intelligere
1931 496 2020 568 qui
2043 509 2136 565 po-

553 597 738 666 testis,
765 595 984 651 credere
1004 605 1180 650 autem
1207 594 1295 663 qui
1316 593 1606 662 intelligere
1636 591 1868 645 nondum
1889 589 2132 659 potestis,

553 688 606 743 in
629 702 692 744 ea
717 687 1008 744 substantia
1037 701 1156 756 qua:
1184 685 1321 740 Deus
1345 693 1458 750 est,
1490 699 1594 738 non
1643 683 1792 752 quasi
1821 697 1917 752 per
1941 696 2136 750 corpo-

553 778 629 836 ris
655 779 852 834 molem
885 791 1076 833 sensus
1113 777 1243 831 locis
1271 775 1498 846 propriis
1523 775 1834 830 distributos
1855 815 1870 840 ,
1917 774 2053 828 sicut
2081 773 2134 826 in

553 883 716 924 carne
742 868 950 922 mortali
973 881 1303 938 quorumque
1328 866 1638 920 animalium
1685 865 1810 920 alibi
1853 865 2133 930 estvisus,

553 961 681 1016 alibi
709 960 948 1026 auditus,
983 960 1107 1014 alibi
1151 967 1336 1030 gustus
1355 1000 1369 1025 ,
1399 959 1522 1014 alibi
1553 958 1774 1013 olfactus
1797 998 1812 1022 ,
1843 973 1938 1027 per
1967 965 2135 1010 totum

553 1063 734 1109 autem
758 1061 946 1108 tactus.
969 1051 1237 1106 Ahsithoc
1263 1049 1482 1106 credere
1507 1051 1558 1104 in
1587 1050 1674 1104 illa
1701 1051 2013 1119 incorporea
2037 1049 2138 1104 int-

553 1143 895 1212 mutabilique
945 1151 1154 1196 natura.
1197 1141 1396 1196 Audire
1440 1156 1566 1210 ergo
1618 1141 1688 1195 ibi
1709 1149 1764 1196 et
1801 1140 2017 1207 videre,
2055 1140 2136 1195 id-

553 1233 728 1304 ipsum
757 1245 856 1290 est.
879 1233 1086 1289 Dicitur
1109 1241 1164 1288 et
1182 1233 1406 1288 olfactus
1435 1233 1486 1286 in
1515 1233 1626 1316 Deo
1651 1250 1662 1286 :
1695 1231 1836 1288 unde
1849 1233 1974 1287 dicit
1995 1233 2138 1302 Apo-

551 1326 738 1390 stolus,
782 1325 928 1382 Sicut
965 1334 1012 1380 et
1057 1323 1286 1380 Christus
1330 1323 1506 1380 dilexit
1555 1341 1682 1390 nos,
1732 1332 1780 1378 et
1819 1323 2026 1378 tradidit
2059 1339 2136 1379 se-

549 1419 816 1486 metipsum
837 1435 928 1488 pro
949 1419 1092 1473 nobis
1109 1417 1410 1472 oblationem
1440 1425 1485 1471 et
1511 1418 1724 1472 hostium
1765 1417 1874 1470 Deo
1917 1418 1968 1470 in
2007 1417 2135 1472 odo-

549 1524 654 1564 rem
673 1509 932 1562 suavitatis
959 1507 1171 1580 (Ephes.
1199 1525 1253 1576 v,
1283 1506 1362 1582 2).
1386 1509 1453 1562 Ει
1481 1519 1664 1580 gustus
1691 1509 1908 1578 intelligi
1941 1517 2134 1579 potest,

548 1599 840 1654 secundum
887 1615 1046 1670 quem
1096 1600 1236 1654 Deus
1276 1609 1332 1654 et
1371 1599 1484 1655 odit
1521 1600 1869 1654 amaricantes
1893 1641 1908 1666 ,
1957 1610 2135 1656 etnec

549 1689 771 1760 frigidos
812 1706 912 1746 nec
939 1690 1142 1746 calidos
1165 1732 1180 1758 ,
1230 1691 1326 1748 sed
1356 1691 1561 1761 tepidos
1599 1693 1797 1746 evomit
1825 1706 1889 1746 ex
1917 1706 2011 1747 ore
2040 1705 2137 1747 suo

550 1780 731 1854 (Apoc.
761 1798 837 1848 ιιι,
863 1781 950 1852 16)
977 1798 990 1834 :
1016 1790 1069 1836 et
1093 1782 1232 1838 Deus
1257 1781 1496 1837 Christus
1523 1783 1682 1848 dicit,
1713 1782 1857 1838 Meus
1895 1783 2033 1838 cibus
2067 1791 2138 1837 est

547 1883 608 1926 ut
633 1875 820 1944 faciam
849 1875 1153 1929 voluntatem
1182 1877 1292 1946 ejus
1319 1877 1404 1945 qui
1443 1893 1524 1930 me
1553 1876 1684 1929 misit
1712 1875 1889 1946 (Joan.
1915 1892 1987 1943 tv,
2019 1877 2133 1948 54).

547 1963 648 2019 Est
690 1966 852 2020 etiam
903 1975 1071 2022 tactus
1122 1968 1211 2022 ille
1263 1967 1504 2032 divinus,
1534 1965 1674 2022 unde
1704 1967 1832 2022 dicit
1855 1983 2047 2038 sponsa
2069 1969 2137 2025 de

547 2068 745 2124 sponso
771 2073 785 2106 :
817 2055 1037 2111 Sinistra
1065 2059 1172 2126 ejus
1216 2059 1307 2112 sub
1343 2060 1504 2128 capite
1527 2075 1636 2112 meo
1661 2101 1674 2124 ,
1712 2069 1758 2113 et
1797 2057 2002 2114 dextera
2029 2061 2137 2129 ejus

545 2145 902 2215 complectetur
926 2163 1004 2202 me
1025 2146 1194 2217 (Cant.
1221 2148 1358 2220 11,6).
1389 2149 1504 2204 Non
1535 2159 1658 2204 sunt
1683 2151 1797 2204 hare
1823 2151 1876 2204 in
1907 2151 2018 2205 Deo
2043 2167 2137 2220 per

545 2237 760 2293 diversa
785 2241 1023 2309 corporis
1049 2243 1185 2296 loca.
1206 2243 1338 2296 Cum
1365 2243 1506 2299 enim
1535 2244 1725 2298 dicitur
1745 2245 1901 2311 seire,
1923 2244 1990 2298 ibi
2013 2252 2137 2299 sunt

545 2332 758 2398 omnia;
789 2342 843 2388 et
861 2333 1074 2399 videre,
1107 2343 1158 2390 et
1187 2337 1390 2401 audire,
1423 2345 1476 2392 et
1511 2337 1762 2402 olfacere,
1809 2347 1863 2392 et
1900 2347 2130 2406 gustare,

545 2431 600 2477 et
639 2431 886 2493 tangere;
927 2425 1043 2481 sine
1070 2427 1172 2479 ulla
1200 2427 1313 2497 ejus
1339 2429 1632 2483 mutatione
1661 2429 1988 2494 substantiae,
2021 2429 2136 2486 sine

545 2513 652 2568 ulla
683 2515 823 2571 mole
865 2531 984 2586 quae
1033 2518 1084 2572 in
1103 2519 1204 2572 alia
1249 2529 1397 2588 parte
1444 2521 1630 2590 major,
1665 2522 1716 2574 in
1755 2523 1859 2576 alia
1913 2523 2085 2576 minor
2105 2540 2129 2574 -:

544 2605 706 2659 etiam
737 2606 790 2661 in
824 2609 1043 2663 senibus
1091 2611 1277 2680 puerili
1324 2621 1542 2681 pectore
1595 2612 1872 2683 cogitatur,
1923 2614 2133 2683 quando

543 2694 688 2752 Deus
707 2699 786 2754 sic
813 2702 1090 2770 cogitatur.
1483 2757 1494 2766 ,

615 2790 669 2844 4.
701 2789 810 2846 Νεε
855 2793 1068 2848 mireris
1114 2795 1254 2864 quod
1297 2796 1577 2853 inell‘abilis
1624 2800 1714 2854 Dei
1756 2800 1996 2868 scientia,
2027 2816 2132 2872 qua

547 2883 695 2936 novit
737 2885 916 2938 omnia
941 2926 954 2951 ,
985 2900 1082 2954 per
1110 2888 1285 2944 varios
1317 2890 1564 2946 humana:
1593 2893 1872 2947 locutionis
1903 2894 2092 2949 modos
2112 2936 2128 2961 ,

543 2975 784 3032 omnium
849 2977 1074 3032 istorum
1132 2983 1488 3048 corporalium
1535 2998 1785 3038 sensuum
1829 2986 2130 3040 nominibus

543 3077 878 3138 nuncupatur
907 3089 919 3124 :
944 3085 1063 3125 cum
1098 3081 1152 3127 et
1177 3073 1289 3142 ipsa
1317 3089 1470 3130 mens
1494 3086 1696 3142 nostra,
1731 3079 1832 3133 hoc
1857 3087 1940 3134 est
1969 3079 2130 3134 homo

541 3158 784 3226 interior,
806 3162 891 3216 cui
912 3163 1242 3219 uniformiler
1267 3165 1452 3221 scienti
1471 3183 1567 3237 per
1587 3169 1685 3222 hos
1711 3169 1942 3240 quinque
1967 3172 2130 3226 veluti

541 3251 758 3307 nuntios
777 3255 1014 3322 corporis
1043 3255 1250 3310 diversa
1279 3259 1606 3326 nuntiantur,
1639 3261 1851 3330 quando
1879 3263 2128 3316 immuta-

543 3340 706 3395 bilem
760 3345 1040 3400 veritatem
1083 3347 1346 3416 intelligit,
1397 3350 1564 3419 eligit,
1616 3351 1803 3422 diligit,
1850 3362 1905 3408 et
1947 3354 2127 3408 lumen

541 3433 690 3488 videt
742 3434 810 3490 de
863 3452 966 3506 quo
1003 3439 1216 3507 dicitur,
1253 3441 1377 3494 Erat
1400 3441 1567 3496 lumen
1589 3455 1869 3512 verum;et
1911 3446 2128 3500 verbum

540 3526 688 3580 audit
723 3527 789 3582 de
813 3543 918 3598 quo
941 3530 1150 3598 dicitur,
1179 3532 1511 3604 Inprincipio
1552 3545 1656 3589 erat
1698 3536 1906 3590 Verbum
1949 3538 2124 3602 (Joan.

541 3635 580 3685 ι,
605 3619 660 3686 9,
691 3618 744 3692 l)
769 3635 782 3686 ;
828 3629 882 3675 et
911 3621 1127 3678 odorem
1155 3626 1298 3694 capit
1317 3627 1383 3680 de
1404 3641 1508 3696 quo
1531 3627 1743 3694 dicitur,
1777 3627 1900 3684 Post
1923 3629 2128 3684 odorem

535 3721 906 3781 unguentorum
926 3725 1126 3768 tuarum
1153 3734 1410 3772 curremus
1435 3718 1604 3792 (Cant.
1633 3737 1669 3786 ι,
1699 3723 1751 3792 5)
1777 3738 1791 3786 ;
1831 3730 1886 3777 ct
1927 3721 2127 3778 fontem

537 3801 689 3866 bibit,
729 3803 796 3858 de
840 3821 946 3875 quo
991 3806 1204 3874 dicitur,
1257 3808 1408 3876 Apud
1457 3820 1503 3863 te
1521 3821 1593 3864 est
1641 3812 1754 3880 fons
1787 3813 1901 3866 vitm
1949 3811 2122 3878 (Psal.

539 3911 706 3959 xxxv,
737 3895 830 3968 10)
859 3915 871 3962 ;
900 3908 954 3953 et
981 3908 1119 3954 tactu
1151 3899 1360 3970 fruitur,
1391 3903 1458 3956 de
1487 3919 1592 3972 quo
1616 3903 1828 3970 dicitur,
1861 3905 1994 3960 Mihi
2027 3923 2124 3960 au-

539 3995 636 4038 tem
665 3987 921 4042 adhazrere
969 3989 1078 4044 Deo
1127 3991 1310 4046 bonum
1363 4003 1434 4046 est
1461 3993 1630 4064 (Psal.
1669 4011 1832 4061 Lxxu,
1857 3994 1950 4068 98)
1985 4014 1997 4049 :
2026 4011 2124 4052 nec

537 4075 680 4127 aliud
708 4086 868 4145 atque
896 4079 1058 4144 aliud,
1111 4081 1204 4134 sed
1254 4098 1356 4136 una
1393 4084 1738 4153 intelligentia
1769 4095 1843 4140 tot
1872 4101 2122 4142 sensuum

537 4167 844 4222 nominibus
872 4181 1228 4239 nuncupatur.
1280 4173 1414 4227 Cum
1469 4190 1596 4245 ergo
1634 4176 1699 4230 de
1722 4177 1916 4246 Spiritu
1941 4189 2122 4236 sancto

537 4254 755 4324 dicitur,
789 4257 910 4312 Non
933 4262 1063 4314 enim
1086 4262 1312 4331 loquetur
1332 4282 1363 4317 ιι
1383 4269 1667 4337 semetipso,
1691 4269 1778 4321 sed
1801 4285 2121 4340 qutucumque

538 4347 730 4414 audiet,
761 4348 1029 4419 loquetur;
1052 4354 1218 4410 multo
1247 4358 1414 4427 magis
1441 4359 1508 4412 ibi
1540 4360 1763 4430 simplex
1793 4370 2000 4428 natura,
2027 4364 2116 4419 ubi

537 4441 814 4498 verissime
834 4444 1056 4515 simplex
1084 4457 1184 4514 est,
1208 4450 1288 4505 vel
1321 4451 1656 4522 intelligenda
1681 4462 1762 4509 est
1791 4455 1872 4510 vel
1899 4456 2120 4512 creden-

535 4529 624 4598 da,
655 4548 772 4602 qua:
801 4534 956 4605 longe
985 4539 1196 4608 alteque
1238 4551 1476 4596 naturam
1520 4553 1712 4599 nostra:
1734 4547 1926 4601 mentis
1965 4561 2123 4604 exce-

535 4620 632 4674 dit.
663 4621 928 4680 Mutabilis
973 4628 1166 4698 quippe
1195 4643 1276 4684 est
1325 4649 1474 4686 mens
1501 4643 1702 4701 nostra,
1747 4649 1867 4705 qum
1897 4637 2120 4707 percipit

533 4709 792 4766 discendo
818 4715 958 4784 quod
1011 4719 1299 4787 nesciebat,
1320 4730 1374 4775 et
1398 4723 1592 4779 amittit
1631 4724 1954 4784 dediscendo
1979 4726 2120 4796 quod

537 4800 770 4868 sciebat;
803 4813 855 4858 et
899 4807 1012 4860 veri
1038 4808 1380 4866 similitudine
1403 4813 1614 4882 fallitur,
1647 4825 1703 4874 ut
1745 4831 1842 4885 pro
1869 4831 2000 4870 vero
2021 4831 2118 4886 ap-

536 4893 726 4962 probet
755 4894 962 4964 falsum,
1004 4908 1058 4954 et
1097 4901 1422 4958 obscuritate
1473 4919 1569 4960 sua
1615 4909 1763 4976 quasi
1805 4909 2119 4978 quibusdam

537 4987 772 5040 tenebris
815 4989 1120 5058 impeditur,
1167 5009 1237 5048 ne
1265 4998 1538 5063 perveniat
1565 4999 1629 5052 ad
1681 5015 1881 5054 verum.
1909 5001 1974 5056 Et
2001 5002 2120 5056 ideo

435 5115 440 5118 .
537 5089 644 5130 non
674 5087 756 5130 est
783 5077 878 5133 ista
905 5080 1198 5136 substantia
1216 5085 1490 5140 verissime
1515 5087 1756 5156 simplex,
1779 5091 1862 5144 cui
1885 5105 1990 5144 non
2017 5091 2118 5144 hoc

535 5175 619 5220 cst
648 5182 766 5222 esse
789 5170 932 5238 quod
961 5186 1120 5227 nosse
1151 5191 1165 5226 :
1196 5183 1368 5242 potest
1393 5177 1533 5230 enim
1562 5192 1700 5244 esse,
1727 5194 1825 5233 nec
1846 5195 2022 5234 nosse.
2051 5182 2120 5235 At

537 5257 625 5314 illa
655 5260 833 5316 divina
861 5279 966 5318 non
998 5272 1192 5333 potest,
1219 5266 1340 5335 quia
1365 5267 1415 5320 id
1441 5268 1580 5337 quod
1609 5269 1768 5323 habet
1793 5278 1892 5325 est.
1923 5273 2000 5325 Ac
2027 5287 2120 5340 per

537 5353 640 5406 hoc
668 5369 772 5408 non
800 5355 876 5411 sic
905 5355 1066 5411 habet
1113 5358 1410 5424 scientiam,
1439 5369 1496 5414 ut
1521 5361 1664 5416 aliud
1691 5363 1765 5416 illi
1791 5365 1858 5418 sit
1897 5365 2118 5422 scientia

535 5461 639 5514 qua
666 5449 786 5514 scit,
814 5449 956 5504 aliud
977 5452 1206 5506 essentia
1231 5469 1332 5523 qua
1363 5463 1481 5518 est;
1509 5455 1601 5510 sed
1629 5467 1907 5528 utrumque
1935 5475 2114 5514 unum.

536 5534 646 5591 Nec
675 5548 957 5610 utrumque
981 5543 1260 5598 dicendum
1287 5557 1386 5610 εει,
1433 5547 1572 5617 quod
1600 5549 1906 5618 simpliciter
1952 5567 2117 5606 unum

536 5635 638 5681 est.
669 5627 814 5682 Sicut
836 5631 980 5686 habet
1011 5632 1166 5688 Pater
1193 5636 1344 5690 vitam
1369 5636 1420 5690 in
1449 5638 1728 5709 semetipso,
1755 5654 1852 5694 nec
1871 5640 2011 5696 aliud
2038 5651 2119 5698 est

546 5717 664 5788 ipse
695 5735 850 5791 quam
885 5722 986 5778 vita
1018 5739 1138 5796 qua:
1167 5727 1218 5784 iu
1251 5728 1366 5798 ipso
1386 5737 1496 5798 est;
1538 5741 1583 5786 et
1625 5731 1759 5784 dedit
1781 5731 1916 5786 Filio
1941 5734 2120 5791 habere

1493 295 1559 351 IN
1586 275 1872 349 sonvle
1910 285 2375 342 uvaucuuuu.
2417 289 2473 344 ε.
2515 291 2880 351 aucusrnu

3691 312 3712 366 i
3721 313 3828 369 888

2241 407 2396 454 vitam
2409 403 2460 456 in
2484 407 2744 476 semetipso
2767 407 2944 480 (Joau.
2969 427 3020 477 v,
3041 410 3158 484 26),
3183 413 3285 470 hoc
3305 426 3403 483 est,
3425 421 3606 489 genuit
3629 419 3824 482 Filium

2239 493 2330 560 qui
2379 503 2433 548 et
2473 496 2588 565 ipse
2627 499 2732 553 vita
2773 511 2934 556 esset.
2967 503 3054 562 Sic
3092 507 3268 576 itaque
3289 508 3545 569 debemus
3573 517 3822 588 accipere

2240 585 2384 654 quod
2407 586 2474 642 de
2498 588 2696 658 Spiritu
2722 603 2905 648 sancto
2924 595 3120 650 dictum
3149 608 3250 663 est,
3277 600 3399 657 Non
3438 607 3569 660 enim
3591 585 3828 680 loquetur

2241 691 2274 728 a
2297 680 2578 748 semetipso,
2613 683 2700 736 sed
2723 701 3045 756 quacumque
3073 690 3265 758 audiet,
3295 694 3548 765 loquetur,
3578 711 3638 756 ut
3660 703 3824 759 intel-

2241 768 2463 839 ligamus
2491 787 2592 826 non
2615 789 2737 829 eum
2763 791 2882 832 esse
2905 794 2934 832 a
2951 782 3256 852 semetipso.
3273 785 3428 842 Pater
3453 791 3650 860 quippe
3671 794 3822 851 solus

2242 860 2309 916 de
2333 863 2438 918 alio
2484 881 2589 920 non
2621 875 2719 922 est.
2750 868 2882 924 Nam
2903 881 2956 926 et
2985 873 3148 930 Filius
3169 876 3236 933 de
3260 877 3418 934 Patre
3449 895 3606 938 natus
3629 896 3737 954 est,
3766 897 3824 944 et

2241 950 2468 1021 Spiritus
2505 966 2718 1013 sanctus
2747 959 2814 1015 de
2835 961 2988 1018 Patre
3003 966 3244 1033 procedit
3271 986 3284 1022 :
3317 969 3476 1026 Pater
3501 985 3682 1030 autem
3713 950 3818 1034 nec

2241 1053 2398 1100 natus
2419 1055 2500 1100 est
2527 1047 2592 1103 de
2619 1051 2744 1116 alio,
2778 1067 2874 1107 nec
2903 1057 3158 1123 procedit.
3185 1059 3292 1114 Nec
3318 1061 3440 1118 ideo
3475 1079 3604 1120 sane
3647 1067 3829 1139 aliqua

2240 1135 2558 1206 disparilitas
2605 1143 2655 1196 in
2704 1159 2910 1200 summa
2939 1149 3024 1202 illa
3063 1149 3323 1209 Triuitate
3371 1157 3682 1226 cngitationi
3727 1135 3830 1219 oc-

2241 1233 2426 1284 ourrar
2449 1230 2692 1288 humanae
2721 1253 2734 1288 :
2768 1253 2888 1290 nam
2919 1247 2970 1293 et
3022 1239 3060 1296 Ρ
3063 1241 3185 1296 ilius
3223 1244 3270 1298 ei
3302 1245 3370 1301 de
3399 1263 3505 1316 quo
3530 1261 3686 1308 natus
3713 1263 3824 1320 est,

2241 1331 2295 1376 et
2323 1323 2548 1392 Spiritus
2581 1339 2794 1384 sanctus
2831 1331 2878 1384 ei
2931 1332 2998 1386 de
3044 1348 3154 1404 quo
3176 1339 3432 1405 procedit,
3465 1345 3687 1412 mqualis
3715 1356 3826 1403 est.

2241 1414 2378 1482 Quid
2422 1429 2596 1474 autem
2637 1421 2746 1476 illic.
2776 1423 2984 1480 intersit
3019 1427 3158 1482 inter
3182 1431 3474 1499 procedere
3495 1443 3550 1490 et
3573 1438 3740 1503 nasci,
3771 1449 3828 1494 et

2237 1505 2452 1577 longum
2497 1519 2580 1564 est
2609 1514 2896 1582 quaerendo
2921 1516 3204 1584 disserere,
3236 1529 3291 1576 et
3339 1525 3679 1580 temerarium
3701 1543 3828 1584 cum

2239 1596 2556 1656 disserueris
2574 1601 2796 1660 delinire
2819 1623 2831 1658 :
2855 1609 2974 1676 quia
2999 1607 3098 1664 hoc
3117 1619 3170 1664 et
3187 1615 3348 1667 menti
3367 1622 3656 1686 utcumque
3679 1633 3832 1674 eom—

2241 1689 2590 1760 prebendere,
2639 1703 2696 1750 et
2724 1697 2768 1751 si
2797 1699 2922 1767 quid
2953 1699 3086 1756 forte
3113 1719 3264 1758 mens
3313 1706 3436 1762 inde
3463 1712 3828 1780 comprehen—

2239 1781 2398 1848 derit,
2429 1783 2620 1854 lingua:
2647 1786 3013 1846 difﬁcillimum
3045 1802 3127 1847 est
3149 1796 3436 1864 explicare,
3461 1803 3826 1869 quantuslibet

2241 1873 2422 1940 praesit
2459 1874 2679 1945 doctor,
2712 1883 3066 1948 quantuslibet
3096 1885 3234 1940 adsit
3259 1888 3492 1945 auditor.
3547 1890 3672 1946 Non
3695 1909 3828 1964 ergo

2243 1965 2472 2036 loquetur
2515 1984 2546 2020 a
2577 1973 2836 2041 semetipso
2861 1989 2878 2028 :
2901 1976 3020 2044 quia
3065 1991 3168 2032 non
3207 1989 3288 2034 est
3318 1996 3346 2034 a
3369 1984 3678 2054 semetipso.
3713 1987 3826 2041 Sed

2240 2071 2558 2126 quwcumque
2583 2060 2776 2128 audiet,
2791 2063 3016 2132 loquetur
3042 2082 3061 2120 :
3085 2065 3150 2122 ab
3177 2068 3266 2123 illo
3292 2069 3472 2127 audiet
3503 2089 3534 2126 a
3570 2089 3677 2146 quo
3701 2091 3832 2146 pro-

2240 2145 2399 2200 cedit.
2429 2148 2629 2204 Audire
2652 2151 2724 2204 illi
2745 2153 2883 2209 scire
2907 2163 3014 2220 est;
3044 2159 3180 2213 scire
3207 2157 3334 2214 vero
3371 2177 3510 2228 esse,
3558 2145 3714 2220 sicut,
3733 2183 3833 2222 su-

2241 2239 2418 2308 perius
2439 2240 2760 2310 disputatum
2788 2254 2886 2299 est.
2911 2245 3042 2313 Quia
3073 2263 3198 2318 ergo
3224 2265 3330 2306 non
3360 2262 3441 2306 est
3459 2268 3489 2307 a
3512 2258 3826 2328 semetipso,

2240 2329 2334 2383 sed
2365 2331 2548 2386 abillo
2588 2347 2618 2386 a
2646 2349 2752 2403 quo
2777 2337 3042 2403 procedit;
3070 2353 3098 2392 a
3129 2355 3238 2409 quo
3258 2343 3331 2396 illi
3362 2352 3444 2398 est
3471 2349 3724 2416 essentia,
3757 2351 3833 2406 ab

2241 2419 2332 2472 illo
2357 2420 2574 2475 scientia
2607 2440 2618 2474 :
2647 2423 2714 2477 ab
2745 2425 2835 2478 illo
2867 2425 3026 2496 igitur
3053 2429 3340 2498 audientia,
3382 2435 3526 2504 quod
3565 2437 3695 2493 nihil
3741 2452 3834 2496 est

2237 2510 2380 2566 aliud
2409 2527 2564 2580 quam
2591 2515 2830 2570 scientia.

2309 2603 2362 2657 5.
2392 2601 2502 2658 Nec
2529 2615 2738 2660 moveat
2765 2607 2904 2677 quod
2949 2611 3168 2666 verbum
3195 2611 3352 2669 futuri
3383 2618 3636 2688 temporis
3679 2624 3838 2691 posi~

2239 2703 2350 2748 tum
2380 2705 2479 2750 est.
2521 2695 2637 2752 Non
2667 2697 2809 2752 enim
2851 2699 3048 2756 dictum
3079 2712 3178 2769 est,
3209 2721 3554 2778 quaecumque
3599 2711 3834 2777 audivit,

2236 2798 2346 2856 aut,
2375 2806 2718 2862 quaecumque
2743 2793 2918 2860 audit;
2951 2796 3064 2863 sed,
3097 2813 3422 2871 qutecumque
3439 2802 3628 2870 audiet,
3655 2803 3838 2876 loque-

2237 2891 2336 2936 tur.
2371 2884 2462 2937 llla
2503 2887 2698 2954 quippe
2724 2887 2992 2942 audientia
3017 2891 3342 2960 sempiterna
3392 2903 3494 2960 est,
3525 2895 3648 2966 quia
3677 2911 3834 2954 sem-

2235 2975 2439 3044 piterna
2469 2977 2710 3031 scientia.
2741 2977 2796 3032 ιιι
2821 2994 2886 3033 eo
2909 2989 3083 3036 autem
3128 2985 3269 3052 quod
3295 2987 3678 3056 sempiternum
3717 2999 3830 3057 est,

2237 3067 2352 3122 sine
2395 3067 2544 3122 initio
2592 3079 2645 3122 et
2689 3069 2804 3124 sine
2856 3071 2982 3140 line,
3011 3074 3292 3142 cujuslibet
3313 3080 3566 3148 temporis
3593 3081 3834 3142 verbum

2237 3167 2463 3227 ponatur
2485 3201 2498 3224 ,
2535 3159 2646 3214 sive
2673 3163 2922 3230 praeteriti
2942 3205 2954 3228 ,
2991 3165 3103 3220 sive
3125 3169 3435 3236 przesentis,
3467 3173 3580 3228 sive
3612 3171 3830 3244 futuri,

2235 3265 2342 3303 non
2383 3251 2711 3306 mendaciter
2749 3256 2982 3324 punitur.
3027 3257 3278 3324 Quamvis
3321 3262 3464 3315 enim
3496 3272 3686 3319 natura
3733 3266 3832 3322 illa

2235 3340 2574 3398 immutabilis
2599 3353 2653 3398 et
2677 3331 2956 3401 inell‘abilis
2981 3363 3083 3402 non
3113 3351 3330 3421 recipiat
3351 3351 3472 3406 Fuit
3490 3363 3545 3409 et
3563 3355 3698 3420 Erit,
3729 3358 3834 3413 sed

2235 3440 2436 3488 tantum
2469 3434 2562 3489 Est
2595 3453 2606 3488 :
2639 3437 2747 3506 ipsa
2777 3439 2917 3494 enim
2940 3441 3199 3496 veraciter
3227 3451 3326 3508 est,
3355 3445 3474 3512 quia
3493 3448 3690 3502 mutari
3717 3463 3834 3504 non

2233 3533 2437 3593 potest;
2459 3535 2512 3580 et
2536 3526 2653 3582 ideo
2683 3528 2756 3581 illi
2789 3537 2988 3584 tantum
3005 3533 3542 3602 conveneratdicere,
3575 3535 3690 3606 Ego
3709 3554 3834 3593 sum

2233 3620 2318 3686 qui
2342 3636 2452 3672 sum
2474 3637 2492 3686 ;
2520 3629 2594 3686 et,
2625 3620 2772 3674 Dices
2790 3623 2910 3690 [iliis
2929 3622 3110 3689 Israel,
3141 3625 3240 3691 Qui
3281 3637 3374 3692 est,
3399 3629 3534 3684 misit
3557 3647 3638 3684 me
3653 3633 3724 3684 ad
3741 3648 3834 3689 vos

2235 3709 2426 3782 (Exod.
2459 3727 2535 3778 ιιι,
2570 3713 2690 3781 ll):
2723 3723 2895 3767 tamen
2937 3727 3156 3785 propter
3183 3717 3584 3776 mutabilitatem
3613 3729 3834 3792 tempo-

2233 3819 2348 3856 rum
2383 3804 2434 3857 in
2479 3805 2670 3874 quibus
2715 3815 2958 3864 versatur
2990 3819 3171 3864 nostra
3215 3811 3508 3868 mortalitas
3549 3823 3606 3870 et.
3635 3825 3832 3871 nostra

2232 3893 2572 3956 mutabilitas,
2607 3911 2710 3950 non
2740 3897 3064 3954 mendaciter
3091 3900 3336 3968 dicimus,
3379 3913 3432 3958 et
3467 3903 3578 3971 fuit,
3607 3915 3666 3960 et
3693 3908 3828 3974 erit,

2231 3996 2282 4042 et
2309 3997 2411 4042 est.
2439 3987 2586 4050 Fuit,
2619 3989 2671 4042 in
2703 3991 2982 4057 praeteritis
3009 3992 3236 4056 smculis,
3255 4003 3338 4049 est
3367 3995 3418 4049 in
3439 3998 3828 4068 prmsentibus,

2229 4083 2332 4136 erit
2361 4083 2412 4136 in
2442 4083 2648 4137 tuturis.
2675 4083 2812 4149 Fuit,
2845 4085 2966 4154 quia
2995 4101 3266 4156 nunquam
3291 4087 3490 4154 defuit;
3517 4091 3651 4154 erit,
3687 4092 3829 4162 quia

2229 4189 2494 4242 nunquam
2522 4173 2719 4240 deerit;
2752 4183 2852 4242 est,
2903 4177 3024 4246 quia
3067 4192 3278 4247 semper
3305 4188 3404 4233 est.
3434 4179 3620 4250 Neque
3647 4184 3828 4250 enim,

2225 4265 2368 4320 velut
2395 4265 2482 4334 qui
2503 4265 2612 4334 jam
2637 4281 2739 4320 non
2767 4267 2853 4333 sit,
2882 4282 3001 4322 eum
3031 4270 3307 4338 praeteritis
3337 4271 3562 4340 occidit;
3587 4282 3830 4332 autcum

2225 4359 2600 4428 prmsentibus,
2635 4360 2775 4414 velut
2805 4361 2891 4430 qui
2920 4377 3022 4414 non
3049 4371 3279 4428 maneat,
3312 4364 3540 4432 labitur;
3571 4374 3666 4421 aut
3689 4383 3830 4424 cum

2225 4448 2435 4516 futuris,
2483 4449 2632 4504 velut
2653 4451 2739 4520 qui
2773 4467 2876 4506 non
2921 4451 3110 4520 fuerat,
3163 4455 3384 4509 orietur.
3415 4455 3648 4512 Proinde
3689 4475 3832 4516 cum

2225 4543 2516 4597 secundum
2562 4543 2832 4599 volumina
2865 4555 3159 4615 temporum
3191 4548 3390 4602 locutio
3431 4547 3668 4604 humana
3725 4568 3832 4608 va-

2227 4633 2412 4702 riatur,
2441 4635 2526 4705 qui
2553 4651 2646 4704 per
2669 4636 2809 4689 nulla
2837 4637 3022 4692 deesse
3049 4638 3220 4707 potuit
3244 4647 3334 4693 aut
3363 4648 3648 4709 potestaut
3673 4651 3836 4712 pote-

2224 4725 2294 4779 rit
2323 4733 2580 4795 tempora,
2607 4743 2726 4780 vera
2755 4728 2820 4783 de
2849 4730 2938 4783 illo
2963 4729 3212 4784 dicuntur
3237 4731 3518 4800 cujuslibet
3557 4738 3836 4803 temporis

2224 4816 2406 4870 verba.
2455 4816 2678 4888 Semper
2721 4819 2896 4888 itaque
2939 4820 3087 4876 audit
3133 4821 3362 4892 Spiritus
3407 4833 3644 4890 sanctus,
3691 4829 3836 4896 quia

2225 4922 2436 4978 semper
2463 4909 2600 4963 scit:
2625 4925 2754 4980 ergo
2799 4922 2850 4965 et
2879 4911 3050 4978 scivit,
3080 4924 3132 4968 et
3179 4916 3297 4982 scit,
3331 4923 3382 4970 et
3411 4917 3570 4980 sciet;
3616 4933 3680 4972 ac
3723 4935 3842 4989 per

2226 4999 2326 5054 hoc
2353 5009 2404 5053 et
2429 5000 2647 5068 audivit,
2677 5010 2730 5055 et
2755 5003 2920 5070 audit,
2951 5013 3004 5058 et
3025 5006 3202 5060 audiet
3228 5025 3239 5058 :
3265 5008 3386 5076 quia
3421 5009 3558 5064 sicut
3580 5009 3691 5078 jam
3733 5012 3842 5066 di—

2223 5092 2417 5158 ximus,
2453 5092 2552 5148 boc
2583 5103 2664 5147 est
2692 5095 2763 5147 illi
2788 5097 2973 5151 audire
3000 5099 3141 5167 quod
3173 5100 3330 5166 scire,
3361 5109 3416 5154 et
3440 5103 3578 5155 scire
3605 5102 3680 5155 illi
3713 5103 3841 5161 hoc

2225 5195 2306 5240 εει
2337 5185 2478 5254 quod
2504 5199 2641 5240 esse.
2683 5186 2766 5241 Ab
2796 5187 2884 5242 illo
2913 5188 3071 5258 igitur
3099 5190 3322 5256 audivit,
3353 5189 3520 5258 audit,
3547 5200 3603 5247 et
3632 5193 3844 5250 audiet

2224 5292 2254 5330 a
2283 5291 2388 5346 quo
2411 5285 2493 5331 est
2524 5295 2536 5330 :
2567 5277 2634 5331 ab
2665 5279 2754 5332 illo
2783 5289 2864 5334 est
2889 5295 2918 5334 a
2949 5296 3052 5350 quo
3083 5281 3338 5350 procedit.

2295 5369 2348 5423 6.
2375 5369 2468 5423 Hic
2495 5369 2684 5439 aliquis
2705 5371 2921 5426 forsitan
2949 5382 3153 5441 quierat
3183 5383 3358 5428 utrum
3395 5383 3450 5430 et
3475 5389 3502 5428 a
3525 5375 3666 5431 Filio
3689 5391 3846 5448 pro-

2223 5459 2378 5514 cedat
2400 5460 2628 5529 Spiritus
2666 5471 2900 5518 sanctus.
2933 5465 3099 5520 Filius
3143 5466 3284 5521 enim
3329 5466 3492 5523 solius
3521 5468 3698 5524 Patris
3735 5481 3850 5528 est

2225 5550 2409 5618 Filius,
2436 5560 2492 5606 et
2519 5552 2673 5607 Pater
2703 5555 2868 5608 solius
2899 5555 3017 5610 Filii
3043 5565 3126 5611 est
3157 5557 3312 5612 Pater
3336 5576 3354 5612 :
3377 5558 3610 5629 Spiritus
3635 5571 3844 5620 autem

2224 5651 2440 5698 sanctus
2461 5654 2662 5700 nonest
2692 5647 2848 5701 unius
2876 5661 3062 5702 eorum
3107 5648 3354 5718 Spiritus,
3385 5650 3479 5705 sed
3507 5651 3842 5710 amborum.

2231 5733 2406 5790 llabes
2451 5737 2622 5807 ipsum
2661 5739 2941 5794 Dominum
2973 5738 3257 5811 dicentem,
3293 5741 3412 5796 Non
3437 5742 3572 5797 enim
3593 5759 3682 5802 eos
3701 5747 3848 5802 estis
