4102 6470
280 371 412 432 1889

276 491 361 562 qui
384 481 664 555 loquimini,
688 481 774 535 sed
815 479 1036 550 Spiritus
1063 476 1232 530 Putris
1277 474 1420 529 vestri
1445 474 1529 542 qui
1551 471 1774 541 loquitur
1794 469 1849 523 in

277 557 409 633 {lous
431 573 643 646 (Matth.
675 587 730 635 Σ,
753 568 844 637 20)
875 568 1074 622 :habes
1103 575 1156 620 et
1173 565 1513 634 Apostolunt,
1547 560 1689 614 Misit
1715 557 1849 611 Deus

279 669 529 738 Spiritum
561 665 681 718 Filii
704 663 783 716 sui
811 662 864 714 in
890 661 1043 713 corda
1061 668 1219 712 uestra
1246 655 1441 725 (Galat.
1465 670 1537 717 tv,
1579 650 1657 725 6).
1685 651 1852 706 Num-

275 759 400 831 quid
428 758 536 812 duo
563 763 715 817 sunt,
746 753 879 806 alius
907 749 1095 814 Patris,
1137 748 1271 800 alius
1293 744 1450 800 Filii?
1485 744 1650 798 Absit.
1686 742 1854 796 Unum

275 851 416 907 enim
445 864 648 917 corpus,
677 846 767 908 ait,
794 858 914 897 cum
937 841 1253 910 significaret
1281 836 1602 898 Ecclesium;
1629 847 1855 901 moxque

275 941 496 1002 addidit,
515 947 561 992 et
586 953 714 990 unus
736 934 980 1006 Spiritus.
1010 931 1074 984 Et
1095 929 1211 983 vide
1236 925 1500 997 quomodo
1520 925 1622 978 illic
1642 923 1857 992 impleat

275 1033 610 1089 Trinitatem.
651 1029 791 1084 Sicut
819 1025 977 1080 vocali
1015 1023 1149 1085 estis,
1174 1021 1357 1090 inquit,
1396 1020 1447 1072 in
1474 1035 1576 1070 una
1598 1032 1686 1085 spe
1709 1030 1857 1068 voca-

276 1127 425 1181 tionis
447 1134 638 1178 vestrae.
666 1120 809 1176 Unus
853 1118 1129 1180 Dominus;
1160 1114 1246 1168 hic
1267 1113 1444 1180 utique
1473 1109 1740 1164 Christum
1771 1106 1854 1160 in-

277 1217 440 1286 telligi
468 1215 630 1269 voluit
663 1232 675 1266 :
704 1219 868 1266 restat
911 1217 970 1262 ut
1007 1208 1165 1261 etiam
1207 1205 1416 1258 Patrem
1467 1200 1704 1254 nominet
1732 1215 1744 1251 :
1770 1211 1857 1250 se-

275 1309 458 1378 quitur
475 1321 622 1376 ergo,
649 1303 765 1359 Una
788 1303 934 1371 fides,
966 1315 1124 1353 unum
1150 1296 1413 1366 Baptisma
1435 1311 1454 1347 :
1480 1307 1610 1346 unus
1643 1290 1780 1344 Deus
1806 1298 1854 1343 et

277 1398 436 1453 Pater
459 1396 683 1451 omnium
703 1435 716 1459 ,
759 1393 848 1462 qui
870 1407 1021 1460 super
1041 1404 1210 1443 omnes
1234 1429 1248 1454 ,
1280 1395 1325 1439 et
1355 1402 1443 1456 per
1463 1397 1634 1436 omnes
1666 1381 1704 1445 ί,
1734 1388 1778 1432 ει
1803 1383 1856 1433 in

277 1490 506 1544 omnibus
536 1486 677 1540 nobis
706 1483 929 1557 (Ephes.
969 1497 1041 1547 tv,
1068 1477 1217 1548 4-6).
1244 1477 1376 1532 Cum
1403 1489 1530 1545 ergo
1558 1476 1692 1530 sicut
1721 1485 1855 1526 unus

276 1584 466 1649 Pater,
495 1589 548 1635 et
569 1594 705 1634 unus
731 1575 1003 1640 Dominus,
1036 1572 1087 1627 id
1117 1581 1199 1627 est
1226 1571 1411 1634 Filius,
1435 1569 1508 1623 ita
1555 1567 1623 1622 sit
1647 1575 1700 1620 et
1721 1579 1857 1620 unus

277 1673 542 1743 Spiritus;
576 1668 810 1740 profecto
835 1667 1110 1721 amborum
1131 1672 1214 1719 est
1236 1680 1249 1716 :
1282 1657 1708 1731 quandoquidem
1733 1656 1861 1711 dicit

278 1766 392 1834 ipse
421 1763 663 1818 Christus
687 1760 860 1823 Jesus,
887 1757 1110 1826 Spiritus
1141 1753 1311 1806 Patris
1340 1752 1489 1806 vestri
1517 1750 1604 1822 qui
1639 1749 1858 1817 loquitur

279 1859 328 1911 in
358 1856 534 1921 vobis;
560 1864 613 1909 et
639 1852 764 1907 dicit
794 1850 1094 1921 Apostolus,
1125 1845 1267 1900 Misit
1293 1844 1429 1899 Deus
1456 1843 1706 1912 Spiritum
1737 1840 1859 1895 Filii

280 1950 357 2002 sui
381 1948 435 2001 in
455 1946 610 1999 corda
634 1954 812 1998 vestra.
839 1941 1013 1997 [labes
1029 1940 1134 1994 alio
1157 1938 1274 1993 loco
1293 1934 1540 1992 eumdem
1565 1933 1860 2003 apostolum

281 2041 568 2104 dicentem,
615 2035 675 2093 Si
701 2043 865 2088 autem
897 2031 1122 2103 Spiritus
1146 2029 1257 2099 ejus
1281 2028 1367 2098 qui
1410 2025 1664 2081 suscitavit
1688 2023 1865 2077 Iesum

191 2139 193 2144 ’
282 2151 342 2189 ea:
370 2134 608 2198 mortuis,
639 2132 826 2184 habitat
851 2128 904 2182 in
929 2125 1106 2189 vobis;
1136 2123 1224 2178 hic
1265 2123 1445 2190 utique
1481 2118 1735 2188 Spiritum
1766 2117 1864 2171 Pa-

183 2223 190 2236 '
281 2226 379 2280 tris
425 2223 645 2291 intelligi
695 2217 996 2274 voluitzde
1039 2231 1144 2286 quo
1191 2223 1368 2268 tamen
1423 2213 1529 2267 alio
1569 2210 1686 2266 loco
1707 2209 1861 2275 dicit,

286 2315 526 2383 Quisquis
547 2323 713 2367 autem
745 2311 990 2380 Spiritum
1019 2304 1205 2362 Christi
1233 2322 1332 2359 non
1350 2302 1495 2358 habet
1519 2343 1533 2367 ,
1567 2302 1646 2354 hic
1670 2317 1770 2354 non
1796 2307 1868 2354 est

283 2408 392 2476 ejus
419 2405 594 2474 (Rom.
625 2418 738 2467 vm,
765 2402 851 2464 Η,
882 2400 963 2469 9).
1001 2399 1068 2453 Ει
1099 2397 1264 2452 multa
1291 2395 1391 2450 alia
1418 2401 1541 2448 sunt
1566 2391 1868 2447 testimonia

282 2497 478 2567 quibus
533 2495 636 2549 hoc
679 2491 952 2547 evidenter
991 2487 1323 2553 ostenditur,
1369 2493 1423 2540 et
1450 2483 1622 2538 Patris
1647 2490 1701 2537 et
1748 2479 1869 2534 Filii

283 2602 407 2643 esse
429 2587 684 2656 Spiritum
699 2583 787 2654 qui
813 2585 866 2637 in
887 2581 1144 2636 Trinitate
1165 2579 1356 2633 dicitur
1375 2576 1605 2646 Spiritus
1633 2581 1865 2629 sanctus.

358 2681 412 2733 7.
441 2679 552 2734 Nec
579 2679 647 2732 ob
679 2675 819 2730 aliud
841 2672 1087 2730 existimo
1118 2672 1287 2741 ipsum
1314 2669 1488 2724 vocari
1511 2666 1722 2737 proprie
1747 2665 1868 2734 Spi-

285 2773 448 2827 ritum
480 2789 492 2824 :
527 2785 648 2825 cum
698 2768 906 2824 etiamsi
939 2767 1006 2821 de
1048 2765 1270 2835 singulis
1297 2763 1718 2831 interrogemur,
1763 2773 1870 2813 non

287 2863 560 2932 possimus
588 2861 686 2914 nisi
730 2869 783 2914 et
817 2859 1026 2912 Patrem
1070 2864 1123 2909 et
1164 2853 1356 2909 Filium
1385 2852 1628 2922 spiritum
1653 2849 1868 2914 dicere;

287 2953 542 3024 quoniam
571 2952 785 3022 spiritus
811 2961 893 3005 est
925 2949 1064 3003 Deus
1097 2946 1275 3018 (Joan.
1303 2961 1377 3011 ιν,
1403 2945 1527 3013 24),
1558 2943 1609 2998 id
1634 2953 1736 3006 est,
1766 2956 1875 2997 non

289 3060 487 3115 corpus
513 3053 596 3098 est
620 3044 776 3107 Deus,
806 3039 899 3095 sed
927 3039 1163 3109 Spiritus.
1190 3035 1342 3103 Quod
1370 3049 1498 3105 ergo
1523 3032 1876 3089 communiter

289 3144 551 3191 vocantur
614 3144 668 3188 et
715 3131 942 3201 singuli,
993 3129 1094 3184 hoc
1137 3127 1354 3200 proprie
1399 3125 1578 3180 vocari
1642 3123 1877 3194 oportuit

291 3242 412 3283 eum
442 3225 536 3296 qui
566 3239 670 3278 non
697 3233 779 3278 est
800 3237 936 3276 unus
959 3235 1166 3286 eorum,
1199 3217 1288 3273 sed
1313 3217 1366 3272 in
1392 3230 1500 3287 quo
1525 3214 1876 3270 communitas

292 3330 515 3390 apparet
534 3317 830 3372 amborum.
856 3315 961 3368 Cur
977 3327 1102 3383 ergo
1123 3325 1238 3366 non
1253 3309 1532 3366 credamus
1558 3307 1698 3378 quod
1719 3307 1878 3366 etiam

294 3413 362 3468 de
388 3412 525 3467 Filio
555 3408 805 3480 procedat
829 3407 1055 3476 Spiritus
1078 3413 1314 3467 sanctus,
1360 3417 1480 3457 cum
1507 3401 1626 3456 Filii
1671 3412 1881 3470 quoque

294 3505 411 3574 ipse
430 3504 500 3558 sit
523 3500 787 3570 Spiritus?
815 3497 870 3554 Si
903 3498 1046 3553 enim
1078 3510 1181 3549 non
1203 3495 1270 3548 ab
1306 3508 1371 3550 eo
1399 3491 1744 3563 procederet,
1773 3505 1880 3543 non

297 3603 418 3666 post
498 3591 943 3648 resurrectionem
1008 3602 1068 3642 se
1149 3592 1538 3656 repraesentans
1605 3579 1880 3649 discipulis

296 3686 416 3740 suis
462 3683 784 3738 insulﬂasset
835 3679 1062 3735 dicens:
1095 3676 1318 3747 Accipite
1356 3673 1606 3744 Spiritum
1656 3679 1885 3725 sanctum

300 3774 412 3848 (Id.
434 3790 536 3839 xx,
593 3773 709 3844 2‘2).
751 3770 887 3837 Quid
928 3769 1070 3824 enim
1129 3756 1270 3823 aliud
1311 3762 1627 3835 signiﬁcavit
1667 3760 1759 3814 illa
1799 3759 1884 3848 in-

301 3847 562 3931 sumatio,
614 3864 717 3917 nisi
755 3861 897 3933 quod
943 3858 1196 3930 procedat
1227 3855 1454 3926 Spiritus
1505 3860 1718 3908 sanctus
1743 3847 1888 3904 etde

301 3959 466 4030 ipso?
494 3957 576 4012 Ad
623 3955 726 4011 hoc
770 3955 996 4025 pertinet
1035 3952 1194 4006 etiam
1243 3947 1370 4004 illud
1405 3945 1544 4018 quod
1571 3943 1888 3999 de-muliere

305 4068 424 4124 quze
449 4051 648 4105 ﬂuxum
671 4047 940 4118 sanguinis
970 4043 1288 4116 patiebatur,
1319 4041 1393 4093 ait
1421 4055 1434 4094 :
1469 4037 1652 4108 Tetigit
1680 4051 1758 4090 me
1785 4033 1886 4088 ali-

303 4146 450 4215 quis;
467 4159 557 4214 ego
578 4139 852 4195 enimseusi
868 4139 930 4191 de
943 4154 1019 4190 me
1040 4137 1268 4190 virtutem
1284 4134 1461 4188 exiisse
1478 4131 1627 4202 (Luc.
1641 4143 1756 4197 vni,
1774 4125 1885 4201 46).

304 4235 438 4291 Nam
486 4235 699 4288 virtutis
753 4231 967 4285 nomine
1009 4227 1262 4298 appellari
1299 4227 1458 4280 etiam
1488 4223 1740 4295 Spiritum
1763 4235 1890 4275 san-

307 4337 471 4393 ctum,
506 4335 642 4381 eteo
663 4325 779 4379 loco
805 4323 1007 4376 clarum
1031 4327 1146 4386 est,
1187 4319 1274 4374 ubi
1303 4317 1521 4387 angelus
1553 4314 1750 4370 dicenti
1779 4313 1892 4367 Ma-

308 4419 422 4486 rias,
449 4416 714 4484 Quomodo
746 4416 827 4484 ﬁet
844 4414 999 4477 istud,
1024 4412 1263 4482 quoniam
1286 4411 1447 4463 virum
1479 4425 1578 4463 non
1609 4404 1896 4478 cognosco?

250 4552 252 4554 τ
309 4511 605 4582 respondit,
633 4511 857 4577 Spiritus
894 4518 1097 4563 sanctus
1117 4505 1426 4577 superveniet
1472 4505 1525 4558 in
1571 4512 1633 4567 te,
1658 4510 1703 4556 et
1739 4501 1896 4555 virtus

312 4601 884 4660 Altissimiobumbrabit
909 4601 998 4654 tibi
1026 4598 1133 4671 (Id.
1164 4615 1202 4665 ι,
1226 4599 1312 4664 34,
1345 4598 1434 4667 55)
1465 4604 1552 4650 :et
1579 4596 1690 4665 ipse
1721 4594 1916 4648 Domi-—

313 4715 410 4754 nus
457 4697 774 4766 promittens
805 4709 929 4750 eum
959 4691 1252 4760 discipulis,
1286 4689 1379 4753 ait,
1414 4687 1512 4742 Vos
1544 4697 1707 4740 autem
1735 4684 1900 4737 sedete

313 4789 364 4842 in
396 4789 597 4843 civitate
621 4803 876 4858 quousque
899 4781 1184 4838 induamini
1207 4781 1387 4833 virtute
1412 4794 1472 4832 ex
1491 4777 1594 4830 alto
1611 4775 1720 4846 (Id.
1742 4788 1896 4840 xxiv,

315 4885 438 4957 49);
479 4895 534 4941 et
576 4887 790 4951 iterum,
837 4880 1123 4951 Accipietis,
1173 4875 1359 4946 inquit,
1400 4874 1631 4927 virtutem
1677 4870 1901 4940 Spiritus

316 4979 476 5033 sancti
535 4974 962 5047 superv'enientem
1006 4971 1060 5022 in
1117 4984 1238 5032 vos,
1289 4975 1336 5020 et
1394 4965 1528 5018 eritis
1580 4962 1704 5015 mihi
1758 4969 1903 5014 testes

319 5069 450 5139 (Act.
479 5084 519 5134 ι,
538 5065 614 5136 8).
649 5066 722 5120 De
751 5065 850 5119 hac
874 5063 1068 5116 virtute
1095 5055 1388 5112 credendus
1430 5062 1508 5108 est
1538 5053 1714 5106 dicere
1740 5065 1904 5104 evan-

319 5159 542 5230 gelista,
607 5155 777 5210 Virtus
838 5154 900 5207 de
958 5151 1050 5206 illo
1114 5149 1308 5213 exibat,
1364 5153 1411 5199 et
1464 5144 1675 5198 sanabat
1729 5155 1903 5194 omnes

322 5249 469 5321 (Luc.
496 5265 573 5313 vr,
608 5249 722 5315 19).

392 5343 445 5396 8.
477 5339 534 5396 Si
557 5355 685 5410 ergo
705 5346 758 5393 ct
781 5336 847 5391 de
877 5335 1033 5389 Patre
1057 5341 1110 5387 et
1137 5331 1202 5385 de
1225 5329 1360 5383 Filio
1387 5325 1626 5397 procedit
1666 5323 1905 5394 Spiritus

324 5441 705 5497 sanctus;cur
757 5427 923 5483 Filius
975 5424 1125 5488 dixit,
1174 5421 1252 5475 De
1285 5418 1439 5472 Patre
1477 5415 1905 5487 procedit(Joan.

1462 351 1865 412 rnscrsrus
1906 353 1964 412 (ι,
2005 333 2228 415 CAPUT'
2265 354 2403 410 xvr.

3408 361 3536 420 £890

1964 484 2056 527 xv.
2086 466 2157 522 26
2184 469 2237 538 )?
2261 468 2368 522 Cur
2396 477 2570 538 putas,
2601 468 2700 524 nisi
2731 470 3178 540 quemadmodum
3211 474 3276 529 ad
3303 489 3424 530 eum
3451 492 3539 530 so-

1960 559 2034 613 let
2053 559 2251 614 rel‘erre
2271 570 2323 614 et
2352 561 2491 630 quod
2522 562 2684 631 ipsius
2705 572 2805 629 est,
2835 563 2900 618 de
2927 581 3034 633 quo
3057 577 3106 620 et
3135 567 3247 635 ipse
3276 568 3396 622 est?
3431 567 3538 622 Un-

1961 649 2028 704 de
2053 650 2177 704 illud
2202 659 2282 704 est
2321 651 2459 719 quod
2487 651 2578 715 ait,
2615 652 2730 705 Mea
2757 653 2983 707 doctrina
3029 672 3127 708 non
3168 665 3240 709 est
3272 672 3421 719 mem
3450 657 3539 712 sed

1962 743 2068 812 ejus
2094 743 2176 811 qui
2204 759 2280 794 me
2305 743 2435 795 misit
2457 744 2474 812 (
2493 744 2645 797 Joau.
2675 761 2764 810 vn,
2790 745 2854 800 16
2874 746 2912 816 ).
2955 747 3009 802 Si
3053 749 3211 818 igitur
3237 749 3542 819 intelligitur

1960 831 2049 887 hic
2090 833 2205 901 ejus
2238 833 2494 897 doctrina,
2541 851 2697 903 quam
2727 845 2902 890 tamen
2939 837 3070 892 dixit
3099 854 3203 892 non
3229 855 3401 906 suam,
3434 839 3530 894 sed

1962 923 2174 988 Patris;
2207 931 2404 992 quanto
2453 925 2620 993 magis
2658 925 2765 980 illic
2805 928 3175 998 intelligendus
3223 931 3394 985 estde
3422 931 3538 1000 ipso

1962 1014 2248 1083 procedere
2275 1014 2501 1084 Spiritus
2541 1025 2773 1082 sanctus,
2806 1019 2892 1072 ubi
2911 1020 2987 1072 sic
3011 1021 3103 1086 ait,
3138 1020 3211 1073 De
3239 1020 3395 1075 Patre
3413 1038 3538 1092 pro-

1961 1106 2126 1168 cedit,
2155 1115 2213 1159 ut
2239 1120 2340 1158 non
2381 1106 2600 1172 diceret,
2645 1107 2719 1161 De
2771 1123 2856 1163 me
2905 1125 3008 1164 non
3058 1111 3334 1180 procedit?
3363 1113 3404 1166 A
3434 1128 3540 1182 quo

1960 1205 2135 1252 autem
2161 1197 2571 1275 habetFilius'ut
2591 1199 2658 1252 sit
2682 1199 2818 1254 Deus
2835 1199 2946 1272 (est
2966 1203 3104 1256 enim
3125 1202 3193 1258 de
3215 1205 3324 1258 Deo
3350 1203 3536 1275 Deus),

1960 1289 2026 1344 ab
2057 1290 2144 1343 illo
2170 1289 2328 1343 habet
2356 1289 2532 1358 utique
2574 1299 2626 1343 ut
2657 1291 2814 1344 etiam
2864 1291 2928 1346 de
2977 1293 3067 1346 illo
3098 1294 3345 1362 procedat
3368 1295 3538 1364 Spiri-

1963 1389 2045 1436 tus
2073 1391 2322 1436 sanctus:
2353 1397 2413 1436 ac
2435 1397 2528 1450 per
2559 1380 2658 1436 hoc
2684 1381 2912 1451 Spiritus
2949 1391 3166 1439 sanctus
3198 1393 3253 1437 ut
3276 1386 3435 1440 etiam
3464 1386 3534 1440 de

1962 1474 2094 1528 Filio
2122 1473 2391 1544 procedat,
2423 1472 2560 1528 sicut
2580 1473 2816 1543 procedit
2849 1473 2914 1529 de
2941 1474 3113 1541 Patre,
3143 1476 3210 1530 ab
3231 1475 3346 1545 ipso
3375 1475 3537 1532 habet

1961 1565 2139 1622 Patre.
3486 1605 3504 1620 π
3515 1589 3542 1630 Δ

2033 1658 2087 1712 9.
2116 1656 2211 1711 llic
2236 1666 2517 1727 utcumque
2543 1656 2702 1712 etiam
2729 1656 2857 1712 illud
2879 1658 3202 1728 intelligitur,
3236 1667 3489 1728 quantum
3508 1673 3539 1714 a

1965 1749 2154 1803 talibus
2174 1749 2356 1818 quales
2391 1763 2488 1803 nos
2511 1763 2712 1814 sumus,
2746 1749 2969 1818 intelligi
2995 1758 3183 1816 potest,
3211 1765 3308 1803 cur
3332 1766 3434 1804 non
3455 1751 3540 1804 di-

1965 1848 2114 1893 catur
2144 1849 2298 1892 natus
2319 1852 2454 1901 esse,
2480 1839 2572 1893 sed
2600 1840 2772 1908 potius
2824 1839 3115 1908 procedere
3162 1839 3391 1910 Spiritus
3419 1855 3542 1894 san-

1965 1939 2100 1984 ctus.
2124 1929 2379 1995 Quoniam
2410 1930 2451 1982 si
2490 1940 2542 1983 et
2576 1930 2688 1999 ipse
2717 1929 2883 1983 Filius
2926 1929 3219 1994 diceretur,
3261 1930 3541 1984 amborum

1965 2021 2146 2089 utique
2175 2020 2339 2074 Filius
2363 2020 2641 2086 diceretur,
2684 2021 2821 2090 quod
2857 2021 3290 2075 absurdissimum
3321 2030 3420 2076 est.
3449 2021 3543 2076 Fi-

1968 2110 2070 2164 lius
2113 2111 2306 2180 quippe
2349 2109 2517 2164 nullus
2561 2119 2641 2163 est
2669 2109 2915 2174 duorum,
2949 2110 3050 2166 nisi
3074 2110 3236 2180 patris
3260 2119 3314 2165 et
3337 2111 3540 2166 matris.

1968 2200 2332 2264 Absitautem,
2362 2209 2416 2253 ut
2441 2201 2573 2254 inter
2599 2201 2762 2254 Deum
2794 2201 3002 2255 Patrem
3033 2214 3087 2256 et
3133 2203 3300 2257 Deum
3345 2202 3541 2258 Filium

1969 2289 2074 2344 tale
2104 2289 2298 2359 aliquid
2332 2289 2676 2358 suspicemur.
2709 2290 2840 2356 Quia
2871 2305 2971 2346 nec
2997 2290 3139 2346 filius
3171 2292 3445 2346 hominum
3470 2292 3547 2347 si-

1969 2381 2078 2435 mul
2107 2389 2162 2436 et
2183 2395 2248 2436 ex
2280 2389 2424 2449 patre
2444 2392 2493 2434 et
2512 2397 2576 2435 ex
2607 2390 2774 2436 matre
2792 2382 3063 2451 procedit:
3089 2382 3181 2436 sed
3211 2398 3332 2436 cum
3358 2383 3410 2436 in
3436 2397 3551 2437 ma-

1973 2479 2107 2526 trem
2139 2472 2373 2540 procedit
2408 2485 2472 2527 ex
2520 2481 2689 2542 patre,
2716 2487 2821 2528 non
2844 2483 2968 2528 tunc
2996 2474 3232 2543 procedit
3256 2489 3322 2530 ex
3344 2484 3547 2539 matre;

1971 2571 2026 2616 et
2071 2575 2189 2616 cum
2220 2562 2272 2616 in
2303 2563 2437 2617 hanc
2482 2561 2652 2618 lucem
2702 2564 2938 2633 procedit
2982 2580 3046 2619 ex
3075 2575 3260 2631 matre,
3292 2579 3396 2620 non
3429 2574 3553 2621 tunc

1974 2657 2210 2727 procedit
2233 2670 2296 2710 ex
2328 2665 2492 2726 patre.
2518 2656 2744 2725 Spiritus
2783 2667 2958 2711 autem
2998 2667 3212 2712 sanctus
3237 2672 3344 2712 non
3365 2657 3432 2712 de
3452 2658 3555 2713 Pa-

1976 2755 2056 2800 tre
2098 2746 2335 2816 procedit
2383 2747 2433 2801 in
2460 2746 2674 2811 Filium,
2701 2756 2757 2801 et
2780 2747 2847 2802 de
2877 2748 3016 2802 Filio
3049 2748 3290 2815 procedit
3332 2748 3399 2802 ad
3425 2763 3552 2802 san-

1977 2838 2304 2893 ctiticandam
2342 2847 2663 2901 creaturam;
2699 2838 2792 2893 sed
2835 2839 2989 2892 simul
3018 2839 3084 2892 de
3113 2849 3336 2908 utroque
3362 2853 3554 2907 proce-

1977 2930 2051 2985 dit
2084 2949 2096 2984 :
2123 2932 2361 3001 quamvis
2385 2931 2483 2985 hoc
2512 2930 2644 2986 Filio
2677 2931 2834 2985 Pater
2853 2930 3082 2993 dederit,
3111 2939 3174 2984 ut
3200 2930 3552 2998 quemadmo-

1979 3021 2100 3074 dum
2125 3021 2192 3075 de
2215 3037 2291 3086 se,
2328 3022 2395 3074 ita
2423 3022 2488 3075 de
2515 3022 2604 3074 illo
2627 3037 2838 3090 quoque
2887 3021 3157 3088 procedat.
3202 3020 3383 3089 Neque
3410 3020 3554 3076 enim

1977 3125 2257 3180 possumus
2299 3111 2475 3166 dicere
2518 3111 2654 3180 quod
2682 3126 2786 3165 non
2813 3112 2884 3166 sit
2912 3112 3019 3165 vita
3051 3111 3278 3181 Spiritus
3305 3119 3518 3166 sanctus

1979 3217 2096 3257 cum
2123 3202 2227 3256 vita
2257 3203 2430 3269 Pater,
2473 3203 2578 3257 vita
2608 3203 2674 3259 sit
2722 3203 2906 3257 Filius.
2933 3205 3010 3258 Ac
3038 3218 3132 3272 per
3161 3202 3264 3258 hoc
3289 3204 3425 3258 sicut
3453 3204 3556 3258 Pa-

1985 3305 2058 3349 ter
2077 3310 2195 3348 cum
2219 3293 2408 3349 habeat
2433 3294 2591 3349 vitam
2624 3296 2674 3348 in
2703 3295 3012 3364 semetipso,
3045 3295 3192 3349 dedit
3217 3305 3271 3349 et
3297 3295 3430 3349 Filio
3460 3294 3562 3349 ha-

1979 3387 2100 3441 bere
2128 3387 2283 3440 vitam
2317 3386 2368 3439 in
2397 3386 2712 3456 semetipso;
2742 3386 2819 3439 sic
2839 3387 2886 3439 ei
2909 3385 3054 3440 dedit
3079 3385 3239 3439 vitam
3267 3384 3563 3455 procedere

1983 3480 2048 3535 de
2075 3479 2178 3543 illo,
2206 3479 2340 3532 sicut
2364 3477 2603 3548 procedit
2627 3487 2680 3531 et
2705 3477 2771 3532 de
2791 3478 2905 3545 ipso
2937 3475 3035 3548 (a).
3060 3475 3366 3546 Sequuntur
3385 3484 3563 3530 autem

1982 3572 2135 3625 verba
2166 3569 2371 3623 Domini
2395 3569 2621 3623 dicentis
2650 3585 2664 3621 :
2700 3568 2767 3620 Et
2785 3583 2897 3637 qua:
2948 3578 3157 3621 ventura
3194 3577 3331 3633 sunt,
3358 3583 3563 3620 annuu-

1985 3659 2294 3714 tiabitvobis.
2334 3658 2433 3712 Ille
2456 3675 2536 3711 me
2556 3658 2874 3726 clari/imbit,
2920 3658 3040 3726 quia
3079 3655 3142 3710 de
3180 3673 3292 3709 meo
3331 3656 3560 3725 accipiet,

1989 3759 2026 3803 tt
2059 3749 2371 3804 annuntiabit
2421 3748 2574 3802 vobis.
2621 3749 2808 3801 Omnia
2850 3763 3173 3817 quaecumque
3201 3746 3346 3800 habet
3383 3745 3560 3813 Pater,

1989 3859 2087 3898 nea
2105 3851 2219 3896 sunt
2247 3857 2268 3896 :
2299 3851 2561 3912 prapterea
2581 3841 2688 3893 dixi
2707 3840 2826 3906 quia
2841 3840 2901 3892 de
2923 3855 3029 3892 meo
3049 3839 3276 3908 accipiet,
3298 3847 3343 3892 et
3362 3853 3566 3891 annun-

1995 3933 2118 3987 tabit
2159 3931 2313 3987 vobis.
2338 3931 2444 3985 Sed
2473 3930 2593 4000 quia
2643 3930 2742 3984 iste
2765 3929 2875 3999 jam
2925 3929 3164 3999 prolixus
3193 3937 3293 3996 est,
3323 3929 3374 3984 in
3401 3929 3564 3982 alium

1994 4034 2103 4082 sunt
2138 4025 2431 4082 diﬂ‘erenda
2456 4038 2782 4080 sermonem.

2511 4157 2918 4216 TRACTATUS
2954 4158 3014 4214 C.

2049 4274 2116 4329 In
2167 4273 2392 4345 ejusdem
2425 4273 2649 4328 lectionis
2690 4272 2836 4324 verba
2881 4281 3150 4341 postrema.
3205 4270 3331 4342 Cap.
3380 4286 3495 4338 xw,

2595 4363 2878 4432 7.1545.

2056 4497 2267 4553 LCum
2296 4497 2630 4566 promitteret
2679 4493 2933 4547 Dominus
2981 4501 3262 4548 venturum
3313 4492 3570 4562 Spiritum

1997 4600 2243 4653 ianctum,
2284 4588 2493 4642 Docebit
2540 4602 2645 4651 vos,
2685 4586 2873 4654 inquit,
2901 4601 3096 4639 onmem
3123 4585 3380 4639 veritatem
3405 4601 3427 4649 ,°
3454 4583 3562 4647 vel,

2001 4682 2120 4758 luod
2141 4683 2190 4736 in
2215 4680 2480 4735 nonnullis
2497 4677 2768 4732 codicibus
2785 4677 2992 4747 legitur,
3021 4677 3238 4731 Deducet
3255 4692 3340 4729 vos
3360 4677 3410 4729 in
3434 4691 3575 4748 cum;

2003 4776 2210 4830 ieritate.
2244 4770 2364 4825 Non
2394 4771 2525 4824 enim
2552 4769 2780 4835 loquetur
2795 4785 2825 4820 a
2841 4768 3126 4838 semetipso,
3142 4768 3230 4820 sed
3247 4781 3575 4837 quascumque

2007 4867 2179 4928 audiet,
2221 4864 2467 4929 loquetur.
2520 4861 2595 4914 De
2645 4859 2838 4929 quibus
2892 4858 3212 4928 evangelicis
3238 4856 3416 4912 verbis
3461 4856 3574 4924 jam

2006 4956 2127 5027 μιοά
2154 4953 2369 5010 donavit
2415 4953 2667 5007 Dominus
2711 4950 3098 5019 disputavimus
3132 4965 3147 5003 :
3176 4962 3316 5002 nunc
3363 4960 3423 5000 ea
3458 4959 3576 5014 qua:

2002 5056 2280 5118 sequuntur
2327 5044 2602 5099 attendite.
2661 5043 2726 5118 Et
2781 5058 2894 5114 qua:
2946 5050 3153 5095 ventura
3197 5048 3332 5104 sunt,
3387 5038 3575 5107 inquit,

2007 5137 2302 5192 mnuutiabit
2327 5135 2482 5189 vobis.
2511 5114 2695 5203 Neque
2726 5134 2810 5187 hic
2839 5141 2939 5197 est,
2970 5132 3214 5202 quoniam
3239 5131 3451 5199 planum
3475 5138 3574 5193 est,

2015 5228 2380 5283 inmorandum
2417 5244 2429 5279 :
2461 5226 2591 5280 nihil
2633 5226 2776 5280 enim
2825 5224 2986 5279 habet
3011 5222 3339 5294 qumstionis,
3371 5219 3520 5290 cujus
3549 5234 3580 5274 a

2011 5322 2147 5376 tOblS
2179 5321 2442 5389 expositio
2466 5321 2759 5388 ﬂagitetur.
2788 5316 2894 5371 Sed
2925 5315 3065 5384 quod
3093 5314 3351 5384 adiungit,
3381 5312 3481 5367 Ille
3505 5329 3583 5368 me

2007 5414 2313 5484 :lariﬁcabit,
2345 5413 2465 5482 quia
2494 5412 2555 5464 de
2601 5427 2709 5464 meo
2753 5409 2982 5479 accipiet,
3013 5416 3056 5461 et
3081 5407 3396 5460 annuntiab‘it
3424 5405 3582 5473 vobis,

2003 5523 2101 5562 non
2125 5506 2452 5576 negligenter
2473 5511 2557 5558 est
2593 5501 2997 5556 transeundum.
3025 5498 3174 5564 Quod
3205 5497 3346 5551 enim
3376 5497 3468 5562 ait,
3491 5496 3588 5550 Ille

388 5573 404 5604 ι
433 5570 569 5626 ΡΔὶιι,
609 5579 696 5626 per
734 5577 910 5615 omnia.
952 5568 1008 5612 At
1045 5569 1170 5626 Mss,
1196 5570 1281 5620 per
1303 5567 1462 5626 omnes
1490 5565 1508 5604 :
1532 5566 1624 5602 nec
1659 5553 1755 5626 nisi
1776 5563 1876 5626 paul

2003 5553 2101 5562 I'VI'
2126 5553 2441 5576 ’””ῠ““ον“’”““
2478 5553 2553 5558 ⁷⁷⁷
2596 5553 2626 5555 “”
2650 5553 2655 5554 ⁷
2681 5553 2734 5556 ““⁷
2752 5553 2766 5556 '
2784 5553 2822 5556 "'
2860 5553 2868 5554 ί
2899 5553 2906 5554 ί
3035 5553 3062 5564 η
3457 5553 3468 5562 r

1999 5615 2077 5626 ...Α
2122 5596 2418 5626 ,Ιηυὲἐηηιιὲι
2488 5602 2658 5626 mnino!
2710 5593 2929 5626 ἶηΙοΙΙῖηἷ
3005 5591 3123 5626 ΠΙΙῖἿ
3155 5589 3501 5626 rliﬂ'nnrlnnrln
3533 5588 3544 5626 ἰ

388 5589 404 5604 ³
433 5589 569 5626 ιίλωιι,
641 5589 696 5616 er
734 5589 910 5615 mrtuus.
952 5589 1008 5612 ιιι
1047 5589 1170 5617 mam,
1196 5589 1268 5620 μω
1303 5589 1462 5604 vmuw
1490 5591 1502 5604 ο
1533 5589 1624 5602 nu:
1661 5589 1750 5602 ιιιυι
1776 5589 1912 5614 ιρ-ιυνι
2233 5598 2244 5608 ,
2387 5597 2397 5607 ,
2710 5594 2722 5605 ,
2863 5595 2874 5604 ,
2917 5593 2929 5604 ,
3079 5591 3090 5602 ,
3194 5590 3204 5600 ,
3534 5589 3544 5599 ,

325 5632 523 5692 addunt,
547 5589 697 5690 nobis,
724 5629 788 5692 in
820 5622 1216 5692 ﬁneversiculi.“
1232 5627 1376 5692 Porro
1411 5618 1665 5692 in‘grteclo.
1688 5613 1915 5686 esitare
1999 5615 2077 5674 me
2118 5596 2440 5666 clariﬁcabit,
2488 5602 2661 5665 potest
2711 5593 2953 5661 intelligi,
3005 5606 3124 5660 quia
3155 5589 3501 5644 diffundendo
3533 5604 3586 5642 tn

325 5675 523 5757 satis};
547 5675 1000 5757 ia‘c'ér'ageneas;
1036 5690 1086 5732 ει
1106 5683 1166 5754 ςιιι
1188 5680 1333 5757 ﬁnem
1357 5675 1540 5757 (ιιηιίάτ
1564 5675 1915 5757 ι“ρι’ίειιίι¹-¹ί³..ί-“

329 5737 834 5806 ia'cE’Boiiséaiieb‘éi
870 5737 1067 5812 Vulgata
1103 5745 1154 5793 in
1196 5742 1404 5803 antiquis
1437 5737 1806 5790 Corbeieusibus
1843 5737 1914 5785 Bi-

332 5816 456 5867 bilis.
1441 5827 1446 5832 '

2065 5733 2136 5794 (a)
2169 5740 2301 5780 nunc
2334 5730 2492 5794 locum
2519 5742 2544 5778 a
2580 5743 2629 5777 ιι.
2665 5728 2696 5777 8
2718 5725 2961 5778 transtulit
2999 5732 3196 5788 August.
3233 5729 3283 5775 tn
3325 5724 3386 5773 15
3410 5721 3492 5770 lib.
3521 5721 3586 5770 de

2002 5792 2254 5856 Trinitate,
2276 5805 2380 5855 cap.
2406 5792 2484 5840 “2.7.
