4028 6484
548 467 800 526 cordibus
815 465 1144 524 credentium
1160 461 1492 525 charitatem,
1515 458 1920 530 spiritualesquc
1942 456 2133 512 facien-

546 560 638 628 do,
663 558 948 615 declaravit
976 558 1055 613 eis
1078 553 1344 627 quomodo
1367 551 1533 606 Filius
1553 549 1696 604 Patri
1727 557 1871 604 esset
1891 549 2130 638 aqualis,

547 666 707 723 quem
734 648 1025 707 secundum
1051 661 1264 703 carnem
1288 644 1431 714 prius
1459 640 1823 696 tantummodo
1847 650 2131 704 noveram,

545 751 601 798 et
627 741 896 797 hominem
927 739 1064 794 sicut
1091 735 1330 791 homines
1351 732 1676 803 cogitabant.
1706 731 1794 785 Vel
1821 741 1988 797 certe,
2008 731 2132 800 quia

544 847 640 903 per
665 832 831 902 ipsam
855 829 1164 885 charitatem
1177 825 1365 879 fiducia
1392 824 1576 892 repleti
1597 824 1638 889 ¹,
1658 832 1710 878 et
1734 823 1924 878 timore
1943 823 2132 892 depul-

542 938 624 989 so,
652 921 1097 978 annuntiaverunt
1148 917 1447 973 hominibus
1475 915 1770 981 Christum;
1798 930 1860 969 ac
1888 915 1965 969 sic
1992 913 2129 969 fama

543 1015 658 1085 ejus
685 1012 872 1070 diffusa
897 1021 981 1068 est
1009 1020 1118 1066 toto
1146 1010 1275 1065 orbe
1295 1015 1576 1063 terrarum.
1608 1006 1678 1062 Ut
1697 1007 1774 1061 sic
1799 1006 2008 1070 dixerit,
2031 1005 2132 1062 Ille

543 1123 624 1162 me
641 1103 958 1176 clariﬁcabit,
989 1111 1237 1174 tanquam
1270 1100 1470 1156 diceret
1499 1117 1512 1152 :
1543 1099 1636 1153 Ille
1657 1099 1808 1153 vobis
1833 1097 2038 1153 auferet
2061 1099 2129 1152 ti-

541 1215 771 1268 morem,
798 1206 852 1253 et
877 1197 1024 1252 dabit
1074 1209 1331 1258 amorem,
1364 1207 1471 1263 quo
1513 1207 1598 1246 me
1635 1189 1905 1244 ardentius
1930 1189 2127 1259 praedi-

539 1299 743 1357 cantes,
759 1289 940 1362 gloria:
961 1302 1093 1344 mem
1116 1301 1210 1356 per
1227 1293 1393 1340 totum
1415 1283 1667 1337 mundum
1685 1281 1872 1336 dabitis
1885 1279 2123 1345 odorem,

542 1378 984 1436 commendabitis
1025 1377 1302 1431 honorem.
1347 1373 1497 1441 Quod
1525 1373 1664 1427 enim
1708 1371 1890 1425 facturi
1918 1370 2130 1426 fuerant

537 1471 594 1527 in
615 1470 814 1542 Spiritu
833 1476 1039 1535 sancto,
1074 1467 1173 1521 hoc
1192 1465 1436 1520 eumdem
1462 1464 1716 1533 Spiritum
1739 1461 1870 1516 dixit
1897 1475 2017 1516 esse
2044 1460 2124 1516 fa-

539 1572 747 1618 cturum
777 1578 793 1616 :
818 1559 973 1630 quale
997 1566 1079 1612 est
1106 1557 1264 1611 etiam
1296 1554 1443 1619 illud,
1475 1553 1594 1607 Non
1619 1554 1749 1607 enim
1773 1567 1858 1607 vos
1895 1553 2010 1606 estis
2035 1552 2127 1622 qui

538 1649 821 1722 loquimini,
851 1647 938 1702 sed
969 1646 1193 1716 Spiritus
1235 1643 1406 1698 Patris
1426 1645 1573 1698 uestri
1607 1643 1694 1714 qui
1723 1641 1943 1715 loquitur
1961 1643 2014 1696 in
2039 1655 2126 1696 vo-

537 1741 644 1812 bis(
668 1738 856 1794 Matth.
883 1755 938 1804 χ,
961 1736 1090 1806 20).
1113 1736 1344 1791 Verbum
1387 1735 1581 1805 quippe
1625 1749 1849 1804 grmcum
1876 1732 2017 1804 quod
2041 1741 2126 1789 est

538 1839 742 1902 δοξάσει,
772 1831 906 1887 alius
928 1827 1245 1898 clari/icabit,
1273 1827 1407 1882 alius
1433 1824 1751 1897 gtoriﬁcabit,
1779 1825 1926 1879 latini
1951 1825 2122 1880 inter-

536 1934 716 1997 pretes
768 1925 821 1978 in
851 1937 948 1978 sua
985 1922 1207 1991 quisque
1246 1917 1593 1974 translatione
1636 1925 1960 1987 posuerunt:
1992 1931 2124 1986 quo-

534 2017 678 2072 niam
724 2014 836 2084 ipsa
877 2028 998 2084 quae
1037 2026 1211 2083 grmce
1238 2010 1431 2064 dicitur
1461 2015 1594 2074 δόξα,
1623 2008 1757 2063 unde
1799 2008 1994 2062 dictum
2039 2018 2124 2064 est

531 2107 755 2162 verbum
777 2110 983 2172 δοξάσει,
1005 2102 1285 2159 etclaritas
1306 2102 1680 2170 interpretatur
1695 2109 1746 2153 et
1775 2098 1966 2168 gloria.
1990 2098 2121 2155 Glo-

530 2201 611 2255 ria
636 2212 865 2267 namque
890 2195 947 2250 iit
971 2195 1195 2265 quisque
1217 2193 1412 2258 clarus,
1459 2199 1514 2247 et
1554 2191 1786 2246 claritate
1814 2190 2076 2260 gloriosus
2100 2207 2115 2256 ;

530 2303 594 2344 ac
620 2303 715 2358 per
743 2287 844 2341 hoc
866 2285 1008 2355 quod
1038 2292 1264 2351 utroque
1305 2284 1473 2337 verbo
1513 2281 1854 2351 signiﬁcatur,
1889 2281 2117 2350 idipsum

531 2388 634 2435 est.
659 2377 807 2434 Sicut
829 2386 1005 2431 autem
1029 2375 1348 2431 definierunt
1369 2375 1570 2444 antiqui
1594 2374 1760 2428 latina:
1785 2374 1976 2443 linguae
2005 2373 2116 2427 cla-

530 2470 727 2526 rissimi
770 2476 1032 2533 auctores,
1081 2465 1244 2536 gloria
1272 2474 1354 2521 est
1397 2464 1636 2535 frequens
1663 2463 1729 2519 de
1771 2465 1946 2534 aliquo
1980 2464 2116 2519 fama

531 2578 653 2618 cum
677 2561 854 2615 laude.
885 2560 1013 2628 Qua:
1035 2574 1154 2614 cum
1175 2566 1259 2613 est
1292 2561 1343 2612 in
1371 2557 1469 2611 hoc
1497 2556 1692 2611 mundo
1718 2554 1850 2610 facta
1873 2556 1940 2610 de
1966 2555 2118 2610 Chri-

533 2663 637 2718 sto,
664 2665 771 2706 nou
801 2649 1015 2706 Christo
1029 2647 1292 2704 credenda
1315 2657 1660 2717 estmagnum
1705 2645 1901 2716 aliquid
1930 2653 2116 2700 contu-

525 2740 677 2809 lisse,
705 2740 799 2798 sed
826 2739 1044 2795 mundo.
1074 2739 1278 2792 Bonum
1303 2739 1441 2794 enim
1479 2737 1710 2806 laudare,
1741 2751 1847 2792 non
1876 2735 2110 2806 laudato,

529 2832 625 2888 sed
651 2830 986 2886 laudantibus
1015 2828 1249 2900 prodest.

597 2920 655 2974 2.
699 2921 794 2974 Est
822 2930 1000 2975 autem
1035 2920 1193 2974 etiam
1221 2917 1351 2972 falsa
1379 2917 1564 2988 gloria,
1593 2917 1803 2988 quando
1838 2917 2114 2972 laudantes

531 3026 716 3070 errore
741 3010 1015 3074 falluntur.
1043 3012 1154 3064 sive
1175 3011 1226 3064 in
1258 3010 1436 3074 rebus,
1469 3011 1579 3064 sive
1605 3011 1656 3062 in
1686 3009 2008 3074 hominibus,
2041 3009 2114 3063 si-

527 3121 593 3161 ve
617 3105 671 3160 in
699 3105 956 3174 utrisque.
975 3101 1106 3156 Nam
1131 3103 1182 3156 ln
1204 3102 1364 3155 rebus
1390 3099 1659 3166 falluntur,
1691 3100 1902 3171 quando
1931 3107 2115 3170 putant

527 3197 580 3253 id
610 3197 807 3252 bonum
829 3209 949 3252 esse
976 3193 1116 3264 quod
1142 3193 1335 3247 malum
1362 3201 1443 3246 est
1473 3209 1486 3246 :
1518 3191 1571 3246 in
1595 3191 1892 3247 hominibus
1916 3202 2110 3259 autem,

525 3287 739 3358 quando
793 3292 984 3357 putant
1020 3297 1140 3339 eum
1191 3283 1388 3337 bonum
1437 3297 1557 3337 esse
1581 3283 1669 3352 qui
1697 3283 1865 3338 malus
1890 3291 2010 3337 est:
2058 3281 2109 3338 in

530 3377 770 3447 utrisque
793 3389 948 3443 vero,
976 3373 1187 3446 quando
1211 3383 1264 3428 et
1286 3374 1336 3428 id
1363 3373 1503 3444 quod
1516 3375 1807 3439 estvitium,
1825 3375 1991 3429 virtus
2017 3389 2111 3443 pu-

528 3476 704 3533 tatur;
733 3475 786 3522 et
814 3466 927 3537 ipse
968 3466 1059 3537 qui
1096 3473 1314 3535 propter
1350 3464 1453 3519 hoc
1495 3464 1755 3530 laudatur,
1811 3481 1914 3520 non
1958 3464 2112 3521 habet

527 3557 670 3628 quod
696 3566 932 3628 putatur,
963 3557 1075 3612 sive
1096 3555 1164 3610 sit
1191 3555 1388 3620 bonus,
1417 3555 1531 3610 sive
1579 3555 1647 3610 sit
1694 3555 1882 3609 malus.
1909 3555 2110 3612 Donare

527 3652 723 3721 quippe
747 3665 836 3706 res
864 3663 988 3704 suas
1014 3648 1381 3713 histrionibus,
1420 3647 1603 3701 vitium
1625 3658 1704 3701 est
1732 3647 1979 3713 immane,
2006 3661 2110 3701 non

525 3742 695 3798 virtus
726 3761 740 3796 :
781 3751 837 3798 et
863 3741 1010 3797 scitis
1061 3739 1128 3795 de
1154 3739 1348 3794 talibus
1385 3753 1542 3808 quam
1577 3739 1645 3794 sit
1692 3738 1940 3810 frequens
1975 3738 2104 3795 fama

526 3847 648 3887 cum
672 3831 861 3897 laude;
891 3830 1035 3900 quia,
1063 3830 1200 3886 sicut
1227 3829 1482 3898 scriptum
1510 3837 1612 3896 est,
1643 3828 1907 3885 Laudatur
1932 3846 2100 3901 pecca-

527 3933 606 3978 tor
627 3924 682 3978 in
706 3922 965 3977 desideriis
993 3921 1177 3975 animae
1199 3937 1323 3985 sum,
1351 3930 1397 3974 et
1417 3921 1502 3991 qui
1542 3921 1714 3992 iniqua
1740 3923 1885 3993 gerit,
1913 3921 2100 3977 benedi-

525 4016 658 4070 citur
677 4012 846 4086 (Psal.
873 4027 947 4079 Ix,
975 4012 1008 4066 5
1027 4011 1068 4082 ).
1099 4009 1196 4065 Hic
1218 4011 1517 4066 laudatores
1540 4027 1645 4067 non
1660 4012 1984 4069 fallunturin
2013 4013 2097 4070 ho-

525 4105 777 4170 minibus,
808 4104 902 4158 sed
928 4103 979 4156 iu
1005 4101 1167 4157 rebus
1193 4119 1206 4154 :
1247 4102 1445 4156 malum
1471 4112 1551 4156 est
1571 4103 1712 4157 enim
1748 4104 1889 4174 quod
1915 4105 2098 4160 bonun

525 4209 648 4251 esse
667 4193 908 4248 credunt.
929 4191 1007 4245 llli
1033 4199 1209 4246 autem
1237 4192 1326 4261 qui
1355 4192 1456 4246 hoc
1471 4192 1613 4246 malo
1638 4193 1934 4262 largitionis
1954 4195 2096 4250 vitio-

525 4287 572 4343 si
610 4294 748 4351 sunt,
782 4285 917 4339 tales
950 4285 1130 4353 utique
1177 4291 1320 4348 sunt,
1349 4283 1532 4353 quales
1578 4297 1672 4339 eos
1703 4284 1754 4337 hi
1784 4286 1870 4354 qui
1900 4285 2086 4344 laudan

526 4393 634 4434 non
664 4375 1000 4446 suspicantur
1023 4388 1164 4440 esse,
1192 4373 1286 4428 sed
1313 4383 1558 4430 cernunt.
1592 4374 1759 4430 Porro
1785 4377 1830 4431 si
1869 4393 1928 4432 se
1964 4379 2096 4449 quis-

525 4483 687 4540 quam
724 4467 925 4538 justum
955 4463 1137 4534 ﬁngat,
1176 4473 1230 4520 et
1255 4479 1360 4518 non
1397 4464 1484 4532 sit,
1529 4465 1623 4520 sed
1657 4475 1822 4521 totum
1857 4468 2094 4542 quidquit

526 4574 706 4617 coram
735 4557 1039 4612 hominibus
1064 4555 1400 4611 laudabiliter
1420 4571 1578 4627 agere
1605 4557 1830 4626 videtur,
1862 4575 1967 4616 non
1989 4577 2094 4634 agat

525 4659 745 4724 propter
770 4650 958 4716 Deum,
989 4648 1090 4704 hoc
1113 4658 1196 4702 est
1220 4655 1436 4717 prepter
1474 4663 1654 4704 veram
1694 4649 1972 4721 justitiam,
2013 4669 2088 4708 set

529 4744 699 4799 solam
724 4748 928 4812 quaerat
957 4748 1013 4796 et
1057 4738 1237 4809 diligat
1287 4738 1355 4794 ab
1397 4738 1701 4797 hominibus
1744 4743 2002 4813 gloriam;
2034 4745 2090 4800 ill

524 4845 702 4892 autem
729 4834 868 4905 apud
909 4848 1043 4904 quos
1085 4831 1337 4901 frequens
1371 4842 1453 4886 est
1472 4833 1588 4902 ejus
1630 4834 1764 4887 fama
1784 4849 1903 4889 cum
1923 4835 2085 4906 laude,

524 4939 632 4983 non
655 4940 776 4982 eum
797 4930 985 4994 putent
1023 4921 1126 4978 nisi
1153 4931 1367 4992 propter
1391 4921 1560 4977 Deum
1603 4923 1933 4980 laudabiliter
1961 4926 2088 4980 vive

525 5032 608 5081 re,
636 5031 740 5071 non
758 5014 1012 5070 falluntur
1033 5014 1084 5069 in
1115 5029 1194 5079 re,
1217 5014 1312 5069 sed
1341 5011 1590 5070 falluntur
1619 5016 1669 5070 in
1693 5017 1924 5072 homine.
1953 5017 2088 5087 Quor

526 5106 673 5163 enim
701 5107 898 5162 bonum
925 5119 1043 5162 esse
1065 5104 1308 5168 credunt,
1340 5114 1422 5160 est
1447 5105 1645 5160 bonum
1669 5121 1686 5174 ;
1713 5107 1805 5162 sed
1825 5122 1982 5178 quem
2013 5109 2093 5166 bo

525 5213 653 5254 num
703 5211 824 5253 esse
864 5195 1108 5263 credunt,
1157 5209 1264 5250 non
1289 5203 1372 5250 est
1406 5195 1600 5252 bonus.
1627 5196 1778 5264 Quod
1806 5199 1849 5253 si
1873 5209 2087 5269 putetur.

523 5287 668 5344 verbi
685 5287 873 5358 gratia,
893 5286 1092 5342 bonum
1119 5285 1312 5341 artium
1339 5286 1524 5356 peritia
1539 5288 1882 5359 magicarum,
1911 5300 1966 5346 et
1984 5291 2090 5350 dun

523 5381 747 5450 quisque
775 5378 996 5449 patriam
1019 5378 1274 5434 liberasse
1301 5377 1502 5433 eisdem
1535 5394 1665 5448 quas
1694 5380 1909 5436 omnino
1940 5383 2092 5439 nesci.

523 5471 728 5527 artibus
751 5470 1007 5538 creditur,
1057 5471 1389 5541 frequentem
1412 5485 1532 5525 cum
1560 5471 1712 5527 laude
1742 5471 1957 5541 famam,
1986 5491 2095 5544 qua.

447 5630 452 5640 θ
519 5562 693 5634 gloria
716 5562 930 5618 definita
954 5572 1052 5630 est,
1084 5562 1222 5634 apud
1240 5563 1481 5618 homines
1506 5563 1695 5634 impios
1715 5573 2102 5636 consequatur;

554 5699 604 5806 ι’
624 5703 833 5768 Quatuor
855 5703 982 5759 Mss,
1007 5709 1119 5760 qum
1140 5708 1226 5762 per
1266 5707 1425 5760 ipsum
1461 5693 1692 5746 charitate
1731 5709 1787 5748 ac
1823 5679 2007 5762 ﬁducia
2031 5711 2105 5751 re-

571 5764 650 5806 ett.

521 5764 650 5819 picti.

1493 347 1561 404 1N
1596 341 1873 403 JOANNIS
1911 341 2375 414 EVANGELIUM,
2415 348 2479 406 S.
2522 350 2883 413 AUGUSTI.“

3686 371 3808 433 18θὲ

2241 471 2424 516 errant
2455 463 2508 518 iu
2549 474 2772 537 utroque
2797 470 2886 540 qui
2908 467 3124 531 laudant
3152 493 3165 530 :
3193 482 3249 532 ct
3272 475 3324 532 in
3352 493 3411 534 re
3438 481 3665 552 scilicet,
3693 490 3804 555 quia

2243 548 2295 605 id
2321 553 2458 621 quod
2488 556 2682 611 malum
2699 568 2801 624 est,
2826 561 3018 616 bonum
3044 573 3267 634 putant;
3298 577 3351 622 et
3369 548 3668 638 inhomine,
3696 548 3806 646 quia

2241 657 2346 696 non
2373 654 2457 698 est
2500 648 2640 716 quod
2671 658 2872 720 putant.
2911 655 3242 726 Quapr0pter
3265 659 3392 714 falsa
3422 664 3580 718 estin
3609 663 3690 721 his
3717 668 3807 724 tri-

2239 732 2338 787 bus
2366 738 2648 805 generibus
2670 741 2857 810 gloria.
2881 743 3011 800 Cum
3040 758 3216 804 autem
3242 750 3310 805 de
3332 751 3511 823 aliquo
3532 770 3628 824 per
3649 757 3806 816 Deum

2238 834 2292 880 et
2319 837 2533 896 propter
2561 829 2910 902 Deumjusto,
2941 835 3043 893 hoc
3070 848 3152 894 est
3182 843 3440 897 veraciter
3462 844 3622 912 justo,
3653 862 3805 906 causa

2239 919 2406 990 ipsius
2433 921 2650 991 justitia:
2691 923 2940 996 frequens
2986 939 3069 984 est
3107 931 3246 986 fama
3292 949 3412 988 cum
3454 935 3649 1002 laude;
3689 954 3803 996 vera

2233 1011 2443 1080 quidem
2467 1012 2631 1082 gloria
2655 1023 2736 1069 est
2763 1031 2778 1079 ;
2809 1032 2918 1072 non
2948 1027 3122 1076 tamen
3144 1035 3205 1077 ea
3230 1025 3553 1082 credendum
3581 1039 3662 1084 est
3691 1031 3794 1086 bea-

2235 1102 2653 1172 tificarijustum,
2687 1106 2779 1161 sed
2810 1107 3146 1166 laudantibus
3169 1115 3540 1182 gratulandum
3568 1128 3669 1188 est,
3694 1123 3803 1190 quia

2231 1201 2376 1247 recte
2395 1193 2652 1262 judicant,
2675 1205 2730 1251 et
2754 1196 2979 1269 diligunt
3015 1202 3238 1271 justum.
3263 1205 3472 1273 Quanto
3493 1212 3660 1281 magis
3689 1229 3807 1285 ergo

2233 1279 2491 1337 Dominus
2505 1281 2766 1352 Christus,
2793 1302 2897 1342 non
2925 1290 3048 1360 sibi,
3075 1293 3172 1349 sed
3184 1294 3262 1351 eis
3286 1297 3483 1365 profuit
3506 1279 3674 1370 gloria
3692 1279 3798 1371 sua,

2229 1374 2422 1442 quibus
2447 1374 2640 1444 profuit
2667 1388 2839 1434 morte
2867 1383 3008 1436 sua?

2300 1463 2353 1518 5.
2379 1463 2482 1520 Sed
2531 1481 2637 1522 non
2666 1477 2752 1524 est
2792 1485 2918 1526 vera
2967 1473 3082 1543 ejus
3115 1478 3250 1546 apud
3303 1478 3581 1538 haereticos
3621 1484 3802 1555 gloria,

2227 1557 2367 1626 apud
2415 1573 2549 1629 quos
2579 1567 2754 1617 tamen
2786 1561 3119 1634 frequentem
3147 1567 3340 1626 famam
3384 1573 3592 1630 videtur
3618 1577 3806 1634 habere

2227 1661 2348 1702 cum
2375 1649 2547 1706 laude.
2576 1651 2694 1708 Non
2719 1663 2801 1710 est
2829 1655 2942 1712 huc
2973 1673 3098 1714 vera
3137 1661 3324 1731 gloria,
3358 1667 3478 1734 quia
3505 1667 3557 1722 in
3589 1677 3806 1740 utroque

2227 1736 2480 1794 falluntur
2511 1758 2523 1794 :
2554 1757 2678 1797 nam
2725 1751 2781 1799 et
2825 1744 3023 1802 bonum
3071 1759 3260 1818 putant
3283 1767 3404 1808 esse
3437 1757 3579 1824 quod
3612 1736 3804 1814 bonum

2227 1844 2330 1884 non
2358 1839 2458 1896 est,
2487 1839 2542 1886 et
2577 1833 2847 1889 Christum
2900 1845 3083 1905 putant
3109 1855 3228 1896 esse
3251 1842 3395 1911 quod
3433 1843 3678 1901 Christus
3707 1865 3805 1904 uon

2225 1927 2324 1973 est.
2349 1918 2685 1989 Unigenitum
2712 1925 2854 1980 enim
2892 1925 3082 1982 Filium
3128 1932 3385 2000 aequalem
3433 1950 3539 1989 non
3567 1952 3693 1993 esse
3733 1940 3808 2009 gi-

2222 2010 2424 2080 gnenti,
2449 2027 2555 2066 non
2581 2022 2665 2069 est
2688 2014 2885 2071 bonum
2911 2035 2924 2072 :
2953 2019 3280 2089 unigenitum
3307 2024 3402 2080 Dei
3423 2025 3615 2082 Filium
3635 2027 3810 2085 homi~

2223 2116 2343 2154 nem
2360 2110 2560 2158 tantum
2579 2120 2718 2172 esse,
2741 2123 2845 2162 non
2873 2107 3066 2176 Deum,
3092 2127 3197 2167 nou
3221 2123 3305 2168 est
3332 2115 3529 2172 bonum
3557 2136 3571 2172 :
3604 2120 3808 2178 Veritas

2223 2193 2289 2246 tis
2318 2209 2532 2250 carnem
2564 2209 2670 2251 non
2709 2213 2829 2253 esse
2854 2215 3034 2254 veram
3073 2214 3313 2271 carnem,
3343 2222 3451 2261 non
3481 2217 3563 2264 est
3583 2209 3806 2268 bonum.

2221 2281 2417 2338 ﬂorum
2449 2287 2603 2340 trium
2631 2303 2749 2356 quae
2765 2288 3124 2360 dixi,primum
3142 2295 3592 2368 sentiuutjAriani,
3611 2315 3807 2356 secun-

2219 2372 2344 2428 dum
2368 2375 2685 2446 Photiniani,
2705 2381 2914 2436 tertium
2945 2382 3241 2443 Manichcei.
3263 2387 3365 2443 Sed
3392 2391 3514 2460 quia
3533 2400 3588 2447 et
3614 2408 3803 2448 eorum

2219 2464 2349 2519 nihil
2379 2475 2456 2521 est
2495 2467 2713 2538 bonum,
2743 2479 2798 2525 et
2820 2470 3064 2530 Christus
3091 2474 3216 2529 nihil
3239 2485 3322 2532 est
3348 2493 3550 2547 eorum,
3575 2481 3626 2535 in
3664 2490 3810 2537 utro-

2218 2573 2320 2627 que
2345 2561 2595 2616 falluntur
2619 2580 2632 2617 :
2655 2578 2754 2620 nec
2777 2564 2905 2620 dant
2931 2581 3109 2622 veram
3123 2569 3344 2639 gloriam
3365 2572 3595 2642 Christo,
3617 2591 3811 2646 quam-

2216 2651 2297 2706 vis
2338 2653 2474 2722 apud
2526 2669 2619 2710 eos
2653 2671 2772 2711 esse
2815 2657 3053 2713 videatur
3102 2676 3222 2715 cum
3278 2663 3430 2718 laude
3457 2663 3713 2736 frequens
3732 2668 3812 2722 fao

2217 2757 2302 2796 ma
2331 2742 2397 2798 de
2423 2744 2658 2801 Christo.
2681 2745 2748 2802 Et
2767 2763 2952 2805 omnes
2975 2766 3193 2821 prorsus
3215 2752 3470 2819 breretici,
3502 2773 3634 2826 quos
3663 2775 3810 2814 com-

2214 2849 2512 2890 memorare
2561 2837 2717 2892 nimis
2759 2839 2970 2909 longum
2995 2851 3093 2906 est,
3146 2844 3234 2913 qui
3261 2843 3327 2899 de
3354 2844 3563 2902 Christo
3590 2864 3702 2903 non
3731 2865 3813 2904 rc-

2214 2935 2300 2980 CIe
2320 2925 2571 2992 sentiunt,
2588 2928 2916 2997 ideocrrant,
2931 2933 3048 3000 quia
3071 2942 3124 2988 et
3143 2934 3211 2990 de
3226 2935 3378 2991 bouis
3398 2939 3554 2993 rebus
3573 2955 3639 2995 ac
3657 2941 3810 2998 malis

2213 3028 2318 3069 non
2346 3031 2530 3070 verum
2553 3019 2802 3072 sentiunt.
2822 3020 3015 3090 Pagani
3036 3023 3195 3078 etiam
3221 3029 3472 3096 quoniam
3493 3042 3623 3085 sunt
3644 3032 3806 3087 Chri-

2213 3107 2278 3162 sti
2310 3108 2523 3177 plurimi
2562 3109 2886 3176 laudatores,
2917 3121 2971 3168 et
2997 3113 3098 3184 ipsi
3151 3117 3204 3171 in
3259 3129 3480 3190 utroque
3531 3123 3805 3189 falluntur,

2213 3198 2302 3267 qui
2331 3213 2434 3253 non
2451 3199 2740 3254 secundum
2760 3201 3036 3258 veritatem
3061 3205 3177 3273 Dei,
3191 3207 3282 3262 sed
3301 3211 3471 3277 potius
3507 3215 3809 3270 secundum

2211 3304 2362 3343 suam
2393 3291 2748 3360 suspicionem
2765 3292 2949 3349 dicunt
2963 3310 3084 3350 eum
3099 3295 3259 3353 fuisse
3280 3299 3548 3358 hominem
3562 3321 3806 3376 magum.

2211 3379 2540 3438 Christianos
2565 3384 2762 3455 quippe
2795 3385 2940 3441 velut
2984 3387 3258 3460 imperitos
3276 3393 3602 3463 vituperant,
3653 3398 3810 3452 Chri-

2209 3478 2351 3526 stum
2378 3481 2555 3527 autem
2607 3474 2754 3529 velut
2803 3490 3016 3546 magum
3079 3479 3318 3545 laudaut,
3346 3497 3409 3537 ac
3450 3485 3528 3539 sic
3572 3485 3810 3555 produnt

2207 3561 2351 3631 quod
2402 3569 2586 3618 amant
2615 3581 2628 3616 :
2655 3564 2927 3621 Christum
2972 3583 3098 3623 vero
3148 3585 3256 3624 non
3301 3582 3515 3639 amant;
3549 3578 3808 3644 quoniam

2206 3652 2348 3722 quod
2396 3669 2504 3709 non
2547 3662 2663 3709 erat
2715 3655 2985 3724 Christus,
3037 3659 3139 3714 hoc
3185 3671 3383 3716 amant.
3416 3662 3539 3719 ideo
3569 3681 3704 3737 ergo
3753 3668 3807 3722 in

2206 3752 2435 3816 utroque
2477 3745 2760 3813 falluntur,
2787 3749 2912 3818 quia
2958 3757 3012 3804 et
3063 3765 3275 3822 magum
3301 3768 3420 3809 esse
3449 3757 3654 3812 malum
3683 3768 3806 3826 est;

2205 3841 2259 3890 et
2287 3850 2472 3905 magus
2513 3850 2616 3890 non
2648 3837 2748 3892 fuit
2784 3837 3052 3906 Christus,
3081 3842 3203 3910 quia
3231 3844 3400 3900 bonus
3429 3855 3529 3901 est.
3555 3847 3812 3918 Quapro-

2203 3935 2322 3996 pter
2340 3928 2592 3997 quoniam
2619 3928 2688 3985 de
2726 3929 2813 3984 his
2843 3931 2971 3986 nihil
2990 3931 3092 3988 hoc
3118 3933 3235 3990 loco
3255 3935 3536 3992 dicendum
3569 3949 3680 4006 est,
3712 3940 3806 4011 qui

2201 4015 2470 4073 Christum
2496 4020 2800 4090 vituperant
2827 4031 2982 4093 atque
3001 4023 3370 4094 blaSphemant
3397 4044 3411 4093 ;
3444 4028 3568 4099 quia
3595 4030 3670 4086 de
3695 4032 3810 4101 glo-

2199 4107 2278 4163 ria
2310 4108 2423 4178 ejus
2470 4109 2758 4179 loquimur,
2805 4127 2907 4180 qua
2956 4122 3040 4170 est
3088 4115 3416 4185 glorificatus
3455 4119 3508 4174 in
3541 4120 3805 4178 mundo:

2198 4213 2304 4254 non
2331 4214 2450 4254 eum
2469 4201 2781 4270 glorificavit
2809 4203 3032 4273 Spiritus
3056 4215 3268 4262 sanctus
3292 4224 3419 4264 vera
3442 4211 3649 4281 gloria,
3682 4214 3789 4268 nisi

2197 4288 2250 4344 in
2282 4289 2520 4346 Ecclesia
2561 4303 2742 4348 sancta
2784 4295 3061 4351 catholica.
3105 4299 3240 4355 Alibi
3268 4301 3430 4368 enim,
3488 4302 3540 4357 id
3573 4314 3688 4370 est,
3717 4303 3810 4361 vel

2194 4383 2335 4453 apud
2373 4383 2673 4451 haereticos,
2729 4386 2812 4442 vel
2861 4389 2998 4458 apud
3048 4393 3304 4461 quosdam
3354 4409 3615 4466 paganos,
3669 4413 3805 4454 vera

2197 4477 2312 4545 ejus
2337 4475 2389 4530 in
2432 4479 2586 4532 terris
2628 4478 2796 4549 gloria
2844 4494 2950 4535 non
2995 4491 3171 4552 potest
3215 4501 3354 4551 esse,
3385 4496 3438 4541 et
3459 4488 3549 4544 ubi
3578 4489 3805 4547 videtur

2197 4579 2317 4623 esse
2341 4567 2588 4638 frequens
2617 4569 2684 4624 de
2709 4571 2799 4626 illo
2814 4571 2950 4626 fama
2977 4588 3097 4628 cum
3120 4576 3292 4632 laude.
3315 4577 3452 4633 Vera
3492 4595 3632 4651 ergo
3679 4583 3804 4652 ejus

2193 4657 2362 4727 gloria
2404 4659 2454 4711 iu
2488 4659 2723 4716 Ecclesia
2747 4662 3006 4717 catholica
3051 4665 3128 4718 sie
3152 4680 3180 4717 a
3206 4665 3462 4735 propheta
3492 4681 3758 4728 cantatur
3789 4689 3806 4728 :

2193 4747 2438 4802 Exaltare
2457 4765 2604 4819 super
2631 4751 2800 4817 oculos,
2832 4750 2991 4818 Deus,
3015 4763 3061 4806 et
3080 4770 3228 4823 super
3247 4772 3442 4811 omnem
3464 4768 3663 4815 terram
3682 4764 3810 4834 glao

2191 4838 2272 4891 ria
2295 4846 2381 4890 tua
2407 4839 2424 4905 (
2455 4836 2600 4893 Psal.
2633 4853 2758 4906 cvu,
2787 4840 2819 4895 6
2847 4842 2890 4910 ).
2930 4843 3063 4908 Quia
3089 4842 3266 4913 itaque
3295 4855 3413 4914 post
3435 4846 3550 4916 ejus
3578 4852 3806 4906 exalta-

2194 4928 2392 4984 tionem
2437 4939 2691 4984 venturus
2738 4940 2851 4985 erat
2887 4930 3114 5001 Spiritus
3139 4940 3372 5002 sanctus,
3405 4944 3457 4991 et
3476 4953 3602 4992 eum
3632 4942 3812 5011 glori-

2195 5019 2462 5084 ticaturus,
2511 5018 2613 5074 hoc
2653 5032 2804 5076 sacer
2853 5021 3114 5090 Psalmus,
3158 5022 3263 5079 hoc
3300 5026 3414 5096 ipse
3465 5027 3809 5100 Unigenitus

2195 5110 2437 5181 promisit
2465 5110 2720 5178 futurum,
2745 5113 2887 5183 quod
2918 5113 3155 5169 videmus
3183 5115 3484 5185 impletum.

2263 5205 2317 5258 4.
2357 5204 2506 5271 Quod
2528 5213 2702 5260 autem
2727 5206 2834 5269 ait,
2869 5204 2946 5259 De
2967 5221 3073 5260 meo
3098 5208 3343 5276 accipiet,
3373 5218 3420 5262 et
3441 5213 3801 5269 annuntiabit

2193 5295 2329 5350 vobis
2350 5337 2364 5361 ,
2396 5296 2672 5350 catholicis
2709 5295 2888 5351 audite
2925 5297 3172 5364 auribus,
3210 5299 3486 5356 catholicis
3514 5306 3809 5376 percipite

2193 5387 2478 5441 mentibus.
2500 5385 2614 5440 Non
2642 5387 2783 5440 enim
2812 5396 3110 5456 propterea,
3133 5388 3272 5444 sicut
3297 5391 3507 5461 quidam
3535 5391 3809 5454 haeretici

2192 5484 2512 5546 putaverunt
2535 5516 2548 5539 ,
2585 5475 2760 5530 minor
2790 5484 2874 5531 est
2909 5477 3044 5531 Filio
3067 5477 3294 5548 Spiritus
3318 5493 3532 5538 sanctus
3567 5502 3583 5537 :
3640 5490 3813 5559 quasi

2193 5566 2359 5622 Filius
2387 5566 2613 5637 accipiat
2648 5583 2678 5622 a
2709 5565 2898 5635 Patre,
2937 5578 2992 5625 et
3032 5568 3259 5640 Spiritus
3301 5583 3513 5629 sanctus
3571 5592 3609 5631 a
3655 5579 3810 5637 Filio

2191 5659 2509 5730 quibusdam
2535 5660 2786 5731 gradibus
2813 5671 3143 5720 naturarum.
3188 5667 3340 5722 Absit
3382 5668 3482 5724 hoc
3518 5673 3809 5744 credere,

2192 5750 2332 5808 absit
2355 5750 2455 5808 hoc
2472 5750 2669 5820 dicere,
2695 5752 2834 5809 absit
2860 5767 2888 5807 a
2915 5753 3218 5813 christianis
3243 5756 3488 5814 cordibus
3512 5763 3809 5833 cogitare.
