4076 6482
236 343 258 397 1
268 340 369 397 893

234 456 471 527 Denique
498 453 752 511 continuo
787 452 943 508 solvit
970 450 1080 523 ipse
1102 451 1447 521 quaestioan
1469 489 1485 515 ,
1524 457 1578 503 et
1601 463 1695 503 cur
1719 448 1819 501 hoc

233 546 462 611 dixerit,
487 543 811 615 explanavit.
844 539 1028 597 Omnia
1047 582 1062 608 ,
1090 543 1259 611 inquit
1279 582 1293 606 ,
1322 554 1647 611 qutrcumque
1672 537 1822 591 habet

233 637 411 701 Pater,
456 652 568 690 mea
590 642 707 691 sunt
726 648 747 688 :
774 641 1040 704 propterea
1064 631 1171 685 dixi
1202 632 1322 701 quia
1351 631 1413 684 de
1439 646 1547 684 meo
1573 629 1817 699 accipiet,

236 740 280 785 et
324 728 643 784 aununtiabit
680 726 836 781 vobis.
883 725 1021 793 Quid
1061 725 1218 780 vultis
1262 723 1525 792 amplius?
1570 723 1708 791 Ergo
1754 721 1822 776 de

233 821 395 878 Patre
434 820 626 891 accipit
666 818 894 889 Spiritus
926 826 1144 872 sanctus
1167 858 1181 883 ,
1224 815 1367 870 unde
1395 814 1587 883 accipit
1616 813 1818 877 Filius;

233 915 361 985 quia
401 913 456 968 in
505 911 605 967 hac
642 911 901 967 Trinitate
930 910 996 966 de
1037 910 1193 964 Patre
1225 917 1383 962 natus
1412 917 1491 961 est
1521 906 1714 971 Filius,
1756 903 1823 959 de

232 1007 394 1062 Patre
421 1003 659 1076 procedit
685 1003 913 1074 Spiritus
939 1010 1173 1057 sanctus.
1203 999 1302 1065 Qui
1347 1007 1525 1053 autem
1571 997 1636 1051 de
1677 996 1823 1050 nullo

230 1104 394 1152 natus
422 1095 522 1160 sit,
566 1094 634 1151 de
660 1095 806 1148 nullo
833 1092 1114 1163 procedat,
1172 1092 1327 1144 Pater
1352 1090 1496 1144 solus
1532 1097 1633 1144 est.
1675 1087 1822 1153 Quo-

231 1187 398 1242 modo
423 1194 600 1242 autetn
622 1185 813 1240 dixerit
839 1185 1139 1254 unigenitus
1169 1182 1354 1245 Filius,
1389 1179 1573 1234 Omnia
1600 1194 1711 1250 qua:
1731 1178 1824 1232 ha-

233 1277 313 1332 bet
340 1276 535 1344 Pater,
578 1293 687 1332 mea
705 1286 823 1331 sunt
854 1275 999 1345 (quia
1020 1276 1207 1343 utique
1236 1289 1341 1327 non
1370 1273 1445 1327 sic
1474 1270 1821 1342 quemadmo-

231 1369 363 1426 dum
388 1368 587 1424 dictum
604 1369 775 1424 estilli
796 1368 931 1423 Filio
959 1383 1062 1422 non
1092 1366 1381 1435 unigenito,
1405 1364 1499 1419 sed
1528 1379 1592 1418 ex
1615 1362 1826 1417 duobus

231 1459 447 1531 majori,
477 1457 557 1514 Tu
579 1476 773 1513 mecum
796 1475 845 1513 es
872 1474 1103 1529 semper,
1151 1466 1195 1511 ct
1234 1457 1407 1509 omnia
1438 1470 1547 1508 mea
1583 1464 1673 1506 tua
1707 1460 1823 1507 sunt

233 1549 391 1624 [Luc.
416 1564 515 1614 xv,
542 1547 633 1621 51]
655 1550 674 1619 )
693 1566 707 1615 ;
727 1564 792 1603 eo
813 1548 951 1613 loco,
970 1549 1015 1602 si
1040 1547 1293 1601 Dominus
1314 1545 1555 1610 voluerit,
1581 1541 1822 1611 diligenti

232 1639 666 1696 consideratione
695 1640 1030 1705 tractabitur,
1060 1639 1147 1693 ubi
1173 1638 1302 1692 dicit
1330 1636 1640 1707 Uuigenitus
1658 1633 1820 1698 Patri,

231 1727 303 1783 Et
324 1746 437 1784 mea
456 1730 626 1783 omnia
646 1740 732 1783 tua
754 1739 888 1796 sunt,
906 1741 951 1784 et
969 1739 1058 1782 tua
1079 1745 1188 1783 mea
1206 1736 1323 1782 sunt
1346 1725 1523 1799 (Joan.
1540 1740 1669 1790 xvtt,
1696 1723 1784 1799 l0)
1805 1742 1818 1778 :

231 1828 293 1874 ut
322 1819 413 1876 hic
433 1822 535 1875 iste
559 1834 737 1876 sermo
762 1820 1074 1885 claudatur;
1094 1820 1342 1889 quoniam
1363 1833 1478 1887 quae
1506 1825 1819 1886 sequuntur,

230 1912 376 1968 aliud
399 1921 644 1983 poscunt,
668 1912 1145 1983 quo'disserantur,
1178 1910 1472 1965 exordium.

758 2023 1165 2082 TRACTATUS
1210 2024 1298 2079 Cl.

232 2153 313 2213 De
340 2176 398 2213 eo
425 2160 564 2230 quod
586 2160 836 2215 Dominus
857 2162 996 2225 dicit,
1015 2161 1276 2215 Modicum
1312 2170 1368 2216 et
1388 2160 1496 2230 jam
1526 2175 1631 2215 non
1660 2160 1820 2215 vide-

302 2250 431 2305 bitis
453 2267 567 2316 tne;
598 2267 754 2320 usque
774 2252 841 2304 ad
870 2254 942 2319 id,
976 2252 1040 2305 Et
1066 2252 1117 2304 in
1148 2253 1234 2305 illo
1258 2252 1344 2306 die
1374 2266 1459 2305 me
1486 2266 1589 2306 non
1608 2252 1824 2322 rogabi-

306 2343 375 2397 tis
403 2343 711 2413 quidquam.
736 2343 861 2413 Cap.
887 2359 994 2409 xvt,
1042 2344 1073 2412 ᾖ
1101 2382 1114 2396 .
1139 2343 1322 2398 16-25.

302 2455 358 2509 1.
390 2455 519 2510 Hazc
546 2456 751 2511 Domini
776 2456 934 2511 verba
961 2457 1047 2510 ubi
1074 2457 1184 2521 ait,
1216 2457 1475 2511 Modicum
1519 2465 1565 2512 et
1596 2460 1700 2525 iam
1721 2475 1821 2513 non

228 2548 461 2602 videbitis
493 2564 607 2614 me,
653 2558 698 2602 et
736 2550 919 2603 iterum
946 2550 1197 2603 modicum
1230 2560 1276 2603 et
1303 2550 1527 2604 videbitis
1554 2557 1633 2605 nte
1654 2591 1667 2614 ,
1703 2551 1823 2620 quia

228 2638 361 2691 vado
380 2637 449 2691 ad
478 2636 703 2703 Patrem,
728 2638 797 2691 ita
817 2638 1039 2693 obscura
1063 2648 1213 2693 erant
1231 2640 1518 2708 discipulis,
1539 2648 1822 2709 antequam

229 2727 285 2783 id
309 2728 457 2798 quod
486 2727 616 2783 dicit
652 2729 929 2799 impletum
962 2740 1139 2797 esset,
1169 2740 1224 2783 ut
1252 2741 1554 2800 qucerentes
1581 2732 1720 2786 inter
1762 2747 1821 2787 se

228 2820 359 2891 quid
376 2829 526 2876 esset
545 2821 684 2890 quod
703 2820 921 2886 diceret,
945 2822 1163 2875 omnino
1190 2837 1247 2877 se
1277 2822 1566 2877 faterentur
1590 2825 1817 2879 nescire.

228 2909 487 2982 Sequitur
506 2912 645 2966 enim
676 2912 1018 2982 Evangelium
1045 2930 1057 2965 :
1093 2911 1341 2966 Dixerunt
1368 2930 1486 2983 ergo
1509 2930 1571 2967 ex
1595 2914 1821 2983 discipu-

230 3002 295 3055 lis
324 3003 438 3072 ejus
459 3001 529 3055 ad
549 3002 755 3057 invicem
776 3043 791 3068 ,
820 3002 954 3067 Quid
974 3012 1046 3057 est
1074 3004 1170 3056 hoc
1193 3004 1327 3073 quod
1352 3004 1475 3057 dicit
1499 3004 1639 3058 nobis
1656 3046 1669 3069 ,
1707 3005 1825 3059 Mo-

230 3092 406 3147 dicum
429 3103 478 3147 et
498 3110 598 3148 non
618 3094 842 3148 videbitis
871 3110 968 3159 me,
986 3105 1036 3149 et
1056 3096 1234 3148 iterant
1250 3096 1501 3149 modicum
1526 3106 1573 3149 et
1597 3098 1823 3151 videbitis

228 3200 346 3251 me,
368 3193 421 3239 et
444 3184 566 3255 quia
583 3184 710 3239 vado
730 3184 798 3238 ad
826 3184 1077 3239 Patrem?
1117 3185 1363 3239 Dicebant
1384 3203 1501 3257 ergo
1525 3226 1539 3252 ,
1585 3185 1724 3251 Quid
1751 3196 1825 3242 est

229 3274 328 3328 hoc
344 3276 484 3344 quod
506 3275 647 3341 dicit,
673 3276 974 3331 Modicum?
1004 3275 1273 3332 Nescimus
1297 3278 1420 3349 quid
1444 3281 1683 3347 loquitur.
1710 3280 1824 3336 lloc

230 3366 377 3420 enim
402 3374 489 3422 est
513 3365 656 3437 quod
688 3381 782 3422 eos
807 3367 1088 3434 movebat,
1128 3369 1251 3437 quia
1276 3368 1441 3434 dixit,
1475 3368 1738 3424 Modicum
1776 3380 1824 3425 et

228 3474 335 3511 non
358 3458 586 3512 videbitis
604 3475 702 3524 me,
725 3469 769 3512 et
786 3459 966 3513 iterum
988 3459 1244 3513 modicum
1262 3470 1306 3514 et
1327 3461 1552 3515 videbitis
1570 3479 1665 3516 me.
1690 3462 1823 3518 Nam

229 3547 287 3601 in
338 3547 763 3617 prmeedentibus
803 3549 926 3619 quia
964 3565 1068 3604 non
1110 3549 1349 3617 dixerat,
1384 3551 1684 3621 Modicum,
1730 3555 1821 3609 sed

227 3636 465 3703 dixerat,
490 3637 571 3691 Ad
599 3636 807 3692 Patrem
826 3639 978 3706 vado,
996 3649 1041 3693 et
1056 3641 1168 3711 jam
1189 3642 1525 3697 nanvidebitis
1550 3644 1820 3713 me(.loan.

228 3742 344 3793 an,
373 3728 466 3798 10)
494 3744 510 3794 ;
541 3737 792 3798 tanquam
822 3739 1005 3799 aperte
1029 3731 1135 3784 illis
1159 3731 1307 3785 visus
1331 3740 1415 3786 est
1452 3732 1657 3787 locutus
1678 3776 1691 3799 ,
1724 3749 1826 3790 nec

229 3817 376 3873 inter
404 3833 469 3874 se
507 3818 577 3874 de
625 3821 727 3875 hoc
753 3820 950 3889 aliquid
976 3821 1319 3891 qumsierunt.
1352 3821 1502 3876 Nunc
1529 3838 1656 3893 ergo
1681 3824 1824 3893 quod

230 3910 343 3964 illis
369 3918 496 3965 tunc
516 3911 801 3966 obscurum
840 3910 972 3979 fuit,
1020 3922 1074 3967 et
1101 3926 1226 3967 mox
1268 3912 1665 3968 manifestatum
1705 3924 1820 3983 est,

227 4002 342 4073 jam
362 4004 518 4059 nobis
533 4005 713 4075 utique
728 4004 1069 4060 manifestum
1090 4014 1173 4060 est
1203 4022 1216 4058 :
1244 4013 1367 4075 post
1386 4007 1656 4075 paululum
1682 4007 1825 4063 enim

227 4110 428 4165 passus
451 4105 555 4163 est,
585 4104 763 4153 etnon
788 4098 1032 4151 viderunt
1052 4112 1207 4162 eum;
1236 4112 1423 4154 rursus
1447 4142 1462 4167 ,
1492 4106 1614 4167 post
1638 4099 1824 4167 paulu-

228 4190 349 4243 lum
382 4191 707 4255 resurrexit,
748 4199 803 4246 et
830 4190 1080 4245 viderunt
1103 4205 1248 4245 eum.
1294 4191 1429 4246 illud
1466 4202 1641 4245 autem
1685 4191 1826 4261 quod

230 4281 330 4347 ait,
359 4280 483 4334 Jam
504 4297 604 4334 non
628 4282 851 4336 videbitis
870 4299 968 4349 me,
1000 4283 1120 4352 quia
1146 4283 1250 4337 isto
1271 4284 1452 4348 verbo,
1488 4283 1539 4337 id
1567 4292 1667 4348 est,
1685 4286 1822 4354 jam,

230 4371 342 4427 hoc
374 4373 605 4443 intelligi
627 4376 792 4429 voluit
824 4373 965 4443 quod
991 4388 1114 4429 eum
1152 4374 1377 4429 ulterius
1405 4389 1512 4428 non
1542 4375 1822 4441 viderent,

231 4464 311 4520 ibi
337 4466 686 4533 exposuimus
714 4464 984 4536 quomodo
1016 4464 1383 4535 accipiendum
1412 4465 1509 4531 sit,
1550 4466 1638 4519 ubi
1660 4466 1829 4533 dixit,

233 4556 317 4610 De
334 4558 537 4627 justitia
564 4568 741 4629 arguet
769 4559 1016 4621 mundum
1044 4557 1275 4629 Spiritus
1305 4566 1522 4614 sanctus
1547 4600 1561 4625 ,
1610 4559 1732 4628 quia
1759 4559 1827 4612 ad

234 4647 451 4702 Patrem
479 4648 607 4702 vado
626 4690 641 4712 ,
662 4660 663 4663 ‘
685 4658 731 4703 et
752 4650 994 4721 jam'nou
1018 4650 1248 4705 videbitis
1280 4667 1359 4704 me
1399 4649 1627 4722 (Supra,
1650 4650 1824 4706 Tract.

234 4737 381 4809 95):
423 4740 545 4810 quia
572 4741 774 4797 scilicet
817 4740 1095 4796 mortalem
1125 4741 1394 4799 Christum
1441 4741 1669 4797 ulterius
1717 4758 1825 4797 non

232 4829 502 4885 viderent.

309 4923 367 4978 2.
410 4922 651 4996 Cognovit
678 4932 844 4979 autem
863 4924 1036 4989 Jesus,
1061 4925 1199 4979 sicut
1227 4938 1459 4995 sequens
1492 4924 1827 4995 Evangelista

233 5014 388 5080 dicit,
416 5016 536 5085 quia
563 5015 790 5070 volebant
819 5032 933 5069 eum
952 5016 1291 5087 interrogare,
1335 5026 1381 5069 et
1418 5016 1546 5070 dixit
1591 5017 1661 5070 eis
1691 5031 1712 5070 :
1754 5016 1830 5070 De

234 5106 335 5160 hoc
351 5107 577 5177 quaeritis
600 5107 730 5161 inter
748 5124 852 5171 vos,
876 5109 992 5178 quia
1009 5109 1137 5175 dixi,
1164 5108 1219 5161 Μ
1222 5108 1423 5162 odicum
1442 5118 1489 5162 et
1510 5126 1609 5163 non
1639 5110 1829 5164 videbi-

237 5198 307 5250 tis
328 5214 429 5261 me,
450 5206 498 5251 et
524 5198 704 5252 iterant
732 5198 987 5251 modicum
1023 5208 1069 5252 et
1098 5198 1325 5252 videbitis
1350 5216 1447 5253 me.
1471 5200 1651 5266 Amen,
1685 5216 1829 5253 amen

238 5286 354 5340 dico
376 5287 536 5354 vobis,
565 5289 684 5358 quia
705 5286 967 5361 plorabitis
986 5295 1033 5342 et
1056 5288 1241 5358 ﬂebitis
1270 5305 1391 5355 vos;
1416 5289 1635 5343 mundus
1662 5300 1831 5344 autent

241 5381 524 5451 gaudebit:
555 5396 641 5436 vos
659 5390 827 5435 autem
850 5382 1295 5447 contristabimini,
1329 5383 1417 5436 sed
1438 5383 1640 5437 tristitia
1672 5393 1831 5439 vestra

242 5474 301 5526 in
325 5474 572 5544 gaudium
594 5476 686 5528 erit
705 5476 743 5528 ¹.
784 5475 851 5529 Ει
877 5474 980 5530 hoc
1012 5475 1089 5530 sic
1108 5475 1272 5545 accipi
1299 5484 1504 5545 potest,
1549 5477 1671 5547 quia
1696 5492 1830 5532 eon-

241 5565 443 5620 tristati
484 5574 611 5620 sunt
636 5566 879 5637 discipuli
909 5566 975 5622 de
999 5576 1171 5622 morte
1194 5567 1433 5633 Domini,
1478 5576 1532 5622 et
1551 5567 1829 5623 confestim

240 5659 311 5715 de
330 5660 726 5717 resurrectione
751 5662 910 5717 laetati
938 5679 953 5716 :
984 5661 1213 5717 mundus
1242 5670 1418 5717 autem
1444 5703 1461 5733 ,
1482 5676 1591 5735 quo
1618 5662 1832 5719 nomine

308 5767 323 5796 ¹
344 5765 416 5815 sic
437 5772 547 5816 Mss.
574 5772 628 5817 Αι
653 5767 788 5830 editi,
812 5772 1018 5819 vertetur
1034 5767 1084 5820 in
1100 5767 1351 5834 gaudium.

1387 330 1797 389 TtlACTATUS
1835 330 1915 386 Cl.
1960 330 2185 390 CAPUT
2225 331 2363 389 XVI.

3370 340 3391 395 Ι
3402 336 3507 396 894

1927 447 2205 517 signifieati
2233 458 2358 504 sunt
2387 447 2584 504 inimici
2609 465 2638 503 a
2663 449 2853 520 quibus
2874 448 3115 508 Christus
3137 454 3347 511 occisus
3383 466 3466 515 est
3482 499 3501 526 ,

1925 546 2055 594 tunc
2081 540 2262 611 utique
2288 539 2450 596 lzetati
2478 552 2602 597 sunt
2647 543 2821 598 occiso
2842 544 3056 599 Christo
3078 588 3092 611 ,
3139 548 3351 617 quando
3382 562 3508 608 sunt

1926 630 2167 703 discipuli
2212 634 2528 689 contristati.
2571 634 2747 690 Mundi
2785 638 2978 707 quippe
3013 640 3263 708 nomine,
3309 643 3508 699 malitia

1927 732 2100 792 potest
2131 724 2313 779 mundi
2340 724 2498 795 hujus
2524 727 2780 797 intelligi,
2828 728 2879 782 id
2905 741 2985 784 est
3006 729 3283 787 hominum
3324 735 3506 790 mundi

1928 812 2086 883 hujus
2110 816 2423 870 amicorum.
2452 816 2604 872 Unde
2629 818 2855 874 Jacobus
2896 824 3166 890 apostolus
3196 824 3248 878 in
3272 824 3509 896 Epistola

1928 916 2021 956 sua
2050 903 2196 970 dicit,
2232 904 2542 975 Quicumque
2570 908 2781 963 voluerit
2806 912 2994 965 amicus
3014 928 3118 967 esse
3138 916 3291 983 hujus
3313 918 3509 984 saeculi,

1927 990 2161 1046 inimicus
2188 994 2283 1048 Dei
2312 997 2633 1051 constituitur
2657 998 2857 1069 (Jacobi
2876 1016 2951 1064 tv,
2984 1003 3039 1071 4)
3067 1022 3079 1055 :
3110 1005 3300 1073 quibus
3329 1007 3511 1061 inimi-

1928 1082 2067 1140 citiis
2095 1085 2186 1139 Dei
2214 1085 2406 1141 factum
2436 1096 2518 1142 est
2537 1098 2593 1143 ut
2612 1106 2709 1145 nec
2736 1093 2849 1161 ejus
2872 1093 3150 1163 Unigenito
3178 1109 3511 1166 parceretur.

2000 1176 2053 1230 ὅ.
2098 1177 2297 1233 Deinde
2338 1180 2636 1251 subjuugit,
2678 1191 2731 1237 et
2757 1183 2881 1238 dicit
2917 1203 2931 1239 :
2964 1184 3151 1240 Mulier
3176 1205 3286 1242 cum
3328 1192 3511 1261 parit,

1930 1266 2183 1320 tristitiam
2203 1268 2349 1326 habet
2367 1310 2380 1333 ,
2407 1271 2524 1340 quia
2554 1273 2679 1325 venit
2718 1274 2842 1326 hora
2862 1276 3007 1345 ejus;
3034 1294 3146 1331 cum
3167 1288 3330 1333 autem
3353 1297 3508 1351 pepe-

1928 1358 2047 1412 rerit
2081 1375 2320 1427 puerum,
2354 1362 2467 1431 jam
2498 1378 2597 1416 non
2624 1365 2848 1418 meminit
2871 1383 3119 1436 pressura:
3153 1380 3355 1438 propter
3379 1388 3513 1441 gau-

1928 1447 2103 1515 dium,
2144 1450 2261 1520 quia
2290 1460 2440 1506 natus
2480 1464 2550 1507 est
2584 1455 2731 1507 homo
2764 1456 2815 1509 in
2856 1458 3095 1511 mundum
3130 1474 3150 1514 :
3174 1470 3219 1515 et
3249 1476 3334 1516 vos
3354 1464 3509 1533 igitur

1928 1555 2063 1592 nunc
2087 1540 2289 1609 quidem
2326 1543 2579 1597 tristitiam
2623 1545 2847 1613 habetis;
2898 1549 3077 1603 iterum
3121 1561 3286 1608 autem
3333 1555 3507 1610 videbo

1928 1642 2037 1693 vos,
2061 1639 2108 1683 et
2126 1631 2366 1701 gaudebit
2393 1650 2481 1687 cor
2501 1647 2712 1689 vestrum
2734 1680 2748 1703 ,
2778 1647 2823 1692 et
2846 1642 3087 1709 gaudium
3116 1655 3333 1698 vestrum
3362 1664 3509 1702 nemo

1929 1720 2066 1774 tollet
2094 1737 2125 1773 a
2145 1722 2297 1777 vobis.
2328 1723 2438 1779 Nec
2467 1726 2563 1781 ista
2592 1729 2880 1785 similitudo
2905 1731 2970 1785 ad
3001 1733 3396 1804 intelligendum
3420 1739 3499 1792 vi-

1929 1811 2087 1868 detur
2127 1828 2247 1870 esse
2307 1815 2566 1884 difficilis;
2617 1824 2865 1891 quoniam
2922 1829 3247 1895 comparatio
3293 1830 3408 1899 ejus
3453 1832 3507 1888 in

1926 1914 2173 1973 promptu
2196 1916 2296 1972 est,
2320 1908 2506 1963 eodem
2536 1912 2648 1980 ipso
2669 1925 2966 1983 exponente
2996 1932 3090 1970 cur
3110 1918 3247 1972 dicta
3271 1921 3358 1975 sit.
3384 1921 3514 1976 Par-

1928 1995 2109 2048 turitio
2134 1998 2327 2066 quippe
2360 2000 2585 2055 tristitia:
2606 2045 2618 2065 ,
2653 2015 2835 2072 partus
2866 2016 3043 2061 autent
3072 2010 3265 2079 gaudio
3292 2027 3515 2084 conspa-

1927 2095 2102 2151 ratur;
2145 2088 2286 2156 quod
2321 2098 2445 2145 tunc
2474 2094 2645 2163 majus
2675 2110 2792 2151 esse
2822 2101 3099 2153 consuevit
3120 2143 3134 2166 ,
3165 2103 3375 2170 quando
3402 2121 3507 2161 non

1930 2177 2100 2247 puella
2122 2220 2135 2242 ,
2184 2182 2277 2236 sed
2323 2199 2452 2251 puer
2491 2187 2741 2241 nascitur.
2774 2190 2923 2256 Quod
2951 2208 3077 2247 vero
3102 2195 3212 2260 ait,
3251 2194 3512 2252 Gaudium

1926 2280 2142 2325 vestrum
2172 2290 2314 2328 nemo
2346 2278 2482 2330 tollet
2508 2296 2539 2331 a
2573 2281 2734 2343 vobis,
2769 2286 2887 2352 quia
2919 2286 3169 2354 gaudium
3208 2303 3394 2343 eorum
3425 2301 3511 2346 est

1926 2361 2041 2431 ipse
2066 2363 2238 2427 Jesus,
2267 2366 2616 2436 significatum
2648 2383 2729 2426 est
2753 2375 2892 2442 quod
2924 2377 2998 2428 ait
3024 2379 3327 2445 Apostolus,
3360 2380 3513 2433 Chri-

1926 2463 2031 2513 stus
2051 2472 2259 2525 surgens
2286 2476 2316 2510 a
2339 2463 2546 2514 mortuis
2560 2464 2671 2532 jam
2700 2481 2797 2517 non
2827 2469 3057 2531 moritur,
3091 2477 3134 2521 et
3157 2486 3290 2523 ntors
3312 2471 3357 2525 ei
3378 2474 3517 2525 ultra

1927 2562 2027 2599 nou
2055 2548 2393 2603 dominabitur
2420 2552 2593 2623 (llam.
2620 2572 2694 2619 vt,
2728 2556 2804 2627 9).

1995 2638 2049 2692 4.
2092 2639 2373 2710 [lucusque
2404 2644 2454 2696 in
2480 2644 2579 2698 isto
2609 2646 2877 2716 Evangelii
2909 2650 3160 2718 capitulo,
3192 2654 3332 2709 unde
3353 2654 3513 2713 hodie

1926 2727 2279 2796 disputamus,
2303 2733 2444 2785 velut
2468 2735 2603 2787 facili
2627 2738 2894 2792 intellectu
2925 2743 3098 2795 omnia
3127 2757 3510 2802 cucurrerunt:

1926 2820 2099 2872 acrior
2125 2822 2421 2875 necessaria
2465 2832 2546 2878 est
2588 2827 2641 2878 in
2687 2827 2767 2881 his
2798 2844 2915 2897 qua:
2937 2841 3230 2899 sequuntur
3258 2834 3508 2892 intentio.

1927 2909 2061 2977 Quid
2089 2920 2169 2965 est
2189 2913 2329 2965 enim
2353 2914 2493 2982 quod
2519 2916 2621 2983 ait,
2652 2916 2721 2969 Et
2743 2919 2795 2972 in
2824 2920 2912 2972 illo
2932 2922 3015 2975 die
3040 2939 3116 2975 me
3140 2941 3238 2977 non
3270 2928 3511 2995 rogabitis

1925 3002 2242 3072 quidquam?
2279 3003 2391 3058 Hoc
2414 3006 2628 3059 verbum
2657 3009 2798 3078 quod
2831 3022 2912 3064 est
2936 3026 3153 3081 rogare,
3188 3029 3293 3069 non
3335 3018 3511 3073 solum

1928 3101 2128 3161 petere,
2158 3109 2339 3148 verum
2364 3096 2520 3150 etiam
2541 3084 2863 3168 interrogare
2890 3102 3147 3171 significat
3170 3121 3183 3170 ;
3208 3115 3259 3159 et
3279 3122 3509 3176 graecum

1928 3181 2290 3254 Evangelium,
2326 3186 2464 3241 unde
2485 3186 2587 3243 hoc
2615 3192 2924 3245 translatum
2947 3202 3049 3261 est,
3075 3196 3176 3249 tale
3205 3196 3360 3253 habet
3389 3216 3514 3255 ver-

1927 3271 2052 3327 bum
2083 3274 2223 3343 quod
2254 3286 2536 3346 utrumque
2565 3281 2728 3347 possit
2751 3282 2965 3352 intelligi
2989 3325 3002 3349 ,
3031 3294 3087 3338 ut
3110 3285 3222 3341 lucc
3241 3290 3509 3359 ambigui-

1929 3372 2009 3419 tas
2039 3380 2137 3420 nec
2164 3367 2285 3421 inde
2321 3369 2557 3424 solvatur
2579 3369 2655 3444 (a)
2686 3389 2698 3424 :
2724 3388 3021 3443 quanquam
3051 3378 3152 3431 etsi
3179 3378 3509 3450 solveretur,

1928 3472 2032 3511 non
2060 3458 2181 3513 ideo
2217 3461 2356 3514 nulla
2393 3464 2618 3530 quzrstio
2654 3476 2973 3521 remaneret.
3008 3467 3286 3523 Dominum
3315 3474 3515 3529 etenim

1928 3548 2194 3603 Christum
2215 3592 2228 3615 ,
2266 3562 2541 3622 postquam
2573 3558 2909 3623 resurrexit,
2940 3568 2993 3612 et
3020 3560 3400 3630 interrogatum
3433 3565 3513 3619 le«

1926 3642 2099 3711 gimus
2128 3652 2181 3697 ct
2205 3654 2469 3713 rogatum.
2501 3644 2630 3699 Nam
2662 3646 3017 3718 interrogatus
3047 3660 3128 3705 est
3168 3667 3197 3704 a
3236 3652 3515 3723 discipulis

1927 3746 2249 3787 ascensurus
2300 3735 2355 3787 in
2411 3735 2634 3800 cmlum,
2690 3738 2901 3805 quando
2952 3750 3394 3810 praesentaretur,
3460 3753 3516 3799 et

1928 3822 2139 3891 quando
2160 3838 2378 3892 regnum
2407 3833 2549 3878 esset
2576 3824 2732 3880 Israel
2756 3826 2889 3894 (Act.
2915 3844 2950 3893 l,
2980 3826 3033 3900 6)
3064 3849 3075 3883 :
3106 3846 3225 3885 cum
3253 3848 3379 3887 vero
3400 3833 3511 3903 jam

1929 3923 2069 3967 esset
2093 3913 2143 3966 in
2174 3915 2330 3980 coelo,
2363 3924 2575 3984 rogatus
2595 3926 2675 3970 est
2698 3932 2727 3969 a
2755 3927 2938 3972 sancto
2967 3920 3252 3989 Stephano,
3281 3932 3335 3976 ut
3357 3924 3516 3992 spiri-

1933 4012 2040 4059 tum
2073 4004 2187 4073 ejus
2220 4006 2485 4075 acciperet
2515 4006 2622 4075 (Id.
2674 4022 2778 4074 vn,
2813 4009 2926 4079 58).
2976 4012 3040 4065 Et
3068 4014 3183 4081 quis
3209 4014 3401 4070 audeat
3427 4016 3514 4071 vel

1930 4096 2166 4167 cogitare
2193 4098 2275 4152 vel
2321 4099 2499 4154 dicere
2520 4141 2533 4165 ,
2567 4099 2618 4153 in
2642 4101 2779 4155 cmlo
2825 4102 3097 4158 sedentem
3124 4106 3393 4162 Christum
3427 4125 3515 4165 roc

1930 4187 2159 4257 gandum
2200 4204 2305 4241 non
2353 4204 2507 4256 esse,
2558 4199 2611 4244 et
2656 4191 2707 4244 in
2750 4201 2887 4247 terra
2926 4205 3225 4251 manentem
3271 4208 3514 4269 rogatum

1932 4277 2131 4332 fuisse?
2175 4278 2466 4347 rogandum
2498 4294 2602 4334 non
2633 4296 2754 4336 esse
2781 4283 3133 4338 immortalem
3153 4326 3167 4346 .
3216 4290 3389 4357 rogari
3417 4289 3518 4343 de-

1930 4369 2113 4425 buisse
2137 4370 2457 4425 mortalem?
2486 4370 2616 4438 lmo,
2642 4374 2960 4440 charissimi,
2996 4393 3243 4446 rogemus
3269 4396 3389 4434 eum
3414 4421 3429 4448 ,
3461 4391 3517 4438 ut

1932 4462 2128 4515 nodum
2151 4462 2461 4531 qumstionis
2483 4461 2638 4533 hujus
2660 4465 2771 4533 ipse
2792 4466 3065 4533 dissolvat,
3082 4470 3307 4527 lucendo
3329 4473 3381 4527 in
3404 4489 3517 4528 cor-

1931 4548 2089 4605 dibus
2117 4552 2314 4606 nostris
2338 4552 2405 4606 ad
2438 4552 2664 4617 videnda
2692 4570 2809 4623 qum
2834 4557 2981 4611 dicit.

2003 4643 2058 4697 5.
2099 4643 2233 4697 Puto
2254 4644 2393 4697 enim
2423 4644 2561 4713 quod
2586 4645 2692 4711 ait,
2726 4645 2919 4701 Iterum
2941 4659 3105 4704 autem
3128 4652 3299 4705 videbo
3324 4668 3409 4708 vos
3427 4695 3442 4720 ,
3464 4636 3527 4710 et

1932 4735 2167 4806 gaudebit
2192 4752 2277 4789 cor
2299 4746 2512 4789 vestrum
2532 4778 2546 4802 ,
2570 4745 2616 4790 et
2635 4737 2877 4807 gaudium
2900 4751 3115 4795 vestrum
3140 4759 3283 4797 nemo
3314 4745 3451 4798 tollet
3482 4760 3516 4799 a

1932 4824 2096 4892 vobis,
2133 4842 2238 4879 non
2271 4826 2337 4879 ad
2367 4825 2494 4880 illud
2523 4834 2732 4897 tempus
2760 4844 2878 4884 esse
2913 4830 3256 4886 referendum
3286 4851 3391 4903 quo
3424 4849 3514 4890 re-

1933 4916 2179 4981 surrexit,
2201 4916 2386 4985 eisque
2412 4930 2561 4971 suam
2588 4932 2800 4973 carnem
2822 4921 3143 4976 cernendum
3165 4924 3515 4993 tangendam-

1934 5022 2037 5076 que
2081 5008 2396 5068 monstravit
2436 5007 2611 5079 (Joan.
2651 5026 2719 5063 xx
2742 5052 2757 5075 ,
2795 5012 2886 5082 27)
2928 5030 2943 5066 :
2976 5013 3069 5067 sed
3094 5016 3267 5083 potius
3301 5016 3366 5071 ad
3388 5017 3519 5072 illud

1935 5100 2200 5171 undejam
2228 5101 2469 5167 dixerat,
2522 5102 2625 5169 Qui
2669 5104 2833 5174 diligit
2858 5121 2938 5159 me
2958 5145 2974 5171 ,
3030 5108 3272 5177 diligetur
3299 5125 3331 5161 a
3362 5107 3520 5165 Patre

1934 5210 2045 5247 meo
2061 5211 2082 5260 ;
2111 5204 2157 5247 et
2182 5210 2270 5264 ego
2296 5194 2504 5264 diligam
2529 5211 2644 5247 eum
2667 5236 2682 5261 ,
2735 5205 2783 5249 et
2809 5196 3141 5265 manifestabo
3170 5199 3417 5269 meipsum
3443 5200 3521 5254 illi

1940 5284 2049 5359 (Id.
2080 5302 2187 5353 xw,
2211 5286 2323 5357 21).
2351 5286 2465 5341 Jam
2492 5286 2687 5356 quippe
2712 5298 3096 5353 resurrexerat,
3124 5291 3232 5359 jam
3255 5306 3314 5347 se
3343 5292 3520 5347 illisin

1934 5391 2094 5433 carne
2119 5387 2526 5443 monstraverat,
2554 5378 2662 5447 jam
2692 5378 2909 5434 sedebat
2931 5380 2996 5434 ad
3024 5380 3295 5435 dexteram
3324 5383 3518 5451 Patris,

1936 5470 2149 5540 quando
2182 5471 2391 5525 dicebat
2430 5470 2571 5525 idem
2613 5471 2725 5540 ipse
2751 5473 3025 5541 apostolus
3051 5473 3283 5529 Joannes
3304 5518 3318 5543 ,
3369 5477 3522 5547 cujus

1900 5614 1903 5617 .
1936 5572 2019 5620 est
2053 5565 2152 5619 hoc
2186 5564 2529 5634 Evangelium
2551 5603 2567 5631 ,
2614 5564 2666 5617 in
2697 5564 2934 5634 Epistola
2979 5580 3073 5620 sua
3111 5583 3128 5621 :
3161 5567 3515 5637 Dilectissimi,

1937 5672 2071 5710 nunc
2090 5656 2186 5724 ﬁlii
2210 5655 2307 5710 Dei
2331 5672 2504 5710 sumus
2524 5696 2538 5721 ,
2584 5664 2629 5710 et
2658 5656 2879 5712 nondum
2906 5659 3280 5732 manifestatum
3304 5671 3373 5717 est
3396 5660 3519 5731 quid

2001 5771 2075 5833 (a)
2097 5778 2261 5832 Grzcc.,
2286 5768 2523 5821 erbtexte.
