4028 6474
574 315 711 371 £803

570 445 758 483 cruuus
786 443 803 481 :
837 427 1026 481 scimus
1057 426 1175 497 quia
1197 442 1310 479 cum
1346 426 1720 496 manifestatum
1750 426 1900 495 fuerit
1921 467 1934 490 ,
1965 425 2150 478 similes

569 523 616 575 ei
635 523 841 588 erimus,
868 521 1102 589 quoniam
1123 519 1394 572 videbimus
1415 535 1527 571 eum
1552 519 1697 571 sicuti
1724 528 1792 571 est
1823 518 1864 587 (I
1891 515 2047 570 Joan.
2072 533 2150 582 tn,

569 616 648 684 2).
681 615 782 669 Ista
824 615 956 668 visio
1003 629 1107 667 non
1151 613 1270 665 vita:
1303 611 1458 678 hujus
1483 619 1598 676 est,
1643 609 1735 664 sed
1765 609 1990 673 futurm;
2044 624 2149 661 non

571 705 878 776 temporalis
897 747 910 770 ,
944 704 1036 758 sed
1062 714 1256 757 :etcrna
1283 704 1321 755 ¹.
1354 701 1476 755 ΙΙαέ
1505 711 1574 755 est
1601 711 1768 754 autem
1797 702 1897 754 vita
1921 710 2110 754 (eterna
2133 740 2148 764 ,

568 798 781 852 dicente
810 797 921 865 ipsa
947 796 1073 859 vita,
1096 805 1150 846 ut
1177 803 1474 863 cognoscant
1492 802 1558 857 te,
1585 792 1772 860 inquit,
1801 807 1955 844 unum
1981 805 2149 842 verum

570 889 754 954 Deum,
784 898 828 941 et
855 904 999 955 quem
1024 886 1200 939 misisti
1224 884 1398 937 Jesum
1427 881 1680 938 Christum
1716 881 1890 952 (Joan.
1916 892 2048 943 xvtt,
2072 881 2147 948 5).

569 981 644 1035 De
683 980 782 1033 hac
809 978 1013 1032 visione
1054 984 1107 1029 et
1135 975 1436 1044 cognitione
1465 973 1593 1027 dicit
1622 972 1907 1041 Apostolus
1941 987 1954 1024 :
1994 968 2144 1022 Vide-

565 1088 677 1124 mus
701 1085 829 1123 nunc
859 1085 946 1138 per
969 1067 1230 1136 speculum
1252 1066 1303 1118 in
1332 1065 1596 1134 wnigmatc
1615 1103 1629 1129 ,
1668 1073 1786 1116 tunc
1826 1072 1992 1116 autem
2019 1062 2150 1131 facie

566 1162 633 1215 ad
660 1161 840 1229 [aciem
875 1175 892 1212 :
917 1175 1050 1211 nunc
1082 1158 1184 1210 scio
1214 1173 1276 1210 ea:
1307 1167 1482 1225 parte,
1514 1166 1632 1208 tunc
1663 1165 1828 1207 autem
1854 1169 2150 1224 cognoscam

565 1253 694 1306 sicut
721 1259 765 1304 et
789 1251 1016 1320 cognitus
1047 1266 1156 1302 sum
1184 1249 1224 1319 (l
1247 1247 1365 1302 Cor.
1385 1263 1479 1300 xm
1497 1289 1511 1313 ,
1546 1245 1968 1316 1⁵2ει15).11ιιιιο
1991 1246 2149 1300 totius

567 1343 766 1398 laboris
783 1343 860 1396 sui
877 1342 1105 1396 fructum
1123 1341 1361 1395 Ecclesia
1381 1355 1517 1393 nunc
1532 1340 1752 1408 parturit
1773 1338 2146 1405 desiderando,

566 1443 692 1489 tunc
719 1442 802 1488 est
823 1434 1059 1502 paritura
1084 1431 1389 1495 cernendo;
1429 1445 1568 1484 nunc
1602 1430 1829 1500 parturit
1852 1429 2144 1499 gemendo,

565 1537 690 1582 tunc
718 1528 953 1598 paritura
1000 1524 1264 1589 lzetando;
1319 1538 1461 1577 nunc
1507 1522 1730 1591 parturit
1770 1521 1991 1586 orando,
2024 1531 2150 1576 tunc

566 1621 798 1690 paritura
827 1617 1116 1672 laudando.
1164 1615 1233 1669 Et
1279 1614 1397 1668 ideo
1425 1613 1716 1668 masculum
1743 1628 1758 1676 ;
1804 1612 2052 1681 quoniam
2081 1611 2150 1666 ad

566 1711 725 1764 istum
754 1709 981 1762 fructum
1004 1705 1466 1775 contemplationis
1497 1714 1684 1758 cuncta
1709 1703 1879 1757 officia
1909 1703 2151 1757 referun-

565 1808 653 1854 tur
681 1799 922 1854 actionis.
944 1797 1102 1852 Solus
1122 1806 1203 1851 est
1226 1796 1367 1850 enim
1393 1796 1558 1860 liber;
1585 1795 1706 1864 quia
1733 1802 1950 1863 propter
1977 1808 2036 1848 se
2055 1808 2149 1862 ap-

567 1891 782 1960 petitur,
811 1898 865 1943 et
903 1904 1010 1943 non
1041 1887 1269 1942 refertur
1296 1887 1360 1940 ad
1391 1885 1554 1939 aliud.
1585 1885 1715 1938 lluic
1757 1885 1922 1938 servit
1960 1884 2099 1937 actio
2130 1899 2146 1938 ε

565 1985 636 2040 ad
681 1983 822 2037 hunc
869 1982 1009 2037 enim
1057 1981 1287 2034 refertur
1311 1977 1565 2048 quidquid
1604 1977 1738 2032 bene
1766 1976 1976 2045 agitur,
2021 1974 2147 2045 quia

567 2085 786 2146 prapter
819 2074 959 2128 hunc
983 2073 1185 2142 agitur;
1219 2071 1332 2140 ipse
1368 2080 1544 2124 autem
1587 2085 1691 2124 non
1722 2077 1936 2138 propter
1969 2066 2147 2133 aliud,

568 2167 664 2223 sed
695 2175 909 2236 propter
936 2164 1282 2232 semetipsum
1312 2172 1522 2216 tenetur
1546 2171 1600 2216 et
1637 2161 1880 2216 habetur.
1924 2159 1996 2214 lbi
2024 2174 2152 2230 ergo

570 2257 691 2311 finis
719 2256 810 2326 qui
859 2255 1054 2309 sufficit
1097 2253 1275 2306 nobis.
1329 2251 1584 2306 Alternus
1624 2251 1781 2320 igitur
1805 2250 1946 2304 erit:
1979 2265 2154 2319 neque

569 2350 712 2406 enim
755 2347 910 2402 nobis
957 2346 1154 2400 sufficit
1198 2345 1350 2409 finis,
1385 2345 1486 2398 nisi
1524 2344 1675 2413 cujus
1705 2344 1879 2398 nullus
1909 2342 2150 2398 estfinis.

571 2439 686 2494 Hoc
711 2438 1024 2506 inspiratum
1053 2445 1167 2490 erat
1208 2434 1456 2504 Philippo
1491 2433 1700 2504 quando
1725 2433 1856 2488 dixit
1885 2451 1898 2486 :
1935 2432 2156 2488 Ostende

572 2530 713 2584 nobis
744 2527 944 2582 Patrem
969 2569 984 2591 ,
1015 2537 1061 2580 et
1091 2526 1268 2596 stt/ﬁcit
1311 2527 1470 2580 nobis.
1506 2527 1560 2581 In
1602 2541 1704 2586 qua
1751 2525 2058 2581 ostensione
2095 2541 2156 2582 se

575 2621 816 2692 promisit
841 2629 894 2675 et
918 2619 1086 2674 Filius
1107 2619 1294 2673 dicens
1325 2636 1336 2671 :
1368 2617 1489 2672 Non
1517 2619 1679 2672 credis
1707 2620 1825 2690 quia
1855 2635 1946 2688 ego
1975 2620 2028 2673 in
2050 2619 2156 2674 Pa-

573 2722 668 2779 tre,
694 2723 740 2766 et
770 2710 925 2765 Pater
949 2713 1000 2764 in
1029 2727 1106 2764 me
1128 2721 1197 2764 est
1225 2709 1404 2780 (Joau.
1429 2725 1545 2777 xw,
1569 2710 1623 2776 8,
1651 2711 1739 2780 10)
1762 2711 1786 2764 ?
1815 2710 1893 2765 De
1923 2710 2026 2765 hoc
2053 2712 2154 2765 ita-

572 2819 677 2874 que
700 2803 842 2874 quod
864 2801 1057 2857 sufficit
1085 2802 1259 2867 nobis,
1283 2801 1580 2856 rectissime
1605 2801 1869 2868 audimus,
1904 2800 2158 2856 Gaudium

571 2904 788 2949 vestrum
818 2909 961 2946 nemo
991 2891 1132 2945 tollet
1161 2908 1191 2944 a
1223 2892 1374 2945 vobis.

644 2978 696 3033 6.
741 2978 818 3032 De
856 2977 958 3031 hoc
981 2976 1142 3031 etiam
1179 2986 1298 3046 (pne
1334 2976 1574 3046 superius
1606 2975 1747 3032 dicta
1776 2987 1929 3047 sunt,
1968 2981 2159 3036 melius

573 3069 822 3126 cxiStimo
854 3068 1072 3138 intelligi
1095 3108 1109 3133 ,
1155 3066 1413 3120 Modicum
1442 3077 1489 3119 et
1510 3068 1626 3137 jam
1653 3083 1754 3120 non
1786 3069 2013 3124 videbitis
2042 3087 2154 3138 me,

575 3175 621 3218 et
640 3165 820 3217 iterum
847 3160 1102 3214 modicum
1125 3169 1169 3213 et
1198 3159 1422 3212 videbitis
1448 3175 1545 3210 me.
1589 3158 1855 3212 Modicum
1892 3168 1977 3214 est
2015 3162 2156 3216 enim

575 3253 678 3308 hoc
716 3260 882 3307 totum
915 3251 1143 3318 spatium
1180 3263 1284 3318 quo
1325 3263 1562 3318 prmsens
1591 3249 1830 3318 pervolat
1855 3251 2106 3305 saaculum
2138 3267 2152 3306 :

577 3344 717 3399 unde
737 3343 865 3398 dicit
894 3342 1033 3405 idem
1063 3342 1176 3410 ipse
1201 3339 1524 3409 evangelista
1547 3339 1598 3392 in
1631 3339 1867 3409 Epistula
1894 3355 2012 3404 sua,
2036 3339 2152 3395 Νο-

575 3435 780 3490 uissima
802 3433 926 3486 hora
948 3442 1018 3487 est
1049 3431 1091 3501 (Ι
1117 3430 1272 3484 Joan.
1301 3447 1354 3495 ll,
1382 3430 1491 3500 18).
1519 3429 1640 3485 Ideo
1665 3445 1897 3499 namque
1930 3430 2155 3500 addidit,

575 3519 692 3589 quia
718 3516 846 3571 vado
876 3516 942 3568 ad
969 3514 1176 3568 Patrem
1211 3529 1227 3566 :
1268 3513 1408 3584 quod
1453 3513 1520 3567 ad
1558 3515 1789 3584 priorem
1839 3516 2158 3571 sententiam

573 3607 912 3665 referendum
940 3615 1042 3673 est,
1071 3605 1157 3659 ubi
1179 3605 1288 3669 ait,
1320 3603 1580 3656 Modicum
1607 3614 1652 3656 et
1667 3605 1783 3674 jam
1809 3621 1909 3658 non
1938 3606 2159 3661 videbitis

573 3719 684 3767 me;
715 3715 820 3755 non
843 3699 910 3752 ad
932 3698 1279 3768 posteriorem
1309 3697 1396 3751 ubi
1421 3697 1526 3760 ait,
1557 3706 1602 3748 et
1630 3697 1806 3750 iterum
1835 3698 2086 3751 modicum
2112 3707 2160 3752 et

572 3793 804 3848 videbitis
836 3807 935 3845 me.
967 3790 1154 3844 Eundo
1184 3790 1380 3860 quippe
1407 3788 1471 3843 ad
1504 3789 1744 3853 Patrem,
1782 3788 2016 3843 facturus
2043 3798 2162 3844 erat

570 3894 630 3939 ut
653 3899 774 3939 eum
803 3898 911 3938 non
934 3882 1192 3936 viderent.
1221 3881 1298 3936 Ac
1321 3896 1414 3950 per
1435 3880 1538 3935 hoc
1564 3896 1668 3934 non
1693 3879 1811 3934 ideo
1837 3879 2034 3934 dictum
2053 3889 2156 3946 est,

570 3975 693 4046 quia
717 3974 886 4028 fuerat
909 3973 1222 4039 moriturus,
1251 3981 1305 4029 et
1333 3972 1501 4028 donec
1530 3981 1850 4042 resurgeret,
1881 3973 1948 4027 ab
1968 3989 2158 4031 eorum

569 4065 872 4134 aspectibus
918 4078 1254 4127 recessurus;
1285 4063 1379 4117 sed
1409 4061 1552 4133 quod
1579 4072 1722 4117 esset
1758 4063 1930 4119 iturus
1952 4065 2018 4118 ad
2052 4066 2157 4120 Pa-

572 4165 740 4221 trem,
775 4153 916 4224 quod
944 4153 1068 4208 fecit
1108 4163 1454 4222 posteaquam
1493 4153 1824 4220 resurrexit,
1855 4164 2048 4209 etcum
2080 4157 2160 4212 eis

572 4261 668 4316 per
700 4244 1051 4315 quadraginta
1081 4243 1195 4296 dies
1233 4251 1580 4297 conversatus
1609 4242 1855 4298 ascendit
1881 4245 1933 4298 in
1962 4247 2156 4301 corium

575 4336 708 4410 (Act.
735 4351 772 4400 ι,
801 4335 855 4402 5,
884 4333 963 4406 9).
994 4333 1101 4388 Illis
1127 4347 1256 4402 ergo
1281 4333 1374 4396 ait,
1404 4331 1664 4386 Modicum
1691 4343 1738 4388 et
1749 4336 1864 4404 jam
1891 4351 1992 4389 non
2021 4338 2160 4391 vide-

571 4430 684 4482 bitis
712 4445 788 4482 me
811 4468 826 4491 ,
879 4427 969 4497 qui
1018 4441 1140 4480 eum
1181 4426 1530 4495 corporaliter
1563 4435 1692 4482 tunc
1718 4426 2004 4495 videbant,
2033 4429 2156 4499 quia

576 4519 744 4574 iturus
763 4529 874 4574 erat
905 4519 972 4573 ad
996 4518 1204 4572 Patrem
1225 4555 1241 4584 ,
1269 4525 1325 4572 et
1345 4532 1469 4572 eum
1491 4518 1740 4588 deinceps
1762 4521 2040 4574 mortalem
2073 4521 2156 4574 vi—

570 4613 680 4668 suri
705 4627 811 4666 non
842 4620 1014 4676 erant,
1043 4610 1250 4679 qualem
1281 4625 1400 4664 cum
1424 4609 1521 4664 ista
1550 4610 1860 4680 loqueretur
1885 4611 2153 4666 videbant.

569 4702 721 4770 Quod
752 4716 878 4755 vero
902 4700 1124 4763 addidit,
1151 4709 1198 4752 et
1227 4701 1409 4752 iterum
1435 4699 1687 4752 modicum
1715 4710 1760 4754 et
1789 4701 2014 4756 videbitis
2037 4717 2114 4756 nte
2135 4745 2152 4767 ,

568 4795 832 4849 universze
859 4793 1102 4863 promisit
1125 4791 1378 4846 Ecclesia:
1405 4791 1576 4846 :sicut
1602 4792 1862 4846 universre
1889 4793 2152 4861 promisit,

568 4887 701 4944 Ecce
727 4904 817 4960 ego
845 4886 1094 4940 vobiscum
1117 4902 1228 4939 sum
1255 4901 1408 4956 usque
1449 4887 1501 4938 in
1542 4887 2022 4940 consummationem
2061 4902 2158 4940 ste-

567 4981 668 5036 culi
699 4978 909 5049 (Matth.
939 4992 1110 5031 xxvm
1141 5015 1155 5040 ,
1208 4975 1324 5046 20).
1368 4974 1484 5028 Non
1516 4977 1686 5030 tardat
1731 4976 1993 5032 Dominus
2031 4991 2155 5046 pro-

568 5073 792 5124 missum
821 5086 834 5122 :
869 5067 1168 5132 modicum,
1199 5076 1252 5121 et
1277 5065 1574 5122 videbimus
1595 5083 1738 5134 eum,
1771 5068 1858 5123 ubi
1879 5069 1988 5138 jam
2020 5069 2153 5124 nihil

568 5175 850 5234 rogemus,
895 5160 1029 5214 nihil
1064 5160 1481 5230 interrogemus;
1530 5161 1652 5230 quia
1688 5161 1817 5215 nihil
1843 5161 2155 5217 desideran-

569 5255 695 5311 dum
741 5254 1068 5319 remanebit,
1119 5253 1250 5308 nihil
1277 5253 1623 5322 quaerendum
1659 5254 1863 5310 latebit.
1895 5255 2007 5310 Hoc
2033 5271 2152 5311 mo-

569 5348 746 5403 dicum
761 5349 976 5418 longum
1010 5346 1163 5402 nobis
1186 5346 1394 5402 videtur
1414 5389 1428 5414 ,
1455 5348 1703 5418 quoniam
1730 5347 1904 5403 adlmc
1932 5351 2105 5419 agitur
2133 5367 2149 5407 :

568 5457 691 5497 cum
736 5442 937 5494 finitum
975 5439 1166 5504 fuerit,
1204 5447 1327 5494 tunc
1356 5440 1645 5494 sentiemus
1690 5455 1847 5510 quam
1883 5441 2149 5497 modicum

571 5531 748 5586 fuerit.
795 5531 909 5585 Non
949 5546 1076 5602 ergo
1117 5531 1186 5586 sit
1227 5531 1473 5600 gaudium
1505 5541 1741 5585 nostrum
1790 5533 1944 5601 quale
1991 5531 2152 5588 habet

571 5624 821 5688 mundus,
843 5624 910 5679 de
929 5640 1034 5694 quo
1054 5624 1250 5678 dictum
1279 5635 1388 5690 est,
1422 5623 1646 5676 Mundus
1674 5636 1838 5679 autem
1868 5626 2102 5698 gaudebit
2131 5643 2151 5682 :

635 5735 655 5765 ³
678 5742 796 5785 'I‘res
818 5743 942 5799 uss,
968 5749 1057 5785 non
1081 5735 1372 5798 temporalis,
1397 5735 1479 5785 sed
1504 5741 1717 5786 a‘terme.

1495 311 1558 367 IN
1596 310 1872 368 JOANNIS
1913 309 2373 379 EVANGELIUM,
2405 309 2461 367 S.
2503 311 2871 369 AUGUSTINI

3712 320 3843 379 1836

2265 441 2363 480 nec
2395 435 2568 480 tamen
2599 427 2650 480 in
2681 427 2838 495 hujus
2866 424 3116 482 desiderii
3145 425 3494 496 parturitione
3515 430 3632 488 sine
3655 437 3845 504 gaudio

2262 517 2440 569 tristes
2469 517 2654 582 simus,
2688 517 2780 569 sed
2812 517 2945 568 sicut
2971 516 3043 569 ait
3073 516 3381 585 Apostolus,
3415 519 3520 588 Spe
3544 525 3840 592 gaudentes,

2260 609 2310 660 in
2337 609 2654 661 tribulatione
2693 612 2932 677 patientes
2963 607 3136 676 (Rom.
3175 625 3246 662 xu
3271 650 3285 675 ,
3330 609 3452 681 12);
3501 614 3622 682 quia
3654 624 3707 669 et
3734 617 3844 686 ipsa

2261 701 2577 768 parturiens,
2602 705 2685 753 cui
2712 703 3000 770 comparati
3029 717 3232 768 sumus,
3262 702 3382 771 plus
3406 705 3601 772 gaudet
3627 705 3695 762 de
3720 723 3841 762 mox

2256 791 2429 844 futura
2461 793 2627 860 prole,
2659 808 2817 861 quam
2841 793 3005 847 tristis
3025 802 3106 847 est
3130 792 3198 846 de
3225 795 3472 862 prtesenti
3499 794 3705 851 dolore.
3731 796 3837 852 Sed

2256 881 2413 951 lmjus
2438 884 2700 937 sermonis
2726 884 2822 937 iste
2847 881 2915 936 sit
2937 884 3056 939 finis
3078 901 3090 936 :
3116 883 3470 940 habentenim
3496 887 3842 955 qumstionem

2257 974 2686 1026 molestissimam
2733 989 2853 1042 qua:
2881 982 3193 1042 sequuntur,
3247 988 3345 1028 nec
3391 975 3656 1030 brevitate
3693 992 3844 1032 coar-

2255 1065 2443 1118 ctanda
2472 1073 2624 1131 sunt,
2657 1074 2714 1119 ut
2744 1066 2950 1134 possint
2977 1066 3312 1121 commodius
3337 1107 3352 1135 ,
3385 1067 3432 1122 si
3457 1067 3718 1132 Dominus
3753 1084 3836 1124 νον

2256 1155 2433 1221 luerit,
2459 1156 2737 1226 explicari.
2867 1225 2871 1228 .

2770 1249 3178 1306 TRACTATUS
3219 1248 3324 1305 Cll.

2256 1341 2333 1396 Dc
2362 1358 2418 1396 eo
2449 1343 2584 1412 quod
2609 1342 2858 1397 Dominus
2893 1344 2994 1409 ait,
3031 1345 3233 1406 Amen,
3264 1358 3417 1398 amen
3458 1343 3578 1400 dico
3602 1343 3775 1409 vobis,
3801 1346 3844 1402 8|

2325 1434 2448 1504 quid
2481 1435 2738 1502 petieritis
2770 1435 2976 1488 Patrem
3008 1436 3058 1487 in
3089 1436 3302 1489 nomine
3331 1451 3469 1499 meo,
3500 1435 3842 1500 dabitvobis;

2325 1540 2482 1594 usque
2513 1525 2582 1577 ad
2617 1525 2699 1590 id,
2733 1525 2926 1580 lterum
2955 1525 3192 1594 relinquo
3229 1525 3507 1592 mundum,
3542 1537 3596 1582 et
3619 1527 3758 1581 vado
3782 1527 3844 1583 ad

2327 1615 2560 1670 Patrem.
2591 1615 2718 1686 Cap.
2751 1632 2860 1682 va,
2906 1617 2941 1686 7
2965 1653 2982 1670 .
3006 1616 3199 1671 “23-28.

2329 1708 2380 1762 1.
2421 1707 2629 1762 Domini
2667 1709 2826 1762 verba
2859 1721 2999 1762 nunc
3034 1707 3131 1761 ista
3159 1707 3430 1762 tractanda
3463 1715 3616 1772 sunt,
3650 1707 3842 1774 Amen,

2256 1814 2402 1852 amen
2423 1798 2536 1850 dico
2552 1798 2708 1864 vobis,
2729 1796 2770 1851 si
2792 1797 2915 1868 quid
2935 1797 3174 1868 petieritis
3197 1795 3402 1851 Patrem
3422 1798 3474 1850 in
3495 1797 3696 1851 nomine
3716 1815 3845 1864 meo,

2256 1889 2393 1942 dabit
2418 1889 2574 1943 vobis.
2597 1888 2714 1944 Jam
2739 1889 2937 1942 dictum
2973 1897 3053 1944 est
3089 1889 3140 1943 in
3171 1888 3536 1958 superioribus
3563 1889 3724 1958 hujus
3752 1890 3848 1945 do—

2255 1981 2434 2036 minici
2464 1982 2722 2035 sermonis
2746 1981 3000 2051 partibus,
3020 1989 3238 2051 propter
3258 1995 3352 2036 eos
3372 1981 3461 2051 qui
3485 1982 3738 2036 nonnulla
3761 1996 3850 2051 pc-

2258 2080 2374 2126 tunt
2397 2087 2425 2124 a
2451 2071 2607 2126 Patre
2631 2072 2682 2125 in
2704 2072 2896 2126 Christi
2919 2072 3157 2138 nomine,
3185 2087 3286 2126 nec
3307 2072 3588 2141 accipiunt,
3614 2088 3720 2127 non
3746 2073 3849 2142 peti

2257 2161 2312 2215 in
2339 2161 2553 2215 nomine
2583 2161 2874 2215 Salvatoris
2891 2161 3145 2231 quidquid
3169 2161 3363 2231 petitur
3385 2170 3567 2217 contra
3589 2164 3848 2218 rationem

2256 2252 2442 2308 salutis
2473 2251 2703 2324 (Supra,
2738 2251 2906 2306 Tract.
2941 2254 3065 2324 75).
3097 2251 3212 2308 Non
3241 2253 3382 2308 enim
3426 2267 3613 2308 sonum
3645 2254 3849 2309 littera-

2258 2359 2374 2398 rum
2398 2358 2460 2398 ac
2483 2344 2826 2415 syllabarum,
2858 2341 2952 2398 sed
2987 2343 3126 2414 quod
3157 2356 3320 2398 sonus
3349 2344 3465 2414 ipse
3485 2344 3773 2415 significat,
3801 2355 3851 2400 et

2257 2437 2398 2508 quod
2428 2453 2494 2494 eo
2520 2452 2652 2492 sono
2680 2445 2826 2492 recte
2846 2452 2908 2492 ac
2935 2437 3196 2492 veraciter
3222 2437 3553 2507 intelligitur,
3585 2436 3688 2492 hoc
3713 2438 3854 2492 acci-

2251 2513 2486 2597 piendas
2509 2535 2590 2582 est
2609 2526 2788 2582 dicere
2816 2542 2937 2582 cum
2960 2526 3108 2592 dicit,
3134 2526 3186 2579 in
3212 2528 3412 2580 nomine
3436 2542 3565 2580 meo.
3587 2524 3746 2581 Unde
3769 2527 3852 2596 qui

2260 2618 2363 2674 hoc
2383 2619 2542 2674 sentit
2571 2618 2636 2674 de
2662 2617 2874 2676 Christo
2902 2617 3043 2688 quod
3074 2633 3181 2672 non
3211 2627 3293 2672 est
3317 2617 3386 2672 de
3410 2617 3568 2672 unico
3595 2618 3690 2672 Dei
3722 2617 3854 2672 Filio

2261 2709 2621 2776 sentiendum,
2647 2725 2753 2765 non
2774 2711 2906 2779 petit
2931 2710 2982 2763 in
3005 2709 3120 2779 ejus
3145 2709 3381 2775 nomine,
3404 2708 3612 2764 etiamsi
3643 2724 3755 2764 non
3783 2719 3856 2763 ta-

2261 2811 2378 2856 ceat
2408 2802 2598 2856 litteris
2622 2817 2686 2855 ac
2703 2801 2922 2872 syllabis
2943 2799 3210 2855 Christum
3233 2817 3246 2864 ;
3269 2799 3517 2869 quoniam
3540 2800 3591 2854 in
3616 2799 3743 2870 ejus
3764 2816 3857 2855 no-

2261 2897 2405 2950 mine
2436 2896 2587 2964 petit,
2609 2911 2769 2965 quem
2793 2894 2989 2964 cogitat
3013 2909 3132 2948 cum
3161 2894 3314 2964 petit.
3339 2893 3437 2958 Qui
3458 2908 3586 2948 vero
3605 2891 3755 2962 quod
3777 2899 3857 2947 est

2262 2987 2329 3042 de
2361 2987 2451 3041 illo
2481 2986 2819 3042 sentiendum
2861 2987 3046 3052 sentit,
3075 2985 3189 3054 ipse
3216 2985 3269 3038 in
3303 2985 3418 3053 ejus
3443 2983 3655 3038 nomine
3683 2983 3854 3053 petit;

2262 3089 2315 3134 et
2338 3079 2529 3148 accipit
2549 3077 2690 3148 quod
2715 3078 2861 3148 petit,
2892 3077 2935 3131 si
2958 3093 3064 3131 non
3087 3083 3270 3132 contra
3292 3091 3444 3130 suam
3465 3074 3688 3128 salutem
3713 3087 3858 3128 sema

2263 3171 2524 3240 piternam
2559 3170 2708 3238 petit.
2732 3169 2935 3237 Accipit
2960 3176 3134 3222 autem
3165 3166 3376 3236 quando
3402 3164 3561 3219 debet
3586 3163 3854 3232 accipere.

2264 3260 2516 3329 Qumdam
2546 3260 2688 3315 enim
2727 3275 2832 3312 non
2863 3265 3121 3328 negantur
3144 3298 3160 3324 ,
3198 3255 3290 3311 sed
3318 3263 3374 3309 ut
3401 3267 3636 3324 congruo
3663 3252 3857 3308 dentur

2264 3362 2504 3422 tempore
2530 3352 2864 3407 differuntur.
2907 3351 2981 3405 lta
3023 3364 3152 3404 sane
3182 3346 3578 3417 intelligendum
3606 3354 3694 3400 est
3717 3342 3858 3415 quod

2263 3448 2358 3510 ait,
2390 3445 2528 3498 dabit
2549 3443 2704 3508 vobis,
2728 3451 2786 3497 ut
2810 3458 2874 3497 ea
2892 3440 3155 3496 beneficia
3185 3440 3478 3510 significata
3507 3439 3752 3493 sciantur
3777 3437 3857 3490 his

2263 3537 2466 3600 verbis,
2499 3552 2617 3606 qua:
2646 3534 2713 3588 ad
2743 3549 2836 3590 eos
2864 3533 2952 3603 qui
2983 3540 3169 3602 petunt
3200 3531 3409 3602 proprie
3439 3530 3730 3599 pertinent.
3760 3527 3858 3582 Eb

2262 3630 2550 3684 audiuntur
2575 3628 2770 3699 quippe
2809 3641 2996 3681 omnes
3033 3625 3200 3679 sancti
3229 3639 3324 3693 pro
3359 3622 3581 3691 seipsis',
3610 3636 3726 3676 non
3760 3636 3857 3674 au-

2265 3729 2371 3774 tem
2415 3735 2512 3790 pro
2538 3719 2791 3774 omnibus
2816 3717 3170 3772 exaudiuntur
3195 3714 3279 3768 vel
3304 3714 3485 3767 amicis
3514 3713 3599 3767 vel
3628 3711 3859 3766 inimicis

2262 3811 2396 3878 suis,
2429 3811 2512 3864 vel
2539 3809 2861 3880 quibuslibet
2881 3807 2999 3862 aliis
3023 3825 3036 3861 :
3059 3806 3180 3878 quia
3210 3819 3315 3860 non
3343 3803 3857 3873 utcumquedictum

2263 3911 2367 3967 est,
2394 3901 2568 3964 dabit;
2597 3901 2690 3955 sed
2717 3899 2854 3954 dabit
2879 3898 3035 3953 vobis.

2333 3991 2388 4045 2.
2420 3990 2589 4062 Usque
2616 3991 2764 4044 modo
2784 4032 2799 4056 ,
2823 3991 3011 4061 inquit,
3038 4006 3139 4044 non
3166 3988 3357 4059 petistis
3376 3985 3652 4057 quidquam
3679 3984 3736 4039 in
3763 3999 3861 4037 no-

2263 4085 2398 4138 mine
2421 4099 2550 4138 meo.
2581 4081 2778 4148 Petite,
2811 4092 2858 4136 et
2889 4083 3161 4151 accipietis,
3195 4091 3250 4134 ut
3277 4080 3516 4149 gaudium
3542 4088 3771 4132 vestrum
3797 4077 3862 4130 sit

2217 4197 2226 4204 ’
2263 4177 2486 4247 plenum.
2514 4175 2626 4230 lloe
2649 4175 2787 4245 quod
2809 4175 2936 4228 dicit
2953 4173 3200 4242 gaudium
3225 4173 3461 4241 plenum,
3483 4167 3732 4239 profecto
3754 4183 3862 4223 non

2263 4267 2477 4323 carnale
2497 4307 2512 4331 ,
2544 4266 2637 4321 sed
2665 4265 2938 4336 spirituale
2977 4263 3223 4334 gaudium
3255 4271 3337 4316 est
3367 4277 3382 4316 :
3410 4270 3464 4316 et
3487 4260 3708 4330 quando
3740 4271 3860 4316 tan-

2265 4368 2375 4414 tmn
2403 4360 2525 4426 erit,
2557 4367 2614 4412 ut
2641 4357 2837 4426 aliquid
2874 4355 2924 4411 ei
2948 4356 3058 4426 jam
3087 4371 3192 4409 non
3221 4354 3292 4408 sit
3315 4352 3641 4416 addendum,
3669 4351 3864 4424 procul

2262 4452 2426 4508 dubio
2457 4461 2581 4506 tunc
2612 4449 2716 4504 erit
2744 4449 2982 4518 plenum.
3012 4445 3276 4516 Quidquid
3317 4459 3444 4514 ergo
3482 4443 3687 4512 petitur
3715 4441 3866 4514 quod

2262 4545 2524 4613 pertineat
2552 4540 2617 4594 ad
2660 4539 2762 4593 hoc
2789 4537 3038 4608 gaudium
3070 4533 3521 4605 consequendum,
3553 4533 3662 4589 hoc
3693 4543 3782 4590 est
3811 4533 3866 4588 in

2263 4635 2478 4690 nomine
2502 4631 2698 4686 Christi
2726 4629 3032 4700 petendum,
3055 4628 3099 4682 si
3120 4627 3348 4682 divinam
3371 4624 3723 4696 intelligimus
3743 4639 3867 4695 gra-

2261 4725 2411 4789 tiam,
2438 4723 2483 4777 si
2509 4736 2635 4777 vere
2662 4721 2869 4776 beatam
2894 4720 3158 4789 poscimus
3182 4718 3364 4772 vitam.
3386 4716 3658 4786 Quidquid
3678 4725 3867 4770 autem

2259 4813 2404 4868 aliud
2445 4813 2670 4884 petitur,
2703 4811 2833 4866 nihil
2865 4811 3060 4880 petitur
3101 4826 3116 4864 :
3159 4825 3264 4863 non
3304 4807 3426 4878 quia
3459 4809 3602 4862 nulla
3633 4809 3868 4862 omnino

2259 4922 2348 4962 res
2373 4914 2454 4960 est
2473 4945 2486 4970 ,
2516 4903 2608 4958 sed
2637 4903 2758 4972 quia
2787 4903 2839 4956 in
2868 4910 3028 4955 tanta:
3061 4899 3140 4954 rei
3166 4899 3564 4968 comparatione
3591 4897 3868 4968 quidquid

2261 4995 2403 5052 aliud
2439 4994 2864 5062 concupiscitur,
2906 4991 3037 5045 nihil
3079 5000 3180 5044 est.
3225 4989 3407 5058 Neque
3448 4988 3588 5044 enim
3633 5003 3871 5059 prorsus

2260 5089 2401 5144 nulla
2428 5102 2515 5142 res
2536 5096 2618 5142 est
2643 5086 2822 5153 homo,
2853 5084 2919 5139 de
2941 5099 3046 5153 quo
3069 5083 3142 5136 ait
3167 5079 3455 5150 Apostolus
3479 5096 3493 5133 :
3519 5079 3619 5144 Qui
3635 5097 3696 5136 se
3719 5088 3874 5152 putat

2259 5180 2453 5250 aliquid
2480 5196 2604 5243 esse,
2627 5195 2740 5232 cum
2768 5178 2898 5232 nihil
2921 5178 2984 5231 sit
3023 5173 3230 5246 (Galat.
3259 5190 3331 5240 vr,
3362 5175 3395 5228 3
3415 5173 3454 5242 ).
3485 5171 3542 5226 lu
3567 5187 3870 5242 compara-

2261 5274 2404 5329 tione
2442 5273 2637 5344 quippe
2676 5270 2970 5342 spiritualis
3000 5268 3256 5333 hominis,
3290 5267 3380 5336 qui
3419 5267 3519 5321 scit
3546 5265 3733 5335 gratia
3775 5265 3875 5319 Dei

2259 5382 2319 5422 se
2348 5380 2465 5422 esse
2492 5364 2635 5435 quod
2664 5374 2764 5430 est,
2809 5363 3051 5434 quisquis
3078 5377 3212 5415 vana
3243 5358 3538 5430 praesumit,
3581 5356 3732 5411 nihil
3765 5365 3870 5411 est.

2260 5458 2430 5512 Etiam
2461 5458 2538 5512 sic
2576 5471 2703 5526 ergo
2747 5463 2892 5510 recte
2931 5453 3150 5522 intelligi
3193 5460 3397 5521 potest,
3449 5449 3608 5502 Amen
3636 5489 3655 5513 ,
3717 5462 3878 5501 amen

2194 5593 2204 5605 .
2259 5549 2370 5603 dico
2400 5549 2554 5616 vobis,
2577 5549 2621 5601 si
2643 5547 2764 5618 quid
2790 5547 3028 5618 petieritis
3058 5543 3268 5597 Patrem
3293 5541 3344 5595 in
3371 5541 3572 5595 nomine
3592 5556 3743 5606 meo,
3773 5540 3878 5593 da-

2257 5641 2327 5694 bit
2355 5639 2528 5704 vobis;
2568 5648 2626 5693 ut
2651 5638 2753 5693 hoc
2778 5637 2916 5707 quod
2947 5636 3038 5701 ait,
3073 5635 3116 5688 si
3140 5633 3280 5703 quid,
3315 5648 3421 5686 non
3455 5629 3756 5701 quodlibet
3789 5632 3877 5685 in-

2258 5731 2557 5803 telligatur,
2587 5729 2682 5786 sed
2722 5727 2918 5799 aliquid
2949 5723 3087 5798 quod
3128 5739 3231 5780 non
3259 5723 3327 5796 .in
3356 5721 3523 5778 beata:
3556 5720 3688 5776 vite
3719 5736 3880 5777 com-
