4076 6478
300 358 429 418 1897

293 466 565 540 paratione
594 463 663 519 sit
687 458 837 516 nihil.
864 459 927 513 Et
947 456 1085 527 quod
1111 455 1369 527 sequitur,
1403 454 1570 524 Usque
1598 452 1747 506 modo
1769 467 1868 504 non

294 561 483 631 petistis
513 557 786 627 quidquam
813 554 865 606 in
894 552 1094 605 nomine
1119 565 1252 615 meo,
1284 548 1489 603 duobus
1516 545 1687 600 modis
1713 543 1871 597 intel-

292 652 378 719 ligi
425 656 645 718 potest:
677 646 759 701 vel
802 645 922 714 quia
966 658 1071 695 non
1102 641 1154 694 in
1198 641 1415 695 nomine
1460 653 1579 693 meo
1624 636 1829 707 petistis
1858 677 1873 699 ,

291 740 432 811 quod
460 753 650 794 nomen
681 751 786 791 non
808 736 947 789 sicut
966 730 1390 804 cognoscendum
1416 737 1497 784 est
1521 727 1870 798 cognovistis;

294 833 516 887 velsnon
543 828 749 900 petistis
776 824 1083 895 quidquam,
1114 821 1367 892 quoniam
1397 820 1449 872 in
1478 816 1874 886 comparatione

287 924 365 977 rei
397 936 557 992 quam
598 928 780 990 petere
818 915 1075 971 debuistis
1098 954 1111 977 ,
1141 926 1236 982 pro
1274 910 1442 964 nihilo
1472 907 1766 962 habendum
1793 916 1877 965 est

287 1014 430 1083 quod
468 1011 693 1082 petistis.
720 1008 788 1064 Ut
817 1008 972 1077 igitur
998 1005 1051 1059 in
1080 1004 1195 1073 ejus
1221 1002 1435 1055 nomine
1461 1014 1565 1053 non
1596 997 1746 1061 nihil,
1778 994 1873 1050 sed

284 1104 536 1174 gaudium
566 1102 778 1171 plenum
804 1105 984 1169 petant
1009 1097 1027 1167 (
1051 1095 1299 1165 quoniam
1328 1093 1372 1145 si
1397 1090 1591 1161 aliquid
1619 1088 1759 1143 aliud
1781 1102 1845 1158 pe

285 1204 427 1257 tunt,
458 1194 597 1248 idem
626 1191 824 1261 aliquid
855 1189 987 1244 nihil
1023 1186 1157 1256 est),
1187 1184 1498 1241 exhortatur
1533 1182 1733 1246 dicens,
1762 1179 1868 1233 Pe-

286 1288 405 1352 tite,
439 1297 486 1339 et
519 1284 771 1354 accipietis
790 1324 804 1345 ,
836 1290 889 1334 ut
919 1281 1157 1351 gaudium
1186 1287 1404 1331 vestrum
1436 1277 1501 1329 sit
1541 1275 1742 1344 plenum
1768 1289 1786 1327 :
1814 1271 1866 1327 id

285 1385 401 1441 est,
432 1375 533 1429 hoc
562 1374 611 1426 in
641 1372 855 1426 nomine
888 1385 1006 1424 meo
1045 1369 1201 1438 petite
1221 1408 1236 1433 ,
1267 1375 1323 1420 ut
1347 1364 1594 1436 gaudium
1634 1372 1866 1419 vestrum

284 1466 353 1521 sit
381 1465 621 1534 plenum,
658 1473 711 1518 et
739 1462 1030 1532 accipietis.
1064 1461 1167 1514 lsto
1197 1460 1337 1514 enim
1380 1459 1520 1513 bono
1545 1458 1597 1511 in
1639 1455 1865 1528 petendo

280 1565 695 1629 perseverantes
729 1563 938 1610 sanctos
976 1568 1101 1608 suos
1138 1566 1468 1623 nequaquam
1505 1548 1861 1605 misericordia

281 1648 461 1701 divina
492 1646 773 1701 l‘raudabit.

356 1739 411 1792 5.
443 1736 587 1802 Haec,
610 1736 797 1806 inquit,
820 1735 872 1787 in
895 1732 1162 1805 proverbiis
1182 1733 1376 1787 locutus
1394 1746 1507 1785 sum
1530 1731 1666 1784 vobis
1691 1744 1708 1783 :
1733 1730 1863 1783 venit

281 1830 413 1883 hora
442 1844 553 1881 cum
572 1828 686 1898 jam
716 1842 817 1879 non
834 1826 887 1878 in
915 1824 1184 1894 proverbiis
1211 1824 1385 1893 loquar
1404 1821 1557 1885 vobis,
1580 1820 1667 1874 sed
1694 1821 1863 1890 potant

278 1921 351 1974 de
372 1919 529 1973 Patre
551 1935 659 1972 meo
678 1915 986 1971 annuntiabo
1008 1915 1159 1969 vobis.
1186 1914 1405 1968 Possem
1429 1911 1608 1967 dicere
1636 1911 1770 1964 hanc
1794 1909 1862 1965 de

276 2026 385 2080 qua
415 2010 650 2081 loquitur
682 2010 890 2075 horam,
942 2008 1171 2062 futurum
1200 2015 1446 2075 oportere
1496 2004 1746 2058 saeculum
1777 2003 1859 2055 in-

276 2101 466 2172 telligi,
515 2101 603 2155 ubi
629 2099 922 2154 videbimus
947 2097 1145 2168 palam,
1171 2095 1312 2166 quod
1350 2095 1534 2151 beatus
1560 2093 1751 2147 Paulus
1776 2092 1860 2146 di-

274 2193 371 2256 cit,
402 2192 535 2263 facie
557 2191 626 2244 ad
655 2191 867 2259 faciem;
893 2198 950 2244 ut
970 2188 1110 2259 quod
1139 2189 1232 2254 ait,
1268 2187 1392 2241 Herc
1412 2188 1463 2239 in
1489 2185 1758 2257 proverbiis
1783 2185 1859 2239 lo-

274 2293 431 2337 cutus
452 2300 565 2336 sum
592 2282 747 2348 vobis,
796 2282 894 2337 hoc
933 2281 1003 2336 sit
1030 2280 1169 2351 quod
1208 2281 1275 2335 ab
1298 2279 1487 2334 eodem
1516 2279 1754 2349 apostolo
1781 2278 1861 2332 di-

274 2382 425 2429 ctum
463 2381 578 2439 est,
627 2371 861 2427 Videmus
899 2388 1030 2426 nunc
1067 2388 1156 2441 per
1205 2370 1466 2438 speculum
1505 2371 1557 2424 in
1598 2371 1862 2440 aenigmate

280 2462 341 2534 (l
369 2460 492 2518 Cor.
518 2477 630 2527 xm,
657 2461 763 2533 l2)
798 2480 811 2517 :
845 2460 1150 2515 annuntiabo
1191 2471 1366 2514 autem
1404 2460 1572 2524 vobis,
1618 2460 1736 2529 quia
1768 2474 1861 2529 per

274 2551 473 2607 Filium
507 2552 663 2607 Pater
690 2552 971 2618 videbitur,
999 2551 1146 2621 juxta
1177 2549 1301 2605 illud
1330 2550 1469 2621 quod
1493 2550 1616 2605 alibi
1644 2552 1736 2613 ait,
1764 2550 1860 2605 Ne-

272 2661 376 2714 que
412 2642 624 2699 Patrem
649 2645 763 2715 quis
800 2645 1079 2715 cognoscit,
1121 2644 1218 2698 nisi
1242 2643 1429 2709 Filius,
1469 2654 1515 2698 et
1544 2644 1625 2698 cui
1648 2644 1860 2698 voluerit

272 2734 451 2790 Filius
496 2736 721 2790 revelare
749 2736 972 2808 (Matth.
1007 2752 1097 2803 ιι,
1128 2722 1265 2806 27),
1295 2735 1401 2792 Sed
1444 2736 1601 2792 istum
1644 2751 1857 2792 sensum

273 2825 489 2881 videtur
530 2826 788 2896 impedire
832 2827 973 2897 quod
1017 2827 1298 2897 sequitur:
1330 2826 1431 2881 Illo
1468 2828 1550 2882 die
1585 2828 1637 2882 in
1662 2829 1860 2884 nomine

272 2932 387 2970 meo
408 2916 603 2987 petetis.
632 2915 687 2970 In
719 2916 891 2972 futuro
919 2920 1062 2973 enim
1091 2917 1287 2972 saeculo
1316 2933 1436 2973 cum
1467 2920 1859 2989 pervenerimus

273 3005 345 3061 ad
372 3021 617 3077 regnum,
641 3006 729 3073 ubi
753 3007 952 3062 similes
978 3007 1026 3062 ei
1052 3008 1272 3074 erimus,
1295 3009 1542 3079 qur-niam
1565 3008 1860 3067 videbimus

272 3114 399 3153 eum
435 3098 591 3154 sicuti
629 3109 710 3154 est
752 3098 965 3170 (lJoan.
1004 3114 1081 3165 ιιι,
1111 3099 1201 3169 2),
1243 3099 1369 3169 quid
1399 3101 1610 3169 petituri
1643 3116 1856 3170 sumus,

272 3191 491 3261 quando
520 3190 793 3246 satiabitur
813 3191 866 3244 in
890 3190 1045 3246 bonis
1070 3191 1392 3246 desiderium
1420 3201 1660 3247 nostrum
1686 3191 1853 3265 (Psat.

273 3300 368 3349 cu,
397 3283 509 3353 5)?
536 3282 685 3340 Unde
706 3292 760 3337 et
789 3284 842 3337 in
862 3282 968 3337 alio
994 3283 1198 3353 psalmo
1223 3284 1416 3338 dicitur
1444 3301 1456 3336 :
1489 3283 1725 3339 Satiabor
1744 3302 1857 3340 cum

273 3375 683 3446 manifestabitur
698 3376 859 3446 gloria
882 3385 968 3429 tua
998 3373 1183 3446 (Psal.
1213 3391 1320 3439 XVI,
1354 3375 1420 3429 15
1439 3375 1477 3445 ).
1508 3374 1697 3429 Petilio
1717 3392 1857 3430 nam-

273 3481 379 3535 que
408 3466 630 3535 alicujus
656 3476 738 3521 est
764 3465 1086 3535 indigentiae,
1108 3481 1226 3535 qua:
1248 3466 1318 3522 ibi
1340 3466 1482 3521 nulla
1502 3466 1605 3522 erit
1632 3467 1716 3522 ubi
1744 3468 1857 3523 ha-e

273 3556 497 3610 satietas
522 3556 639 3610 erit.

346 3649 404 3701 4.
450 3648 785 3717 Relinquitur
816 3649 992 3718 itaque
1016 3691 1031 3717 ,
1077 3658 1330 3718 quantum
1366 3663 1551 3719 sapere
1580 3650 1729 3705 valeo
1754 3693 1768 3717 ,
1801 3658 1857 3705 ut

275 3738 603 3808 intelligatur
642 3738 797 3794 Jesus
839 3739 1130 3809 discipulos
1170 3754 1296 3794 suos
1335 3740 1402 3795 de
1446 3740 1743 3795 carnalibus
1772 3741 1853 3795 vel

273 3829 594 3884 animalibus
618 3844 676 3885 se
701 3828 1000 3898 spirituales
1029 3830 1333 3898 promisisse
1360 3830 1637 3895 facturum,
1667 3846 1854 3899 quatu-

275 3919 356 3973 vis
400 3917 635 3973 nondum
682 3919 813 3974 tales
851 3920 1034 3989 quales
1073 3919 1304 3984 erimus,
1346 3921 1555 3990 quando
1583 3920 1854 3990 spiritualc

273 4010 437 4064 etiam
458 4024 652 4079 corpus
679 3998 990 4066 habebimus
1014 4027 1038 4076 ;.
1057 4009 1151 4065 sed
1176 4011 1345 4079 qualis
1368 4022 1479 4066 erat
1508 4014 1593 4080 qui
1623 4012 1849 4082 dicebat,

280 4117 299 4151 ι
326 4099 651 4169 Sapientiam
684 4101 947 4170 loquimur
970 4101 1108 4155 inter
1128 4100 1388 4170 perfectos
1417 4122 1434 4153 ι
1467 4100 1486 4175 (
1508 4101 1528 4155 Ι
1549 4102 1664 4157 Cor.
1686 4120 1741 4165 tt,
1766 4106 1849 4173 6);

272 4200 347 4257 et,
386 4209 406 4242 ι
434 4191 549 4246 Non
593 4193 735 4262 potui
782 4193 931 4248 vobis
959 4192 1099 4260 loqui
1129 4192 1278 4261 quasi
1324 4193 1714 4261 Spiritualibus,
1758 4196 1852 4250 sed

273 4282 423 4351 quasi
449 4283 753 4339 carnalibus
782 4302 801 4335 ι
835 4282 951 4357 (Id.
981 4299 1058 4351 nt,
1089 4282 1183 4355 l);
1212 4292 1286 4350 et,
1322 4301 1339 4335 ‹
1369 4283 1480 4338 Non
1502 4285 1741 4353 spiritum
1765 4286 1855 4341 hu-

271 4370 356 4440 jus
382 4373 566 4428 mundi
596 4375 934 4443 accepimus,
976 4375 1067 4429 sed
1099 4374 1352 4444 Spiritum
1379 4375 1468 4444 qui
1499 4391 1563 4430 ex
1591 4376 1700 4431 Deo
1735 4387 1848 4445 est,

274 4473 330 4517 ut
356 4464 590 4519 sciamus
616 4480 734 4534 qua:
762 4480 793 4519 a
824 4465 936 4520 Deo
961 4465 1155 4520 donata
1184 4474 1307 4521 sunt
1334 4466 1516 4528 nobis;
1546 4482 1663 4535 qua:
1689 4478 1741 4522 et
1768 4468 1849 4522 lo-

275 4554 504 4623 quimur,
534 4570 637 4608 non
679 4554 731 4609 in
760 4556 1031 4626 sapientia)
1060 4555 1303 4610 humana:
1337 4555 1505 4611 doctis
1533 4556 1726 4624 verbis,
1757 4558 1849 4613 sed

274 4644 444 4699 doctis
462 4645 690 4714 Spiritus
712 4648 752 4713 ί,
775 4647 1131 4716 spiritualibus
1152 4647 1440 4717 spiritualia
1460 4658 1847 4717 comparantes.

274 4735 535 4790 Animalis
563 4745 738 4791 autem
770 4736 928 4791 homo
954 4753 1057 4792 non
1086 4738 1305 4807 percipit
1334 4754 1449 4808 qua:
1480 4748 1601 4793 sunt
1625 4739 1850 4810 Spiritus

275 4823 389 4879 Dei.
422 4844 442 4876 ι
491 4824 607 4880 Non
652 4827 826 4896 itaque
873 4828 1166 4897 percipiens
1194 4843 1312 4897 qua:
1352 4838 1473 4882 sunt
1501 4828 1726 4898 Spiritus
1756 4829 1848 4884 Dei

274 4914 430 4971 lio:i.o
450 4916 716 4983 animalis,
745 4918 823 4971 sic
841 4917 984 4971 audit
1013 4932 1353 4987 quacumque
1376 4919 1520 4972 audit
1543 4919 1608 4974 de
1637 4919 1730 4974 Dei
1758 4936 1849 4974 ua-

273 5015 407 5074 tura,
434 5016 493 5061 ut
513 5007 651 5061 aliud
678 5022 835 5078 quam
862 5023 1053 5077 corpus
1072 5009 1302 5079 cogitare
1328 5023 1430 5063 non
1452 5008 1636 5078 possit,
1662 5026 1846 5079 quam-
1892 5088 1895 5089 ν

273 5094 399 5151 libet
418 5097 802 5167 amplissimum
831 5099 915 5152 vel
944 5098 1284 5165 immensum,
1313 5100 1597 5168 quamlibet
1621 5101 1846 5155 lucidum

273 5202 330 5240 ac
349 5190 673 5257 speciosum,
701 5202 893 5259 corpus
924 5199 1095 5243 tamen
1123 5207 1137 5244 :
1165 5189 1281 5243 ideo
1310 5188 1585 5258 proverbia
1622 5191 1694 5245 illi
1725 5202 1848 5247 sunt

272 5294 618 5348 quaecumque
640 5279 775 5333 dicta
802 5280 1077 5349 sapientia:
1106 5279 1172 5334 de
1190 5281 1496 5350 incorporea
1517 5282 1848 5337 immutabili-

272 5382 373 5436 que
398 5368 729 5435 substantia;
760 5386 863 5424 non
891 5369 1031 5441 quod
1067 5384 1129 5425 ea
1171 5381 1415 5440 tanquam
1445 5373 1723 5442 proverbia
1749 5372 1846 5429 de-

271 5470 435 5527 putat,
467 5460 563 5515 sed
602 5460 722 5532 quia
766 5462 841 5517 sic
881 5463 1109 5532 cogitat,
1142 5464 1406 5533 quomodo
1440 5465 1530 5534 qui
1570 5466 1843 5534 proverbia

271 5551 443 5606 solent
477 5552 663 5610 audire
700 5568 873 5623 neque
902 5553 1213 5625 intelligere.
1241 5552 1372 5609 Cum
1404 5570 1529 5610 vero
1558 5556 1844 5626 spiritualis

334 5685 1219 5757 {Ergdoctisrrirituaspiritualibus.
1253 5688 1401 5753 Lugd.
1442 5697 1493 5741 et
1538 5698 1675 5754 γοα,
1717 5690 1844 5743 docti

274 5748 443 5807 Spiritu
464 5748 807 5815 spiritualibus.
874 5748 929 5799 at.

627 5833 847 5892 Sum.
868 5835 919 5895 :A
934 5853 1151 5897 L'GUST.
1186 5835 1291 5895 ΙΙΙ.

1447 339 1849 398 TRACTATUS
1886 337 1990 394 Cll.
2032 342 2255 399 CAPUT
2293 342 2431 399 XVI.

3417 348 3552 404 1898

1986 454 2204 522 eruperit
2229 456 2403 510 omnia
2428 455 2731 525 diiudicare,
2777 458 2888 528 ipse
2912 469 3086 527 autem
3114 474 3143 514 a
3183 462 3390 516 nemine
3412 462 3552 532 diju-
3612 486 3619 492 ’

1982 545 2144 600 dicari
2169 545 2219 617 (l
2242 546 2427 613 Cor.n,
2452 549 2667 619 12-15),
2687 551 2891 604 etiamsn
2920 552 2969 605 in
2999 551 3097 606 hac
3112 551 3551 610 vitaadhuevelut

1983 651 2078 705 per
2105 639 2373 707 speculum
2400 654 2463 694 ex
2492 652 2655 710 parte,
2688 643 2939 711 perspicit
2969 652 3141 698 tamen
3167 660 3271 699 non
3300 646 3414 701 ullo
3433 661 3553 702 cor-

1983 727 2125 796 poris
2145 743 2323 794 sensu,
2353 745 2456 783 non
2483 731 2587 786 ulla
2617 733 2922 802 imaginaria
2942 735 3257 805 cogitatione
3279 752 3398 807 quae
3420 738 3438 770 ί
3466 754 3553 792 ca-

1982 815 2057 883 pit
2083 826 2173 870 aut
2197 816 2341 886 lingit
2365 819 2819 892 qualiumcumque
2844 822 3217 879 similitudines
3245 840 3547 896 corporum.

1979 903 2071 959 sed
2102 906 2296 961 mentis
2321 908 2613 964 certissima
2642 910 3009 981 intelligentia,
3039 913 3205 969 Deum
3226 931 3332 971 non
3358 931 3552 988 corpus

1978 1007 2117 1061 esse,
2138 994 2229 1049 sed
2259 996 2499 1065 spiritum
2534 1014 2547 1050 :
2591 998 2660 1052 ita
2691 1000 2861 1069 palam
2902 1001 2970 1057 de
2999 1003 3155 1060 Patre
3202 1007 3550 1063 annuntiante

1977 1081 2131 1149 Filio,
2168 1094 2223 1139 ut
2247 1086 2483 1155 ejusdem
2510 1088 2816 1146 substantiae
2842 1096 3194 1163 conspiciatur
3223 1105 3275 1150 et
3305 1097 3415 1166 ipse
3457 1101 3548 1169 qui

1975 1177 2273 1231 annuntiat.
2321 1178 2469 1233 Tunc
2508 1180 2560 1234 in
2590 1181 2704 1251 ejus
2730 1184 2943 1240 nomine
2983 1196 3167 1256 petunt
3195 1190 3283 1259 qui
3325 1200 3546 1260 petunt;

1973 1266 2095 1335 quia
2123 1268 2175 1321 in
2201 1282 2335 1323 sono
2355 1268 2472 1338 ejus
2498 1271 2722 1327 nominis
2744 1290 2846 1328 non
2873 1276 3010 1331 aliud
3037 1294 3192 1348 quam
3213 1296 3299 1337 res
3329 1282 3440 1352 ipsa
3466 1292 3550 1338 est

1971 1375 2087 1428 qua:
2117 1360 2217 1417 hoc
2241 1364 2451 1418 nomine
2474 1376 2708 1431 vocatur,
2741 1367 3055 1439 intelligunt,
3086 1387 3186 1428 nec
3211 1373 3373 1427 animi
3401 1374 3550 1429 vani-

1972 1458 2076 1504 tate
2121 1451 2203 1506 vel
2245 1452 2547 1510 inﬁrmitate
2575 1457 2883 1528 contingunt
2910 1467 3154 1533 tanquam
3201 1463 3252 1518 in
3293 1464 3396 1519 alio
3424 1465 3544 1520 loco

1971 1538 2204 1609 Patrem,
2235 1541 2287 1596 in
2319 1542 2422 1599 alio
2460 1543 2649 1600 Filium
2686 1555 2806 1602 ante
2843 1548 3050 1606 Patrem
3080 1560 3338 1620 stantem,
3369 1552 3546 1628 et‘pro

1970 1629 2124 1684 nobis
2150 1641 2423 1701 rogantem
2443 1674 2457 1700 ,
2498 1636 2661 1702 spatia
2702 1650 2794 1691 sua
2825 1654 3046 1710 quaeque
3087 1642 3360 1698 amborum
3388 1659 3547 1700 occu-

1969 1720 2216 1788 pantibus
2245 1722 2491 1789 molibus,
2522 1734 2575 1779 et
2608 1726 2834 1782 Verbum
2873 1730 2939 1783 ad
2968 1746 3086 1785 cum
3114 1732 3263 1804 cujus
3300 1744 3382 1789 est
3406 1734 3544 1793 Vet-

1968 1808 2094 1865 bum
2118 1811 2294 1869 facere
2316 1814 2473 1869 verba
2497 1831 2592 1885 pro
2618 1817 2769 1873 nobis
2788 1860 2803 1885 ,
2831 1818 3107 1877 intervallo
3132 1824 3440 1894 interposito
3466 1827 3547 1881 in-

1968 1906 2049 1955 ter
2067 1914 2129 1957 os
2150 1901 2415 1973 loquentis
2438 1914 2492 1960 et
2510 1907 2770 1963 auriculas
2788 1910 3075 1978 audientis;
3095 1920 3147 1968 et
3166 1915 3265 1969 alia
3290 1915 3410 1970 talia
3427 1932 3545 1987 qua:

1965 1990 2067 2046 sibi
2086 1992 2362 2062 animales,
2396 1995 2659 2069 iidemque
2681 2001 2921 2057 carnales
2945 2004 2995 2057 in
3016 2004 3262 2061 cordibus
3284 2005 3519 2079 fabricari,

1966 2087 2075 2136 tur.
2106 2080 2372 2155 Quidquid
2398 2087 2540 2141 enim
2568 2089 2670 2144 tale
2695 2091 3055 2159 spiritualibus
3078 2094 3145 2150 de
3171 2095 3283 2152 Deo
3307 2100 3543 2169 cogitan-

1966 2169 2107 2227 tibus
2144 2188 2209 2228 ex
2253 2188 2536 2246 corporum
2579 2181 2961 2238 consuetudine
2996 2186 3258 2252 occurrit,
3302 2190 3543 2260 negando

1965 2270 2126 2333 atque
2155 2268 2475 2336 respuendo,
2500 2278 2746 2341 tanquam
2768 2273 3091 2344 importunas
3115 2293 3344 2348 muscas,
3372 2281 3440 2336 ab
3464 2282 3544 2337 in-

1967 2354 2252 2412 terioribus
2308 2359 2474 2414 oculis
2518 2362 2767 2432 abigunt;
2820 2373 2874 2420 ct
2911 2366 3198 2424 sinceritati
3245 2373 3360 2442 ejus
3412 2374 3543 2430 lucis

1963 2446 2304 2516 acquiescunt
2324 2490 2340 2517 ,
2369 2466 2471 2521 qua
2504 2460 2640 2508 teste
2665 2468 2727 2509 ac
2762 2454 2940 2525 judice
2979 2458 3075 2514 has
3119 2461 3259 2532 ipsas
3290 2464 3544 2537 imagines

1963 2550 2244 2608 corporum
2288 2542 2398 2596 suis
2438 2543 2658 2600 internis
2701 2548 3005 2617 aspectibus
3046 2552 3338 2621 irruentes,
3384 2556 3543 2613 falsas

1963 2631 2179 2685 omnino
2208 2647 2326 2688 esse
2352 2635 2689 2691 convincunt.
2738 2638 2801 2693 lli
2831 2652 3051 2710 possunt
3088 2653 3370 2717 utcumque
3394 2650 3543 2718 cogi-

1963 2726 2078 2775 tare
2108 2720 2387 2778 Dominum
2418 2735 2659 2782 nostrum
2687 2728 2866 2785 Jesum
2901 2730 3166 2789 Christum
3206 2737 3258 2791 in
3287 2746 3541 2808 quantum

1962 2809 2123 2865 homo
2149 2821 2249 2881 est,
2281 2828 2376 2884 pro
2401 2815 2556 2873 nobis
2585 2818 2923 2890 interpellare
2944 2822 3182 2891 Patrem;
3216 2826 3265 2880 in
3289 2838 3540 2897 quantum

1961 2912 2137 2958 autem
2164 2904 2306 2961 Deus
2343 2918 2444 2974 est,
2475 2924 2574 2965 nos
2603 2911 2853 2969 exaudire
2885 2930 3004 2969 cum
3032 2915 3206 2972 Patre.
3238 2920 3388 2985 Quod
3417 2936 3540 2977 eum

1962 2995 2286 3063 signiﬁcasse
2312 3001 2543 3057 arbitror
2567 3004 2656 3058 ubi
2683 3004 2778 3073 ait,
2803 3004 2870 3059 Et
2891 3022 2990 3060 non
3014 3007 3125 3063 dico
3150 3009 3283 3066 vobis
3306 3013 3422 3083 quia
3449 3030 3539 3086 ego

1960 3089 2147 3161 rogabo
2179 3090 2390 3147 Patrem
2434 3095 2496 3150 de
2535 3095 2688 3151 vobis.
2732 3096 2812 3151 Ad
2854 3096 2956 3154 hoc
2992 3101 3186 3171 quippe
3230 3102 3538 3161 intuendum

1961 3182 2230 3251 quomodo
2256 3199 2363 3240 non
2408 3194 2560 3256 rogat
2590 3187 2799 3242 Patrem
2826 3188 3011 3255 Filius,
3057 3191 3151 3246 sed
3196 3193 3353 3249 simul
3379 3211 3541 3253 exau-

1961 3273 2115 3329 diunt
2134 3287 2380 3347 rogantes
2400 3276 2558 3332 Pater
2580 3288 2633 3334 et
2656 3279 2841 3348 Filius,
2869 3282 3079 3337 nonnisi
3103 3283 3387 3355 spiritualis
3412 3303 3539 3344 ocu-

1962 3362 2046 3419 lus
2075 3368 2265 3423 mentis
2294 3368 2550 3423 ascendit.

2031 3458 2084 3513 5.
2124 3457 2245 3528 Ipse
2271 3461 2400 3514 enim
2441 3460 2615 3529 Pater,
2664 3462 2850 3535 inquit,
2891 3474 3027 3520 amat
3055 3484 3158 3537 vos,
3194 3469 3315 3541 quia
3342 3488 3429 3526 vos
3454 3490 3531 3528 me

1960 3549 2186 3602 amastis.
2218 3549 2338 3606 Ideo
2367 3562 2504 3607 amat
2527 3554 2631 3621 ille,
2659 3556 2779 3624 quia
2809 3571 2904 3612 nos
2933 3573 3209 3627 amamus;
3239 3577 3305 3615 an
3335 3565 3531 3632 potius,

1960 3639 2081 3708 quia
2119 3640 2208 3695 ille
2248 3650 2410 3709 amat,
2444 3643 2561 3698 ideo
2602 3659 2699 3699 nos
2742 3648 3017 3701 amamus?
3047 3648 3124 3703 Ex
3170 3650 3399 3720 Epistola
3439 3668 3533 3709 sua

1959 3730 2277 3799 evangelista
2312 3731 2448 3786 idem
2481 3733 2592 3801 ipse
2613 3735 2928 3804 respondeat
2956 3754 2969 3790 :
3004 3737 3114 3793 Nos
3152 3739 3422 3811 diligimus,
3448 3742 3530 3797 in-

1959 3818 2090 3889 quit,
2119 3820 2236 3890 quia
2273 3822 2410 3890 prior
2445 3823 2551 3893 ipse
2587 3824 2761 3879 dilexit
2788 3842 2879 3881 nos
2909 3826 2952 3899 (l
2979 3826 3367 3902 Joan.iv,10).
3400 3832 3533 3890 Hinc

1958 3922 2085 3978 ergo
2114 3910 2303 3964 factum
2334 3921 2413 3968 est
2458 3921 2513 3966 ut
2556 3913 2914 3985 diligeremus,
2959 3918 3081 3988 quia
3108 3918 3286 3976 dilecti
3324 3936 3527 3981 sumus.

1960 3998 2181 4054 Prorsus
2204 4000 2397 4056 donum
2429 4003 2518 4058 Dei
2545 4014 2624 4059 est
2647 4006 2864 4077 diligere
2894 4009 3080 4063 Deum.
3111 4010 3228 4082 lpse
3254 4022 3309 4068 ut
3337 4013 3530 4085 dilige-

1957 4100 2105 4147 retur
2145 4090 2307 4161 dedit,
2358 4095 2447 4165 qui
2494 4110 2595 4149 non
2645 4096 2873 4153 dilectus
2920 4099 3123 4155 dilexit.
3182 4104 3531 4173 Displicentes

1957 4182 2115 4237 amati
2142 4196 2343 4251 sumus,
2369 4194 2425 4238 ut
2449 4195 2585 4261 esset
2615 4186 2664 4240 in
2692 4188 2843 4242 nobis
2871 4190 3009 4246 unde
3037 4192 3383 4261 placeremus.
3411 4195 3527 4251 Non

1957 4273 2097 4329 enim
2124 4289 2422 4330 amaremus
2467 4275 2677 4342 Filium,
2722 4278 2821 4333 nisi
2870 4295 3166 4336 amaremus
3212 4292 3264 4338 et
3294 4285 3527 4341 Patrem.

1957 4368 2115 4421 Amat
2154 4382 2248 4421 nos
2288 4367 2465 4435 Pater,
2510 4371 2630 4439 quia
2671 4386 2767 4425 nos
2807 4387 3046 4429 amamus
3089 4375 3314 4444 Filium;
3346 4394 3467 4435 cum
3497 4398 3528 4437 a

1956 4459 2112 4515 Patre
2149 4470 2201 4515 et
2227 4461 2361 4516 Filio
2388 4464 2747 4532 acceperimus
2785 4473 2840 4519 ut
2876 4472 2929 4519 et
2954 4466 3176 4535 _Patrem
3212 4485 3449 4528 amemus
3474 4485 3528 4530 et

1957 4550 2143 4606 Filium
2177 4572 2189 4606 :
2221 4552 2462 4608 dill‘undit
2509 4555 2647 4608 enim
2693 4555 3003 4613 charitatcm
3056 4560 3105 4614 in
3136 4563 3381 4620 cordibus
3423 4581 3525 4622 no-

1956 4642 2079 4696 stris
2104 4643 2377 4697 amborum
2417 4644 2642 4713 Spiritus
2681 4646 2857 4715 (Rom.
2887 4664 2939 4715 ν,
2970 4650 3048 4719 5),
3096 4668 3190 4721 per
3218 4671 3373 4723 quem
3404 4657 3524 4728 Spi-

1956 4734 2113 4787 ritum
2138 4743 2190 4788 et
2210 4734 2416 4788 Patrem
2438 4751 2676 4791 amamus
2702 4748 2754 4792 et
2778 4737 2989 4806 Filium,
3018 4752 3070 4796 et
3093 4759 3247 4812 quem
3268 4746 3519 4815 Spiritum

1955 4837 2073 4877 cum
2104 4823 2258 4877 Patre
2279 4839 2516 4879 amamus
2540 4834 2591 4879 et
2612 4825 2763 4881 Filio.
2796 4828 3044 4884 Amorem
3083 4833 3254 4903 itaque
3282 4846 3520 4893 nostrum

1955 4916 2096 4986 pium
2126 4928 2229 4984 quo
2254 4914 2475 4969 colimus
2502 4915 2685 4982 Deum,
2717 4917 2837 4972 fecit
2864 4919 3022 4987 Deus,
3054 4932 3106 4976 et
3129 4924 3256 4978 vidit
3280 4929 3398 4997 quia
3427 4929 3526 4985 bo-

1955 5023 2078 5061 num
2107 5016 2210 5073 est,
2269 5006 2388 5060 ideo
2415 5008 2607 5091 quippe
2629 5009 2823 5064 amavit
2862 5011 2975 5081 ipsc
2997 5015 3135 5082 quod
3168 5016 3309 5072 fecit.
3340 5018 3442 5075 Sed
3470 5022 3523 5077 in

1954 5098 2105 5152 nobis
2132 5112 2236 5152 non
2263 5097 2457 5152 faceret
2484 5097 2623 5168 quod
2662 5110 2884 5168 amaret,
2916 5102 3013 5157 nisi
3038 5114 3317 5177 antequam
3361 5111 3412 5165 id
3444 5112 3524 5168 l'a-

1953 5197 2117 5253 ceret,
2148 5203 2245 5243 nos
2271 5198 2491 5244 amaret.

2023 5280 2076 5335 6.
2116 5279 2183 5334 Et
2211 5281 2509 5346 credidistis,
2541 5280 2728 5351 inquit,
2762 5282 2881 5353 quia
2916 5299 2949 5337 a
2971 5283 3083 5342 Deo
3117 5290 3264 5344 exivi.
3307 5292 3455 5350 Exivi
3491 5313 3522 5351 a

1956 5370 2110 5426 Patre
2134 5382 2179 5426 et
2207 5372 2317 5425 veni
2353 5372 2405 5425 in
2432 5371 2673 5425 mundum
2696 5387 2715 5427 :
2738 5373 2918 5429 iterum
2940 5376 3166 5447 relinquo
3187 5386 3449 5455 mundum,
3475 5403 3522 5443 et

1952 5464 2079 5517 vado
2104 5464 2171 5516 ad
2202 5461 2422 5515 Patrem.
2455 5462 2616 5517 Plane
2643 5462 2983 5521 credidimus.
3028 5467 3209 5540 Neque
3231 5476 3369 5530 enim
3401 5494 3521 5547 pro-

1952 5562 2131 5624 pterea
2170 5554 2324 5609 debet
2352 5553 2655 5609 incredibile
2690 5554 2877 5625 videri,
2908 5560 3030 5628 quia
3054 5562 3130 5617 sic
3153 5564 3217 5618 ad
3264 5570 3517 5626 mundum

2013 5692 2029 5721 ι
2066 5697 2173 5756 ιω.
2216 5701 2310 5737 non
2348 5687 2528 5756 habent
2570 5687 2872 5750 particulam,
2898 5703 3041 5756 quae;
3083 5709 3193 5747 cum
3216 5699 3319 5751 hac
3356 5710 3521 5756 tamen

1949 5766 2041 5805 vox
2087 5752 2144 5801 ad
2163 5764 2358 5801 sensum
2383 5750 2673 5811 requiratur,
2699 5759 2749 5801 et
2770 5750 3042 5815 reperiatur
3066 5758 3115 5807 in

2841 5838 3237 5921 {Soixanta}
