4076 6482
515 318 651 374 1899

510 430 726 485 veniens
746 423 874 484 exiit
894 441 922 480 a
945 425 1117 488 Patre,
1143 431 1198 477 ut
1222 436 1324 476 non
1351 418 1622 474 descrcrct
1650 415 1890 476 Patrem;
1921 420 1976 469 et
2005 411 2083 467 sic

502 521 650 577 vadit
677 518 744 576 ad
773 520 983 575 Patrem
1014 516 1197 572 relicto
1225 511 1442 574 mundo,
1489 519 1546 562 ut
1570 522 1675 562 non
1699 504 1908 560 deserat
1929 519 2084 558 mun-

507 617 655 671 dum.
683 611 829 668 Exiit
863 610 1004 665 enim
1026 625 1056 664 a
1083 607 1258 670 Patre,
1280 602 1399 672 quia
1421 599 1488 655 de
1517 600 1672 654 Patre
1695 602 1780 651 est
1805 612 1819 649 :
1851 594 1906 649 in
1933 609 2087 647 mun-

500 709 635 763 dum
675 705 841 772 venit,
870 702 993 774 quia
1029 696 1227 775 mundo
1265 707 1419 749 suum
1456 705 1650 762 corpus
1673 687 1905 745 ostendit
1943 683 2086 757 quod

489 801 576 856 \de
600 797 815 870 Virgine
838 791 1140 859 assumpsit.
1169 784 1400 856 Reliquit
1417 779 1671 838 mundum
1691 778 1951 870 corporali
1977 776 2087 830 dis-

509 867 773 952 cessione,
817 881 1050 957 perrexit
1093 877 1161 934 ad
1200 876 1410 932 Patrem
1464 870 1697 928 hominis
1735 867 2084 934 ascensione,

495 994 610 1038 nec
634 975 886 1034 mundum
910 967 1144 1029 deseruit
1171 965 1466 1039 pmentize
1505 959 1906 1035 gubernatione.

1013 1077 1420 1142 TBACTATUS
1455 1074 1586 1133 CIII.

503 1200 589 1258 ὀε
624 1215 683 1256 eo
717 1195 854 1272 quod
879 1193 1124 1267 sequitur,
1165 1191 1358 1246 Dicunt
1392 1188 1445 1246 ei
1477 1185 1721 1258 discipuli
1761 1184 1919 1255 ejus:
1953 1182 2090 1237 Ecce

579 1306 723 1348 nunc
747 1289 919 1360 palam
960 1284 1222 1359 loqueris;
1260 1297 1416 1352 usque
1441 1279 1608 1347 adid,
1650 1277 1758 1336 Sed
1796 1275 2047 1334 conﬁdite
2069 1317 2085 1343 ,

580 1396 680 1454 ego
703 1380 804 1437 vici
829 1377 1108 1434 mundam.
1137 1374 1264 1445 Cap.
1287 1388 1396 1439 xvr,
1439 1371 1479 1442 7
1501 1411 1518 1428 .
1543 1369 1733 1428 29-33.

580 1497 634 1550 1.
651 1492 847 1562 Quales
861 1499 1013 1548 erant
1025 1487 1269 1560 discipuli
1282 1484 1498 1552 Christi,
1517 1482 1727 1554 quando
1739 1495 1860 1537 cum
1874 1479 1952 1534 eis
1968 1489 2091 1535 ante

498 1588 813 1660 passionem
849 1584 1164 1657 loquebatur
1201 1594 1392 1654 magna
1431 1591 1554 1635 cum
1597 1575 1794 1647 parvis,
1825 1573 1918 1630 sed
1946 1573 2093 1629 sicut

509 1679 790 1752 oportebat
825 1686 882 1732 ut
907 1690 1097 1747 magna
1130 1673 1433 1730 dicerentur
1460 1677 1515 1726 et
1555 1667 1752 1739 parvis,
1794 1666 1916 1737 quia
1952 1680 2091 1720 non-

511 1773 640 1827 dum
667 1779 882 1841 accepto
907 1768 1106 1840 Spiritu
1128 1774 1331 1832 sancto,
1355 1760 1800 1836 quemadmodum
1824 1774 1945 1814 eum
1972 1766 2093 1828 post

513 1861 629 1934 ejus
670 1859 1111 1917 resurrectionem
1133 1855 1220 1914 vel
1255 1854 1371 1926 ipso
1401 1851 1725 1918 insul'llante,
1756 1849 1840 1906 vel
1864 1849 2096 1918 desuper

513 1959 852 2023 acceperunt,
895 1950 1121 2006 humana
1163 1947 1330 2018 magis
1367 1960 1524 2015 quam
1565 1943 1739 1998 divina
1773 1941 2092 2012 sapiebant,

514 2042 695 2096 multis
734 2039 948 2112 judiciis
990 2053 1087 2109 per
1141 2043 1311 2092 totum
1355 2033 1698 2104 Evangelium
1743 2031 2091 2087 declaratur:

499 2134 654 2188 unde
695 2142 750 2188 et
788 2131 888 2186 hoc
926 2138 1009 2186 est
1050 2127 1188 2200 quod
1233 2127 1284 2182 in
1313 2127 1409 2181 ista
1454 2124 1683 2180 lectione
1705 2124 1974 2179 dixerunt.
2007 2120 2098 2177 Ait

496 2226 654 2280 enim
697 2221 1024 2292 Evangelista
1062 2236 1076 2273 :
1112 2237 1131 2271 ι
1167 2218 1358 2273 Dicunt
1399 2215 1448 2272 ei
1491 2214 1734 2284 discipuli
1764 2213 1879 2283 ejus
1909 2230 1921 2266 :
1957 2213 2096 2267 Ecce

516 2330 656 2370 nunc
694 2315 866 2384 palam
907 2311 1158 2382 loqueris,
1204 2317 1256 2365 et
1301 2307 1636 2378 proverbium
1684 2304 1884 2359 nullum
1923 2303 2094 2359 dicis:

505 2421 658 2461 nunc
681 2405 877 2460 scimus
902 2402 1024 2473 quia
1051 2401 1188 2456 nosti
1227 2399 1424 2463 omnia,
1452 2406 1506 2452 et
1529 2412 1634 2452 non
1657 2411 1793 2467 opus
1817 2405 1898 2450 est
1928 2394 2019 2450 tibi
2042 2403 2099 2448 ut

516 2497 634 2568 quis
651 2504 703 2551 te
723 2494 1040 2564 interroget;
1064 2491 1114 2545 in
1137 2490 1239 2546 hoc
1260 2489 1527 2545 credimus
1541 2486 1661 2557 quia
1684 2503 1712 2540 a
1733 2487 1843 2541 Deo
1861 2484 2035 2541 existi.
2071 2503 2090 2537 ι

517 2590 635 2659 Ipse
653 2586 906 2643 Dominus
944 2583 1101 2654 paulo
1129 2590 1253 2637 ante
1281 2581 1505 2648 dixerat,
1540 2596 1560 2632 ι
1593 2578 1717 2634 Haec
1737 2579 1787 2632 in
1806 2576 2100 2648 proverbiis

517 2683 724 2739 locutus
736 2696 851 2736 sum
867 2680 1016 2735 vobis
1029 2696 1043 2733 :
1058 2678 1203 2734 venit
1214 2676 1343 2732 hora
1355 2690 1474 2730 eum
1483 2673 1593 2745 jam
1612 2687 1717 2729 non
1735 2673 1788 2727 in
1807 2671 2100 2743 proverbiis

516 2775 700 2844 loquar
721 2773 888 2828 vobis.
903 2790 921 2824 ι
941 2769 1216 2839 Quomodo
1227 2781 1354 2840 ergo
1369 2767 1455 2823 isti
1479 2767 1680 2830 dicunt,
1707 2765 1836 2820 Ecce
1852 2781 1984 2818 nunc
2010 2780 2103 2835 pa-

513 2867 617 2920 lam
639 2863 873 2935 loqueris,
893 2873 939 2918 et
959 2859 1275 2934 proverbium
1289 2857 1488 2913 nullum
1502 2857 1628 2912 dicis
1645 2857 1670 2911 7
1686 2855 1951 2928 Numquid
1971 2857 2100 2910 hora

511 2957 620 3028 jam
648 2965 884 3022 venerat,
913 2970 1016 3026 qua
1045 2968 1150 3008 non
1172 2952 1281 3023 jam
1302 2952 1354 3007 in
1384 2950 1678 3022 proverbiis
1703 2964 1762 3004 se
1784 2947 2102 3020 promiserat

516 3047 858 3104 locuturum?
895 3046 1117 3101 Prorsus
1143 3042 1283 3115 quod
1311 3041 1542 3098 nondum
1573 3041 1658 3096 illa
1689 3041 1818 3095 hora
1844 3042 2120 3104 venisset,’

515 3141 843 3199 continuatio
868 3139 1150 3196 verborum
1177 3138 1293 3210 ejus
1317 3135 1570 3202 ostendit,
1597 3150 1714 3206 quae
1748 3135 1818 3190 ita
1858 3149 1978 3190 sese
2003 3134 2094 3188 hae

516 3235 608 3292 bet
634 3252 650 3290 :
685 3252 704 3285 ι
740 3232 884 3299 ll.cc,
913 3231 1100 3302 inquit,
1129 3231 1180 3284 in
1219 3227 1512 3299 proverbiis
1539 3227 1744 3282 locutus
1771 3241 1886 3280 sum
1913 3225 2096 3280 vobis:

517 3325 662 3379 venit
701 3324 828 3378 hora
857 3337 976 3378 cum
1018 3320 1127 3392 jam
1158 3336 1263 3375 non
1292 3320 1342 3374 in
1371 3317 1661 3389 proverbiis
1695 3317 1881 3387 loquar
1910 3316 2058 3372 vobis
2083 3355 2098 3382 ,

518 3417 611 3474 sed
634 3417 804 3489 palam
829 3416 896 3472 de
921 3415 1077 3471 Patre
1106 3428 1224 3470 meo
1253 3411 1576 3468 annuntiabo
1611 3411 1779 3466 vobis.
1811 3410 1908 3464 Illo
1935 3410 2021 3464 die
2042 3409 2100 3463 in

506 3509 732 3565 nomine
762 3523 878 3564 meo
905 3507 1094 3578 petetis
1125 3525 1137 3560 :
1169 3515 1222 3562 et
1249 3520 1354 3562 non
1384 3505 1505 3561 dico
1535 3503 1686 3560 vobis
1728 3504 1850 3574 quia
1879 3518 1978 3574 ego
2009 3519 2099 3558 ro-

516 3603 654 3675 gabo
672 3603 878 3659 Patrem
899 3601 967 3658 de
993 3600 1171 3665 vobis;
1198 3599 1312 3670 ipse
1335 3599 1476 3654 enim
1499 3597 1656 3654 Pater
1677 3607 1822 3652 amat
1842 3613 1955 3661 vos,
1979 3599 2100 3668 quia

517 3710 612 3751 vos
641 3711 726 3750 me
762 3693 999 3758 amastis,
1041 3701 1095 3748 et
1119 3691 1420 3748 credidistis
1445 3691 1566 3760 quia
1605 3704 1704 3761 ego
1731 3706 1761 3746 a
1795 3691 1902 3746 Deo
1929 3689 2096 3746 exivi.

514 3789 670 3844 Exivi
709 3802 738 3841 a
767 3787 940 3852 Patre,
973 3793 1028 3841 et
1049 3784 1168 3839 veni
1199 3784 1251 3838 in
1292 3783 1546 3838 mundum
1579 3800 1593 3835 :
1625 3783 1814 3838 iterum
1862 3783 2102 3852 relinquo

519 3880 794 3945 mundum,
837 3887 892 3933 et
937 3876 1075 3932 vado
1117 3875 1183 3931 ad
1222 3874 1432 3930 Patrem
1463 3893 1481 3927 ι
1516 3872 1702 3944 (Joan.
1737 3889 1843 3936 xw,
1873 3873 2097 3942 25—28).

519 3970 652 4024 Cum
684 3985 776 4040 per
803 3969 916 4023 lucc
939 3966 1114 4022 omnia
1141 3966 1300 4021 verba
1327 3964 1500 4021 adhuc
1528 3965 1671 4020 illam
1702 3964 1972 4035 promittat
2001 3964 2098 4020 ho.

520 4076 632 4114 ram
661 4075 761 4130 qua
809 4075 913 4114 non
940 4059 1046 4128 jam
1082 4057 1132 4112 in
1174 4056 1466 4128 proverbiis
1495 4054 1759 4125 loquetur,
1806 4057 1899 4110 sed
1931 4057 2100 4125 palam

521 4154 588 4209 de
619 4153 773 4209 Patre
798 4151 1130 4206 annuntiabit
1155 4150 1266 4215 eis;
1297 4150 1347 4204 in
1378 4163 1479 4220 qua
1506 4147 1634 4202 hora
1661 4147 1787 4203 dicit
1817 4163 1907 4204 eos
1930 4149 1980 4202 in
2004 4165 2103 4203 suo

521 4244 735 4299 nomine
763 4244 1038 4312 petituros,
1082 4255 1181 4296 nec
1206 4255 1264 4295 se
1293 4240 1504 4295 Patrem
1525 4239 1592 4296 de
1621 4240 1722 4294 illis
1749 4249 2054 4311 rogaturum
2085 4282 2100 4304 ,

515 4321 586 4390 eo
610 4332 752 4403 quod
782 4332 893 4402 ipse
920 4332 1075 4386 Pater
1105 4339 1248 4386 amet
1273 4345 1387 4394 eos,
1419 4330 1540 4397 quia
1580 4340 1634 4384 et
1663 4330 1760 4400 ipsi
1789 4343 2101 4388 amaverunt

519 4427 812 4492 Christum,
839 4432 893 4480 et
917 4422 1258 4479 crediderunt
1286 4422 1423 4492 quod
1451 4436 1480 4476 a
1524 4421 1681 4478 Patre
1717 4422 1905 4479 exierit
1932 4437 1984 4478 ct
2016 4439 2104 4480 ve-

522 4519 659 4573 nerit
686 4514 1034 4580 inmundum,
1065 4513 1255 4568 iterum
1285 4513 1563 4568 relicturus
1585 4513 1838 4568 mundum
1861 4525 1913 4571 et
1933 4515 2103 4571 iturus

519 4608 587 4664 ad
614 4607 824 4662 Patrem
857 4623 870 4660 :
895 4620 1015 4660 cum
1043 4619 1169 4674 ergo
1196 4603 1370 4658 adhuc
1401 4607 1736 4673 promittatur
1767 4606 1894 4659 hora
1937 4606 2021 4660 illa
2047 4606 2101 4660 in

519 4681 620 4770 qua
645 4699 760 4752 sine
787 4695 1076 4767 proverbiis
1098 4695 1370 4750 locuturus
1387 4703 1488 4760 est,
1516 4709 1612 4749 cur
1633 4695 1716 4750 isti
1739 4694 1943 4761 dicunt,
1973 4696 2104 4752 Ecre

520 4807 656 4846 nunc
683 4787 853 4858 palam
882 4786 1118 4856 loqueris,
1156 4794 1200 4840 et
1227 4785 1539 4855 proverbium
1584 4787 1779 4840 nullum
1805 4786 1970 4851 dicis;
2001 4790 2101 4846 nisi

521 4885 641 4955 quia
674 4881 762 4936 illa
792 4895 909 4950 quae
957 4878 1058 4932 scit
1087 4877 1197 4946 ipse
1237 4892 1340 4932 non
1373 4877 1784 4948 intelligentibus
1813 4893 1931 4935 esse
1979 4895 2102 4948 pro-

522 4974 724 5042 verbia,
757 4974 832 5029 illi
861 4987 1026 5043 usque
1058 4971 1193 5026 adeo
1219 4987 1324 5024 non
1354 4970 1668 5041 intelligunt,
1701 4981 1758 5026 ut
1788 4989 1884 5026 nec
1914 4974 2102 5030 saltem

524 5084 630 5125 non
660 5082 720 5123 se
748 5065 1044 5134 intelligere
1074 5063 1398 5134 intelligant?
1437 5063 1646 5118 Parvuli
1674 5065 1816 5120 enim
1849 5075 2018 5129 erant,
2051 5077 2106 5122 et

525 5160 760 5216 nondum
785 5156 1126 5228 Spiritualiter
1153 5154 1511 5224 dijudicabant
1531 5197 1548 5222 ,
1579 5170 1697 5225 quae
1726 5155 1793 5211 de
1819 5157 1978 5217 rebus
2000 5175 2104 5220 non

522 5253 588 5310 ad
615 5264 828 5322 corpus,
848 5248 941 5306 sed
961 5248 1027 5304 ad
1052 5248 1291 5317 spiritum
1320 5246 1703 5318 pertinentibus
1729 5247 2033 5305 audiebant.
2071 5271 2078 5278 ·

595 5345 649 5398 2.
691 5343 928 5413 Denique
953 5341 1018 5396 de
1056 5341 1168 5410 ipsa
1197 5354 1381 5394 eorum
1427 5347 1583 5393 astate
1609 5339 1784 5395 adhuc
1809 5341 2102 5400 secundum

527 5435 832 5492 interiorem
859 5432 1127 5487 hominem
1156 5446 1316 5501 parva
1343 5439 1395 5484 et
1420 5429 1627 5484 infirma
1669 5444 1765 5487 eos
1789 5430 2100 5498 admonens,

533 5545 553 5584 ι
605 5524 896 5598 Respondit
933 5525 1018 5581 eis
1057 5523 1212 5578 Jcsus
1245 5540 1259 5578 ε
1287 5522 1440 5587 Modo
1483 5521 1741 5577 creditis?
1787 5523 1924 5581 Ecce
1963 5526 2107 5580 venit

471 5686 477 5701 ι
527 5619 680 5685 hera,
725 5628 779 5676 et
815 5618 923 5690 jam
965 5617 1130 5701 venit,
1162 5624 1220 5670 ut
1250 5615 1622 5686 dispergamini
1655 5617 2014 5689 unusquisque
2052 5621 2103 5675 in

527 5713 760 5780 propria,
789 5718 846 5765 et
871 5724 955 5763 me.
979 5697 1149 5764 selum
1177 5707 1504 5779 relinquatis.
1538 5706 1606 5763 Et
1637 5725 1739 5764 non
1768 5724 1883 5766 sunt
1916 5713 2064 5770 solus
2087 5757 2102 5784 ,

1446 307 1508 361 IN
1547 303 1822 360 JO.\NNIS
1863 300 2331 370 EVANGELIUM,
2373 301 2430 359 S.
2471 303 2838 364 AUGUSTINI

3633 318 3776 374 1900

2189 413 2312 483 quia
2342 413 2500 471 Pater
2525 431 2730 472 mecum
2775 427 2874 474 est.
2915 437 2935 471 ι
2980 419 3143 475 Paulo
3179 428 3303 477 ante
3340 421 3566 491 dixerat,
3604 444 3624 479 ι
3663 427 3778 484 Re-

2189 503 2372 575 linque
2415 506 2693 576 mundum,
2721 518 2776 565 ct
2810 509 2943 565 vado
2986 511 3053 566 ad
3092 511 3336 579 Patrem;
3379 531 3399 566 ι
3432 530 3574 572 nunc
3599 516 3776 585 dicit,

2195 611 2216 647 ι
2247 596 2406 652 Pater
2429 613 2638 655 mecum
2665 609 2765 656 est.
2796 619 2816 655 ι
2848 601 2977 671 Quis
2998 604 3143 660 vadit
3171 605 3239 660 ad
3263 620 3388 662 eum
3415 610 3506 680 qui
3534 625 3654 667 cum
3682 613 3778 670 illo

2189 688 2311 743 est?
2334 687 2439 745 Sed
2469 689 2572 747 hoc
2597 691 3015 774 intelligentigest
3043 696 3281 764 verbum,
3315 714 3420 756 non
3459 702 3781 776 intelligenti

2192 782 2529 849 proverbium
2561 801 2574 838 :
2607 785 2710 853 sic.
2732 795 2907 843 tamen
2952 788 3095 859 quod
3135 790 3296 848 modo
3325 807 3354 848 a
3384 796 3618 864 parvulis
3666 813 3778 854 non

2192 870 2523 944 intelligitur,
2565 885 2849 950 utcumque
2888 880 3125 952 sugitur;
3169 892 3225 940 et
3264 885 3344 942 eis
3381 887 3540 944 etiam
3579 891 3624 946 si
3669 906 3782 947 non

2191 962 2412 1032 praebet,
2443 966 2564 1036 quia
2593 969 2826 1024 nondum
2857 986 2978 1027 eum
3017 975 3250 1044 capiunt,
3281 977 3508 1034 solidum
3552 981 3734 1038 cibum
3761 1025 3780 1052 ,

2193 1055 2380 1111 saltem
2407 1056 2636 1115 lacteunt
2672 1075 2777 1117 non
2803 1062 3028 1134 denegat
3061 1054 3416 1124 alimentum.
3436 1071 3514 1126 Ex
3544 1072 3646 1129 hoc
3673 1074 3782 1129 ali-

2193 1153 2375 1202 mento
2397 1156 2500 1214 est,
2530 1149 2670 1218 quod
2695 1152 2934 1208 sciebant
2957 1170 3081 1210 eum
3105 1171 3265 1214 nosse
3292 1159 3490 1226 omnia,
3522 1177 3621 1218 nec
3641 1177 3782 1234 opus

2194 1235 2244 1290 ei
2271 1249 2390 1292 esse
2418 1245 2476 1292 ut
2503 1253 2623 1294 eum
2653 1241 2771 1311 quis
2797 1242 3089 1317 interroget
3117 1263 3130 1300 :
3160 1248 3301 1319 quod
3329 1249 3542 1321 quidem
3573 1267 3670 1308 cur
3696 1253 3785 1310 di-

2195 1326 2389 1395 xerint,
2420 1331 2587 1398 qureri
2627 1340 2822 1402 potest.
2861 1332 3086 1392 Videtur
3121 1338 3264 1394 enim
3293 1341 3468 1411 potius
3492 1342 3657 1401 fuisse
3697 1345 3784 1402 di-

2194 1420 2444 1489 cendum,
2475 1420 2591 1478 Non
2615 1437 2750 1494 opus
2786 1426 2986 1482 esttibi
3016 1437 3072 1483 ut
3095 1445 3413 1503 quemquam
3441 1435 3738 1508 interroges
3763 1455 3782 1504 ;

2196 1525 2323 1579 non,
2369 1519 2423 1566 ut
2459 1512 2571 1584 quis
2607 1514 2970 1588 “interroget.
3016 1518 3273 1576 Dixerunt
3315 1523 3531 1594 quippe,
3575 1525 3784 1584 Scimus

2195 1600 2312 1670 quia
2340 1605 2472 1658 nosti
2514 1605 2683 1660 omm'a
2709 1620 2732 1661 :
2758 1616 2814 1664 et
2839 1609 3020 1680 utique
3065 1612 3155 1682 qui
3197 1614 3344 1670 novit
3370 1618 3572 1686 omnia,
3612 1619 3785 1690 magis

2197 1707 2227 1746 a
2259 1696 2617 1754 nescientibus
2643 1699 2957 1772 interrogari
2985 1703 3142 1771 solet,
3177 1713 3234 1760 ut
3260 1705 3650 1780 interrogantes
3677 1725 3783 1765 au-

2196 1785 2344 1843 diant
2369 1789 2510 1860 quod
2535 1790 2736 1856 volunt,
2777 1793 2848 1849 ab
2871 1808 2938 1849 eo
2965 1795 3053 1866 qui
3096 1799 3244 1852 novit
3279 1801 3456 1854 omnia
3485 1819 3497 1866 ;
3529 1817 3638 1857 non
3668 1803 3788 1873 ipse

2199 1880 2548 1952 interrogare,
2579 1893 2825 1956 tanquam
2864 1887 3048 1944 volens
3075 1890 3274 1961 aliquid
3313 1895 3470 1960 scire,
3509 1896 3598 1966 qui
3633 1898 3790 1954 novit

2200 1976 2398 2030 omnia.
2441 1977 2576 2044 Quid
2603 1979 2704 2034 sibi
2751 1994 2880 2051 ergo
2924 1981 3054 2047 vult,
3085 1984 3226 2053 quod
3253 1985 3305 2041 ei
3343 2002 3502 2056 quem
3542 1989 3789 2046 sciebant

2202 2082 2360 2122 nosse
2375 2070 2573 2135 omnia,
2591 2085 2711 2127 cum
2733 2072 2910 2128 dicere
2926 2073 3176 2131 debuisse
3193 2077 3490 2144 videantur,
3511 2080 3626 2136 Non
3644 2095 3786 2151 opus

2202 2164 2287 2213 est
2327 2158 2421 2213 tibi
2451 2167 2508 2216 ut
2554 2176 2872 2232 quemquam
2920 2163 3238 2238 interroges,
3277 2167 3562 2226 dicendum
3605 2173 3788 2241 potius

2202 2259 2538 2322 putaverunt,
2572 2252 2693 2310 Non
2721 2271 2850 2325 opus
2886 2266 2957 2312 est
3003 2257 3090 2312 tibi
3133 2269 3187 2313 ut
3225 2261 3338 2329 quis
3381 2271 3430 2316 te
3472 2262 3792 2335 interroget?

2203 2345 2339 2412 Quid
2365 2347 2506 2416 quod
2535 2357 2818 2419 utrumque
2855 2349 3080 2420 legimus
3107 2351 3322 2419 factum,
3350 2364 3404 2410 et
3427 2355 3790 2427 interrogasse

2203 2439 2401 2494 scilicet
2441 2439 2744 2508 Dominum,
2775 2452 2830 2498 et
2867 2443 3248 2518 interrogatum
3294 2446 3492 2504 fuisse?
3535 2449 3644 2506 Sed
3682 2449 3790 2506 hoc

2203 2530 2310 2585 cito
2335 2531 2560 2587 solvitur
2589 2551 2601 2586 :
2629 2534 2751 2604 quia
2782 2533 2883 2591 hoc
2918 2551 3022 2591 non
3065 2538 3140 2603 ei,
3184 2537 3280 2594 sed
3311 2539 3412 2594 illis
3449 2541 3625 2609 potius
3645 2554 3792 2612 opus

2205 2618 2323 2678 erat
2363 2639 2497 2694 quos
2527 2626 2902 2698 interrogabat,
2932 2629 3013 2686 vel
3044 2645 3073 2684 a
3100 2630 3290 2700 quibus
3331 2631 3785 2704 interrogabatur.

2205 2715 2389 2786 Neque
2412 2719 2552 2773 enim
2577 2720 2780 2790 aliquos
2805 2722 2891 2776 ille
2919 2723 3294 2793 interrogabat,
3318 2735 3376 2780 ut
3399 2725 3466 2780 ab
3484 2726 3563 2781 eis
3581 2726 3792 2798 aliquid

2206 2809 2457 2876 disceret,
2489 2812 2584 2867 sed
2608 2827 2702 2867 eos
2734 2815 2905 2883 potius
2933 2825 2988 2870 ut
3012 2815 3249 2873 doceret.
3282 2816 3350 2872 Et
3375 2819 3466 2889 qui
3490 2818 3796 2890 interroga-

2207 2899 2334 2956 bant
2350 2917 2493 2967 eum,
2516 2903 2755 2960 volentes
2781 2906 2848 2960 ab
2872 2920 2936 2960 eo
2953 2907 3146 2977 aliquid
3167 2907 3398 2977 discere,
3426 2911 3531 2965 illis
3550 2911 3796 2981 proiecto

2207 2992 2260 3047 id
2303 3007 2436 3062 opus
2463 3003 2598 3061 erat,
2644 3004 2701 3049 ut
2740 2997 2940 3052 scirent
2973 2999 3147 3069 aliqua
3187 2999 3257 3054 ah
3297 2999 3388 3055 illo
3435 3001 3526 3072 qui
3571 3011 3797 3057 noverat

2207 3084 2404 3139 omnia.
2435 3084 2692 3140 Nimirum
2717 3101 2844 3158 ergo
2872 3098 3147 3158 propterea
3175 3105 3280 3146 non
3298 3106 3431 3161 opus
3448 3101 3566 3148 erat
3589 3101 3648 3148 ut
3667 3108 3794 3148 eum

2207 3177 2327 3246 quis
2351 3178 2720 3248 interrogaret.
2747 3181 3006 3248 Quoniam
3037 3197 3135 3237 nos
3160 3184 3374 3254 quando
3403 3185 3797 3256 interrogamur

2207 3272 2276 3326 ab
2297 3272 2376 3328 eis
2403 3273 2492 3342 qui
2521 3273 2708 3329 volunt
2733 3275 2932 3345 aliquid
2953 3291 2980 3330 a
3009 3277 3165 3331 nobis
3191 3277 3347 3344 scire,
3377 3293 3443 3332 ex
3470 3278 3598 3347 ipsis
3625 3277 3795 3333 inter-

2210 3363 2568 3434 rogationibus
2595 3379 2776 3421 eornm
2800 3368 3171 3436 cognoscimus
3190 3367 3316 3437 quid
3353 3367 3521 3423 velint
3546 3368 3792 3434 discere;

2207 3469 2343 3524 opus
2379 3463 2461 3510 est
2484 3470 2612 3526 ergo
2650 3455 2803 3512 nobis
2845 3457 2914 3512 ab
2951 3459 3030 3513 eis
3057 3459 3388 3529 interrogari,
3421 3473 3557 3530 quos
3593 3459 3797 3516 docere

2208 3549 2402 3618 aliquid
2440 3549 2704 3615 volumus,
2745 3561 2802 3605 ut
2842 3551 3210 3622 inquisitiones
3252 3568 3438 3608 eorum
3464 3554 3657 3624 quibus
3699 3570 3794 3608 rc-

2208 3641 2575 3712 spontlendum
2606 3648 2689 3698 est
2717 3644 3024 3699 noverimus
3053 3662 3066 3698 :
3100 3644 3171 3699 illi
3199 3653 3374 3700 autem
3399 3661 3468 3700 ne
3494 3644 3545 3700 id
3573 3644 3794 3715 quidem

2204 3749 2344 3804 opus
2363 3744 2500 3801 erat,
2527 3734 2615 3805 qui
2642 3739 2816 3790 omnia
2842 3747 3059 3791 noverat
3083 3754 3097 3802 ;
3125 3753 3222 3794 nec
3240 3753 3374 3809 opus
3398 3739 3624 3794 habebat
3648 3739 3794 3810 quod

2210 3829 2277 3884 ah
2303 3844 2368 3884 eo
2404 3830 2626 3898 quisque
2665 3829 2802 3883 scire
2833 3829 3006 3895 vellet,
3042 3845 3135 3899 per
3174 3830 3292 3901 ejus
3320 3831 3793 3901 interrogationem

2209 3936 2548 3991 Cognoscere,
2577 3923 2700 3992 quia
2732 3922 2877 3992 prius
2912 3938 3070 3994 quam
3098 3924 3534 3994 interrogaretur,
3567 3923 3797 3978 interm-

2207 4013 2378 4085 gaturi
2405 4022 2625 4068 noverat
2648 4015 2990 4068 voluntatem.
3017 4014 3121 4070 Sed
3155 4014 3274 4070 ideo
3302 4031 3360 4070 se
3388 4015 3684 4086 patiebatur
3709 4015 3796 4069 in-

2211 4105 2490 4176 terrogari,
2533 4113 2593 4159 ut
2633 4107 2717 4161 vel
2759 4108 2838 4162 eis
2879 4107 2970 4177 qui
2999 4116 3123 4162 tunc
3165 4109 3404 4169 aderant,
3435 4109 3518 4164 vel
3550 4111 3637 4179 qui
3677 4109 3799 4166 hzrc

2209 4197 2322 4252 sive
2349 4197 2488 4252 dicta
2518 4196 2722 4252 fuerant
2748 4198 2995 4263 audituri,
3023 4200 3136 4255 sive
3157 4200 3350 4270 scripta
3378 4198 3587 4265 lecturi,
3610 4201 3798 4270 quales

2212 4299 2410 4357 essent,
2451 4303 2481 4344 a
2507 4291 2694 4360 quibus
2725 4291 3164 4359 interrogabatur,
3222 4291 3526 4346 ostenderet
3557 4309 3571 4355 ;
3619 4307 3795 4361 eoque

2209 4385 2369 4439 modo
2397 4399 2672 4440 nossemus
2695 4387 2775 4440 vel
2802 4385 2991 4456 quibus
3018 4401 3121 4441 non
3149 4388 3624 4443 circumveniretur
3649 4387 3797 4440 frau-

2210 4477 2384 4545 dibus,
2421 4477 2505 4531 vel
2534 4478 2723 4547 quibus
2747 4479 2884 4548 apud
2915 4495 3036 4534 eum
3078 4481 3422 4552 proficeretur
3462 4481 3792 4535 accessibus.

2210 4567 2508 4623 Prwviderc
2538 4579 2711 4624 autem
2756 4571 3102 4641 cogitationes
3132 4572 3424 4638 hominum,
3457 4581 3509 4626 et
3538 4571 3656 4626 ideo
3686 4587 3795 4625 non

2210 4675 2344 4730 opus
2371 4660 2568 4716 habere
2609 4671 2667 4716 ιιι
2699 4676 2820 4717 ειιιιι
2851 4662 2968 4732 quis
3005 4662 3374 4732 interrogaret,
3403 4678 3651 4732 magnum
3681 4661 3797 4718 Deo

2210 4768 2315 4808 non
2341 4762 2476 4821 erat,
2505 4757 2597 4809 sed
2625 4769 2867 4824 magnum
2896 4755 3128 4824 parvulis
3168 4766 3277 4810 erat
3307 4756 3393 4826 qui
3429 4756 3475 4809 ei
3505 4755 3754 4810 dicebant
3781 4796 3794 4814 .

2212 4841 2277 4897 In
2302 4845 2396 4898 hoc
2416 4845 2663 4899 credimus
2686 4847 2803 4918 quia
2827 4861 2858 4899 a
2885 4845 2992 4900 Deo
3018 4847 3184 4901 existi.
3224 4845 3387 4901 Multo
3416 4856 3591 4902 autem
3623 4845 3798 4914 majus

2212 4946 2346 5005 erat,
2377 4938 2443 4994 ad
2486 4941 2625 5009 quod
2673 4939 3069 5012 intelligendum
3115 4955 3208 4996 eos
3236 4939 3440 4993 volebal
3489 4938 3698 4995 extendi
3743 4947 3800 4993 et

2212 5048 2475 5101 crescere,
2496 5033 2633 5102 quod
2651 5050 2771 5088 cum
2796 5032 2864 5087 illi
2888 5033 3167 5100 dixissent,
3195 5048 3487 5103 verumque
3513 5031 3797 5096 dixissent,

2211 5144 2242 5181 η
2277 5126 2384 5182 Deo
2409 5128 2572 5192 existi,
2603 5127 2676 5181 ait
2701 5127 2807 5191 ille,
2839 5126 2995 5183 Pater
3024 5143 3212 5180 mecum
3238 5137 3311 5180 est
3335 5142 3353 5190 ;
3381 5143 3448 5180 tte
3473 5125 3551 5180 sic
3581 5141 3609 5178 a
3639 5124 3803 5179 Patre

2213 5221 2401 5276 Filium
2446 5222 2736 5293 cogitarent
2776 5223 2967 5285 exisse.
3023 5228 3078 5276 ut
3118 5229 3364 5291 putarent
3406 5218 3564 5274 etiam
3611 5231 3803 5272 reces-

2211 5331 2366 5371 SISSC.
2931 5333 2933 5336 ⁴

2282 5436 2335 5490 5.
2381 5432 2581 5489 Deinde
2623 5446 2924 5487 sermonem
2957 5431 3114 5484 istum
3141 5441 3390 5498 magnum
3423 5423 3802 5495 prolixumque

2211 5524 2534 5582 concludens
2563 5542 2579 5580 :
2609 5522 2756 5589 llam,
2786 5522 2973 5594 inquit,
3003 5522 3200 5576 locutus
3225 5535 3338 5572 sum
3371 5516 3526 5581 vobis,
3556 5523 3610 5568 ut
3639 5515 3691 5567 in
3716 5529 3801 5568 me

2212 5635 2384 5692 pacem
2432 5618 2669 5672 habeatis.
2718 5614 2781 5670 In
2823 5615 3014 5670 munde
3058 5627 3344 5683 prcssuram
3388 5607 3667 5672 habebitis;
3707 5605 3803 5659 sed

2217 5713 2468 5782 conﬁdite,
2501 5727 2587 5782 rgo
2620 5711 2710 5764 vici
2751 5709 3008 5764 mundum.
3053 5705 3182 5762 Illud
3214 5704 3420 5762 initium
3449 5703 3618 5760 fuerat
3642 5698 3803 5756 habi-
3867 5735 3874 5742 -
