4076 6470
1483 280 1892 345 TRACTATIJS
1927 279 2059 337 CIV.
2099 281 2323 342 CAPUT
2361 281 2524 341 XVII.

341 417 454 465 tura
479 405 579 460 ista
606 415 872 475 pressura,
902 402 970 459 de
997 417 1102 474 quo
1128 402 1371 474 superius
1393 409 1452 456 ut
1477 414 1573 456 eos
1603 395 1911 456 ostenderet

339 495 605 568 parvulos,
647 493 840 564 quibus
875 493 1049 549 adhuc
1087 508 1192 548 non
1238 490 1649 561 intelligentibus
1678 496 1731 542 et
1769 482 1910 539 aliud

335 601 430 658 pro
452 586 561 641 alio
587 585 957 652 sentientibus,
1002 583 1280 655 proverbia
1310 579 1702 653 quodammodo
1730 582 1912 632 essent

333 692 679 749 quaecumque
703 691 889 746 magna
919 685 971 731 et
1013 675 1189 731 divina
1215 673 1455 741 dixisset,
1493 672 1590 738 ait,
1621 667 1776 724 Modo
1804 681 1910 720 cre-

332 771 490 825 ditis?
535 769 666 823 Ecce
702 771 828 822 venit
874 769 1020 835 hora,
1047 777 1094 824 et
1129 770 1242 839 jam
1274 767 1426 835 venit,
1469 777 1524 821 ut
1552 764 1910 837 dispergamiui

330 860 668 929 unusquisque
707 860 758 913 in
788 860 1015 930 propria.
1061 859 1199 913 Ecce
1243 858 1447 912 initium
1493 872 1775 928 pressurae,
1814 856 1908 912 sed

330 968 435 1008 non
461 967 528 1007 eo
553 952 711 1007 modo
751 962 1188 1022 perseveratum.
1214 951 1365 1020 Quod
1393 951 1534 1006 enim
1564 949 1824 1020 adjunxit,
1862 957 1910 1003 et

327 1062 407 1099 me
428 1044 594 1099 solum
629 1046 945 1116 relinquatis,
978 1060 1083 1100 non
1123 1045 1234 1100 vult
1259 1057 1356 1100 eos
1395 1043 1528 1098 tales
1551 1057 1670 1098 esse
1698 1043 1752 1097 in
1777 1058 1906 1098 con-

327 1135 570 1206 sequenti
617 1150 884 1203 pressura,
931 1150 1090 1205 quam
1139 1143 1260 1204 post
1296 1134 1413 1203 ejus
1454 1132 1820 1188 ascensionem
1852 1131 1905 1186 in

325 1226 528 1281 mundo
554 1226 760 1280 fuerant
787 1224 1037 1292 habituri,
1064 1233 1122 1280 ut
1145 1224 1448 1295 relinquant
1469 1239 1590 1279 eum
1611 1240 1626 1288 ;
1651 1219 1746 1278 sed
1773 1232 1828 1278 ut
1853 1223 1905 1278 in

324 1317 424 1372 illo
471 1332 654 1386 pacem
693 1315 921 1371 habeant
963 1325 1339 1387 permanentes
1380 1315 1434 1369 in
1474 1330 1558 1370 eo.
1607 1314 1723 1370 Non
1763 1314 1904 1370 enim

323 1408 538 1478 quando
581 1406 997 1477 comprehensus
1041 1415 1142 1474 est,
1191 1404 1559 1466 tantummodo
1602 1419 1764 1461 carne
1810 1419 1905 1460 sua

321 1500 441 1570 ejus
469 1516 705 1566 carnem,
750 1515 934 1556 verum
961 1500 1122 1556 etiam
1151 1507 1329 1556 mente
1354 1499 1683 1569 reliquerunt
1723 1496 1902 1554 fidem.

320 1593 405 1647 Ad
436 1593 538 1647 hoc
579 1594 806 1661 pertinet
844 1591 984 1662 quod
1028 1591 1120 1655 ait,
1155 1589 1309 1646 Modo
1333 1589 1580 1646 creditis?
1607 1589 1740 1644 Ecce
1777 1590 1906 1643 venit

322 1683 470 1750 liora,
501 1694 555 1736 ut
594 1683 950 1755 dispar-gemini
989 1684 1042 1737 in
1091 1683 1316 1752 propria,
1360 1690 1406 1736 et
1442 1697 1523 1736 me
1563 1681 1856 1751 relinquatis
1887 1697 1906 1737 :

320 1783 576 1844 tanquam
617 1775 837 1840 diceret,
879 1774 1028 1831 Tunc
1071 1777 1138 1830 ita
1171 1773 1629 1844 perturbabimini,
1657 1780 1715 1828 ut
1739 1773 1898 1829 etiam

319 1867 466 1937 quod
509 1866 667 1922 modo
690 1866 927 1932 creditis,
972 1865 1298 1935 relinquatis.
1346 1864 1621 1920 Venerunt
1665 1863 1807 1920 enim
1836 1862 1905 1918 ad

319 1965 522 2012 tantam
569 1956 1011 2026 desperationem,
1044 1965 1097 2010 et
1136 1971 1248 2011 suae
1293 1955 1526 2024 pristina:
1565 1954 1708 2022 ﬁdei,
1739 1961 1796 2009 ut
1833 1953 1905 2009 ita

317 2053 568 2119 dixerim,
612 2063 856 2117 mortem,
905 2061 1098 2123 quanta
1136 2050 1376 2122 apparuit
1416 2050 1469 2106 in
1507 2049 1597 2104 illo
1633 2047 1898 2119 Cleopba,

316 2144 410 2213 qui
452 2153 570 2213 post
608 2145 722 2214 ejus
749 2145 1192 2198 resurrectionem
1238 2156 1358 2196 cum
1399 2141 1489 2197 illo
1533 2156 1593 2197 se
1623 2141 1766 2211 loqui
1811 2154 1905 2194 ne-

317 2237 519 2301 sciens,
565 2247 618 2291 et
661 2236 785 2306 quid
811 2237 860 2291 ei
892 2235 1172 2305 contigerit
1218 2248 1458 2299 narrans,
1512 2232 1645 2300 Nos,
1695 2232 1898 2301 inquit,

313 2327 645 2396 sperabamus
669 2326 804 2394 quod
834 2328 940 2396 ipse
969 2329 1131 2397 fuerat
1172 2323 1520 2395 redempturus
1558 2321 1724 2376 Israel
1751 2320 1899 2393 (Luc.

316 2431 476 2482 xxiv,
518 2414 632 2488 2|).
687 2417 825 2471 Ecce
865 2415 1130 2486 quomodo
1173 2430 1294 2470 eum
1357 2415 1700 2484 reliquerant,
1749 2413 1902 2467 dese-

314 2507 486 2561 rendo
505 2508 664 2562 etiam
687 2508 853 2577 ipsam
879 2507 1032 2562 fidem
1055 2523 1156 2578 qua
1184 2507 1234 2561 in
1263 2521 1383 2561 eum
1405 2517 1528 2561 ante
1542 2505 1898 2560 crediderant.

314 2595 373 2650 In
405 2613 466 2652 ea
495 2613 622 2652 vero
663 2613 907 2668 pressura
951 2613 1108 2667 quam
1159 2607 1278 2667 post
1305 2598 1421 2667 ejus
1462 2596 1900 2667 glorificationem

311 2697 538 2758 accepto
561 2687 758 2759 Spiritu
787 2698 971 2744 sancto
997 2690 1349 2760 pertulerunt,
1382 2703 1487 2743 non
1516 2703 1636 2744 eum
1667 2689 1898 2758 relique-

311 2787 439 2831 runt
468 2797 480 2830 :
508 2789 559 2832 et
587 2779 825 2848 quamvis
852 2778 1097 2849 fugerent
1116 2779 1184 2835 de
1204 2779 1416 2835 civitate
1441 2780 1494 2833 in
1515 2779 1805 2843 civitatem,
1833 2779 1900 2834 ab

312 2867 434 2938 ipso
461 2883 568 2922 non
597 2869 936 2939 refugerunt;
984 2869 1079 2924 sed
1122 2877 1181 2924 ut
1219 2869 1476 2924 habentes
1515 2883 1818 2939 pressuram
1847 2868 1899 2924 in

309 2959 537 3022 mundo,
583 2959 635 3014 in
667 2961 756 3014 illo
787 2975 968 3030 pacem
997 2969 1260 3028 tenerent,
1294 2975 1400 3016 non
1435 2960 1503 3016 ab
1544 2961 1658 3030 ipso
1701 2959 1900 3032 refuga;

310 3048 553 3116 fuerunt,
580 3051 672 3105 sed
699 3053 868 3121 ipsum
899 3052 1071 3122 potius
1095 3051 1355 3122 refugium
1400 3051 1716 3106 habuerunt.
1764 3052 1900 3106 Dato

309 3144 511 3214 quippe
559 3143 664 3197 illis
700 3143 898 3214 Spiritu
945 3152 1148 3210 sancto,
1191 3143 1383 3199 factum
1428 3153 1512 3200 est
1550 3145 1600 3199 in
1633 3145 1711 3199 eis
1757 3146 1898 3215 quod

311 3248 457 3290 nunc
483 3233 680 3290 dictum
711 3243 792 3289 est
812 3235 912 3299 eis,
932 3233 1202 3304 Conﬁdite,
1235 3251 1324 3306 ego
1352 3235 1446 3288 uici
1466 3236 1729 3289 mundum.
1756 3234 1898 3290 Con-

310 3323 565 3392 ﬁderunt,
612 3332 666 3379 et
685 3326 944 3381 vicenmt.
974 3327 1030 3381 In
1061 3342 1185 3396 quo,
1226 3328 1326 3381 nisi
1373 3327 1424 3381 in
1456 3327 1587 3382 illo?
1615 3327 1729 3382 Non
1757 3329 1896 3383 enim

310 3414 530 3470 vicisset
572 3416 661 3471 ille
685 3416 960 3484 mundum,
989 3417 1032 3472 si
1061 3418 1176 3488 ejus
1215 3418 1450 3473 membra
1476 3419 1713 3474 vinceret
1740 3435 1896 3473 mun-

310 3506 436 3562 dus.
465 3506 618 3563 Unde
663 3508 736 3563 ait
777 3509 1082 3579 Apostolus,
1117 3508 1318 3564 Gratias
1347 3509 1474 3576 Deo,
1518 3511 1605 3581 qui
1643 3510 1729 3564 dat
1758 3511 1898 3565 nobis

308 3597 613 3665 uictoriam;
662 3600 1018 3670 continuoque
1059 3599 1302 3670 subjecit,
1347 3616 1435 3670 per
1479 3600 1755 3655 Dominum
1802 3618 1895 3654 uo-

309 3697 478 3743 strum
505 3687 680 3743 Iesum
715 3687 968 3744 Christum
995 3689 1050 3761 (I
1085 3689 1202 3744 Cor.
1230 3706 1318 3756 xv,
1345 3689 1456 3762 57)
1504 3708 1516 3744 :
1558 3691 1647 3761 qui
1691 3689 1897 3746 dixerat

310 3781 451 3849 suis,
481 3780 746 3850 Confidite,
769 3798 860 3854 ego
883 3783 978 3836 vici
997 3782 1260 3836 mundum.

812 3916 1223 3974 TRACTATUS
1260 3917 1393 3974 CIV.

309 4029 386 4084 In
419 4030 476 4084 id
517 4031 652 4103 quod
679 4032 918 4100 sequitur,
949 4033 1074 4088 "(PC
1101 4033 1305 4088 locutus
1331 4045 1412 4088 est
1435 4032 1610 4100 Jesus,
1641 4042 1695 4088 et
1719 4031 1898 4088 suble-

389 4122 524 4176 vatis
551 4123 722 4177 oculis
750 4123 804 4177 in
830 4125 1020 4179 celum
1048 4124 1181 4178 dixit
1208 4143 1220 4178 :
1246 4125 1421 4190 Pater,
1447 4127 1590 4180 venit
1617 4125 1768 4191 hora,
1790 4127 1898 4179 cla-

389 4212 536 4268 riiica
561 4212 753 4268 Filium
779 4223 947 4280 tuum,
971 4224 1029 4270 ut
1055 4214 1218 4270 Filius
1236 4216 1492 4271 clariticet
1519 4223 1590 4271 te.
1619 4214 1744 4285 Cap.
1769 4232 1894 4280 xvu,

401 4304 564 4375 γε.

389 4417 442 4471 ι.
471 4419 609 4473 Ante
650 4417 750 4472 ista
788 4433 908 4489 qua:
955 4433 1095 4473 nunc
1139 4433 1323 4474 sumus
1368 4419 1650 4488 adjuvante
1675 4419 1897 4474 Domino

311 4511 613 4575 tractaturi,
643 4509 849 4566 dixerat
869 4509 1045 4577 Iesus,
1081 4509 1204 4565 Hau:
1224 4511 1417 4566 locutus
1447 4528 1558 4565 sum
1583 4512 1736 4577 vobis,
1767 4513 1897 4566 utin

311 4617 398 4655 me
439 4617 610 4670 parem
650 4603 872 4657 habeatis
896 4619 914 4658 :
939 4617 1056 4673 qua:
1089 4618 1193 4657 non
1232 4602 1528 4658 recentiora
1556 4602 1711 4671 paulo
1740 4617 1898 4672 supe-

312 4690 427 4745 rius
452 4690 520 4745 ab
545 4706 610 4746 eo
635 4691 776 4747 dicta
797 4735 812 4760 ,
841 4693 934 4748 sed
977 4695 1155 4747 omnia
1196 4693 1451 4749 debemus
1491 4694 1754 4763 accipere,
1785 4694 1897 4749 sive

311 4795 665 4853 quacumque
701 4781 802 4838 illis
829 4783 1038 4839 locutus
1061 4793 1140 4839 est
1171 4799 1236 4839 ex
1261 4800 1366 4855 quo
1394 4799 1488 4839 eos
1514 4785 1673 4853 coepit
1701 4783 1897 4840 habere

311 4872 625 4941 discipulos,
659 4873 771 4928 sive
799 4882 944 4929 certe
973 4890 1036 4928 ex
1063 4859 1168 4944 quo
1199 4885 1320 4945 post
1342 4889 1550 4930 cmnam
1577 4891 1799 4930 exorsus
1817 4885 1898 4931 est

312 4962 456 5019 hunc
503 4963 867 5020 admirabilem
921 4968 1289 5038 prolixumque
1343 4983 1667 5024 sermonem.
1712 4969 1896 5023 Talem

311 5055 511 5125 quippe
550 5059 986 5112 commemoravit
1019 5073 1232 5113 causam
1261 5075 1358 5113 cur
1382 5060 1459 5113 cis
1485 5060 1553 5113 sit
1582 5059 1806 5126 locutus,
1841 5070 1899 5116 ut

313 5145 382 5199 ad
416 5161 537 5201 cum
580 5149 738 5203 finem
783 5151 1080 5204 rectissime
1123 5150 1418 5205 referantur
1447 5151 1526 5204 vel
1555 5153 1729 5205 omnia
1777 5168 1896 5222 qua:

313 5237 522 5293 locutus
547 5247 628 5293 est
654 5241 750 5304 eis,
773 5242 853 5295 vel
883 5256 941 5295 ea
971 5242 1198 5296 maxime
1233 5257 1351 5311 qua:
1392 5243 1526 5297 dixit
1560 5243 1668 5312 jam
1697 5259 1792 5313 pro
1818 5244 1895 5298 eis

314 5332 626 5396 moriturus,
657 5342 904 5404 tanquam
934 5336 1090 5389 verba
1118 5335 1424 5403 novissima,
1459 5347 1798 5407 posteaquam
1831 5339 1896 5394 dc

313 5423 559 5476 convivio
589 5434 772 5480 sancto
793 5425 881 5481 ille
905 5427 993 5496 qui
1023 5442 1142 5481 eum
1171 5426 1342 5482 fuerat
1369 5427 1675 5492 traditurus,
1708 5441 1891 5499 egres-

315 5528 404 5568 sus
434 5525 536 5568 est.
567 5515 711 5571 llanc
748 5519 890 5572 enim
939 5518 1328 5574 commendavit
1373 5533 1585 5574 causam
1632 5522 1896 5577 sermonis

313 5604 414 5666 sui,
448 5614 507 5658 ut
553 5605 604 5658 in
649 5606 740 5663 illo
776 5623 958 5676 pacem
990 5610 1266 5672 haberent,
1295 5619 1513 5682 propter
1547 5611 1685 5681 quod
1727 5620 1894 5669 totum

311 5696 486 5764 agitur
524 5695 664 5768 quod
701 5697 975 5755 christiani
1003 5715 1203 5757 sumus.
1232 5700 1357 5757 llmc
1396 5701 1538 5757 enim
1589 5717 1691 5774 pax
1732 5705 1890 5760 tinem

3457 283 3592 337 1902

2017 397 2270 466 temporis
2297 411 2401 454 non
2422 396 2656 463 habebit,
2683 396 2775 453 sed
2801 397 2976 454 omnis
2993 398 3094 468 piae
3121 408 3317 455 nostra:
3334 400 3587 457 intentio.-

2017 488 2101 543 nis
2119 491 2445 561 actionisque
2466 492 2586 544 linis
2607 491 2718 561 ipsa
2741 491 2863 544 erit.
2889 490 3112 560 PrOpter
3131 491 3266 546 hanc
3279 491 3593 547 Sacramen-

2019 582 2084 636 tis
2109 582 2223 652 ejus
2252 583 2555 649 imbuimur,
2577 591 2789 653 propter
2811 582 2949 638 hanc
2971 582 3304 639 mirabilibus
3324 584 3440 654 ejus
3459 599 3591 655 ope-

2017 674 2164 729 ribus
2207 683 2260 730 et
2282 675 2618 730 sermonibus
2643 675 2935 741 erudimur,
2961 685 3179 747 propter
3203 675 3340 732 hanc
3363 676 3590 748 Spiritus

2015 764 2131 835 ejus
2161 765 2348 836 pignus
2378 767 2699 837 accepimus,
2726 776 2944 838 propter
2979 767 3116 822 hanc
3157 767 3209 822 in
3249 782 3371 822 eum
3413 766 3592 824 credi-

2016 870 2135 911 mus
2160 864 2215 912 et
2241 869 2534 926 speramus,
2561 866 2616 913 et
2658 858 2775 926 ejus
2816 872 2998 913 amore
3035 867 3290 928 quantum
3317 858 3480 914 donat
3501 872 3592 913 ac-

2013 943 2321 1000 cendimur:
2347 946 2444 1001 hac
2461 961 2589 1017 pace
2609 947 2659 1000 in
2685 948 2944 1016 pressuris
2963 947 3210 1004 omnibus
3228 948 3585 1014 consolamur,

2015 1033 2166 1089 ltaca
2192 1037 2456 1105 pressuris
2494 1039 2741 1093 omnibus
2795 1039 3082 1094 liberamur
3125 1056 3140 1092 :
3192 1051 3406 1112 pr0pter
3451 1039 3588 1097 hanc

2012 1140 2228 1180 omnem
2274 1127 2665 1182 tribulationem
2700 1127 2905 1184 fortiter
2932 1131 3276 1198 sustinemus,
3307 1140 3365 1186 ut
3407 1131 3458 1186 in
3489 1130 3592 1188 bac

2011 1219 2236 1275 feliciter
2270 1220 2386 1276 sine
2428 1221 2533 1276 ulla
2573 1222 2908 1278 tribulatione
2949 1237 3251 1294 regnemus.
3288 1224 3474 1280 Merito
3519 1224 3590 1280 ad

2013 1326 2131 1366 eam
2165 1313 2356 1368 clausit
2377 1315 2560 1380 verba,
2591 1329 2709 1384 quae
2751 1328 2936 1384 parum
2976 1315 3395 1386 intelligentibus
3430 1315 3590 1372 disci-

2014 1403 2156 1473 pulis
2183 1411 2339 1460 erant
2361 1403 2670 1473 proverbia;
2703 1404 3046 1460 intellecturis
3071 1421 3130 1460 ea
3157 1406 3370 1476 quando
3388 1406 3467 1462 eis
3489 1406 3588 1484 de-

2009 1493 2179 1551 disset
2205 1496 2524 1564 promissum
2551 1493 2806 1566 Spiritum
2829 1505 3091 1564 sanctum,
3123 1497 3190 1552 de
3211 1513 3316 1568 quo
3343 1497 3590 1569 superius

2009 1586 2084 1641 ait
2116 1603 2131 1642 :
2164 1603 2184 1640 ι
2214 1585 2338 1642 Haec
2363 1586 2569 1642 locutus
2595 1601 2712 1643 sum
2741 1587 2914 1654 vobis,
2931 1589 3075 1659 apud
3096 1603 3191 1645 vos
3213 1605 3452 1646 manens.
3485 1591 3590 1647 Pa—

2008 1677 2237 1734 racletus
2281 1687 2460 1734 autem
2506 1678 2734 1748 Spiritus
2775 1689 3010 1746 sanctus,
3041 1696 3200 1751 quem
3230 1681 3402 1738 mittet
3429 1682 3586 1738 Pater

2010 1768 2063 1822 in
2093 1769 2307 1824 nomine
2344 1784 2486 1836 meo,
2520 1771 2608 1825 ille
2643 1785 2738 1825 vos
2771 1771 2983 1828 docebit
3023 1773 3221 1840 omnia,
3249 1782 3304 1828 et
3340 1784 3588 1845 suggeret

2007 1860 2158 1916 vobis
2201 1861 2378 1916 omnia
2419 1878 2766 1934 quaecumque
2804 1863 2988 1920 dixero
3024 1865 3177 1920 vobis
3207 1883 3226 1918 ι
3260 1865 3436 1934 (Joan.
3467 1883 3583 1935 xrv,

2007 1951 2096 2018 25,
2125 1953 2238 2024 26).
2271 1953 2396 2010 Ηαξο
2419 1955 2668 2010 nimirum
2699 1954 2873 2010 futura
2901 1955 3072 2011 fuerat
3098 1956 3186 2011 illa
3215 1955 3367 2025 liora,
3393 1973 3496 2028 qua
3524 1972 3586 2016 se

2008 2046 2325 2114 promiserat
2350 2060 2455 2102 non
2479 2046 2588 2118 jam
2619 2047 2671 2101 in
2711 2047 3004 2117 proverbiis
3027 2048 3352 2116 locuturum,
3375 2050 3467 2106 sed
3491 2065 3586 2121 pa-

2009 2134 2115 2190 lam
2149 2135 2217 2190 de
2257 2136 2412 2193 Patre
2449 2139 2908 2195 annuntiaturum.
2939 2140 3139 2196 Eadem
3181 2143 3378 2214 quippe
3421 2143 3588 2212 ipsius

2007 2226 2190 2292 verba,
2226 2227 2492 2284 revelante
2539 2230 2737 2300 Spiritu
2774 2240 2981 2298 sancto,
3019 2233 3434 2303 intelligentibus
3473 2235 3585 2305 jam

2008 2331 2115 2372 non
2146 2327 2297 2373 erant
2333 2318 2510 2374 futura
2548 2322 2846 2388 proverbia.
2876 2321 3056 2390 Neque
3079 2324 3219 2376 enim
3250 2322 3502 2394 loquente
3531 2326 3586 2380 in

2006 2421 2193 2462 eorum
2237 2409 2486 2464 cordibus
2527 2411 2724 2480 Spiritu
2749 2419 2957 2478 sancto,
2985 2413 3242 2469 taciturus
3264 2423 3378 2468 erat
3402 2416 3590 2485 unige-

2005 2503 2149 2556 nitus
2198 2502 2384 2567 Filius,
2417 2505 2504 2573 qui
2538 2503 2670 2558 dixit
2711 2505 2762 2558 in
2808 2519 2870 2560 ea
2908 2504 3038 2560 hora
3070 2507 3243 2575 palam
3268 2522 3328 2562 se
3353 2508 3458 2563 illis
3485 2523 3588 2563 an-

2006 2591 2366 2647 nuntiaturum
2396 2609 2515 2649 esse
2534 2595 2601 2651 de
2622 2595 2797 2660 Patre,
2826 2596 2968 2666 quod
2994 2597 3072 2652 eis
3091 2599 3272 2668 utique
3295 2599 3406 2669 jam
3428 2601 3586 2657 intel-

2005 2683 2288 2752 ligentibus
2334 2700 2438 2737 non
2481 2694 2624 2740 esset
2670 2687 3030 2756 proverbium.
3074 2688 3179 2743 Sed
3229 2690 3330 2744 ltoc
3371 2707 3585 2761 quoque

2006 2771 2200 2841 ipsum,
2232 2774 2496 2842 quomodo
2524 2775 2678 2829 simul
2705 2776 2988 2846 loquantur
3017 2778 3066 2832 in
3089 2794 3304 2834 suorum
3333 2782 3584 2850 Spiritua-

2006 2861 2133 2917 lium
2163 2863 2409 2920 cordibus
2444 2874 2500 2920 et
2543 2866 2635 2921 Dei
2671 2866 2836 2922 Filius
2862 2877 2917 2924 et
2941 2867 3166 2940 Spiritus
3207 2882 3440 2938 sanctus,
3475 2874 3584 2930 imo

2005 2955 2119 3026 ipsa
2146 2957 2374 3013 Trinitas
2400 2973 2517 3028 quae
2539 2959 2960 3030 inseparabiliter
2981 2972 3250 3031 operatur,
3281 2965 3582 3037 intelligen-

2004 3047 2144 3101 tibus
2154 3049 2485 3117 estverbum,
2496 3064 2597 3104 non
2611 3049 3022 3121 intelligentibus
3033 3062 3208 3108 autem
3222 3057 3580 3125 proverbium.

2073 3139 2129 3194 2.
2160 3139 2292 3195 Cum
2328 3156 2457 3211 ergo
2500 3141 2722 3198 dixisset
2747 3154 2964 3214 propter
2986 3145 3111 3216 quid
3136 3149 3311 3203 omnia
3341 3150 3410 3206 sit
3437 3151 3583 3210 locu-

2005 3238 2108 3294 tus,
2141 3240 2198 3286 ut
2223 3232 2274 3286 in
2307 3232 2398 3286 illo
2423 3232 2623 3289 scilicet
2650 3248 2832 3303 pacem
2869 3235 3142 3303 haberent,
3175 3239 3226 3292 in
3253 3242 3451 3298 mundo
3483 3244 3582 3298 ha-

2005 3321 2191 3377 bentes
2227 3337 2550 3392 pressuram,
2576 3324 2992 3398 exhortatusque
3031 3327 3217 3384 fuisset
3251 3340 3308 3386 ut
3345 3334 3581 3391 confide-

2003 3422 2142 3478 rent,
2169 3414 2291 3484 quia
2333 3414 2448 3484 ipse
2477 3414 2602 3472 vicit
2628 3418 2914 3482 mundum;
2963 3434 3030 3476 eo
3071 3421 3160 3490 qui
3198 3430 3315 3478 erat
3355 3424 3421 3479 ad
3465 3425 3584 3482 illos

2002 3517 2249 3560 sermone
2286 3505 2450 3572 linito,
2483 3507 2677 3565 deinde
2723 3510 2790 3564 ad
2838 3511 3047 3567 Patrem
3081 3515 3241 3569 verba
3287 3515 3501 3584 direxit,
3527 3527 3585 3574 et

2002 3611 2157 3650 orare
2176 3597 2284 3665 jam
2312 3600 2490 3668 erepit.
2523 3601 2613 3656 Sic
2649 3602 2791 3656 enim
2837 3602 3172 3673 Evangelista
3215 3607 3473 3676 sequitur,
3501 3609 3584 3665 di-

2002 3702 2161 3742 cens:
2191 3687 2313 3742 Ilwc
2345 3690 2540 3745 locutus
2562 3701 2634 3746 est
2651 3692 2824 3756 Iesus,
2845 3702 2892 3747 et
2913 3695 3184 3751 sublesatis
3213 3699 3374 3753 oculis
3396 3700 3449 3755 in
3477 3716 3582 3757 ca:-

2002 3779 2105 3832 lum
2131 3780 2259 3833 dixit
2291 3795 2311 3835 :
2342 3779 2518 3845 Pater,
2563 3784 2695 3836 venit
2738 3783 2884 3852 hora,
2916 3784 3143 3856 clari/ica
3181 3787 3378 3844 Filium
3416 3801 3578 3846 tuum.

2003 3869 2218 3924 Poterat
2279 3870 2537 3926 Dominus
2599 3871 2910 3944 Unigcnitus
2971 3885 3024 3930 et
3075 3888 3374 3938 eomternus
3439 3883 3583 3939 Patri

2001 3963 2055 4017 in
2099 3963 2265 4017 forma
2323 3964 2462 4018 servi
2511 3972 2565 4019 et
2606 3979 2675 4020 ex
2726 3965 2892 4021 forma
2941 3968 3102 4034 servi,
3135 3970 3305 4028 slhoe
3331 3987 3465 4044 opus
3497 3991 3585 4029 cs-

2002 4061 2104 4119 set,
2143 4069 2299 4111 orare
2327 4055 2566 4122 silentio;
2600 4054 2692 4112 sed
2740 4058 2811 4113 ita
2859 4075 2915 4114 se
2947 4061 3085 4116 Patri
3117 4061 3369 4122 exhibere
3415 4067 3582 4121 voluit

2003 4155 2331 4217 precatorem
2353 4190 2368 4213 ,
2413 4155 2470 4202 ut
2515 4150 2844 4205 meminisset
2879 4161 3117 4208 nostrum
3151 4169 3212 4210 se
3257 4169 3376 4212 esse
3399 4157 3585 4214 docto-

2003 4252 2136 4291 rem.
2185 4237 2414 4293 Proinde
2459 4254 2575 4294 eam
2618 4255 2776 4310 quam
2823 4241 2943 4297 fecit
2989 4246 3282 4300 orationem
3333 4263 3430 4317 pro
3481 4264 3582 4304 no-

2002 4328 2104 4394 bis,
2152 4339 2330 4383 notam
2371 4329 2496 4386 fecit
2536 4339 2591 4386 et
2627 4331 2816 4398 nobis;
2861 4335 3109 4404 quoniam
3161 4337 3292 4392 tanti
3342 4341 3582 4410 magistri

2003 4433 2109 4472 non
2131 4420 2300 4474 solum
2330 4420 2396 4475 ad
2421 4421 2564 4490 ipsos
2585 4425 2979 4488 sermocinatio,
3007 4426 3100 4480 sed
3127 4428 3287 4483 etiam
3328 4445 3424 4499 pro
3454 4432 3585 4502 ipsis

2002 4508 2070 4562 ad
2115 4509 2324 4565 Patrem
2379 4511 2580 4579 oratio,
2611 4513 2992 4582 discipulorum
3038 4527 3122 4572 est
3171 4519 3470 4576 mdiflcatio.
3517 4523 3586 4577 Et

2002 4599 2047 4654 si
2087 4600 2295 4655 illorum
2341 4601 2430 4670 qui
2481 4601 2595 4658 hate
2645 4601 2783 4658 dicta
2828 4605 3051 4662 aderant
3097 4610 3346 4678 audituri,
3410 4613 3584 4681 profe-

2003 4703 2089 4746 cto
2131 4700 2186 4746 et
2228 4702 2407 4747 nostra
2435 4694 2522 4764 qui
2555 4692 2823 4750 fueramus
2855 4698 3157 4768 conscripta
3197 4701 3403 4756 lecturi.
3433 4703 3581 4771 Qua-

2002 4793 2220 4852 propter
2245 4783 2346 4838 hoc
2373 4784 2516 4853 quod
2550 4785 2644 4852 ait,
2670 4784 2847 4856 Pater,
2876 4791 3008 4845 venit
3046 4792 3192 4859 hora,
3224 4794 3450 4862 clari/ica
3488 4794 3582 4848 Fi-

2005 4873 2128 4928 lium
2163 4887 2325 4941 tuum,
2355 4877 2587 4933 ostendit
2627 4893 2786 4936 omne
2832 4889 3060 4953 tempus,
3103 4894 3156 4939 et
3200 4885 3324 4956 quid
3369 4889 3583 4958 quando

2003 4963 2201 5022 faceret
2227 4969 2304 5022 vel
2339 4969 2451 5024 ﬁeri
2481 4970 2699 5035 sineret,
2732 4972 2800 5029 ab
2844 4973 2937 5030 illo
2977 4991 3095 5031 esse
3141 4976 3452 5046 dispositum
3491 4982 3581 5050 qui

2006 5063 2229 5127 tempori
2259 5060 2500 5115 subditus
2531 5079 2634 5117 non
2663 5073 2777 5130 est;
2806 5066 3054 5135 quoniam
3085 5085 3203 5137 quae
3230 5068 3403 5124 futura
3426 5083 3584 5127 erant

2008 5167 2099 5220 per
2123 5153 2322 5222 singula
2348 5163 2604 5223 tempora,
2636 5157 2687 5210 in
2719 5157 2812 5211 Dei
2838 5157 3092 5228 sapientia
3125 5175 3314 5217 causas
3341 5163 3582 5220 efficien-

2006 5251 2088 5297 tes
2114 5243 2324 5307 habent,
2371 5247 2420 5298 in
2443 5261 2544 5315 qua
2574 5247 2710 5300 nulla
2736 5258 2856 5302 sunt
2883 5257 3140 5320 tempora.
3169 5250 3281 5307 Non
3303 5268 3430 5324 ergo
3455 5268 3577 5310 crc-

2005 5335 2160 5388 datur
2190 5335 2300 5389 ltmc
2331 5336 2460 5390 hora
2498 5336 2605 5392 fato
2640 5349 2856 5409 urgente
2884 5343 3114 5408 venisse,
3137 5342 3232 5399 sed
3265 5344 3376 5400 Deo
3406 5349 3581 5416 potius

2005 5428 2300 5483 ordinante.
2329 5429 2436 5484 Nec
2483 5431 2686 5486 siderea
2722 5435 3008 5490 necessitas
3052 5436 3247 5492 Christi
3288 5442 3585 5496 eonncxuit

2004 5521 2305 5591 passionem
2335 5543 2348 5578 :
2385 5525 2520 5579 absit
2546 5526 2684 5579 enim
2713 5535 2769 5580 ut
2794 5527 2968 5584 sidera
2995 5532 3127 5586 mori
3155 5542 3410 5604 cogerent
3435 5534 3580 5590 side-

2003 5629 2120 5668 rum
2151 5615 2501 5671 conditorem.
2525 5617 2638 5672 Non
2668 5619 2842 5690 itaque
2867 5620 3137 5679 Christum
3161 5634 3368 5699 tempus
3400 5638 3583 5684 utmo.

2004 5716 2211 5763 reretur
2251 5708 2498 5779 impegit,
2527 5709 2623 5768 sed
2648 5719 2856 5782 tempus
2879 5713 3124 5772 Christus
3149 5734 3255 5790 quo
3281 5731 3580 5777 moreretur
