4028 6478
478 291 614 345 19υῦ

476 403 672 474 elegit:
704 402 791 473 qui
824 401 982 456 etiam
1026 409 1232 469 tempus
1272 414 1376 468 quo
1414 399 1483 454 de
1514 398 1724 467 Virgine
1755 405 1909 449 natus
1936 404 2040 460 est,

474 509 595 549 cum
625 493 777 548 Patre
799 491 1091 557 constituit,
1119 489 1185 544 de
1209 503 1313 559 quo
1340 490 1453 542 sine
1482 498 1717 555 tempore
1754 493 1911 539 natus
1936 492 2037 537 est.

472 582 778 641 Secundum
813 596 969 653 quam
997 595 1175 635 veram
1212 593 1501 647 sanamque
1540 576 1855 637 doctrinam,
1883 574 2041 628 etiam

472 676 668 733 Paulus
693 674 984 744 apostolus,
1018 690 1035 723 ι
1059 670 1191 726 Cum
1224 678 1400 723 autem
1430 668 1603 732 venit,
1631 684 1650 718 ι
1676 665 1864 734 inquit,
1886 681 1905 713 ι
1930 662 2043 732 ple-

471 765 657 820 nitudo
679 763 949 832 temporis,
968 762 1111 816 misit
1134 760 1272 814 Deus
1297 758 1490 812 Filium
1515 772 1667 810 suum
1700 775 1719 806 ι
1745 752 1942 825 (Galat.
1964 767 2037 816 IV,

471 858 568 927 4);
596 867 649 911 et
689 856 833 911 Deus
871 868 961 923 per
1009 851 1345 920 Prophetam,
1381 867 1399 901 ι
1431 848 1713 917 Tempore,
1746 864 1764 897 ι
1789 845 1881 909 ait,
1908 861 1927 895 ι
1953 856 2041 895 ac-

471 944 721 1017 ceptabili
749 943 990 999 exaudivi
1012 952 1081 1007 te,
1099 951 1151 995 et
1175 943 1225 993 in
1249 940 1335 993 die
1360 939 1547 993 salutis
1566 936 1741 1004 adjuvi
1770 945 1822 988 te
1843 952 1861 984 ι
1885 931 2037 1004 (Isai.

476 1053 623 1101 χιιι,
652 1036 759 1107 8);
785 1044 841 1090 et
872 1046 1056 1087 rursus
1096 1031 1396 1101 Apostolus,
1430 1048 1449 1079 ι
1478 1028 1617 1082 Ecce
1652 1040 1789 1079 nunc
1834 1035 2041 1092 tempus

472 1126 817 1195 acceptabile,
842 1138 969 1179 ecce
1010 1137 1148 1176 nunc
1189 1122 1303 1175 dies
1349 1120 1535 1173 salutis
1562 1138 1578 1169 ι
1609 1117 1683 1189 (ll
1713 1116 1829 1171 Cor.
1858 1131 1928 1173 vi,
1956 1114 2036 1181 2).

472 1220 625 1274 Dicat
659 1231 806 1288 ergo,
842 1214 1013 1279 Pater,
1043 1215 1173 1267 venit
1203 1214 1345 1273 liora,
1372 1212 1461 1280 qui
1510 1225 1628 1264 eum
1668 1209 1823 1262 Patre
1851 1207 2039 1275 dispo-

470 1314 577 1367 suit
630 1325 817 1366 omnes
871 1308 1073 1362 horas:
1114 1315 1356 1374 tanquam
1400 1303 1615 1366 dicens,
1664 1300 1838 1362 Pater,
1877 1312 2039 1367 quam

474 1411 691 1472 prepter
717 1401 959 1455 homines
1002 1405 1056 1451 et
1091 1396 1234 1465 apud
1267 1395 1509 1447 homines
1535 1392 1600 1445 ad
1631 1408 1714 1444 mc
1744 1389 2039 1443 claribcan-

468 1495 597 1550 dum
638 1492 796 1547 simul
842 1491 1231 1547 constituimus,
1263 1487 1390 1539 venit
1419 1486 1561 1547 hora,
1592 1483 1818 1551 clariﬁca
1847 1478 2040 1533 Filium

468 1596 633 1650 tuunt,
664 1593 717 1637 ut
745 1592 788 1637 et
813 1581 977 1635 Filius
1003 1590 1119 1633 tuus
1146 1580 1384 1643 clariﬁcet
1413 1587 1478 1629 te.

543 1676 596 1730 5.
629 1673 984 1728 Clarificatum
1009 1689 1036 1723 a
1070 1671 1221 1724 Patre
1260 1668 1449 1722 Filium
1486 1664 1723 1720 nonnulli
1752 1662 2035 1732 accipiunt,

468 1766 524 1818 in
554 1766 655 1817 hoc
679 1762 817 1832 quod
859 1763 906 1817 ei
947 1777 1049 1815 non
1095 1760 1349 1831 pepercit,
1380 1757 1471 1810 sed
1499 1772 1593 1825 pro
1620 1756 1769 1809 nobis
1794 1753 2040 1808 omnibus

472 1856 819 1910 tradiditeum
839 1852 1011 1921 (Rom.
1027 1868 1136 1915 vni,
1151 1849 1262 1921 52).
1283 1849 1385 1905 Sed
1406 1850 1450 1903 si
1469 1849 1708 1919 passione
1725 1846 2040 1901 clarificatus

472 1946 685 2009 dicitur,
702 1953 898 2014 quanto
928 1943 1093 2013 magis
1118 1938 1533 1996 resurrectione?
1565 1937 1695 1992 Nam
1722 1938 1773 1990 in
1795 1936 2039 2004 passione

473 2036 641 2107 magis
654 2035 767 2106 ejus
780 2034 1045 2088 humilitas
1058 2047 1214 2101 quam
1230 2031 1440 2084 claritas
1456 2027 1877 2091 commendatur,
1906 2028 2040 2095 Apo-

471 2128 610 2183 stolo
637 2135 789 2191 teste,
813 2125 904 2196 qui
933 2124 1077 2188 dicit,
1100 2141 1126 2173 ι
1158 2121 1461 2176 llumiliavit
1484 2118 1847 2187 semetipsum,
1874 2116 2040 2170 factus

470 2217 725 2272 obediens
747 2230 912 2285 usque
936 2214 1002 2268 ad
1042 2221 1285 2277 mortem,
1309 2220 1533 2265 mortem
1562 2218 1736 2264 autem
1763 2208 1936 2262 crucis
1972 2226 1990 2258 ι
2023 2225 2036 2261 :

471 2306 663 2362 deinde
700 2306 956 2373 sequitur,
985 2312 1041 2358 et
1081 2303 1147 2357 de
1182 2302 1297 2369 ejus
1342 2298 1722 2355 clarificatione
1755 2297 1864 2366 jam
1889 2297 2037 2361 dicit,

477 2418 498 2451 ι
529 2400 751 2469 Propter
780 2397 919 2467 quod
945 2405 999 2451 et
1025 2396 1167 2450 Deus
1196 2394 1341 2448 illum
1374 2392 1642 2456 exaltavit,
1672 2399 1726 2446 et
1748 2389 1963 2444 donavit
1992 2389 2041 2442 ei

474 2504 666 2544 nomen
692 2486 833 2557 quod
856 2496 938 2542 est
977 2499 1137 2553 super
1178 2498 1335 2538 omne
1376 2496 1591 2546 nomen,
1630 2488 1688 2534 ut
1732 2480 1782 2533 in
1830 2480 2042 2532 nomine

473 2583 599 2637 Jesu
632 2594 790 2635 omne
832 2592 968 2649 genu
1006 2576 1248 2631 ﬂectatur
1273 2571 1591 2638 cmlestium,
1615 2569 1963 2631 terrestrium,
1989 2577 2042 2622 et

475 2669 824 2734 infernorum,
842 2676 900 2732 et
924 2666 1097 2722 omnis
1116 2665 1292 2735 lingua
1313 2663 1624 2719 confiteatur
1638 2662 1759 2731 quia
1788 2660 2043 2716 Dominus

473 2763 627 2818 Jesus
655 2760 895 2815 Christus
926 2757 979 2812 in
1000 2756 1165 2827 gloria
1192 2765 1269 2811 est
1291 2753 1388 2809 Dei
1410 2753 1600 2807 Patris.
1637 2770 1654 2802 ι
1691 2751 1815 2806 Haec
1833 2760 1914 2805 est
1935 2750 2043 2805 cla-

465 2854 696 2909 s'ilicatio
712 2851 923 2906 Domini
942 2849 1103 2903 nostri
1119 2848 1244 2903 Jesu
1261 2847 1478 2909 Christi,
1505 2861 1621 2915 qua:
1638 2845 1705 2900 ab
1730 2844 1845 2914 ejus
1865 2858 2044 2899 resur-

476 2944 707 2999 rectione
730 2939 951 3010 sumpsit
981 2937 1276 2994 exordium.
1310 2936 1590 2991 llmnilitas
1618 2951 1747 3005 ergo
1767 2935 1883 3005 ejus
1910 2933 2042 2989 inci-

468 3035 549 3103 pit
579 3033 630 3087 in
659 3046 907 3087 sermone
933 3028 1196 3099 Apostoli,
1227 3028 1294 3082 ab
1326 3042 1391 3083 eo
1429 3028 1547 3082 loco
1590 3026 1678 3081 ubi
1722 3027 1816 3093 ait,
1848 3026 2043 3081 Semel-

470 3126 641 3195 ipsunt
671 3121 944 3178 exinanivit
974 3124 1187 3192 formant
1226 3119 1350 3174 servi
1394 3119 1678 3189 accipiens;
1708 3128 1762 3172 et
1803 3116 2043 3186 pervenit

475 3231 663 3284 usque,
693 3214 760 3267 ad
781 3222 990 3266 mortem
1016 3212 1195 3266 crucis.
1225 3210 1447 3266 Claritas
1473 3225 1599 3266 vero
1624 3212 1739 3279 ejus
1769 3208 1948 3278 incipit
1975 3206 2043 3263 ab

475 3322 541 3361 eo
566 3304 793 3360 locoubi
808 3304 901 3371 ait,
933 3301 1149 3372 Propter
1174 3302 1305 3373 quod
1329 3310 1374 3356 et
1405 3300 1539 3355 Deus
1561 3300 1793 3354 exaltavit
1813 3314 1958 3363 eum;
1988 3306 2044 3354 et

470 3396 719 3465 pervenit
745 3409 931 3465 usque,
969 3394 1024 3448 in
1064 3393 1225 3465 gloria
1264 3402 1339 3449 est
1379 3392 1472 3446 Dei
1506 3390 1678 3447 Patris
1702 3389 1954 3463 (Philipp.
1981 3405 2039 3457 ιι,

470 3485 649 3559 7-11).
676 3486 806 3541 Nam
836 3494 890 3541 et
914 3486 1085 3554 ipsum
1112 3499 1324 3550 nomen,
1364 3484 1407 3538 si
1450 3483 1794 3552 inSpiciantur
1831 3480 2043 3535 codices

474 3576 653 3648 grmci,
684 3592 747 3631 ex
794 3589 895 3646 qua
936 3574 1109 3645 lingua
1157 3572 1404 3643 Epistolas
1442 3572 1744 3641 apostolica:
1772 3571 2042 3625 translatae

473 3678 597 3724 sunt
644 3668 697 3723 in
740 3666 977 3730 latinam,
1007 3663 1148 3735 quod
1192 3664 1276 3718 hic
1300 3664 1489 3735 legitur
1525 3662 1712 3731 gloria,
1744 3662 1823 3715 ibi
1852 3661 2043 3729 legitur

474 3764 589 3825 δόξα
613 3776 624 3811 :
652 3756 788 3811 unde
816 3755 1034 3811 verbum
1065 3755 1357 3810 derivatum
1397 3762 1479 3808 est
1515 3752 1566 3806 in
1609 3766 1780 3822 graeco
1811 3761 1867 3805 ut
1899 3750 2043 3806 dicc-

472 3860 619 3908 retur
647 3855 853 3917 suum,
886 3847 1025 3919 quod
1054 3848 1315 3917 interpres
1338 3846 1528 3901 latinus
1548 3845 1621 3899 ait
1641 3844 1888 3912 clari/ica,
1919 3859 2038 3899 cum

460 3948 654 4010 .posset
681 3941 837 3997 etiam
864 3938 1094 4012 glori/ica
1123 3938 1318 4003 dicere,
1346 3936 1485 4007 quod
1526 3936 1851 3990 tantumdem
1880 3935 2037 3990 valet.

468 4034 542 4088 Et
585 4032 705 4087 ideo
725 4038 927 4101 gposset
967 4029 1125 4085 etiam
1173 4030 1225 4083 in
1269 4028 1506 4097 Apostoli
1554 4028 1810 4096 Epistola,
1840 4026 1925 4081 ubi
1960 4034 2041 4079 est

472 4121 659 4190 gloria,
687 4097 898 4174 claritas
925 4118 1048 4190 poni
1070 4135 1082 4170 :
1101 4116 1243 4187 quod
1284 4116 1329 4170 si
1366 4116 1515 4172 fieret
1541 4116 1863 4170 tantumdem
1893 4117 2039 4171 vale-

473 4219 575 4267 ret.
601 4210 858 4267 Utautem
887 4223 990 4264 non
1011 4208 1287 4263 recedatur
1312 4222 1341 4261 a
1364 4208 1644 4263 verborum
1671 4208 2040 4276 sonis,quem-

474 4301 757 4358 admodum
778 4315 816 4354 ιι
845 4299 1087 4355 claritate
1113 4298 1441 4363 clarificatio,
1471 4298 1548 4353 sic
1576 4314 1605 4352 a
1640 4298 1810 4368 gloria
1837 4299 2037 4368 glorifi-

472 4393 613 4447 catio
640 4390 926 4447 derivatur.
957 4388 1021 4445 Ut
1063 4403 1189 4459 ergo
1231 4388 1486 4443 mediator
1531 4388 1628 4444 Dei
1670 4398 1723 4444 et
1768 4387 2038 4443 hominum

463 4484 637 4539 homo
663 4482 901 4539 Christus
927 4481 1083 4539 Jesus
1123 4482 1509 4536 resurrectione
1552 4479 1930 4535 clarifiearctnr
1958 4483 2038 4536 vel

472 4575 875 4648 glorificarctur,
923 4574 1070 4644 prius
1113 4572 1417 4627 humiliatus
1458 4580 1540 4627 est
1584 4572 1829 4642 passione
1871 4590 1883 4625 :
1934 4588 2037 4626 non

472 4668 618 4740 enim
644 4682 674 4722 a
699 4666 919 4723 mortuis
943 4666 1340 4730 resurrexisset,
1371 4665 1415 4720 si
1442 4674 1680 4719 mortuus
1704 4680 1806 4720 non
1835 4664 2035 4719 fuisset.

474 4759 771 4825 llumilitas,
793 4759 1050 4814 claritatis
1088 4768 1165 4812 est
1208 4759 1486 4823 meritum;
1514 4757 1744 4824 claritas,
1778 4758 2041 4811 lmmilita-

462 4852 541 4906 tis
570 4857 652 4907 est
681 4848 976 4919 praemium.
1006 4846 1111 4902 Sed
1143 4848 1241 4901 hoc
1263 4846 1457 4903 factum
1483 4857 1565 4903 est
1587 4849 1641 4902 in
1666 4847 1833 4902 forma
1858 4848 1997 4902 servi
2021 4866 2035 4913 ;

470 4941 525 4997 in
548 4939 715 4995 forma
744 4951 871 4993 vero
900 4935 992 4991 Dei
1018 4952 1230 5005 semper
1268 4936 1383 5005 fuit,
1420 4953 1629 5009 semper
1654 4938 1755 4993 erit
1780 4938 1992 4993 claritas
2020 4954 2032 4991 :

459 5036 578 5086 imo
605 5046 708 5087 non
749 5029 847 5087 fuit
878 5029 1028 5100 quasi
1065 5030 1173 5099 jam
1215 5046 1318 5086 non
1361 5032 1449 5095 sit,
1478 5048 1575 5088 nec
1598 5033 1696 5086 erit
1722 5034 1871 5101 quasi
1901 5049 2033 5088 non-

469 5122 595 5178 dum
618 5122 722 5187 sit;
752 5119 845 5176 sed
866 5120 980 5173 sine
1004 5119 1175 5186 initio,
1207 5120 1321 5175 sine
1345 5123 1444 5176 fine
1468 5136 1679 5191 semper
1698 5132 1777 5178 est
1802 5123 2027 5177 claritas-

468 5213 620 5281 Quod
678 5227 804 5284 ergo
841 5212 934 5279 ait,
987 5208 1166 5277 Pater,
1221 5212 1351 5268 venit
1388 5214 1531 5277 liora,
1577 5212 1803 5283 clari/ira
1845 5213 2036 5268 Filium

468 5316 647 5370 tuum;
674 5306 750 5361 sic
791 5303 1190 5375 intelligendum
1222 5312 1325 5368 est,
1356 5313 1599 5371 tanquam
1638 5306 1859 5369 dixerit;
1885 5306 2037 5361 Venit

468 5395 599 5447 hora
624 5392 944 5449 scminanda:
974 5392 1299 5455 humilitatis,
1328 5390 1548 5446 fructum
1572 5407 1676 5446 non
1698 5393 1907 5446 dlﬂ'eras
1930 5394 2035 5447 cla-

468 5483 655 5537 ritatis.
690 5482 790 5537 Sed
828 5482 952 5554 quid
992 5483 1090 5539 sibi
1134 5481 1243 5535 vult
1281 5480 1418 5549 quod
1467 5482 1721 5550 sequitur,
1757 5479 1824 5536 Ut
1870 5480 2033 5537 Filius

466 5585 580 5627 tuus
606 5574 841 5642 clari/iret
864 5574 949 5628 te?
985 5572 1244 5642 Numquid
1277 5571 1434 5626 etiam
1468 5571 1605 5627 Deus
1633 5572 1787 5626 Pater
1818 5574 2033 5642 pertulit

468 5663 818 5720 humilitatem
841 5665 1013 5720 carnis
1044 5664 1152 5720 sive
1184 5664 1461 5735 passionis,
1494 5679 1554 5717 ex
1578 5680 1674 5734 qua
1706 5663 1849 5719 illum
1878 5664 2029 5719 clari-

1404 287 1465 341 ΙΝ
1503 285 1776 341 JtlANNIS
1817 280 2278 349 EVANGELIUM,
2311 284 2383 339 S.~
2407 285 2766 343 AUGUSTINI

3576 294 3715 353 1904

2153 395 2293 449 ficari
2324 403 2628 467 oporteret?
2656 404 2931 471 Quomodo
2972 407 3127 477 igitur
3163 422 3286 463 eum
3327 407 3717 462 clarificaturus

2149 496 2262 541 erat
2304 489 2489 555 Filius,
2517 494 2665 563 cujus
2704 498 2915 553 claritas
2958 501 3276 569 sempiterna
3319 516 3417 555 nec
3454 516 3520 555 ex
3545 499 3718 555 ferina

2150 577 2375 633 humana
2406 585 2573 650 potuit
2597 586 2761 641 videri
2790 590 2981 656 minor,
3005 608 3103 647 nec
3124 592 3175 645 in
3195 591 3368 645 divina
3395 600 3575 660 posset
3592 606 3719 646 esse

2147 669 2407 738 amplior?
2432 672 2535 727 Sed
2580 675 2733 730 istam
2766 681 3111 748 qumstionem
3154 683 3205 735 in
3237 682 3376 735 hunc
3412 695 3720 737 sermonem

2148 760 2273 815 nolo
2300 771 2527 832 arctare,
2556 775 2646 820 aut
2676 766 2797 822 hinc
2820 785 2940 824 eum
2973 770 3146 826 facere
3171 772 3481 841 longiorem.

2653 858 3060 918 TRACTATUS
3099 863 3207 917 CV.

2146 941 2220 995 Ab
2252 958 2309 997 eo
2332 945 2466 1013 quod
2492 946 2739 1003 Dominus
2762 952 2850 1015 ait,
2880 951 2950 1007 Ut
2981 952 3144 1008 Filius
3185 964 3304 1009 tuus
3344 953 3600 1009 clarificet
3626 962 3714 1019 te;

2217 1049 2374 1105 usque
2399 1038 2467 1089 ad
2494 1038 2567 1104 id,
2584 1040 2833 1096 Claritate
2856 1059 3013 1114 quam
3036 1045 3214 1112 habui,
3241 1047 3544 1116 priusquam
3558 1063 3719 1101 mun-

2217 1124 2314 1179 dus
2339 1136 2501 1193 esset,
2532 1131 2669 1199 apud
2698 1141 2768 1186 te.
2796 1131 2921 1204 Cap.
2953 1150 3083 1201 xvu,
3105 1136 3139 1204 ᾗ
3166 1174 3178 1188 .
3208 1137 3312 1190 1-5.

2218 1216 2265 1268 ι.
2298 1214 2658 1274 Glorifieatum
2698 1236 2727 1275 a
2768 1222 2922 1278 Patre
2953 1224 3140 1279 Filium
3167 1225 3455 1280 secundum
3487 1226 3715 1280 formam

2146 1304 2303 1367 servi,
2328 1320 2485 1375 quam
2517 1309 2672 1366 Pater
2701 1313 2976 1368 suscitavit
3018 1330 3047 1368 a
3090 1317 3333 1382 mortuis,
3361 1325 3414 1373 et
3449 1316 3518 1371 ad
3560 1332 3719 1372 suam

2146 1394 2415 1451 dexteram
2442 1399 2754 1465 collocavit,
2789 1416 2874 1458 res
2901 1406 3012 1473 ipsa
3041 1406 3254 1471 indicat,
3285 1418 3341 1462 et
3380 1408 3558 1463 nullus
3593 1424 3716 1461 am-

2146 1486 2275 1554 bigit
2303 1487 2642 1545 christianos.
2674 1493 2777 1548 Sed
2799 1496 3044 1563 quaniam
3073 1513 3178 1551 non
3212 1508 3413 1553 tantum
3438 1500 3587 1563 dixit,
3617 1498 3719 1551 Pa-

2147 1584 2238 1640 ter,
2262 1578 2486 1645 clari/ica
2517 1580 2709 1635 Filium
2738 1591 2895 1648 tuum,
2914 1585 3007 1640 sed
3038 1586 3237 1641 addidit
3261 1588 3440 1651 etiam,
3468 1597 3522 1641 ut
3543 1586 3593 1641 F
3593 1589 3717 1642 ilius

2147 1677 2260 1722 tuus
2304 1670 2543 1740 clari/icet
2586 1683 2661 1736 te;
2705 1677 2894 1731 merito
2920 1679 3173 1746 quaeritur
3198 1678 3463 1748 quomodo
3499 1679 3716 1734 Patrem

2145 1758 2510 1816 clarificaverit
2552 1763 2734 1830 Filius,
2774 1780 2894 1821 cum
2934 1768 3253 1836 sempiterna
3287 1769 3500 1823 claritas
3541 1768 3719 1822 Patris

2146 1866 2243 1906 nec
2270 1851 2525 1909 diminuta
2554 1856 2709 1910 fuerit
2734 1857 2785 1910 in
2810 1859 2975 1912 forma
3006 1858 3255 1921 humana,
3286 1875 3383 1914 nec
3408 1860 3589 1929 augeri
3618 1876 3721 1929 po-

2148 1943 2304 1995 tuerit
2331 1944 2381 1997 in
2407 1959 2501 1999 sua
2530 1946 2849 2015 perfectione
2872 1948 3070 2003 divina.
3098 1949 3200 2005 Sed
3226 1950 3281 2004 in
3306 1952 3477 2020 seipsa
3500 1953 3721 2009 claritas

2147 2032 2316 2088 Patris
2339 2050 2437 2088 nec
2458 2036 2620 2090 minui
2648 2052 2745 2093 nec
2762 2040 2941 2109 augeri
2964 2048 3169 2110 potest;
3198 2042 3335 2111 apud
3356 2042 3598 2099 homines
3618 2060 3719 2099 au-

2147 2133 2251 2179 tem
2267 2128 2447 2195 procul
2464 2128 2623 2183 dubie
2638 2130 2810 2185 minor
2824 2140 2956 2196 erat,
2975 2131 3186 2202 quando
3204 2132 3256 2187 in
3276 2131 3455 2188 Judzna
3477 2143 3683 2189 tantum
3696 2165 3720 2176 -

2147 2216 2304 2269 modo
2347 2217 2488 2272 Deus
2527 2228 2684 2273 notus
2720 2233 2835 2275 erat
2872 2220 3039 2293 (Psal.
3083 2238 3243 2288 Lxxv,
3271 2223 3329 2294 2)
3364 2239 3376 2275 :
3418 2224 3651 2280 nondum
3684 2241 3718 2279 a

2146 2305 2273 2359 solis
2296 2317 2417 2360 ortu
2459 2322 2623 2377 usque
2658 2308 2726 2364 ad
2754 2325 2998 2365 occasum
3034 2311 3317 2366 laudabant
3345 2314 3492 2382 pueri
3515 2329 3719 2370 nomen

2149 2395 2355 2450 Domini
2386 2396 2554 2466 (Psal.
2584 2413 2710 2463 cxu,
2742 2400 2793 2464 ὅ,
2823 2399 2897 2470 l).
2930 2400 3040 2455 Hoc
3064 2412 3238 2457 autem
3264 2404 3382 2472 quia
3415 2420 3507 2472 per
3532 2404 3719 2459 Evan-

2146 2485 2338 2552 gelium
2362 2484 2553 2540 Christi
2579 2487 2771 2543 factum
2800 2498 2901 2556 est,
2930 2499 2987 2545 ut
3008 2507 3101 2561 per
3124 2491 3309 2546 Filium
3336 2493 3491 2549 Pater
3512 2495 3721 2550 iuncte.

2146 2585 2317 2629 secret
2334 2578 2610 2645 gentibus;
2641 2578 2875 2647 profecto
2898 2579 3105 2636 Patrem
3125 2581 3434 2637 claritieavit
3451 2593 3503 2638 et
3523 2583 3717 2639 Filius.

2147 2663 2204 2718 Si
2230 2674 2404 2719 autem
2435 2667 2794 2722 tantummodo
2816 2679 3054 2725 mortuus
3083 2670 3267 2727 fuisset
3290 2672 3470 2739 Filius,
3500 2688 3599 2729 nec
3626 2688 3721 2728 re-

2147 2758 2484 2825 surrexisset,
2515 2760 2695 2829 procul
2722 2760 2883 2815 dubio
2913 2778 3010 2817 nec
3036 2778 3066 2816 a
3097 2763 3252 2818 Patre
3280 2745 3595 2819 clariﬁcatus
3625 2779 3721 2820 es-

2145 2856 2244 2913 set,
2290 2861 2390 2902 nec
2430 2849 2640 2904 Patrem
2687 2851 3062 2907 clariﬁcasset:
3090 2868 3227 2907 nunc
3261 2862 3436 2909 autem
3476 2870 3721 2909 resurre-

2146 2939 2322 2994 ctione
2347 2940 2662 2997 clarilicatus
2692 2958 2720 2995 a
2748 2942 2922 3003 Patre,
2952 2943 3353 2999 resurrectionis
3381 2959 3490 2998 sua:
3518 2946 3716 3013 przedi-

2146 3030 2352 3085 catione
2392 3031 2646 3086 clariﬁcat
2685 3032 2913 3088 Patrem.
2944 3033 3056 3088 Hoc
3110 3034 3306 3106 quippe
3341 3035 3507 3104 aperit
3575 3036 3722 3090 ordo

2146 3120 2258 3189 ipse
2284 3121 2565 3177 verborum
2592 3140 2604 3176 :
2638 3120 2893 3193 Cleri/ica,
2924 3124 3115 3195 inquit,
3140 3123 3331 3179 Filium
3356 3134 3515 3191 tuum,
3544 3136 3596 3179 ut
3619 3124 3718 3178 Fi-

2148 3209 2244 3265 lius
2264 3220 2376 3266 tuus
2400 3212 2638 3282 clari/icet
2664 3224 2742 3279 te;
2772 3222 3022 3285 tanquam
3049 3214 3272 3283 diceret,
3294 3215 3569 3270 Resuscita
3602 3232 3717 3283 me,

2147 3312 2205 3357 ut
2229 3303 2526 3358 innotescas
2552 3305 2646 3359 toti
2670 3305 2785 3360 orbi
2815 3321 2909 3373 per
2935 3321 3041 3362 me.

2215 3393 2267 3446 2.
2302 3394 2498 3449 Deinde
2519 3396 2684 3466 magis
2709 3397 2976 3466 magisque
3004 3396 3239 3466 pandens
3264 3396 3527 3468 quomodo
3556 3398 3717 3453 clari-

2148 3482 2267 3539 licct
2296 3483 2504 3538 Patrem
2529 3484 2693 3541 Filius
2725 3486 2906 3540 :Sicut
2938 3487 3154 3553 dedisti,
3197 3488 3393 3557 inquit,
3423 3489 3465 3540 ei
3494 3498 3720 3557 potesta-

2146 3582 2241 3627 tem
2282 3575 2443 3629 omnis
2474 3575 2674 3642 carnis,
2706 3585 2759 3628 ut
2787 3592 2931 3630 omne
2956 3577 3088 3645 quod
3112 3577 3292 3631 dediin
3325 3578 3401 3643 ei,
3440 3578 3519 3630 det
3543 3580 3615 3631 eis
3641 3581 3719 3630 vi-

2147 3674 2246 3718 tam
2265 3675 2517 3720 aeternam.
2544 3665 2764 3722 Omnem
2786 3682 2998 3723 carnem
3025 3667 3155 3722 dixit
3182 3684 3391 3723 omnem
3422 3670 3716 3733 hominem,

2145 3772 2171 3808 a
2216 3765 2363 3827 parte
2409 3766 2572 3811 totum
2612 3758 2945 3827 significans;
2994 3758 3435 3828 quemadmodum
3475 3774 3658 3813 rursus
3684 3777 3718 3814 ει

2147 3857 2293 3918 parte
2322 3849 2593 3917 superiore
2620 3848 2941 3919 significatus
2983 3859 3065 3904 est
3103 3850 3258 3903 homo
3297 3858 3463 3913 totus,
3512 3850 3596 3901 ubi
3638 3851 3719 3902 ait

2146 3938 2445 4007 Apostolus,
2474 3938 2649 3993 Omnis
2671 3940 2838 3991 animo
2867 3940 3185 4008 potestatibus
3206 3939 3567 3992 sublimioribus
3591 3940 3714 3991 sub-

2145 4028 2252 4080 dita
2272 4029 2338 4081 sit
2368 4028 2539 4099 (Rom.
2569 4044 2693 4092 xm,
2728 4028 2801 4099 1).
2844 4028 2981 4094 Quid
3014 4028 3151 4083 enim
3190 4028 3353 4093 dixit,
3390 4026 3563 4081 Omnis
3596 4044 3718 4080 am-

2145 4132 2257 4181 ma,
2294 4118 2421 4182 nisi,
2461 4119 2634 4172 omnis
2671 4118 2867 4171 homo?
2895 4118 2958 4171 Et
2983 4118 3083 4173 hoc
3108 4127 3283 4171 autem
3309 4117 3444 4187 quod
3478 4128 3715 4185 potestas

2094 4275 2103 4295 ι
2144 4209 2356 4263 Christo
2380 4224 2411 4263 a
2438 4210 2591 4264 Patre
2614 4210 2735 4264 data
2764 4220 2847 4265 est
2871 4210 3043 4265 omnis
3066 4210 3259 4274 carnis,
3294 4208 3583 4264 secundum
3615 4208 3717 4263 ho-

2148 4300 2341 4353 minem
2371 4300 2761 4369 intelligendum
2784 4308 2863 4353 est
2897 4318 2909 4353 :
2942 4314 3061 4354 nam
3092 4299 3376 4354 secundum
3404 4300 3565 4353 Deum
3590 4314 3717 4353 om-

2145 4391 2229 4444 nia
2258 4406 2352 4460 per
2373 4391 2540 4459 ipsum
2574 4392 2703 4445 facta
2743 4401 2866 4445 sunt
2892 4390 3065 4461 (Joan.
3101 4406 3153 4454 ι,
3183 4389 3236 4462 5)
3259 4432 3272 4455 ,
3301 4401 3352 4444 ct
3371 4390 3422 4445 in
3448 4391 3561 4461 ipso
3583 4406 3719 4445 con-

2143 4479 2249 4534 dita
2281 4491 2404 4533 sunt
2427 4480 2599 4533 omnia
2629 4481 2678 4533 in
2709 4480 2843 4534 etelo
2870 4490 2923 4533 et
2960 4480 3013 4533 in
3043 4488 3178 4533 terra
3199 4519 3213 4543 ,
3251 4478 3472 4533 visibilia
3494 4487 3545 4532 et
3572 4478 3716 4532 invi-

2144 4570 2312 4624 sibilia
2334 4568 2555 4641 (Coloss.
2586 4586 2622 4634 ι,
2654 4570 2760 4640 16).
2792 4570 2934 4623 Sicut
2960 4584 3086 4640 ergo
3120 4569 3298 4623 dedisti
3322 4569 3365 4622 ei
3397 4579 3715 4639 potestatem,

2144 4659 2339 4729 inquit,
2374 4661 2532 4713 omnis
2556 4661 2750 4725 carnis,
2794 4660 2861 4714 ita
2894 4668 2944 4715 te
2984 4660 3241 4731 gloriﬁcet
3271 4660 3432 4714 Filius
3472 4668 3591 4714 tuus
3615 4700 3630 4725 ,
3662 4661 3719 4716 id

2143 4762 2244 4814 est,
2261 4762 2440 4805 notum
2461 4762 2507 4806 te
2521 4751 2675 4806 faciat
2688 4753 2827 4806 omni
2845 4753 2989 4807 carni
3005 4768 3159 4823 quam
3175 4751 3364 4807 dedisti
3381 4751 3450 4807 ei.
3470 4750 3555 4806 Sic
3566 4752 3717 4806 enim

2141 4840 2353 4906 dedisti,
2376 4851 2426 4893 ut
2457 4858 2600 4895 ontne
2623 4842 2759 4913 quod
2787 4842 2965 4896 dedisti
2983 4842 3048 4907 ei,
3074 4844 3155 4895 det
3180 4842 3250 4895 eis
3281 4841 3429 4894 vitam
3449 4850 3714 4895 attentam.

2212 4934 2265 4988 5.
2302 4932 2422 4985 Ilwc
2451 4942 2519 4985 est
2540 4945 2727 4998 atttem,
2758 4934 2944 5003 inquit,
2971 4933 3071 4986 vita
3095 4942 3302 4995 atoma,
3328 4944 3382 4985 ut
3408 4942 3719 5001 cognoscant

2142 5033 2189 5079 te
2206 5024 2365 5078 solum
2394 5038 2561 5075 verum
2591 5023 2753 5076 Deum
2771 5064 2787 5088 ,
2819 5035 2863 5078 et
2886 5039 3027 5093 quem
3048 5022 3222 5075 misisti
3239 5019 3415 5076 Iesum
3434 5020 3715 5077 Christum.

2140 5113 2283 5170 Ordo
2314 5114 2593 5169 verborum
2620 5124 2701 5170 est
2719 5155 2733 5177 ,
2769 5126 2822 5167 ut
2858 5125 2903 5167 te
2925 5124 2969 5167 et
2993 5130 3133 5184 quem
3164 5113 3343 5167 misisti
3365 5112 3537 5167 losum
3562 5112 3721 5167 C/tri-

2140 5218 2272 5263 slum
2314 5216 2614 5278 cognoscant
2664 5208 2825 5261 solum
2874 5222 3041 5259 verum
3087 5203 3266 5259 Deum.
3312 5205 3723 5273 Consequentur

2140 5300 2280 5355 enim
2311 5310 2363 5354 et
2388 5299 2613 5369 Spiritus
2635 5306 2844 5353 sanctus
2871 5296 3178 5366 intelligitur
3195 5338 3209 5362 ,
3234 5295 3355 5366 quia
3379 5294 3602 5366 Spiritus
3629 5308 3726 5350 est

2140 5390 2315 5445 Patris
2329 5399 2384 5444 et
2412 5390 2562 5457 Filii,
2593 5398 2836 5459 tanquam
2864 5388 3093 5442 Charitas
3113 5387 3473 5443 substantialis
3504 5395 3559 5441 et
3583 5401 3728 5440 con-

2139 5480 2495 5535 substantialis
2532 5479 2824 5534 amborum.
2855 5478 3112 5546 Quoniam
3160 5493 3265 5533 non
3303 5477 3410 5533 duo
3438 5476 3508 5530 dii
3552 5477 3732 5533 Pater

2139 5584 2191 5629 et
2220 5572 2384 5627 Filius
2402 5614 2416 5637 ,
2450 5588 2546 5627 nec
2577 5581 2680 5626 tres
2701 5570 2771 5626 dii
2802 5571 2956 5626 Pater
2982 5580 3036 5626 et
3062 5569 3224 5625 Filius
3251 5580 3305 5625 ct
3331 5569 3555 5639 Spiritus
3581 5583 3728 5623 san-

2138 5675 2285 5731 ctus;
2324 5663 2422 5719 sed
2462 5664 2571 5734 ipsa
2607 5662 2837 5719 Trinitas
2867 5679 2999 5719 llllllS
3043 5664 3186 5733 solus
3229 5678 3383 5719 verus
3412 5662 3571 5718 Deus.
3601 5659 3731 5719 Nec
