4076 6480
312 420 442 481 1905

307 537 444 593 idem
486 536 663 590 tamen
701 528 857 587 Pater
893 526 983 599 qui
1008 525 1171 583 Filius
1196 568 1210 593 ,
1261 539 1358 580 nec
1407 523 1544 578 idem
1574 522 1737 576 Filim
1785 519 1876 590 qui

305 628 491 692 Pater,
522 640 619 681 nec
647 623 786 680 idem
811 621 1039 693 Spiritus
1064 627 1278 675 sanctus
1297 618 1384 689 qui
1412 617 1567 671 Pater
1597 625 1648 669 et
1677 613 1874 677 Filius;

306 718 552 791 quoniam
584 724 691 771 tres
715 722 838 769 sunt
864 712 1021 767 Pater
1048 721 1102 766 et
1129 710 1295 764 Filius
1319 715 1371 763 ει
1390 707 1618 776 Spiritus
1642 711 1876 768 sanctus;

306 810 403 867 sed
433 810 547 879 ipsa
574 807 804 863 Trinitas
834 819 970 859 unus
994 811 1075 858 est
1117 802 1275 856 Deus.
1312 799 1367 855 Si
1392 813 1518 868 ergo
1556 812 1620 852 eo
1646 794 1803 849 modo
1827 801 1880 849 te

305 901 563 972 gloriﬁcat
587 899 752 954 Filius
778 898 903 953 sicut
927 895 1108 950 dedisti
1122 894 1167 948 ei
1188 900 1475 961 potestatem
1504 890 1663 944 omnis
1678 887 1845 941 carnis
1862 928 1877 954 ,

307 1006 362 1051 et
382 994 460 1049 sic
473 992 687 1060 dedisti,
706 1000 759 1044 ut
779 1006 926 1045 omne
943 987 1075 1059 quod
1094 986 1270 1041 dedisti
1290 984 1355 1051 ei,
1381 983 1461 1037 det
1483 982 1550 1036 eis
1572 981 1719 1034 vitam
1739 987 1883 1033 teter-

306 1101 460 1149 nam,
487 1090 572 1148 et,
602 1082 709 1137 [uec
741 1088 812 1135 est
845 1080 943 1133 vita
967 1086 1155 1132 «eterna
1174 1117 1188 1142 ,
1218 1083 1273 1129 ιιι
1299 1080 1601 1145 cognoscant
1622 1080 1701 1135 te;
1726 1070 1802 1125 sic
1830 1076 1883 1124 te

306 1177 466 1246 igitur
487 1176 651 1230 Filius
675 1171 965 1245 glorificat,
992 1178 1047 1224 ut
1074 1168 1315 1222 omnibus
1335 1180 1468 1235 quos
1494 1162 1685 1219 dedisti
1720 1161 1803 1225 ei,
1831 1167 1883 1217 te

306 1267 577 1336 cognitum
604 1264 777 1319 faciat.
806 1263 971 1317 Porro
999 1259 1041 1313 si
1065 1257 1295 1327 cognitio
1315 1256 1407 1310 Dei
1431 1254 1634 1311 estvita
1660 1259 1880 1317 :eterna,

306 1365 456 1412 tanto
499 1357 664 1428 magis
693 1355 873 1409 virere
916 1352 1181 1407 tendimus
1204 1391 1219 1415 ,
1258 1357 1458 1419 quanto
1492 1346 1657 1417 magis
1688 1345 1739 1399 in
1784 1343 1884 1399 hac

305 1446 608 1518 cognitione
650 1443 977 1515 proficimus.
1006 1441 1123 1496 Non
1163 1448 1339 1494 autem
1375 1437 1666 1493 moriemur
1700 1437 1751 1491 in
1778 1435 1884 1490 vita

306 1547 509 1595 mterna
541 1554 556 1592 :
590 1546 713 1591 tunc
740 1549 867 1605 ergo
895 1533 989 1588 Dei
1015 1532 1245 1602 cognitio
1267 1529 1502 1601 perfecta
1523 1529 1645 1595 erit,
1675 1526 1886 1597 quando

306 1628 451 1683 nulla
482 1641 626 1681 mors
654 1625 775 1681 erit.
819 1624 1036 1679 Summa
1078 1630 1203 1678 tunc
1245 1620 1335 1675 Dei
1374 1619 1723 1683 clarificatio;
1765 1617 1885 1687 quia

312 1731 521 1771 summa
551 1715 753 1786 gloria,
793 1730 911 1784 qua:
948 1726 1120 1784 grtece
1165 1711 1360 1766 dicitur
1422 1714 1552 1775 δόξα.
1601 1707 1752 1764 Unde
1800 1706 1885 1760 di.-

313 1817 461 1861 ctum
514 1816 596 1861 est
662 1810 891 1872 δόξασαν,
939 1802 1080 1874 quod
1125 1801 1273 1856 latini
1297 1799 1507 1871 quidam
1556 1797 1887 1867 interpretati

306 1906 468 1963 sunt,
496 1896 725 1952 clarifica
749 1914 762 1960 ;
790 1894 1026 1965 quidam,
1056 1890 1311 1963 gloriﬁca.
1343 1889 1385 1944 A
1416 1889 1683 1943 veteribus
1711 1897 1886 1941 autem

306 1988 476 2058 gloria
497 2028 515 2053 ,
562 2001 663 2057 qua
691 1986 903 2056 gloriosi
951 1983 1193 2039 homines
1228 1980 1505 2046 dicuntur,
1540 1979 1608 2034 ita
1639 1986 1721 2033 est
1758 1976 1889 2031 defi-

306 2080 418 2135 nita
453 2098 467 2132 :
494 2076 673 2134 Gloria
700 2086 781 2133 est
809 2076 1057 2146 frequens
1085 2074 1152 2129 de
1177 2074 1351 2143 aliquo
1382 2072 1516 2125 fama
1560 2086 1681 2126 cum
1712 2068 1886 2125 laude.

307 2170 378 2223 At
405 2168 453 2223 si
500 2168 660 2222 homo
704 2166 949 2221 laudatur
989 2180 1107 2219 cum
1147 2163 1298 2218 famae
1329 2162 1597 2229 creditur,
1626 2160 1891 2231 quomodo

308 2259 454 2314 Deus
478 2258 777 2313 laudabitur
801 2256 1012 2328 quando
1035 2256 1147 2325 ipse
1171 2254 1472 2310 videbitur?
1498 2253 1723 2323 Propter
1749 2253 1892 2323 quod

308 2348 570 2417 scriptum
595 2357 694 2411 est,
729 2347 873 2399 Beati
888 2347 973 2414 qui
1001 2346 1222 2398 habitant
1242 2346 1294 2398 in
1323 2344 1471 2397 domo
1499 2354 1610 2407 tua;
1630 2342 1681 2398 in
1705 2342 1892 2397 uacula

309 2438 613 2493 saeculorum
637 2436 912 2491 laudabunt
939 2446 985 2490 te
1008 2435 1176 2506 (Psat.
1208 2451 1441 2500 txxxnt,
1464 2434 1539 2505 5).
1569 2433 1641 2490 Ibi
1672 2435 1777 2490 erit
1798 2434 1891 2489 Dei

310 2530 429 2586 sine
455 2530 561 2585 fine
584 2529 831 2595 laudatio,
856 2528 944 2584 ubi
974 2529 1073 2583 erit
1100 2528 1192 2583 Dei
1224 2527 1373 2597 plena
1399 2526 1659 2596 cognitio;
1689 2535 1741 2581 et
1770 2525 1890 2595 quia

312 2620 472 2689 plena
510 2618 740 2693 cognitio
763 2661 777 2688 ,
820 2618 940 2675 ideo
978 2633 1182 2674 summa
1223 2615 1530 2674 clarificatio
1565 2617 1647 2672 vel
1692 2617 1890 2688 glorifi-

311 2711 474 2766 catio.

386 2802 440 2855 4.
462 2800 569 2857 Sed
589 2801 736 2872 prius
765 2800 852 2857 hic
876 2799 1194 2855 clarificatur
1216 2799 1381 2864 Deus,
1404 2798 1527 2853 dum
1555 2798 1893 2854 annuntiatus

312 2892 623 2947 hominibus
648 2892 951 2958 innotescit,
973 2899 1025 2946 et
1046 2906 1140 2960 per
1165 2890 1323 2946 fidem
1348 2890 1671 2945 credentium
1697 2890 1893 2959 prardi-

312 2993 490 3038 catur.
517 2984 741 3055 Propter
765 2982 905 3054 quod
933 2983 1092 3050 dicit,
1117 2982 1228 3055 Ego
1258 2992 1304 3037 te
1328 2983 1599 3050 clariﬁcavi
1624 2999 1773 3054 super
1797 2992 1896 3035 ter-

314 3089 466 3141 ram,
497 3090 624 3143 opus
659 3075 999 3127 consummavi
1040 3074 1175 3141 quod
1212 3073 1393 3127 dedisti
1428 3074 1549 3126 mihi
1595 3082 1650 3126 ut
1689 3074 1892 3145 ﬁcium.

313 3163 437 3218 Non
458 3165 561 3231 ait,
599 3164 835 3234 iussisti;
862 3163 977 3229 sed,
1005 3164 1185 3217 dedisti
1208 3179 1227 3218 :
1251 3163 1337 3218 ubi
1360 3162 1758 3218 commendatur
1781 3163 1894 3218 evi-

316 3255 455 3311 dens
479 3257 662 3327 gratia.
692 3255 827 3324 Quid
852 3257 992 3311 enim
1024 3256 1182 3311 habet
1200 3256 1339 3327 quod
1366 3271 1469 3311 non
1494 3257 1716 3326 accepit,
1738 3258 1896 3313 etiam

315 3350 371 3402 in
405 3348 685 3419 Unigenito
710 3348 938 3403 humana
960 3349 1181 3404 natura?
1207 3350 1285 3403 An
1309 3364 1412 3405 non
1438 3350 1659 3419 accepit,
1688 3358 1743 3404 ut
1766 3349 1898 3404 nihil

316 3438 483 3505 mali,
522 3439 617 3494 sed
639 3440 777 3495 bona
819 3437 1019 3494 faceret
1057 3440 1232 3493 omnia
1257 3483 1271 3508 ,
1302 3440 1514 3511 quando
1544 3441 1595 3495 in
1638 3442 1894 3496 unitatem

314 3532 564 3599 persenti:
589 3540 829 3600 suscepta
874 3539 957 3585 est
990 3547 1020 3585 a
1062 3531 1236 3586 Verbo
1259 3572 1273 3596 ,
1304 3548 1397 3601 per
1424 3532 1562 3603 quod
1594 3532 1729 3587 facta
1775 3542 1898 3588 sunt

316 3623 538 3676 omnia?
567 3622 670 3677 Sed
696 3621 958 3692 quomodo
982 3623 1366 3676 consummavit
1402 3639 1534 3691 opus
1560 3623 1699 3694 quod
1740 3639 1895 3680 accc-

314 3712 400 3782 pit
424 3720 484 3767 ut
526 3712 682 3768 faciat
706 3756 718 3779 ,
746 3728 863 3767 cum
890 3722 1049 3767 restrt
1074 3712 1245 3767 adhuc
1272 3714 1527 3782 passionis
1563 3715 1894 3784 experimen-

317 3811 469 3870 tum,
499 3804 585 3858 ubi
609 3804 927 3875 martyribus
952 3804 1061 3858 suis
1100 3803 1330 3858 maxime
1367 3803 1587 3873 prtebuit
1629 3806 1766 3874 quod
1807 3820 1894 3861 se-

316 3903 614 3963 querentur
658 3895 1000 3964 excmplum;
1048 3894 1187 3950 unde
1233 3895 1306 3948 ait
1348 3896 1615 3964 apostolus
1669 3896 1891 3960 Petrus,

318 3984 551 4040 Christus
573 4003 748 4055 passus
775 3996 843 4039 est
865 4003 955 4053 pro
976 3986 1114 4039 nobis
1130 3987 1409 4053 relinquens
1426 3985 1563 4039 nobis
1587 3986 1892 4056 exemplum,

317 4084 379 4129 ut
406 4094 675 4147 sequamur
710 4078 912 4148 vestigia
958 4079 1065 4148 ejus
1103 4076 1143 4146 (1
1174 4075 1311 4130 Petr.
1359 4092 1425 4141 ιι,
1453 4077 1545 4147 2|)
1579 4097 1591 4131 :
1632 4078 1731 4131 nisi
1774 4078 1895 4147 quia

316 4183 722 4224 consummasse
751 4184 808 4224 se
847 4168 977 4223 dicit
1017 4169 1157 4239 quod
1183 4184 1239 4223 se
1265 4178 1747 4223 consummaturum
1777 4186 1896 4226 esse

319 4258 619 4314 certissime
640 4260 821 4313 novit?
849 4259 994 4314 Sicut
1033 4260 1187 4327 longe
1226 4268 1347 4313 ante
1376 4260 1424 4313 in
1454 4260 1725 4329 prophetia
1759 4276 1895 4329 prae-

318 4349 462 4403 teriti
489 4352 742 4419 temporis
775 4367 900 4405 usus
942 4360 1022 4405 est
1051 4352 1226 4407 verbis
1250 4394 1263 4417 ,
1309 4353 1520 4421 quando
1566 4362 1684 4423 post
1728 4368 1896 4409 annos

319 4438 582 4506 plurimos
624 4440 855 4495 futurum
896 4441 1066 4496 fuerat
1109 4443 1246 4510 quod
1284 4442 1491 4496 dicebat
1539 4462 1552 4497 :
1602 4443 1892 4514 Foderunt,

318 4528 526 4599 inquit,
567 4545 746 4582 manus
782 4547 917 4585 meas
940 4541 987 4585 et
1032 4531 1213 4600 pedes,
1254 4532 1691 4587 dinumeraverunt
1729 4536 1897 4590 omnia

320 4635 434 4671 ossa
462 4635 575 4672 mea
606 4618 774 4691 (Psal.
800 4637 915 4687 xxi,
941 4622 1027 4683 Π,
1062 4620 1180 4691 18);
1222 4636 1325 4677 non
1356 4624 1461 4690 ait,
1492 4623 1715 4679 Fudient
1738 4634 1791 4680 et
1816 4627 1897 4681 di-

321 4710 694 4765 numerabunt.
720 4712 784 4765 Et
804 4713 852 4764 in
882 4712 981 4765 hoc
1008 4713 1121 4783 ipso
1143 4713 1448 4783 Evangelio,
1480 4713 1681 4780 Omnia,
1707 4717 1894 4788 inquit,

318 4814 431 4867 quia
450 4801 621 4854 audivi
647 4818 678 4854 a
696 4800 851 4855 Patre
875 4818 1000 4867 meo,
1028 4812 1144 4856 nota
1169 4804 1264 4873 feci
1282 4804 1415 4859 vobis
1446 4804 1620 4881 (Joan.
1647 4824 1737 4873 xv,
1763 4807 1850 4881 15)
1880 4828 1892 4864 :

319 4892 511 4959 quibus
538 4892 607 4946 ait
625 4903 807 4963 postea
823 4933 837 4959 ,
869 4893 1049 4947 Adhuc
1073 4895 1229 4948 multa
1249 4895 1404 4950 habeo
1427 4898 1563 4951 vobis
1586 4898 1784 4964 dicere;
1809 4901 1898 4955 sed

320 4998 422 5036 non
449 4984 651 5051 potestis
686 4985 776 5038 illa
814 4993 1014 5055 portare
1038 4987 1185 5039 modo
1206 4986 1313 5055 (Id.
1338 5002 1425 5040 xv:
1444 5030 1458 5053 ,
1490 4987 1600 5061 12).
1629 4989 1727 5056 Qui
1753 4990 1895 5044 enim

320 5074 481 5127 certis
508 5081 564 5128 et
590 5074 1000 5129 immutabilibus
1025 5077 1198 5130 causis
1219 5078 1393 5132 omnia
1424 5077 1598 5132 futura
1623 5080 1897 5150 prardesti-

321 5164 498 5229 navit,
543 5164 796 5235 quidquid
837 5166 1067 5221 facturus
1091 5176 1173 5222 est
1219 5166 1340 5222 fecit
1371 5184 1526 5223 :nam
1557 5179 1611 5225 et
1637 5186 1730 5240 per
1774 5186 1899 5241 pro-

320 5256 534 5325 phetam
573 5258 769 5312 dictum
796 5257 862 5313 de
904 5258 995 5313 illo
1019 5268 1133 5327 est,
1165 5258 1264 5326 Qui
1298 5262 1414 5332 fecit
1441 5278 1556 5332 quis
1582 5266 1756 5336 futura
1778 5276 1896 5320 sunt

322 5345 472 5415 (Isai.
500 5362 629 5411 xu,
656 5348 743 5412 Η,
771 5363 868 5402 sec.
901 5347 1089 5421 LXX).

394 5442 446 5495 5.
474 5442 776 5498 Secundum
826 5443 929 5499 hoc
960 5446 1121 5501 etiam
1166 5446 1305 5517 quod
1348 5451 1585 5519 sequitur
1625 5450 1753 5506 dicit
1783 5467 1796 5506 :
1829 5449 1896 5505 Et

321 5550 455 5587 nunc
475 5534 702 5603 clari/ica
723 5552 803 5589 me
821 5546 874 5589 tu
890 5577 906 5604 ,
931 5535 1106 5602 Pater,
1135 5540 1273 5608 apud
1294 5542 1603 5611 temetipsum
1624 5582 1639 5607 ,
1670 5543 1898 5597 claritate

319 5642 471 5691 quam
512 5627 665 5681 habui
687 5670 703 5695 ,
733 5629 1025 5701 priusquam
1054 5631 1268 5686 mundus
1290 5640 1453 5697 esset,
1496 5634 1636 5703 apud
1665 5643 1729 5688 te.
1764 5635 1894 5689 Nam

322 5730 481 5784 supra
501 5716 727 5785 dixerat,
750 5718 926 5788 Pater,
953 5722 1084 5775 venit
1102 5721 1245 5786 hora,
1272 5723 1495 5792 clari/ica
1520 5723 1713 5778 Filium
1735 5736 1891 5793 tuum,

326 5819 380 5859 ut
412 5807 573 5865 Filius
602 5819 714 5868 tuus
744 5812 984 5881 cIari/icet
1013 5822 1060 5868 te
1098 5828 1115 5868 :
1149 5814 1200 5869 in
1245 5828 1348 5884 quo
1394 5815 1672 5872 verborum
1710 5818 1895 5873 ordine

1433 405 1837 467 TRACTA'I'US
1878 404 1989 459 CV.
2030 406 2254 467 CAPUT
2297 411 2454 469 XVII.

3406 414 3542 468 i906

1984 522 2287 579 ostenderat
2308 526 2449 594 prius
2473 541 2501 580 a
2524 526 2676 581 Patre
2700 526 3090 582 clarilicandum
3112 526 3300 583 Filium
3324 568 3337 595 ,
3368 539 3421 581 ut
3450 528 3547 581 Pa-

1986 619 2117 666 trem
2144 614 2456 671 clarificarct
2500 616 2682 672 Filius.
2724 617 2876 672 Modo
2917 627 3093 673 autem
3137 618 3305 684 dixit,
3349 617 3460 689 Ego
3508 630 3555 675 te

1985 704 2257 771 clariﬁcavi
2283 724 2431 777 super
2460 717 2641 762 terram
2666 751 2680 776 ,
2708 726 2838 781 _0pus
2861 709 3197 763 consummavi
3217 709 3349 778 quod
3373 710 3555 765 dedisti

1986 796 2109 849 mihi
2135 806 2189 849 ut
2224 798 2408 865 faciam
2438 810 2525 853 :et
2550 817 2681 854 nunc
2720 799 2944 869 clari/ica
2985 817 3102 866 me;
3135 812 3378 871 tanquam
3412 784 3554 871 prior

1988 885 2100 954 ipse
2124 886 2332 942 Patrem
2359 889 2739 957 clarificaverit,
2763 906 2791 944 a
2818 907 2922 961 quo
2943 890 3135 946 deinde
3156 899 3209 945 ut
3239 889 3554 946 clariﬁcetur

1988 980 2244 1047 exposcit.
2275 980 2410 1050 Ergo
2440 981 2831 1052 intelligendum
2858 993 2938 1039 est
2964 993 3186 1053 utroque
3214 982 3373 1037 verbo
3393 996 3552 1052 supe-

1989 1071 2100 1126 rius
2128 1087 2278 1127 usum
2308 1073 2595 1128 secundum
2622 1075 2670 1129 id
2701 1075 2841 1145 quod
2868 1076 3092 1131 futurum
3114 1084 3247 1142 erat,
3277 1092 3443 1146 coque
3468 1090 3557 1131 or-

1987 1159 2111 1216 dine
2139 1178 2243 1230 quo
2274 1162 2501 1218 futurum
2529 1172 2642 1219 erat
2664 1207 2679 1231 ,
2706 1164 2942 1235 Cleri/ica
2969 1165 3191 1234 Filium,
3221 1176 3275 1220 ut
3292 1178 3338 1220 te
3364 1166 3557 1235 clariﬁ-

1989 1260 2063 1303 cet
2105 1250 2269 1306 Filias
2300 1271 2319 1307 :
2346 1254 2503 1310 modo
2546 1270 2672 1309 vero
2718 1272 2866 1309 usum
2899 1256 3059 1312 fuisse
3101 1258 3263 1312 verbo
3306 1256 3555 1325 przeteriti

1991 1344 2243 1411 temporis
2264 1344 2328 1397 de
2351 1360 2406 1398 re
2439 1344 2631 1412 futura,
2664 1346 2749 1400 ubi
2779 1348 2869 1413 ait,
2900 1346 3008 1417 Ego
3036 1357 3081 1401 te
3106 1347 3377 1417 clari/icaui
3405 1363 3557 1417 super

1992 1441 2171 1485 terram
2196 1474 2210 1495 ,
2250 1449 2375 1503 opus
2400 1437 2737 1489 consummavi
2759 1437 2893 1507 quod
2918 1438 3097 1493 dedisti
3121 1438 3243 1491 mihi
3271 1448 3321 1492 ut
3350 1439 3554 1509 faciant.

1993 1523 2192 1579 Deinde
2220 1526 2442 1581 dicendo
2462 1569 2474 1591 ,
2504 1526 2573 1581 Et
2593 1545 2723 1582 nunc
2741 1530 2963 1599 clariﬁca
2994 1548 3069 1585 me
3106 1540 3189 1597 tu,
3215 1530 3389 1598 Pater,
3418 1512 3586 1602 apud.

1992 1616 2300 1686 temetipsum
2321 1658 2334 1681 ,
2363 1618 2512 1687 quasi
2542 1620 2802 1689 posterius
2831 1630 2971 1676 esset
2994 1620 3357 1677 clarificandus
3381 1637 3410 1676 a
3454 1623 3556 1676 Pa-

1994 1713 2091 1770 tre,
2118 1722 2273 1776 quem
2302 1708 2446 1777 prius
2467 1710 2579 1778 ipse
2609 1709 3014 1775 clarificaverat;
3039 1711 3161 1780 quid
3182 1712 3433 1777 ostendit,
3458 1710 3559 1765 nisi

1992 1799 2235 1865 superius
2278 1798 2362 1851 ubi
2402 1798 2511 1864 ait,
2544 1799 2655 1870 Ego
2682 1809 2728 1853 te
2759 1800 3034 1869 clari/icavi
3058 1818 3207 1869 super
3244 1811 3426 1856 terram
3446 1842 3460 1867 ,
3490 1802 3560 1855 ita

1992 1885 2221 1940 locutum
2248 1901 2305 1941 se
2334 1888 2519 1953 fuisse,
2552 1899 2797 1959 tanquam
2827 1888 3034 1945 fecisset
3058 1890 3198 1960 quud
3216 1891 3447 1947 facturus
3472 1906 3560 1946 es-

1992 1984 2093 2039 set;
2130 1976 2213 2030 hic
2236 1987 2411 2032 autem
2435 1981 2740 2048 poposcisse
2781 1989 2836 2034 ut
2864 1980 3017 2034 Pater
3042 1980 3266 2049 faceret,
3298 1997 3391 2052 per
3419 1981 3560 2051 quod

1993 2064 2118 2118 illud
2150 2064 2314 2120 Filius
2344 2067 2571 2122 facturus
2600 2079 2760 2136 esset,
2788 2069 2839 2125 id
2866 2079 2965 2135 est,
2991 2080 3045 2125 ut
3073 2071 3229 2126 Pater
3252 2072 3564 2127 clariﬁcaret

1992 2154 2184 2211 Filium
2208 2198 2221 2223 ,
2255 2172 2348 2228 per
2393 2175 2547 2229 quam
2593 2160 2711 2215 Filii
2757 2161 3183 2217 clariIicationem
3214 2162 3564 2217 ctiamFiIius

1994 2247 2373 2303 clariﬁcaturus
2399 2260 2541 2306 esset
2562 2252 2795 2307 Patrem?
2821 2253 3059 2323 Denique
3082 2254 3125 2307 si
3156 2252 3221 2307 de
3251 2270 3308 2308 re
3336 2269 3455 2323 qua:
3485 2252 3565 2307 fu-

1995 2346 2110 2393 tura
2140 2348 2285 2407 erat,
2330 2356 2583 2410 ponamus
2623 2343 2783 2397 etiam
2823 2342 2980 2398 futuri
3023 2345 3274 2414 temporis
3304 2344 3560 2407 verbum,

1995 2432 2082 2487 ubi
2113 2448 2210 2502 pro
2237 2441 2475 2503 tempore
2502 2435 2677 2489 futuro
2706 2436 2879 2505 posuit
2908 2436 3019 2505 ipse
3046 2437 3366 2507 prmteritum
3386 2479 3399 2501 ,
3424 2437 3565 2491 nulla

1994 2526 2271 2580 sententia:
2315 2526 2608 2583 remanebit
2649 2528 2942 2585 obscuritas
2992 2546 3007 2581 :
3052 2528 3215 2584 veluti
3244 2530 3287 2583 si
3314 2528 3565 2594 dixisset,

1995 2613 2109 2686 Ego
2138 2624 2188 2670 te
2225 2615 2527 2671 clarificabo
2567 2631 2727 2687 super
2754 2626 2948 2673 terram
2969 2662 2982 2685 ,
3012 2634 3145 2689 opus
3190 2618 3569 2674 consummabo

1995 2706 2134 2775 quod
2154 2706 2345 2762 dedisti
2372 2707 2499 2763 mihi
2522 2717 2577 2762 ut
2604 2707 2792 2763 faciam
2824 2727 2837 2763 :
2866 2719 2919 2765 et
2940 2725 3078 2764 nunc
3110 2710 3338 2765 clarifica
3368 2724 3453 2764 me
3478 2718 3529 2764 tu
3551 2750 3566 2775 ,

1996 2797 2172 2863 Pater,
2209 2797 2347 2867 apud
2378 2799 2733 2868 temetipsum.
2764 2798 2964 2870 Nempe
2984 2799 3054 2855 ita
3086 2800 3295 2869 planum
3322 2806 3434 2864 est,
3463 2800 3568 2853 sic-

1998 2900 2053 2945 ut
2100 2890 2224 2944 illud
2271 2891 2358 2946 ubi
2407 2892 2516 2959 ait,
2564 2891 2799 2961 CIari/ica
2846 2891 3036 2946 Filium
3064 2876 3260 2957 tuum,
3302 2900 3360 2947 ut
3404 2889 3571 2944 Filius

1998 2991 2112 3036 tuus
2141 2983 2380 3052 clariﬁcet
2408 2991 2456 3038 te
2496 2999 2515 3038 :
2551 2993 2604 3039 ct
2626 2984 2737 3054 ipsa
2779 2993 2861 3039 est
2886 2986 3103 3041 omnino
3131 2986 3391 3039 sententia
3414 3026 3429 3052 ,
3466 2983 3569 3038 nisi

1998 3072 2117 3142 quia
2148 3080 2201 3127 et
2226 3072 2311 3127 hic
2337 3072 2509 3128 dictus
2534 3082 2617 3129 est
2645 3074 2881 3144 ejusdem
2914 3074 3307 3130 clarificationis
3339 3074 3528 3131 modus
3550 3116 3566 3141 ,

1999 3165 2069 3220 ibi
2094 3174 2268 3220 autem
2296 3165 2484 3220 tacitus
2508 3182 2521 3232 ;
2555 3174 2802 3238 tanquam
2843 3166 2969 3221 illud
2994 3167 3096 3221 isto
3115 3175 3469 3235 exponeretur
3492 3166 3572 3221 eis

1998 3270 2131 3325 quos
2156 3264 2363 3325 poterat
2388 3271 2731 3326 permovere,
2762 3257 3026 3328 quomodo
3053 3257 3211 3313 Pater
3248 3255 3470 3323 Filium,
3516 3265 3572 3312 et

1998 3348 2229 3403 maxime
2259 3348 2525 3419 quomodo
2548 3349 2758 3406 Patrem
2803 3351 3117 3406 clarificaret
3163 3358 3217 3405 et
3261 3349 3446 3406 Filius.
3477 3350 3571 3405 Di-

1998 3438 2167 3494 cendo
2198 3438 2340 3493 enim
2368 3438 2644 3495 clariﬁcari
2672 3456 2702 3495 a
2727 3455 2785 3496 se
2814 3441 3022 3496 Patrem
3048 3456 3207 3511 super
3232 3449 3428 3496 terram
3455 3481 3469 3505 ,
3514 3455 3573 3495 se

1998 3540 2170 3583 autem
2197 3544 2225 3582 a
2274 3529 2430 3585 Patre
2455 3529 2594 3601 apud
2622 3532 2867 3587 eumdem
2914 3532 3122 3588 Patrem
3142 3573 3159 3599 ,
3200 3531 3413 3585 modum
3446 3546 3571 3602 pro-

2000 3619 2134 3674 fecto
2176 3620 2449 3691 utriusque
2499 3622 2889 3677 clarificationis
2931 3622 3179 3677 ostendit.
3220 3620 3337 3691 Ipse
3380 3622 3573 3691 quippe

1999 3712 2206 3768 Patrem
2228 3712 2536 3768 cIariIicavit
2572 3730 2730 3785 super
2761 3725 2955 3770 terram
2976 3756 2991 3781 ,
3015 3730 3133 3769 eum
3162 3712 3408 3785 gentibus
3439 3730 3575 3783 prte-

1998 3804 2242 3869 dicando;
2267 3805 2422 3861 Pater
2446 3821 2571 3860 vero
2592 3806 2761 3876 ipsum
2785 3805 2922 3876 apud
2945 3807 3310 3874 semetipsum,
3332 3804 3397 3859 ad
3422 3819 3571 3859 suam

1998 3898 2269 3952 dexteram
2299 3898 2629 3953 collocando.
2656 3897 2759 3953 Sed
2786 3897 2905 3953 ideo
2928 3904 3110 3967 postea
3139 3896 3205 3952 de
3231 3896 3573 3955 clarilicando

1998 3989 2153 4043 Patre
2174 3990 2262 4044 ubi
2285 3990 2379 4056 ait,
2403 3989 2508 4061 Ego
2538 3998 2585 4043 te
2612 3988 2902 4058 ciariﬁcavi,
2919 3988 3137 4043 verbum
3160 3986 3410 4057 prteteriti
3432 3995 3571 4041 tem-

1998 4081 2142 4149 poris
2168 4096 2363 4149 ponere
2386 4079 2586 4145 maluit,
2607 4087 2664 4134 ut
2682 4086 3002 4134 monstraret
3028 4078 3078 4133 in
3108 4077 3573 4149 prmdestinatione

1995 4170 2101 4240 jam
2133 4170 2323 4224 factum
2349 4212 2364 4236 ,
2398 4178 2451 4224 et
2476 4184 2571 4240 pro
2592 4169 2700 4240 jam
2728 4168 2866 4224 facto
2893 4167 3192 4225 habendum
3218 4166 3358 4238 quod
3385 4166 3574 4222 certis-

1999 4263 2131 4316 sime
2162 4262 2329 4317 fuerat
2363 4263 2591 4316 futurum
2617 4278 2631 4327 ;
2661 4261 2711 4317 id
2742 4270 2841 4327 est,
2874 4269 2931 4317 ut
2958 4277 2987 4315 a
3015 4262 3168 4316 Patre
3193 4259 3331 4330 apud
3363 4260 3570 4315 Patrem

1998 4353 2352 4423 glorificatus,
2412 4353 2620 4407 Patrem
2672 4367 2831 4422 super
2883 4360 3075 4407 terram
3136 4351 3454 4421 gloriﬁcaret
3521 4359 3576 4405 et

2001 4444 2181 4498 Filius.

2070 4534 2121 4589 6.
2152 4533 2254 4588 Sed
2284 4533 2418 4587 hanc
2446 4534 2956 4603 prmdcstittationem
2989 4533 3041 4587 in
3080 4547 3175 4587 sua
3200 4531 3575 4587 clarificatioue

2000 4626 2324 4679 manifestius
2353 4626 2578 4695 aperuit,
2611 4639 2710 4694 qua
2741 4640 2859 4679 eum
2887 4624 3194 4679 clarilicavit
3222 4624 3396 4690 Pater,
3423 4622 3475 4677 in
3505 4636 3574 4677 eo

1998 4716 2140 4786 quod
2168 4715 2405 4785 adjunxit
2430 4756 2444 4781 ,
2473 4713 2713 4770 Claritate
2743 4732 2893 4786 quant
2918 4714 3090 4782 habui,
3114 4715 3400 4785 priusquam
3422 4729 3570 4765 mun-

1999 4810 2092 4862 dus
2122 4818 2271 4876 esset,
2302 4808 2440 4877 apud
2469 4816 2531 4861 te.
2579 4806 2721 4863 Ordo
2763 4808 3044 4864 verborum
3087 4814 3169 4863 est
3191 4847 3208 4875 ,
3234 4820 3382 4877 quam
3423 4802 3574 4856 habui

1998 4903 2135 4969 apud
2166 4910 2211 4952 te
2232 4941 2244 4965 ,
2274 4900 2564 4969 priusquam
2586 4898 2801 4953 mundus
2828 4908 2972 4953 esset.
2999 4897 3079 4953 Ad
3110 4897 3212 4952 hoc
3250 4896 3390 4950 valet
3430 4892 3568 4964 quod

2000 4994 2109 5059 ait,
2152 4991 2218 5045 Et
2238 5008 2371 5045 nunc
2397 4992 2621 5061 clariﬁca
2649 5007 2765 5056 me;
2788 4993 2889 5046 hoc
2913 4998 3014 5057 est,
3045 4991 3182 5045 sicut
3210 4997 3332 5043 tunc
3352 5027 3367 5053 ,
3408 4988 3478 5039 ita
3517 4994 3571 5040 et

2001 5097 2174 5148 nunc;
2204 5082 2340 5137 sicut
2370 5090 2492 5137 tunc
2520 5081 2980 5152 prtedestinatione
3004 5122 3019 5146 ,
3051 5081 3120 5135 ita
3145 5087 3199 5134 et
3226 5092 3365 5133 nunc
3397 5076 3571 5146 perfe-

1998 5176 2173 5230 ctione
2200 5193 2212 5229 :
2246 5175 2327 5230 fac
2360 5175 2411 5229 in
2444 5174 2639 5229 mundo
2661 5216 2678 5241 ,
2709 5173 2849 5244 quod
2877 5172 3015 5243 apud
3040 5182 3093 5228 te
3118 5172 3225 5242 jam
3255 5172 3423 5226 fuerat
3450 5178 3573 5224 ante

1999 5266 2275 5333 mundum;
2307 5266 2387 5320 fac
2418 5266 2468 5320 in
2498 5281 2595 5321 suo
2627 5274 2892 5334 tempore,
2921 5262 3062 5334 quod
3087 5269 3209 5317 ante
3232 5262 3408 5317 omnia
3440 5270 3573 5315 tem-

1998 5374 2126 5430 pora
2154 5358 2402 5413 statuisti.
2432 5357 2544 5411 lloc
2592 5356 2803 5427 quidam
2844 5356 2921 5410 sic
2969 5352 3369 5424 intelligendum
3417 5364 3569 5422 puta-

1999 5461 2155 5519 runt,
2197 5461 2440 5520 tanquam
2490 5459 2672 5503 natura
2718 5447 2944 5501 humana
2974 5461 3091 5516 quae
3136 5454 3377 5515 suscepta
3408 5451 3490 5497 est
3540 5460 3598 5497 av

2000 5543 2195 5609 Verbo,
2219 5550 2619 5597 converteretur
2648 5540 2699 5593 in
2725 5538 2955 5593 Verbum
2974 5578 2989 5604 ,
3018 5544 3071 5592 ct
3095 5535 3257 5591 homo
3282 5541 3574 5589 mutaretur

2001 5635 2051 5689 in
2086 5634 2253 5689 Deum
2279 5650 2293 5697 ;
2321 5634 2427 5687 imo
2449 5672 2463 5696 ,
2489 5631 2532 5684 si
2562 5628 2861 5699 diligentius
2885 5626 3027 5698 quod
3052 5625 3249 5698 opinati
3279 5632 3403 5680 sunt
3430 5623 3580 5692 cogi-'

2000 5733 2170 5777 tentus
2193 5764 2207 5790 ,
2241 5724 2398 5777 homo
2426 5719 2620 5791 periret
2649 5720 2698 5772 in
2732 5718 2863 5772 Deo.
2892 5716 3005 5771 Non
3029 5717 3170 5773 enim
3198 5716 3473 5786 quisquam
3503 5728 3579 5765 ex!

2005 5816 2103 5871 ista
2133 5814 2418 5869 mutatione
2445 5811 2673 5866 hominis
2698 5810 2779 5865 vel
2804 5808 3063 5881 duplicari
3089 5808 3183 5863 Dei
3212 5805 3442 5862 Verbum
3484 5802 3563 5857 d1-
