4028 6484
467 371 607 430 1907

465 496 647 540 cturus
689 493 809 550 est,
858 484 943 542 vel
984 484 1202 557 augeri,
1234 491 1290 538 ut
1329 490 1419 539 aut
1446 482 1552 537 duo
1578 481 1683 536 sint
1711 478 1851 551 quod
1880 492 2041 533 unum

466 575 594 642 fuit,
617 582 708 629 aut
731 576 957 645 amplius
987 575 1055 630 sit
1081 574 1221 645 quod
1250 573 1424 629 minus
1445 570 1559 626 fuit.
1591 571 1757 626 Porro
1783 570 1825 623 si
1858 577 2043 623 natura

466 667 695 723 humana
725 668 775 725 in
806 667 1033 723 Verbum
1072 675 1270 721 mutata
1308 672 1469 736 atque
1494 678 1753 720 conversa
1772 704 1787 730 ,
1812 661 2043 717 Verbum

468 757 563 813 Dei
592 768 845 830 quantum
872 765 989 816 erat
1012 767 1067 814 et
1084 756 1226 830 quod
1256 765 1371 813 erat
1400 754 1499 810 hoc
1523 755 1645 824 erit,
1668 754 1755 810 ubi
1778 763 1862 809 est
1885 752 2046 808 homo

464 850 508 902 si
540 862 646 904 non
684 848 853 920 perit?
1268 836 1269 839 “

538 939 593 994 7.
640 938 747 995 Sed
774 936 840 993 ad
868 938 1003 992 hanc
1032 936 1335 1006 opinionem
1360 977 1378 1004 ,
1407 950 1566 1006 quam
1595 932 1801 991 veritati
1832 946 2046 1002 prorsus

469 1045 575 1085 non
601 1028 755 1085 video
774 1028 1085 1094 convenire,
1108 1026 1245 1082 nihil
1267 1040 1364 1080 nos
1388 1033 1556 1096 urget,
1585 1024 1631 1078 si
1655 1021 1791 1078 Filio
1812 1021 2043 1084 dicente,

472 1120 538 1174 Et
559 1137 690 1175 nunc
706 1119 930 1187 clari/ica
947 1135 1027 1174 me
1043 1129 1097 1172 tu
1110 1160 1125 1184 ,
1161 1117 1336 1185 Pater,
1357 1115 1495 1188 apud
1518 1116 1826 1185 temetipsum
1848 1154 1865 1180 ,
1895 1112 2049 1168 clari-

471 1222 572 1266 tate
587 1228 739 1281 quam
767 1209 938 1277 habui,
962 1210 1253 1281 priusquam
1281 1207 1500 1262 mundus
1517 1216 1660 1273 esset,
1685 1206 1823 1278 apud
1852 1215 1899 1261 te
1921 1246 1936 1269 ,
1966 1204 2050 1259 in-

471 1302 770 1373 telligamus
801 1294 1317 1372 prmdestl'hationem
1345 1298 1600 1353 claritatis
1646 1296 1892 1351 humanae
1928 1310 2047 1365 qua:

472 1391 527 1448 in
556 1392 649 1448 illo
673 1400 755 1449 est
777 1402 999 1460 naturae,
1021 1406 1088 1446 ex
1109 1390 1317 1445 mortali
1342 1388 1658 1444 immortalis
1675 1386 1812 1457 apud
1835 1386 2047 1442 Patrem

470 1482 682 1545 futuras;
712 1490 767 1538 et
796 1483 895 1539 hoc
916 1483 1026 1554 jam
1048 1481 1475 1553 prmdestinando
1504 1479 1699 1536 factum
1721 1478 1882 1533 fuisse
1900 1486 2050 1532 ante-

469 1590 628 1647 quam
666 1576 895 1631 mundus
921 1585 1100 1642 esset,
1126 1574 1268 1645 quod
1295 1574 1347 1628 in
1382 1572 1580 1628 ιηιιηόο
1604 1572 1765 1628 etiam
1790 1585 1888 1626 suo
1916 1580 2049 1624 tem-

469 1682 601 1741 pore
630 1667 799 1724 lleret.
829 1666 885 1724 Si
914 1666 1054 1721 enim
1083 1666 1153 1722 de
1176 1664 1333 1722 nobis
1366 1663 1499 1720 dixit
1539 1661 1824 1734 Apostolus
1848 1702 1867 1731 ,
1902 1660 2050 1717 Sicut

470 1757 619 1830 elegit
647 1775 738 1813 nos
767 1742 823 1814 iri
843 1760 953 1830 ipso
987 1768 1103 1813 ante
1126 1758 1300 1812 mundi
1324 1756 1718 1814 constitutionem
1743 1754 1957 1828 (Ephes.
1988 1770 2005 1811 l
2028 1795 2045 1823 ,

474 1848 555 1920 4);
583 1863 681 1905 cur
704 1848 996 1905 abhorrere
1024 1857 1236 1920 putatur
1260 1864 1289 1901 a
1316 1863 1465 1917 vero,
1495 1848 1539 1904 si
1570 1856 1692 1903 tunc
1712 1846 1870 1903 Pater
1893 1855 2054 1916 caput

473 1950 716 1996 nostrum
734 1940 1079 2012 glorificavit,
1107 1939 1318 2011 quando
1344 1954 1442 1996 nos
1471 1938 1527 1993 in
1551 1938 1667 2009 ipso
1684 1979 1702 2004 ,
1730 1946 1789 1994 ut
1814 1938 2052 1993 membra

471 2030 590 2103 ejus
612 2046 855 2087 essemus
878 2073 894 2099 ,
920 2032 1113 2102 elegit?
1142 2031 1233 2088 Sic
1259 2030 1400 2086 enim
1429 2044 1526 2085 nos
1549 2029 1743 2096 electi,
1787 2026 2054 2099 quomodo

472 2121 588 2193 ipse
615 2121 972 2188 clariﬁcatus;
999 2123 1119 2193 quia
1148 2120 1449 2192 priusquam
1476 2118 1706 2175 mundus
1734 2127 1910 2187 esset,
1954 2133 2056 2175 nec

474 2226 574 2268 nos
596 2227 829 2279 eramus,
852 2228 950 2269 nec
975 2213 1089 2283 ipse
1114 2212 1371 2267 mediator
1393 2212 1489 2267 Dei
1509 2220 1562 2267 et
1590 2210 1867 2266 hominum
1894 2210 2057 2266 homo

472 2299 717 2357 Christus
743 2301 898 2358 Jesus
938 2301 979 2373 (l
1008 2301 1142 2357 Tim.
1180 2318 1215 2358 u
1234 2344 1247 2367 ,
1279 2302 1353 2372 5).
1384 2301 1487 2358 Sed
1528 2301 1613 2357 ille
1639 2302 1726 2372 qui
1755 2316 1855 2371 per
1882 2302 2054 2372 ipsum

476 2391 530 2445 in
555 2403 809 2462 quantum
838 2392 1069 2448 Verbum
1098 2394 1214 2463 ejus
1242 2400 1355 2459 est,
1383 2393 1543 2448 etiam
1570 2407 1684 2463 qua:
1727 2395 1899 2462 futura
1941 2402 2057 2448 sunt

479 2480 597 2552 fecit
618 2523 635 2549 ,
677 2492 731 2538 et
772 2491 914 2538 uocat
939 2499 998 2539 ea
1024 2498 1135 2553 qum
1160 2499 1260 2536 non
1286 2491 1402 2537 sunt
1426 2522 1442 2549 ,
1474 2492 1712 2553 tanquam
1752 2481 1853 2536 sint
1881 2478 2054 2554 (Rom.

478 2586 569 2639 tv,
598 2572 685 2646 l7)
712 2589 728 2639 ;
755 2572 993 2645 proiecto
1018 2573 1310 2629 secundum
1340 2572 1389 2626 id
1415 2572 1557 2643 quod
1591 2571 1853 2627 mediator
1881 2571 1977 2628 Dei
2006 2582 2061 2628 et

481 2660 755 2717 hominum
794 2663 955 2718 homo
982 2674 1065 2721 est
1086 2705 1101 2730 ,
1150 2674 1274 2719 ante
1302 2664 1482 2718 mundi
1508 2664 1940 2721 constitutionem
1964 2681 2061 2735 pro

482 2753 636 2809 nobis
664 2754 809 2810 Deus
847 2754 1004 2811 Pater
1038 2754 1351 2826 glorificavit
1400 2755 1573 2824 ipsum
1599 2797 1617 2823 ,
1655 2756 1702 2811 si
1750 2764 1874 2811 tunc
1901 2756 2063 2827 elegit

481 2847 640 2904 etiam
664 2864 761 2902 nos
800 2847 853 2902 in
881 2847 1017 2917 ipso.
1048 2845 1183 2917 Quid
1212 2847 1354 2901 enim
1380 2846 1507 2901 dicit
1542 2847 1862 2918 Apostolus?
1896 2866 1916 2900 ι
1946 2846 2062 2904 Sci-

482 2954 603 2995 mus
621 2948 797 2994 autem
823 2939 1072 3009 quoniam
1100 2938 1434 3009 diligentibus
1464 2938 1632 2994 Deum
1660 2940 1835 2995 omnia
1861 2955 2061 3011 coope—

483 3038 667 3086 rantur
704 3030 758 3083 in
783 3030 979 3084 bonum
1000 3070 1016 3095 ,
1050 3028 1130 3082 his
1160 3027 1250 3098 qui
1292 3028 1585 3082 secundum
1617 3031 1944 3100 propositum
1971 3045 2063 3085 vo-

484 3122 588 3177 cati
611 3130 757 3177 sunt.
775 3120 920 3190 Quas
943 3122 1085 3174 enim
1118 3120 1380 3189 prmseivit
1400 3162 1414 3185 ,
1441 3129 1495 3175 et
1522 3120 1916 3189 praedestinavit
1935 3136 2065 3177 con-

487 3213 684 3268 formes
710 3211 823 3268 fieri
861 3213 1103 3282 imaginis
1133 3211 1252 3266 Filii
1281 3212 1393 3280 ejus
1417 3255 1430 3277 ,
1463 3223 1519 3266 ut
1546 3213 1616 3267 sit
1643 3212 1757 3282 ipse
1798 3213 2064 3285 primoge-

491 3306 634 3362 nitus
664 3306 715 3360 in
747 3307 928 3361 multis
955 3306 1204 3363 fratribus
1229 3326 1243 3362 :
1270 3324 1402 3377 quos
1431 3318 1606 3367 autem
1631 3309 2020 3382 praedestinavit
2044 3350 2062 3378 ,

490 3396 609 3451 illos
635 3406 687 3453 et
712 3398 918 3453 vocavit
949 3418 968 3452 s
997 3396 1105 3472 (Id.
1133 3415 1225 3455 vni
1245 3443 1259 3463 ,
1285 3397 1493 3473 28-50).

561 3485 616 3544 8.
643 3486 755 3544 Nisi
787 3486 923 3545 forte
949 3489 1118 3560 ipsum
1148 3490 1577 3559 pnedestinatum
1606 3489 1784 3549 dicere
1812 3490 2065 3547 formida-

489 3578 684 3645 binms,
712 3582 831 3651 quia
869 3581 936 3637 de
962 3582 1114 3638 nobis
1142 3591 1345 3639 tantum
1371 3588 1429 3637 ut
1455 3581 1747 3638 efﬁciamur
1766 3583 2067 3647 conformes

491 3669 734 3744 imaginis
782 3672 930 3743 ejus,
972 3674 1075 3729 hoc
1100 3674 1299 3731 dixisse
1336 3673 1551 3730 videtur
1577 3674 1877 3744 Apostolus.
1906 3673 2067 3740 Quasi

489 3778 617 3818 vero
644 3763 922 3835 quisquam
949 3764 1183 3836 regulam
1209 3763 1331 3821 ﬁdei
1358 3763 1584 3820 fideliter
1612 3764 1843 3830 intuens,
1876 3764 2066 3819 Filium

491 3853 586 3911 Dei
628 3866 915 3927 negaturus
957 3864 1041 3912 est
1087 3856 1521 3928 praedestinatum
1544 3899 1559 3925 ,
1604 3856 1694 3929 qui
1721 3870 1845 3913 eum
1875 3870 2069 3927 negare

491 3943 763 4001 hominem
791 3961 897 4001 non
927 3956 1121 4018 potest.
1151 3945 1316 4004 Recte
1339 3947 1537 4018 quippe
1575 3946 1767 4003 dicitur
1794 3962 1901 4004 non
1930 3964 2069 4018 prae—

489 4037 784 4092 destinatus
810 4038 1103 4094 secundum
1150 4038 1203 4093 id
1244 4038 1384 4109 quod
1418 4048 1501 4095 est
1526 4039 1759 4095 Verbum
1786 4040 1901 4108 Dei,
1931 4040 2071 4095 Deus

490 4128 632 4197 apud
661 4127 849 4185 Deum.
883 4128 1080 4200 thuid
1111 4130 1251 4186 enim
1284 4131 1770 4201 przedestinaretur,
1798 4147 1918 4188 cum
1958 4135 2067 4203 jam

493 4228 636 4275 esset
660 4220 800 4290 quod
823 4228 960 4288 erat,
982 4220 1098 4277 sine
1116 4221 1286 4290 initio,
1313 4224 1426 4277 sine
1447 4224 1674 4281 termino
1693 4226 2069 4296 sempiternus?

495 4309 632 4366 lllud
683 4321 860 4369 autem
909 4311 1389 4383 prmdestinandum
1447 4323 1591 4382 erat,
1648 4316 1789 4387 quod
1837 4318 2068 4374 nondum

495 4413 629 4466 erat,
659 4414 715 4458 ut
742 4403 819 4460 sie
846 4420 941 4460 suo
970 4414 1208 4475 tempore
1239 4406 1388 4460 tieret
1410 4450 1423 4473 ,
1473 4408 1917 4477 quemadmodum
1946 4421 2070 4467 ante

496 4493 673 4551 omnia
721 4501 960 4565 tempora
1009 4494 1439 4564 praedestinatum
1479 4505 1593 4551 erat
1623 4506 1680 4552 ut
1709 4498 1879 4556 ﬂeret.
1907 4500 2067 4567 Quis-

490 4582 613 4654 quis
656 4584 815 4655 igitur
858 4585 951 4640 Dei
994 4585 1185 4640 Filium
1236 4588 1667 4655 prmdestinatum
1706 4599 1886 4662 negat,
1929 4592 2069 4649 hunc

491 4674 739 4730 eumdem
767 4674 929 4747 ﬁlium
961 4675 1189 4731 hominis
1218 4687 1394 4747 negat.
1438 4678 1542 4734 Sed
1590 4689 1804 4750 propter
1843 4691 2067 4739 conten-

494 4768 661 4822 tiosos
706 4768 866 4823 etiam
912 4768 1034 4823 hinc
1076 4769 1349 4824 audiamus
1390 4770 1703 4839 Apostolum
1750 4773 1801 4828 in
1850 4787 2066 4831 suarum

494 4860 714 4915 exordio
758 4859 1098 4918 Litterarum.
1143 4860 1274 4916 Nam
1321 4871 1375 4918 et
1415 4863 1465 4917 in
1510 4864 1679 4934 prima
1709 4865 2066 4935 Epistolarum

492 4952 629 5023 ejus,
661 4968 781 5024 qua:
807 4964 887 5010 est
914 4955 978 5011 ad
1010 4955 1293 5021 Romanos,
1324 4965 1377 5010 et
1424 4957 1590 5026 ipsius
1637 4957 1890 5028 Epistolre
1922 4963 2066 5029 prin-

491 5046 685 5116 cipium
713 5056 815 5113 est,
857 5049 947 5103 ubi
981 5048 1171 5120 legitur
1202 5066 1214 5101 :
1246 5048 1442 5104 Paulus
1475 5036 1643 5105 seruus
1674 5049 1799 5106 Iesu
1831 5050 2015 5108 Christi
2049 5096 2065 5120 ,

491 5146 693 5191 vocatus
714 5137 1001 5210 Apostolus,
1029 5149 1314 5211 segregatus
1342 5139 1393 5193 in
1434 5138 1764 5212 Euangelium
1795 5142 1911 5210 Dei,
1934 5146 2069 5215 quod

492 5237 609 5281 ante
628 5229 927 5297 promiserat
954 5246 1043 5300 per
1064 5228 1346 5299 Prophetas
1369 5246 1486 5285 suos
1503 5231 1557 5285 in
1583 5231 1862 5302 Scripturis
1883 5239 2069 5293 sanctis

493 5320 555 5374 de
581 5319 714 5375 Filio
733 5338 843 5387 suo,
859 5323 945 5392 qui
958 5322 1121 5392 [actus
1138 5330 1211 5378 est
1238 5323 1283 5376 ei
1308 5338 1371 5377 ea:
1392 5324 1577 5378 semine
1594 5322 1764 5379 David
1789 5328 2068 5383 secundum

493 5428 713 5477 carnem,
743 5415 828 5484 qui
854 5414 1234 5485 prmdestinatus
1271 5424 1344 5469 est
1384 5413 1432 5467 F
1434 5415 1549 5471 ilius
1577 5415 1674 5471 Dei
1698 5418 1750 5471 in
1777 5419 1953 5474 virtute
1989 5438 2069 5477 se-

490 5502 711 5555 cundum
736 5503 985 5574 Spiritum
1010 5506 1425 5575 sanctiﬁcationis
1453 5523 1515 5562 ea
1541 5511 1902 5566 resurrectione
1925 5529 2065 5568 mor-

491 5604 690 5650 tuorum
730 5595 839 5670 (Id.
868 5614 908 5665 ι,
939 5599 1076 5670 1-4).
1106 5598 1406 5658 Secundum
1456 5600 1593 5659 hanc
1634 5618 1761 5675 ergo
1783 5607 2066 5677 praedesti-

492 5685 758 5741 nationem
807 5689 971 5743 etiam
1015 5689 1336 5747 clariﬁcatus
1379 5701 1464 5748 est
1511 5701 1793 5764 antequam
1839 5697 2067 5754 mundus

492 5785 651 5845 esset,
674 5788 730 5832 ut
755 5789 895 5835 esset
920 5781 1133 5839 claritas
1157 5783 1271 5856 ejus
1314 5800 1378 5841 ex
1418 5788 1804 5847 resurrectione
1830 5798 2066 5855 mortuo-

1399 369 1469 426 lN
1506 365 1780 426 JOANNIS
1817 360 2287 434 EVANGELIUM,
2325 366 2383 425 S.
2424 370 2785 429 AUGUSTINI

3586 381 3727 440 £903

2147 492 2267 533 rum
2314 481 2454 551 apud
2504 483 2745 551 Patrem,
2789 484 2855 541 ad
2897 484 3047 559 cujus
3087 487 3363 551 dexteram
3391 491 3565 549 sedet.
3596 494 3727 547 Cum

2149 585 2279 641 ergo
2322 572 2532 630 videret
2569 574 2709 631 illius
2752 577 3138 646 praedestinatte
3184 597 3299 637 sua:
3332 582 3730 643 clariiieationis

2149 663 2357 720 venisse
2376 663 2486 734 jam
2512 673 2721 737 tempus
2740 708 2757 734 ,
2788 676 2846 723 ut
2872 676 2928 724 et
2955 686 3096 726 nunc
3122 671 3275 728 ﬁeret
3308 673 3361 729 in
3387 675 3685 733 redditione
3708 718 3727 745 ,

2150 754 2292 823 quod
2314 753 2486 811 fuerat
2510 757 2561 811 in
2581 758 3044 829 praedestinatione
3066 762 3177 833 jam
3206 762 3425 832 factum,
3446 769 3619 824 oravit
3640 768 3729 825 di-

2147 859 2300 915 cens,
2331 846 2396 902 Et
2420 864 2553 904 nunc
2573 850 2798 921 clari/ica
2823 869 2900 907 me
2919 863 2994 920 tu,
3022 854 3198 923 Pater,
3227 858 3369 928 apud
3392 861 3729 933 temetipsum,

2148 937 2376 993 claritate
2404 955 2555 1010 quam
2595 942 2767 1009 habui,
2818 944 3109 1015 priusquam
3148 948 3367 1005 mundus
3404 961 3560 1019 esset,
3588 953 3733 1023 apud

2149 1038 2198 1084 te
2224 1045 2245 1085 :
2272 1039 2518 1101 tanquam
2542 1033 2762 1104 diceret,
2783 1035 3089 1095 Claritatem
3113 1055 3271 1110 quam
3299 1041 3457 1099 habui
3486 1043 3628 1113 apud
3653 1052 3730 1111 te,

2150 1121 2203 1178 id
2234 1131 2333 1189 est,
2368 1125 2508 1180 illam
2536 1126 2830 1184 claritatem
2858 1144 3015 1200 quam
3042 1130 3199 1188 habui
3224 1132 3363 1203 apud
3403 1142 3455 1190 te
3491 1135 3543 1189 in
3584 1150 3729 1205 pra:-

2148 1212 2503 1272 destinatione
2522 1226 2630 1285 tua,
2653 1226 2860 1290 tempus
2879 1231 2961 1276 est
2984 1232 3041 1277 ut
3067 1223 3207 1293 apud
3236 1232 3289 1281 te
3318 1225 3539 1282 habeam
3560 1226 3728 1282 etiam

2152 1307 2339 1364 vivens
2369 1309 2418 1364 in
2448 1309 2664 1368 dextera
2694 1322 2801 1367 tua.
2850 1311 2955 1370 Sed
3002 1315 3252 1385 quoniam
3298 1316 3390 1372 diu
3433 1332 3533 1373 nos
3561 1317 3734 1375 tenuit

2151 1395 2309 1467 hujus
2336 1399 2596 1455 discussio
2621 1404 2948 1473 quzestionis,
2978 1405 3085 1464 alio
3122 1422 3241 1477 quae
3277 1419 3571 1481 sequuntur
3610 1422 3730 1465 ser-

2152 1502 2312 1545 mone
2338 1489 2610 1546 traetanda
2637 1501 2781 1547 sunt.

2648 1626 3057 1686 TRACTATUS
3102 1626 3234 1685 CVI.

2154 1734 2233 1791 De
2274 1753 2330 1791 eo
2368 1738 2504 1809 quod
2539 1736 2783 1792 Dominus
2828 1738 2968 1804 dicit,
2997 1739 3325 1795 Manifestavi
3363 1754 3553 1796 nomen
3581 1748 3733 1797 tuum

2228 1827 2562 1893 hominibus;
2594 1844 2747 1899 usque
2771 1828 2839 1881 ad
2859 1828 2934 1896 id,
2964 1828 3027 1884 Et
3054 1828 3395 1885 crediderunt
3412 1829 3530 1901 quia
3562 1839 3616 1887 tu
3644 1846 3735 1887 me

2226 1918 2435 1973 misisti.
2464 1916 2593 1989 Cap.
2615 1934 2749 1984 xvn,
2770 1919 2805 1990 ᾗ
2828 1958 2842 1972 .
2857 1919 2976 1976 6-8.

2228 2028 2281 2083 1.
2312 2027 2387 2084 De
2410 2028 2495 2085 his
2515 2029 2689 2085 verbis
2710 2029 2954 2100 Domini,
2982 2031 3121 2088 sicut
3143 2031 3257 2103 ipse
3282 2031 3581 2098 donaverit,
3610 2045 3732 2087 ser-

2158 2133 2316 2177 mone
2356 2119 2459 2175 isto
2502 2119 2814 2190 disputaturi
2844 2136 3049 2189 sumus,
3090 2138 3210 2193 quae
3256 2122 3327 2179 ita
3375 2136 3435 2179 se
3488 2123 3683 2179 habent
3716 2138 3732 2175 :

2159 2208 2481 2281 Manifestaui
2525 2226 2707 2265 nomen
2742 2221 2883 2266 tuum
2911 2212 3193 2268 hominibus
3234 2228 3361 2281 quos
3398 2212 3579 2267 dedisti
3609 2213 3740 2268 mihi

2159 2300 2222 2355 de
2241 2301 2449 2355 mundo.
2478 2300 2630 2369 Quod
2657 2302 2703 2357 si
2730 2301 2798 2358 de
2823 2302 2907 2358 his
2935 2311 3141 2358 tantum
3164 2302 3293 2360 dicit
3315 2303 3588 2374 discipulis
3610 2319 3740 2361 cum

2158 2390 2355 2461 quibus
2379 2393 2630 2461 ctenavit,
2658 2401 2712 2449 et
2736 2392 2803 2447 ad
2827 2408 2961 2463 quos
2979 2402 3260 2463 antequam
3280 2408 3435 2450 orare
3453 2393 3735 2465 inciperet,

2163 2492 2268 2537 tam
2296 2483 2461 2539 multa
2489 2484 2694 2541 locutus
2716 2493 2831 2550 est;
2862 2498 2968 2540 non
2988 2485 3220 2555 pertinet
3244 2484 3347 2540 hoc
3361 2483 3429 2539 ad
3454 2483 3595 2539 illam
3621 2482 3741 2539 cla-

2162 2573 2530 2639 riﬁeationem,
2558 2574 2671 2631 sive
2722 2582 2780 2629 ut
2813 2574 2902 2630 alii
2942 2575 3270 2646 interpretati
3293 2582 3436 2642 sunt,
3470 2572 3741 2646 gloriﬁca-

2164 2666 2382 2733 tionem,
2404 2666 2474 2723 de
2500 2680 2603 2737 qua
2627 2666 2870 2737 superius
2897 2667 3227 2738 loquebatur,
3256 2682 3358 2739 qua
3384 2666 3548 2722 Filius
3571 2665 3740 2723 clari-

2164 2757 2286 2811 licat
2307 2757 2391 2813 vel
2414 2757 2675 2828 gloritieat
2698 2758 2929 2814 Patrem.
2956 2758 3163 2827 Quanta
3185 2766 3273 2814 est
3289 2757 3435 2814 enim
3458 2756 3541 2814 vel
3566 2756 3744 2828 qualis

2162 2848 2352 2915 gloria,
2373 2847 2651 2904 duodecim
2680 2848 2762 2905 vel
2789 2848 3031 2904 undecim
3052 2848 3228 2918 potius
3271 2847 3564 2904 iuuotuisse
3590 2861 3745 2903 mor-

2168 2938 2397 2994 talibus?
2439 2938 2496 2996 Si
2538 2951 2718 2996 antem
2747 2939 2887 3009 quod
2911 2940 3003 3005 ait,
3036 2939 3357 3011 Manifestum
3396 2954 3573 2994 nomen
3597 2946 3751 2994 tuum

2167 3028 2470 3096 hominibus,
2496 3046 2619 3100 quos
2645 3030 2829 3085 dedisti
2848 3030 2969 3084 nsi/ii
2994 3030 3057 3085 de
3080 3029 3288 3097 mundo,
3310 3044 3498 3086 omnes
3521 3027 3752 3099 intelligi

2173 3121 2359 3188 voluit,
2390 3121 2550 3175 etiam
2578 3122 2666 3190 qui
2693 3121 2745 3175 in
2776 3136 2899 3177 eum
2928 3119 3140 3177 fuerant
3165 3121 3460 3187 credituri,
3512 3120 3582 3177 ad
3623 3120 3751 3192 ejus

2168 3225 2412 3282 magnam
2440 3227 2557 3282 quae
2584 3211 2759 3267 futura
2786 3222 2902 3268 erat
2928 3227 2996 3269 ex
3018 3213 3263 3269 omnibus
3288 3214 3532 3285 gentibus
3555 3213 3753 3272 Eccle-

2166 3304 2299 3358 siam
2317 3304 2665 3373 pertinentes,
2691 3304 2757 3360 de
2781 3320 2882 3374 qua
2909 3305 2961 3359 in
2988 3304 3200 3360 Psalmo
3220 3304 3448 3373 canitur,
3472 3303 3539 3359 In
3566 3303 3754 3360 Eccle-

2169 3394 2246 3448 sia
2273 3409 2458 3465 magna
2484 3394 2757 3464 conﬁtebor
2784 3394 2871 3448 tibi
2894 3393 3063 3468 (Psat.
3094 3409 3269 3459 xxstv,
3300 3392 3425 3466 l8);
3464 3403 3546 3450 est
3589 3394 3754 3463 plane

2170 3484 2271 3547 ista
2297 3486 2602 3542 elarilleatio
2630 3502 2730 3557 qua
2759 3485 2920 3542 Filius
2945 3486 3199 3542 clarilieat
3224 3485 3454 3549 Patrem.
3476 3500 3596 3540 cum
3623 3486 3755 3555 ejus

2173 3596 2367 3637 nomen
2415 3590 2597 3636 notum
2638 3580 2762 3635 facit
2787 3582 3033 3634 omnibus
3056 3579 3324 3650 gentibus,
3349 3589 3403 3636 et
3431 3589 3535 3634 tam
3564 3579 3757 3634 multis

2171 3673 2605 3745 generationibus
2639 3673 2934 3728 hominum.
2969 3672 3038 3727 Et
3067 3672 3170 3727 tale
3196 3680 3280 3728 est
3316 3674 3417 3728 hoc
3454 3670 3598 3743 quod
3625 3672 3711 3725 ait
3736 3713 3755 3737 ,

2176 3766 2497 3836 Manifestaoi
2521 3780 2699 3819 nomen
2725 3774 2865 3817 tuum
2899 3762 3215 3829 hominibus,
3253 3778 3376 3833 quos
3404 3762 3585 3817 dedisti
3622 3762 3757 3817 nsihi

2174 3857 2237 3911 de
2262 3856 2467 3922 mundo,
2499 3855 2654 3926 quale
2696 3854 2825 3910 illud
2869 3854 3011 3925 quod
3049 3854 3206 3924 paulo
3229 3861 3354 3907 ante
3378 3852 3599 3919 dixerat,
3635 3851 3761 3924 Ego

2176 3959 2223 4004 te
2244 3949 2518 4018 σιω-ἔβοαυί
2540 3964 2689 4017 super
2716 3956 2901 4001 terram
2928 3945 3104 4016 (Joan.
3127 3960 3255 4010 xvn,
3272 3943 3365 4019 tl);
3394 3959 3487 4014 pro
3508 3952 3759 4014 tempore

2174 4042 2351 4098 futuro
2373 4050 2427 4097 et
2453 4041 2565 4097 illic
2592 4050 2645 4096 et
2670 4040 2757 4095 hic
2786 4039 3110 4109 pneteritnm
3130 4051 3355 4108 ponens,
3375 4037 3511 4093 sicut
3527 4038 3619 4108 qui
3640 4037 3763 4092 sci-

2175 4145 2256 4193 ret
2281 4134 2710 4205 praedestinatum
2734 4147 2853 4188 esse
2884 4140 2940 4185 ut
2964 4130 3017 4187 id
3038 4134 3207 4194 lieret,
3236 4139 3292 4186 et
3319 4129 3439 4185 ideo
3458 4128 3644 4186 fecisse
3669 4129 3763 4184 di-

2174 4244 2303 4285 cens
2329 4243 2387 4283 se
2415 4226 2554 4299 quod
2584 4234 2698 4281 erat
2725 4226 2841 4281 sine
2868 4224 2971 4279 ulla
2995 4222 3325 4279 dubitatione
3350 4221 3601 4279 facturus.

2244 4322 2298 4376 2.
2331 4322 2436 4376 Sed
2464 4320 2531 4376 de
2556 4320 2641 4374 his
2668 4319 2757 4389 qui
2779 4319 2887 4388 jam
2914 4328 3065 4373 erant
3094 4316 3337 4385 discipuli
3360 4314 3476 4385 ejus
3497 4355 3513 4379 ,
3545 4329 3651 4369 non
3682 4314 3763 4371 de

2174 4414 2420 4469 omuibus
2446 4413 2534 4481 qui
2565 4412 2620 4465 in
2659 4410 2805 4464 illum
2854 4408 3059 4464 fuerant
3096 4406 3351 4464 credituri
3389 4421 3511 4463 eum
3545 4403 3763 4464 dixisse

2174 4504 2314 4573 quod
2342 4504 2493 4569 dixit,
2526 4499 2850 4573 Hanifestaoi
2882 4515 3063 4555 nomen
3104 4507 3248 4553 tuum
3282 4497 3587 4562 hominibus,
3620 4512 3764 4565 quos

2176 4593 2355 4648 dedisti
2381 4593 2503 4647 mihi
2537 4591 2600 4645 de
2631 4590 2840 4656 ntundo,
2880 4604 2944 4645 ea
2967 4604 3084 4660 qua:
3104 4597 3417 4659 sequuntur,
3444 4586 3767 4643 credibilius

2175 4699 2293 4739 esse
2319 4684 2703 4739 demonstrant.
2735 4678 2869 4736 Cum
2894 4680 3036 4735 enim
3067 4679 3438 4746 hocrdixisset,
3463 4676 3711 4748 adjunin
3746 4696 3765 4735 :

2179 4773 2272 4828 Tui
2296 4783 2458 4839 erant,
2487 4783 2534 4826 et
2564 4771 2684 4825 milii
2705 4787 2787 4825 eos
2810 4770 3010 4837 dedisti,
3035 4778 3084 4823 et
3100 4783 3379 4826 sermonem
3406 4778 3543 4823 tuum
3576 4784 3767 4822 serva-

2174 4876 2348 4922 verunt
2376 4883 2395 4921 :
2422 4883 2554 4920 nunc
2578 4874 2910 4935 cognoverunt
2933 4863 3049 4935 quia
3076 4862 3247 4917 omnia
3269 4876 3382 4930 oua
3399 4860 3577 4916 dedisti
3601 4860 3766 4926 mihi,

2175 4958 2261 5011 abs
2298 4967 2346 5011 te
2368 4966 2515 5023 sunt;
2556 4956 2675 5029 quia
2714 4956 2860 5010 verba
2901 4969 3014 5027 qua:
3039 4952 3219 5007 dedisti
3246 4952 3391 5017 mihi,
3419 4949 3535 5005 dedi
3556 4950 3626 5006 eis
3653 4964 3680 5005 ε
3712 4959 3769 5005 et

2176 5051 2270 5121 ipsi
2299 5058 2619 5118 acceperunt,
2650 5058 2697 5103 et
2726 5054 3057 5119 cognouerunt
3084 5060 3197 5101 uere
3217 5045 3337 5115 quia
3358 5059 3392 5097 a
3419 5052 3467 5097 te
3489 5041 3616 5097 enisi
3638 5079 3656 5106 ,
3711 5052 3771 5096 et

2174 5142 2493 5197 crediderunt
2544 5140 2663 5210 quia
2716 5150 2770 5194 tu
2820 5154 2901 5194 me
2942 5138 3140 5192 misisti.
3188 5136 3498 5206 Quanquam
3534 5143 3589 5189 et
3628 5130 3769 5192 haec

2174 5234 2351 5288 omnia
2377 5232 2446 5289 de
2470 5232 2657 5287 futuris
2675 5231 2921 5287 omnibus
2948 5229 3191 5285 ﬁdelibus
3215 5227 3319 5285 dici
3346 5233 3627 5298 potuerunt
3645 5242 3767 5298 spe

2170 5326 2278 5396 jam
2305 5325 2534 5397 perfecta
2555 5324 2596 5392 ί,
2623 5338 2745 5379 cum
2764 5323 2935 5378 adhuc
2956 5329 3137 5379 essent
3158 5318 3334 5376 futura
3358 5320 3483 5376 :sed
3504 5328 3560 5374 ut
3577 5318 3644 5375 de
3664 5320 3770 5378 his

2174 5420 2303 5474 solis
2326 5433 2461 5488 quos
2489 5426 2613 5472 time
2634 5414 2862 5471 habebat
2882 5413 3155 5483 discipulis
3176 5413 3289 5469 haec
3308 5412 3452 5483 loqui
3482 5411 3769 5482 intelliga-

2176 5519 2282 5578 tur,
2305 5508 2433 5567 illud
2458 5510 2626 5580 magis
2648 5514 2801 5578 urget
2821 5506 2961 5579 quod
2986 5506 3148 5579 paulo
3170 5514 3295 5578 post
3313 5506 3408 5572 ait,
3431 5501 3562 5563 Cum
3589 5522 3771 5562 essem

2174 5622 2290 5662 cum
2306 5605 2400 5671 eis,
2415 5620 2507 5675 ego
2519 5602 2932 5659 mabarneosiu
2946 5601 3247 5661 neininetuo
3258 5613 3410 5669 :quos
3420 5598 3765 5656 dedidimilsi

2172 5697 2435 5763 custodivi,
2475 5703 2524 5750 et
2570 5711 2714 5750 nemo
2742 5709 2806 5750 es
2828 5694 2900 5750 eis
2922 5694 3088 5765 periit,
3115 5692 3215 5747 nisi
3248 5693 3385 5761 ﬁlius
3410 5689 3719 5760 perditionis
3741 5734 3760 5759 ,

2236 5790 3606 5860 'Sktresltss.stca~tertcttmeditts,speeieper{ecta.
