  <div class='ocr_page' id='page_1' title='image "/cluster/home/n/w/nwhite01/storage/ocr_20150623/35/hvd.32044015706302/304.png"; bbox 0 0 4076 6486; ppageno 0'>
   <div class='ocr_carea' id='block_1_1' title="bbox 335 350 473 409">
    <p class='ocr_par' dir='ltr' id='par_1_1' title="bbox 335 350 473 409">
     <span class='ocr_line' id='line_1_1' title="bbox 335 350 473 409; baseline 0 0"><span class='ocrx_word' id='word_1_1' title='bbox 335 350 473 409; x_wconf 71' lang='grc'><strong>1909</strong></span> 
     </span>
    </p>
   </div>
   <div class='ocr_carea' id='block_1_2' title="bbox 333 460 1917 535">
    <p class='ocr_par' dir='ltr' id='par_1_2' title="bbox 333 460 1917 535">
     <span class='ocr_line' id='line_1_2' title="bbox 333 460 1917 535; baseline 0 -17"><span class='ocrx_word' id='word_1_2' title='bbox 333 475 389 518; x_wconf 85' lang='lat' dir='ltr'><strong>ut</strong></span> <span class='ocrx_word' id='word_1_3' title='bbox 418 462 686 535; x_wconf 75' lang='lat' dir='ltr'><strong>Scriptum</strong></span> <span class='ocrx_word' id='word_1_4' title='bbox 711 460 1007 533; x_wconf 72' lang='lat' dir='ltr'><strong>impleatur;</strong></span> <span class='ocrx_word' id='word_1_5' title='bbox 1036 462 1223 518; x_wconf 68' lang='lat' dir='ltr'><strong>ludam</strong></span> <span class='ocrx_word' id='word_1_6' title='bbox 1246 463 1546 535; x_wconf 84' lang='lat' dir='ltr'><strong>signiﬁcans</strong></span> <span class='ocrx_word' id='word_1_7' title='bbox 1583 463 1669 535; x_wconf 87' lang='lat' dir='ltr'><strong>qui</strong></span> <span class='ocrx_word' id='word_1_8' title='bbox 1703 462 1917 518; x_wconf 88' lang='lat' dir='ltr'><strong>tradidlt</strong></span> 
     </span>
    </p>
   </div>
   <div class='ocr_carea' id='block_1_3' title="bbox 332 552 1914 626">
    <p class='ocr_par' dir='ltr' id='par_1_3' title="bbox 332 552 1914 626">
     <span class='ocr_line' id='line_1_3' title="bbox 332 552 1914 626; baseline 0.001 -17"><span class='ocrx_word' id='word_1_9' title='bbox 332 569 458 609; x_wconf 87' lang='lat' dir='ltr'><strong>eum</strong></span> <span class='ocrx_word' id='word_1_10' title='bbox 488 570 502 607; x_wconf 91' lang='lat'><strong>:</strong></span> <span class='ocrx_word' id='word_1_11' title='bbox 524 569 590 610; x_wconf 87' lang='lat' dir='ltr'><strong>ex</strong></span> <span class='ocrx_word' id='word_1_12' title='bbox 610 552 713 608; x_wconf 83' lang='lat' dir='ltr'><strong>isto</strong></span> <span class='ocrx_word' id='word_1_13' title='bbox 733 554 927 624; x_wconf 88' lang='lat' dir='ltr'><strong>quippe</strong></span> <span class='ocrx_word' id='word_1_14' title='bbox 952 553 1275 610; x_wconf 87' lang='lat' dir='ltr'><strong>duodenario</strong></span> <span class='ocrx_word' id='word_1_15' title='bbox 1296 570 1516 611; x_wconf 88' lang='lat' dir='ltr'><strong>numero</strong></span> <span class='ocrx_word' id='word_1_16' title='bbox 1536 555 1914 626; x_wconf 77' lang='lat' dir='ltr'><strong>Apostolorum</strong></span> 
     </span>
    </p>
   </div>
   <div class='ocr_carea' id='block_1_4' title="bbox 332 644 1914 716">
    <p class='ocr_par' dir='ltr' id='par_1_4' title="bbox 332 644 1914 716">
     <span class='ocr_line' id='line_1_4' title="bbox 332 644 1914 716; baseline -0.001 -14"><span class='ocrx_word' id='word_1_17' title='bbox 332 646 484 702; x_wconf 83' lang='lat' dir='ltr'><strong>solus</strong></span> <span class='ocrx_word' id='word_1_18' title='bbox 512 644 687 715; x_wconf 88' lang='lat' dir='ltr'><strong>periit.</strong></span> <span class='ocrx_word' id='word_1_19' title='bbox 729 644 932 700; x_wconf 85' lang='lat' dir='ltr'><strong>Deinde</strong></span> <span class='ocrx_word' id='word_1_20' title='bbox 960 645 1230 716; x_wconf 86' lang='lat' dir='ltr'><strong>subjungit</strong></span> <span class='ocrx_word' id='word_1_21' title='bbox 1257 661 1272 699; x_wconf 90' lang='lat'><strong>:</strong></span> <span class='ocrx_word' id='word_1_22' title='bbox 1303 645 1457 700; x_wconf 84' lang='lat' dir='ltr'><strong>Nunc</strong></span> <span class='ocrx_word' id='word_1_23' title='bbox 1482 656 1645 700; x_wconf 88' lang='lat' dir='ltr'><strong>autem</strong></span> <span class='ocrx_word' id='word_1_24' title='bbox 1670 646 1738 699; x_wconf 91' lang='lat' dir='ltr'><strong>ad</strong></span> <span class='ocrx_word' id='word_1_25' title='bbox 1761 655 1809 701; x_wconf 91' lang='lat' dir='ltr'><strong>te</strong></span> <span class='ocrx_word' id='word_1_26' title='bbox 1833 661 1914 701; x_wconf 78' lang='lat' dir='ltr'><strong>re-</strong></span> 
     </span>
    </p>
   </div>
   <div class='ocr_carea' id='block_1_5' title="bbox 343 733 1914 806">
    <p class='ocr_par' dir='ltr' id='par_1_5' title="bbox 343 733 1914 806">
     <span class='ocr_line' id='line_1_5' title="bbox 343 733 1914 806; baseline 0.003 -19"><span class='ocrx_word' id='word_1_27' title='bbox 343 736 442 789; x_wconf 70' lang='lat' dir='ltr'><strong>tia.</strong></span> <span class='ocrx_word' id='word_1_28' title='bbox 465 733 618 791; x_wconf 85' lang='lat' dir='ltr'><strong>Unde</strong></span> <span class='ocrx_word' id='word_1_29' title='bbox 641 734 977 790; x_wconf 82' lang='lat' dir='ltr'><strong>manifestum</strong></span> <span class='ocrx_word' id='word_1_30' title='bbox 1005 744 1088 791; x_wconf 91' lang='lat' dir='ltr'><strong>est</strong></span> <span class='ocrx_word' id='word_1_31' title='bbox 1108 750 1227 791; x_wconf 91' lang='lat' dir='ltr'><strong>eum</strong></span> <span class='ocrx_word' id='word_1_32' title='bbox 1245 735 1312 791; x_wconf 92' lang='lat' dir='ltr'><strong>de</strong></span> <span class='ocrx_word' id='word_1_33' title='bbox 1331 737 1595 806; x_wconf 90' lang='lat' dir='ltr'><strong>corporali</strong></span> <span class='ocrx_word' id='word_1_34' title='bbox 1609 751 1703 791; x_wconf 92' lang='lat' dir='ltr'><strong>sua</strong></span> <span class='ocrx_word' id='word_1_35' title='bbox 1716 736 1914 792; x_wconf 84' lang='lat' dir='ltr'><strong>dixisse</strong></span> 
     </span>
    </p>
   </div>
   <div class='ocr_carea' id='block_1_6' title="bbox 335 824 1914 899">
    <p class='ocr_par' dir='ltr' id='par_1_6' title="bbox 335 824 1914 899">
     <span class='ocr_line' id='line_1_6' title="bbox 335 824 1914 899; baseline 0.001 -18"><span class='ocrx_word' id='word_1_36' title='bbox 335 826 641 897; x_wconf 70' lang='lat' dir='ltr'><strong>praesentia,</strong></span> <span class='ocrx_word' id='word_1_37' title='bbox 664 824 790 885; x_wconf 84' lang='lat' dir='ltr'><strong>Cum</strong></span> <span class='ocrx_word' id='word_1_38' title='bbox 817 842 975 881; x_wconf 83' lang='lat' dir='ltr'><strong>essent</strong></span> <span class='ocrx_word' id='word_1_39' title='bbox 1002 842 1116 880; x_wconf 84' lang='lat' dir='ltr'><strong>cum</strong></span> <span class='ocrx_word' id='word_1_40' title='bbox 1142 828 1234 894; x_wconf 88' lang='lat' dir='ltr'><strong>eis,</strong></span> <span class='ocrx_word' id='word_1_41' title='bbox 1267 843 1355 899; x_wconf 86' lang='lat' dir='ltr'><strong>ego</strong></span> <span class='ocrx_word' id='word_1_42' title='bbox 1380 827 1636 882; x_wconf 86' lang='lat' dir='ltr'><strong>servabam</strong></span> <span class='ocrx_word' id='word_1_43' title='bbox 1674 843 1775 893; x_wconf 89' lang='lat' dir='ltr'><strong>eos,</strong></span> <span class='ocrx_word' id='word_1_44' title='bbox 1815 842 1914 882; x_wconf 88' lang='lat' dir='ltr'><strong>ve-</strong></span> 
     </span>
    </p>
   </div>
   <div class='ocr_carea' id='block_1_7' title="bbox 334 917 1917 990">
    <p class='ocr_par' dir='ltr' id='par_1_7' title="bbox 334 917 1917 990">
     <span class='ocr_line' id='line_1_7' title="bbox 334 917 1917 990; baseline 0 -15"><span class='ocrx_word' id='word_1_45' title='bbox 334 918 432 975; x_wconf 88' lang='lat' dir='ltr'><strong>luti</strong></span> <span class='ocrx_word' id='word_1_46' title='bbox 452 918 563 989; x_wconf 81' lang='lat' dir='ltr'><strong>jam</strong></span> <span class='ocrx_word' id='word_1_47' title='bbox 589 932 711 974; x_wconf 89' lang='lat' dir='ltr'><strong>cum</strong></span> <span class='ocrx_word' id='word_1_48' title='bbox 754 917 834 975; x_wconf 89' lang='lat' dir='ltr'><strong>eis</strong></span> <span class='ocrx_word' id='word_1_49' title='bbox 874 933 938 975; x_wconf 89' lang='lat' dir='ltr'><strong>ea</strong></span> <span class='ocrx_word' id='word_1_50' title='bbox 981 920 1261 990; x_wconf 75' lang='lat' dir='ltr'><strong>praesentia</strong></span> <span class='ocrx_word' id='word_1_51' title='bbox 1305 934 1409 974; x_wconf 89' lang='lat' dir='ltr'><strong>non</strong></span> <span class='ocrx_word' id='word_1_52' title='bbox 1450 928 1609 974; x_wconf 82' lang='lat' dir='ltr'><strong>esset.</strong></span> <span class='ocrx_word' id='word_1_53' title='bbox 1649 919 1730 973; x_wconf 86' lang='lat' dir='ltr'><strong>Eo</strong></span> <span class='ocrx_word' id='word_1_54' title='bbox 1758 918 1917 975; x_wconf 90' lang='lat' dir='ltr'><strong>modo</strong></span> 
     </span>
    </p>
   </div>
   <div class='ocr_carea' id='block_1_8' title="bbox 335 1008 1915 1083">
    <p class='ocr_par' dir='ltr' id='par_1_8' title="bbox 335 1008 1915 1083">
     <span class='ocr_line' id='line_1_8' title="bbox 335 1008 1915 1083; baseline -0.002 -15"><span class='ocrx_word' id='word_1_55' title='bbox 335 1014 481 1068; x_wconf 85' lang='lat' dir='ltr'><strong>enim</strong></span> <span class='ocrx_word' id='word_1_56' title='bbox 510 1011 807 1083; x_wconf 76' lang='lat' dir='ltr'><strong>signiﬁcare</strong></span> <span class='ocrx_word' id='word_1_57' title='bbox 830 1012 998 1067; x_wconf 88' lang='lat' dir='ltr'><strong>voluit</strong></span> <span class='ocrx_word' id='word_1_58' title='bbox 1033 1013 1399 1068; x_wconf 86' lang='lat' dir='ltr'><strong>ascensionem</strong></span> <span class='ocrx_word' id='word_1_59' title='bbox 1428 1025 1579 1066; x_wconf 89' lang='lat' dir='ltr'><strong>suam</strong></span> <span class='ocrx_word' id='word_1_60' title='bbox 1606 1026 1729 1066; x_wconf 82' lang='lat' dir='ltr'><strong>mox</strong></span> <span class='ocrx_word' id='word_1_61' title='bbox 1769 1008 1915 1065; x_wconf 86' lang='lat' dir='ltr'><strong>futu-</strong></span> 
     </span>
    </p>
   </div>
   <div class='ocr_carea' id='block_1_9' title="bbox 334 1100 1916 1173">
    <p class='ocr_par' dir='ltr' id='par_1_9' title="bbox 334 1100 1916 1173">
     <span class='ocr_line' id='line_1_9' title="bbox 334 1100 1916 1173; baseline 0.001 -17"><span class='ocrx_word' id='word_1_62' title='bbox 334 1116 452 1156; x_wconf 86' lang='lat' dir='ltr'><strong>ram</strong></span> <span class='ocrx_word' id='word_1_63' title='bbox 474 1141 489 1167; x_wconf 91' lang='lat'><strong>,</strong></span> <span class='ocrx_word' id='word_1_64' title='bbox 524 1101 594 1157; x_wconf 92' lang='lat' dir='ltr'><strong>de</strong></span> <span class='ocrx_word' id='word_1_65' title='bbox 619 1117 722 1173; x_wconf 89' lang='lat' dir='ltr'><strong>qua</strong></span> <span class='ocrx_word' id='word_1_66' title='bbox 759 1100 913 1171; x_wconf 81' lang='lat' dir='ltr'><strong>dixit,</strong></span> <span class='ocrx_word' id='word_1_67' title='bbox 960 1101 1113 1156; x_wconf 87' lang='lat' dir='ltr'><strong>Nunc</strong></span> <span class='ocrx_word' id='word_1_68' title='bbox 1138 1111 1305 1156; x_wconf 89' lang='lat' dir='ltr'><strong>autem</strong></span> <span class='ocrx_word' id='word_1_69' title='bbox 1333 1100 1401 1156; x_wconf 88' lang='lat' dir='ltr'><strong>ad</strong></span> <span class='ocrx_word' id='word_1_70' title='bbox 1436 1111 1484 1157; x_wconf 88' lang='lat' dir='ltr'><strong>te</strong></span> <span class='ocrx_word' id='word_1_71' title='bbox 1521 1102 1663 1157; x_wconf 85' lang='lat' dir='ltr'><strong>venio</strong></span> <span class='ocrx_word' id='word_1_72' title='bbox 1702 1101 1916 1157; x_wconf 87' lang='lat' dir='ltr'><strong>:iturus</strong></span> 
     </span>
    </p>
   </div>
   <div class='ocr_carea' id='block_1_10' title="bbox 334 1191 1918 1261">
    <p class='ocr_par' dir='ltr' id='par_1_10' title="bbox 334 1191 1918 1261">
     <span class='ocr_line' id='line_1_10' title="bbox 334 1191 1918 1261; baseline 0.001 -16"><span class='ocrx_word' id='word_1_73' title='bbox 334 1192 520 1261; x_wconf 89' lang='lat' dir='ltr'><strong>utique</strong></span> <span class='ocrx_word' id='word_1_74' title='bbox 563 1192 630 1247; x_wconf 91' lang='lat' dir='ltr'><strong>ad</strong></span> <span class='ocrx_word' id='word_1_75' title='bbox 670 1191 942 1247; x_wconf 76' lang='lat' dir='ltr'><strong>dexteram</strong></span> <span class='ocrx_word' id='word_1_76' title='bbox 984 1193 1187 1260; x_wconf 78' lang='lat' dir='ltr'><strong>Patris;</strong></span> <span class='ocrx_word' id='word_1_77' title='bbox 1236 1193 1376 1250; x_wconf 91' lang='lat' dir='ltr'><strong>unde</strong></span> <span class='ocrx_word' id='word_1_78' title='bbox 1421 1201 1674 1249; x_wconf 85' lang='lat' dir='ltr'><strong>venturus</strong></span> <span class='ocrx_word' id='word_1_79' title='bbox 1720 1202 1803 1249; x_wconf 88' lang='lat' dir='ltr'><strong>est</strong></span> <span class='ocrx_word' id='word_1_80' title='bbox 1849 1192 1918 1247; x_wconf 89' lang='lat' dir='ltr'><strong>ad</strong></span> 
     </span>
    </p>
   </div>
   <div class='ocr_carea' id='block_1_11' title="bbox 333 1283 1918 1357">
    <p class='ocr_par' dir='ltr' id='par_1_11' title="bbox 333 1283 1918 1357">
     <span class='ocr_line' id='line_1_11' title="bbox 333 1283 1918 1357; baseline 0.002 -19"><span class='ocrx_word' id='word_1_81' title='bbox 333 1283 487 1339; x_wconf 86' lang='lat' dir='ltr'><strong>vivos</strong></span> <span class='ocrx_word' id='word_1_82' title='bbox 512 1293 568 1339; x_wconf 89' lang='lat' dir='ltr'><strong>et</strong></span> <span class='ocrx_word' id='word_1_83' title='bbox 593 1293 831 1340; x_wconf 90' lang='lat' dir='ltr'><strong>mortuos</strong></span> <span class='ocrx_word' id='word_1_84' title='bbox 850 1285 1169 1356; x_wconf 86' lang='lat' dir='ltr'><strong>judicandos</strong></span> <span class='ocrx_word' id='word_1_85' title='bbox 1201 1287 1483 1357; x_wconf 71' lang='lat' dir='ltr'><strong>praesentia</strong></span> <span class='ocrx_word' id='word_1_86' title='bbox 1513 1285 1694 1342; x_wconf 88' lang='lat' dir='ltr'><strong>itidem</strong></span> <span class='ocrx_word' id='word_1_87' title='bbox 1723 1300 1918 1355; x_wconf 88' lang='lat' dir='ltr'><strong>corpo-</strong></span> 
     </span>
    </p>
   </div>
   <div class='ocr_carea' id='block_1_12' title="bbox 331 1374 1917 1448">
    <p class='ocr_par' dir='ltr' id='par_1_12' title="bbox 331 1374 1917 1448">
     <span class='ocr_line' id='line_1_12' title="bbox 331 1374 1917 1448; baseline 0.003 -19"><span class='ocrx_word' id='word_1_88' title='bbox 331 1374 432 1429; x_wconf 85' lang='lat' dir='ltr'><strong>rali</strong></span> <span class='ocrx_word' id='word_1_89' title='bbox 456 1417 470 1438; x_wconf 91' lang='lat'><strong>,</strong></span> <span class='ocrx_word' id='word_1_90' title='bbox 499 1374 789 1430; x_wconf 90' lang='lat' dir='ltr'><strong>secundum</strong></span> <span class='ocrx_word' id='word_1_91' title='bbox 826 1375 949 1431; x_wconf 82' lang='lat' dir='ltr'><strong>ﬁdei</strong></span> <span class='ocrx_word' id='word_1_92' title='bbox 976 1378 1211 1448; x_wconf 86' lang='lat' dir='ltr'><strong>regulam</strong></span> <span class='ocrx_word' id='word_1_93' title='bbox 1241 1391 1529 1447; x_wconf 87' lang='lat' dir='ltr'><strong>sanamque</strong></span> <span class='ocrx_word' id='word_1_94' title='bbox 1568 1376 1862 1431; x_wconf 84' lang='lat' dir='ltr'><strong>doctrinam</strong></span> <span class='ocrx_word' id='word_1_95' title='bbox 1900 1393 1917 1433; x_wconf 85' lang='lat'><strong>:</strong></span> 
     </span>
    </p>
   </div>
   <div class='ocr_carea' id='block_1_13' title="bbox 334 1466 1917 1538">
    <p class='ocr_par' dir='ltr' id='par_1_13' title="bbox 334 1466 1917 1538">
     <span class='ocr_line' id='line_1_13' title="bbox 334 1466 1917 1538; baseline 0 -17"><span class='ocrx_word' id='word_1_96' title='bbox 334 1482 463 1521; x_wconf 89' lang='lat' dir='ltr'><strong>nam</strong></span> <span class='ocrx_word' id='word_1_97' title='bbox 520 1468 802 1538; x_wconf 70' lang='lat' dir='ltr'><strong>praesentia</strong></span> <span class='ocrx_word' id='word_1_98' title='bbox 854 1468 1112 1537; x_wconf 89' lang='lat' dir='ltr'><strong>spirituali</strong></span> <span class='ocrx_word' id='word_1_99' title='bbox 1163 1484 1283 1524; x_wconf 91' lang='lat' dir='ltr'><strong>cum</strong></span> <span class='ocrx_word' id='word_1_100' title='bbox 1331 1469 1411 1525; x_wconf 91' lang='lat' dir='ltr'><strong>eis</strong></span> <span class='ocrx_word' id='word_1_101' title='bbox 1455 1476 1569 1524; x_wconf 89' lang='lat' dir='ltr'><strong>erat</strong></span> <span class='ocrx_word' id='word_1_102' title='bbox 1614 1468 1793 1538; x_wconf 86' lang='lat' dir='ltr'><strong>utique</strong></span> <span class='ocrx_word' id='word_1_103' title='bbox 1832 1466 1917 1522; x_wconf 81' lang='lat' dir='ltr'><strong>fu-</strong></span> 
     </span>
    </p>
   </div>
   <div class='ocr_carea' id='block_1_14' title="bbox 335 1559 1918 1627">
    <p class='ocr_par' dir='ltr' id='par_1_14' title="bbox 335 1559 1918 1627">
     <span class='ocr_line' id='line_1_14' title="bbox 335 1559 1918 1627; baseline 0.002 -17"><span class='ocrx_word' id='word_1_104' title='bbox 335 1565 489 1611; x_wconf 88' lang='lat' dir='ltr'><strong>turus</strong></span> <span class='ocrx_word' id='word_1_105' title='bbox 538 1566 660 1627; x_wconf 88' lang='lat' dir='ltr'><strong>post</strong></span> <span class='ocrx_word' id='word_1_106' title='bbox 694 1560 1058 1614; x_wconf 88' lang='lat' dir='ltr'><strong>ascensionem</strong></span> <span class='ocrx_word' id='word_1_107' title='bbox 1098 1574 1282 1627; x_wconf 90' lang='lat' dir='ltr'><strong>suam,</strong></span> <span class='ocrx_word' id='word_1_108' title='bbox 1319 1568 1371 1615; x_wconf 87' lang='lat' dir='ltr'><strong>et</strong></span> <span class='ocrx_word' id='word_1_109' title='bbox 1399 1575 1520 1614; x_wconf 91' lang='lat' dir='ltr'><strong>cum</strong></span> <span class='ocrx_word' id='word_1_110' title='bbox 1551 1567 1658 1614; x_wconf 88' lang='lat' dir='ltr'><strong>tota</strong></span> <span class='ocrx_word' id='word_1_111' title='bbox 1679 1559 1918 1614; x_wconf 82' lang='lat' dir='ltr'><strong>Ecclesia</strong></span> 
     </span>
    </p>
   </div>
   <div class='ocr_carea' id='block_1_15' title="bbox 334 1649 1918 1722">
    <p class='ocr_par' dir='ltr' id='par_1_15' title="bbox 334 1649 1918 1722">
     <span class='ocr_line' id='line_1_15' title="bbox 334 1649 1918 1722; baseline 0.002 -19"><span class='ocrx_word' id='word_1_112' title='bbox 334 1665 432 1703; x_wconf 89' lang='lat' dir='ltr'><strong>sua</strong></span> <span class='ocrx_word' id='word_1_113' title='bbox 464 1650 514 1703; x_wconf 91' lang='lat' dir='ltr'><strong>in</strong></span> <span class='ocrx_word' id='word_1_114' title='bbox 542 1649 643 1705; x_wconf 92' lang='lat' dir='ltr'><strong>hoc</strong></span> <span class='ocrx_word' id='word_1_115' title='bbox 666 1651 866 1706; x_wconf 91' lang='lat' dir='ltr'><strong>mundo</strong></span> <span class='ocrx_word' id='word_1_116' title='bbox 892 1667 1059 1722; x_wconf 91' lang='lat' dir='ltr'><strong>usque</strong></span> <span class='ocrx_word' id='word_1_117' title='bbox 1089 1653 1141 1707; x_wconf 94' lang='lat' dir='ltr'><strong>in</strong></span> <span class='ocrx_word' id='word_1_118' title='bbox 1180 1652 1695 1707; x_wconf 89' lang='lat' dir='ltr'><strong>consummationem</strong></span> <span class='ocrx_word' id='word_1_119' title='bbox 1737 1652 1918 1707; x_wconf 66' lang='lat' dir='ltr'><strong>saeculi</strong></span> 
     </span>
    </p>
   </div>
   <div class='ocr_carea' id='block_1_16' title="bbox 335 1741 1920 1816">
    <p class='ocr_par' dir='ltr' id='par_1_16' title="bbox 335 1741 1920 1816">
     <span class='ocr_line' id='line_1_16' title="bbox 335 1741 1920 1816; baseline 0.003 -22"><span class='ocrx_word' id='word_1_120' title='bbox 335 1741 549 1810; x_wconf 73' lang='lat' dir='ltr'><strong>(Matth.</strong></span> <span class='ocrx_word' id='word_1_121' title='bbox 578 1758 760 1811; x_wconf 82' lang='lat' dir='ltr'><strong>xxvut,</strong></span> <span class='ocrx_word' id='word_1_122' title='bbox 782 1742 896 1816; x_wconf 75' lang='lat'><strong>20).</strong></span> <span class='ocrx_word' id='word_1_123' title='bbox 928 1744 1040 1798; x_wconf 88' lang='lat' dir='ltr'><strong>Non</strong></span> <span class='ocrx_word' id='word_1_124' title='bbox 1083 1745 1257 1814; x_wconf 87' lang='lat' dir='ltr'><strong>itaque</strong></span> <span class='ocrx_word' id='word_1_125' title='bbox 1285 1751 1431 1800; x_wconf 86' lang='lat' dir='ltr'><strong>recte</strong></span> <span class='ocrx_word' id='word_1_126' title='bbox 1460 1743 1823 1814; x_wconf 87' lang='lat' dir='ltr'><strong>intelliguntur</strong></span> <span class='ocrx_word' id='word_1_127' title='bbox 1852 1741 1920 1798; x_wconf 87' lang='lat' dir='ltr'><strong>de</strong></span> 
     </span>
    </p>
   </div>
   <div class='ocr_carea' id='block_1_17' title="bbox 332 1832 1916 1906">
    <p class='ocr_par' dir='ltr' id='par_1_17' title="bbox 332 1832 1916 1906">
     <span class='ocr_line' id='line_1_17' title="bbox 332 1832 1916 1906; baseline 0.003 -21"><span class='ocrx_word' id='word_1_128' title='bbox 332 1832 528 1901; x_wconf 87' lang='lat' dir='ltr'><strong>quibus</strong></span> <span class='ocrx_word' id='word_1_129' title='bbox 557 1834 771 1901; x_wconf 79' lang='lat' dir='ltr'><strong>dixerit,</strong></span> <span class='ocrx_word' id='word_1_130' title='bbox 798 1833 924 1888; x_wconf 84' lang='lat' dir='ltr'><strong>Cant</strong></span> <span class='ocrx_word' id='word_1_131' title='bbox 953 1851 1112 1889; x_wconf 84' lang='lat' dir='ltr'><strong>essem</strong></span> <span class='ocrx_word' id='word_1_132' title='bbox 1140 1851 1252 1889; x_wconf 88' lang='lat' dir='ltr'><strong>cum</strong></span> <span class='ocrx_word' id='word_1_133' title='bbox 1274 1835 1365 1902; x_wconf 87' lang='lat' dir='ltr'><strong>eis,</strong></span> <span class='ocrx_word' id='word_1_134' title='bbox 1384 1851 1475 1906; x_wconf 88' lang='lat' dir='ltr'><strong>ego</strong></span> <span class='ocrx_word' id='word_1_135' title='bbox 1498 1835 1756 1889; x_wconf 85' lang='lat' dir='ltr'><strong>servabam</strong></span> <span class='ocrx_word' id='word_1_136' title='bbox 1780 1834 1916 1901; x_wconf 86' lang='lat' dir='ltr'><strong>illos,</strong></span> 
     </span>
    </p>
   </div>
   <div class='ocr_carea' id='block_1_18' title="bbox 335 1923 1921 1998">
    <p class='ocr_par' dir='ltr' id='par_1_18' title="bbox 335 1923 1921 1998">
     <span class='ocr_line' id='line_1_18' title="bbox 335 1923 1921 1998; baseline 0.003 -22"><span class='ocrx_word' id='word_1_137' title='bbox 335 1923 439 1977; x_wconf 84' lang='lat' dir='ltr'><strong>nisi</strong></span> <span class='ocrx_word' id='word_1_138' title='bbox 463 1924 513 1978; x_wconf 89' lang='lat' dir='ltr'><strong>hi</strong></span> <span class='ocrx_word' id='word_1_139' title='bbox 535 1940 667 1995; x_wconf 92' lang='lat' dir='ltr'><strong>quos</strong></span> <span class='ocrx_word' id='word_1_140' title='bbox 683 1926 735 1980; x_wconf 91' lang='lat' dir='ltr'><strong>in</strong></span> <span class='ocrx_word' id='word_1_141' title='bbox 760 1940 818 1980; x_wconf 91' lang='lat' dir='ltr'><strong>se</strong></span> <span class='ocrx_word' id='word_1_142' title='bbox 839 1926 1120 1982; x_wconf 86' lang='lat' dir='ltr'><strong>credentes</strong></span> <span class='ocrx_word' id='word_1_143' title='bbox 1147 1942 1364 1983; x_wconf 87' lang='lat' dir='ltr'><strong>servare</strong></span> <span class='ocrx_word' id='word_1_144' title='bbox 1386 1926 1495 1998; x_wconf 90' lang='lat' dir='ltr'><strong>jam</strong></span> <span class='ocrx_word' id='word_1_145' title='bbox 1522 1933 1757 1996; x_wconf 85' lang='lat' dir='ltr'><strong>coeperat</strong></span> <span class='ocrx_word' id='word_1_146' title='bbox 1786 1941 1921 1996; x_wconf 79' lang='lat' dir='ltr'><strong>prae-</strong></span> 
     </span>
    </p>
   </div>
   <div class='ocr_carea' id='block_1_19' title="bbox 336 2015 1920 2088">
    <p class='ocr_par' dir='ltr' id='par_1_19' title="bbox 336 2015 1920 2088">
     <span class='ocr_line' id='line_1_19' title="bbox 336 2015 1920 2088; baseline 0.004 -21"><span class='ocrx_word' id='word_1_147' title='bbox 336 2015 508 2068; x_wconf 80' lang='lat' dir='ltr'><strong>sentin</strong></span> <span class='ocrx_word' id='word_1_148' title='bbox 539 2017 823 2085; x_wconf 87' lang='lat' dir='ltr'><strong>corporali,</strong></span> <span class='ocrx_word' id='word_1_149' title='bbox 866 2024 920 2072; x_wconf 93' lang='lat' dir='ltr'><strong>et</strong></span> <span class='ocrx_word' id='word_1_150' title='bbox 969 2032 1103 2088; x_wconf 89' lang='lat' dir='ltr'><strong>quos</strong></span> <span class='ocrx_word' id='word_1_151' title='bbox 1145 2018 1427 2075; x_wconf 89' lang='lat' dir='ltr'><strong>relicturus</strong></span> <span class='ocrx_word' id='word_1_152' title='bbox 1473 2017 1647 2074; x_wconf 81' lang='lat' dir='ltr'><strong>fuerat</strong></span> <span class='ocrx_word' id='word_1_153' title='bbox 1680 2018 1920 2074; x_wconf 84' lang='lat' dir='ltr'><strong>absentia</strong></span> 
     </span>
    </p>
   </div>
   <div class='ocr_carea' id='block_1_20' title="bbox 333 2107 1919 2181">
    <p class='ocr_par' dir='ltr' id='par_1_20' title="bbox 333 2107 1919 2181">
     <span class='ocr_line' id='line_1_20' title="bbox 333 2107 1919 2181; baseline 0.003 -21"><span class='ocrx_word' id='word_1_154' title='bbox 333 2107 622 2176; x_wconf 84' lang='lat' dir='ltr'><strong>corporali,</strong></span> <span class='ocrx_word' id='word_1_155' title='bbox 651 2119 706 2163; x_wconf 91' lang='lat' dir='ltr'><strong>ut</strong></span> <span class='ocrx_word' id='word_1_156' title='bbox 732 2123 827 2164; x_wconf 91' lang='lat' dir='ltr'><strong>eos</strong></span> <span class='ocrx_word' id='word_1_157' title='bbox 853 2124 975 2164; x_wconf 91' lang='lat' dir='ltr'><strong>eum</strong></span> <span class='ocrx_word' id='word_1_158' title='bbox 1005 2110 1163 2166; x_wconf 89' lang='lat' dir='ltr'><strong>Patre</strong></span> <span class='ocrx_word' id='word_1_159' title='bbox 1187 2118 1427 2166; x_wconf 80' lang='lat' dir='ltr'><strong>servaret</strong></span> <span class='ocrx_word' id='word_1_160' title='bbox 1454 2111 1733 2181; x_wconf 69' lang='lat' dir='ltr'><strong>praesentia</strong></span> <span class='ocrx_word' id='word_1_161' title='bbox 1759 2110 1919 2181; x_wconf 91' lang='lat' dir='ltr'><strong>spiri-</strong></span> 
     </span>
    </p>
   </div>
   <div class='ocr_carea' id='block_1_21' title="bbox 335 2197 1918 2271">
    <p class='ocr_par' dir='ltr' id='par_1_21' title="bbox 335 2197 1918 2271">
     <span class='ocr_line' id='line_1_21' title="bbox 335 2197 1918 2271; baseline 0.004 -21"><span class='ocrx_word' id='word_1_162' title='bbox 335 2197 485 2251; x_wconf 86' lang='lat' dir='ltr'><strong>tuali.</strong></span> <span class='ocrx_word' id='word_1_163' title='bbox 520 2198 648 2253; x_wconf 88' lang='lat' dir='ltr'><strong>Post</strong></span> <span class='ocrx_word' id='word_1_164' title='bbox 677 2214 802 2254; x_wconf 90' lang='lat' dir='ltr'><strong>vero</strong></span> <span class='ocrx_word' id='word_1_165' title='bbox 826 2200 1063 2271; x_wconf 80' lang='lat' dir='ltr'><strong>udjnngit</strong></span> <span class='ocrx_word' id='word_1_166' title='bbox 1100 2210 1154 2257; x_wconf 90' lang='lat' dir='ltr'><strong>et</strong></span> <span class='ocrx_word' id='word_1_167' title='bbox 1182 2210 1405 2257; x_wconf 71' lang='lat' dir='ltr'><strong>cancros</strong></span> <span class='ocrx_word' id='word_1_168' title='bbox 1442 2216 1588 2270; x_wconf 91' lang='lat' dir='ltr'><strong>suos,</strong></span> <span class='ocrx_word' id='word_1_169' title='bbox 1621 2202 1710 2257; x_wconf 92' lang='lat' dir='ltr'><strong>ubi</strong></span> <span class='ocrx_word' id='word_1_170' title='bbox 1742 2201 1871 2257; x_wconf 91' lang='lat' dir='ltr'><strong>dicit</strong></span> <span class='ocrx_word' id='word_1_171' title='bbox 1904 2219 1918 2257; x_wconf 90' lang='lat'>:</span> 
     </span>
    </p>
   </div>
   <div class='ocr_carea' id='block_1_22' title="bbox 336 2286 1917 2364">
    <p class='ocr_par' dir='ltr' id='par_1_22' title="bbox 336 2286 1917 2364">
     <span class='ocr_line' id='line_1_22' title="bbox 336 2286 1917 2364; baseline 0.003 -23"><span class='ocrx_word' id='word_1_172' title='bbox 336 2286 460 2342; x_wconf 83' lang='lat' dir='ltr'><strong>Non</strong></span> <span class='ocrx_word' id='word_1_173' title='bbox 487 2302 579 2360; x_wconf 81' lang='lat' dir='ltr'><strong>pro</strong></span> <span class='ocrx_word' id='word_1_174' title='bbox 606 2291 683 2344; x_wconf 80' lang='lat' dir='ltr'><strong>Itis</strong></span> <span class='ocrx_word' id='word_1_175' title='bbox 708 2299 876 2345; x_wconf 88' lang='lat' dir='ltr'><strong>autem</strong></span> <span class='ocrx_word' id='word_1_176' title='bbox 909 2308 1030 2363; x_wconf 89' lang='lat' dir='ltr'><strong>rogo</strong></span> <span class='ocrx_word' id='word_1_177' title='bbox 1056 2300 1269 2358; x_wconf 88' lang='lat' dir='ltr'><strong>tantunt,</strong></span> <span class='ocrx_word' id='word_1_178' title='bbox 1294 2290 1384 2347; x_wconf 90' lang='lat' dir='ltr'><strong>sed</strong></span> <span class='ocrx_word' id='word_1_179' title='bbox 1413 2301 1459 2346; x_wconf 89' lang='lat' dir='ltr'><strong>et</strong></span> <span class='ocrx_word' id='word_1_180' title='bbox 1484 2307 1576 2363; x_wconf 87' lang='lat' dir='ltr'><strong>pro</strong></span> <span class='ocrx_word' id='word_1_181' title='bbox 1597 2292 1674 2346; x_wconf 83' lang='lat' dir='ltr'><strong>his</strong></span> <span class='ocrx_word' id='word_1_182' title='bbox 1701 2291 1788 2364; x_wconf 85' lang='lat' dir='ltr'><strong>qui</strong></span> <span class='ocrx_word' id='word_1_183' title='bbox 1807 2308 1917 2346; x_wconf 82' lang='lat' dir='ltr'><strong>cre-</strong></span> 
     </span>
    </p>
   </div>
   <div class='ocr_carea' id='block_1_23' title="bbox 336 2379 1920 2454">
    <p class='ocr_par' dir='ltr' id='par_1_23' title="bbox 336 2379 1920 2454">
     <span class='ocr_line' id='line_1_23' title="bbox 336 2379 1920 2454; baseline 0.004 -21"><span class='ocrx_word' id='word_1_184' title='bbox 336 2379 497 2434; x_wconf 83' lang='lat' dir='ltr'><strong>dituri</strong></span> <span class='ocrx_word' id='word_1_185' title='bbox 540 2390 656 2436; x_wconf 86' lang='lat' dir='ltr'><strong>sunt</strong></span> <span class='ocrx_word' id='word_1_186' title='bbox 694 2399 784 2454; x_wconf 89' lang='lat' dir='ltr'><strong>per</strong></span> <span class='ocrx_word' id='word_1_187' title='bbox 823 2382 1025 2438; x_wconf 81' lang='lat' dir='ltr'><strong>verbum</strong></span> <span class='ocrx_word' id='word_1_188' title='bbox 1062 2399 1233 2438; x_wconf 87' lang='lat' dir='ltr'><strong>eorum</strong></span> <span class='ocrx_word' id='word_1_189' title='bbox 1256 2384 1307 2437; x_wconf 91' lang='lat' dir='ltr'><strong>in</strong></span> <span class='ocrx_word' id='word_1_190' title='bbox 1333 2400 1430 2438; x_wconf 90' lang='lat' dir='ltr'><strong>me.</strong></span> <span class='ocrx_word' id='word_1_191' title='bbox 1461 2382 1559 2439; x_wconf 87' lang='lat' dir='ltr'><strong>Ubi</strong></span> <span class='ocrx_word' id='word_1_192' title='bbox 1590 2382 1920 2439; x_wconf 83' lang='lat' dir='ltr'><strong>manifestius</strong></span> 
     </span>
    </p>
   </div>
   <div class='ocr_carea' id='block_1_24' title="bbox 336 2473 1920 2545">
    <p class='ocr_par' dir='ltr' id='par_1_24' title="bbox 336 2473 1920 2545">
     <span class='ocr_line' id='line_1_24' title="bbox 336 2473 1920 2545; baseline 0.003 -20"><span class='ocrx_word' id='word_1_193' title='bbox 336 2473 571 2528; x_wconf 90' lang='lat' dir='ltr'><strong>ostendit</strong></span> <span class='ocrx_word' id='word_1_194' title='bbox 594 2473 734 2544; x_wconf 85' lang='lat' dir='ltr'><strong>quod</strong></span> <span class='ocrx_word' id='word_1_195' title='bbox 771 2489 879 2529; x_wconf 93' lang='lat' dir='ltr'><strong>non</strong></span> <span class='ocrx_word' id='word_1_196' title='bbox 903 2474 969 2530; x_wconf 91' lang='lat' dir='ltr'><strong>de</strong></span> <span class='ocrx_word' id='word_1_197' title='bbox 989 2475 1238 2531; x_wconf 90' lang='lat' dir='ltr'><strong>omnibus</strong></span> <span class='ocrx_word' id='word_1_198' title='bbox 1272 2475 1339 2529; x_wconf 87' lang='lat' dir='ltr'><strong>ad</strong></span> <span class='ocrx_word' id='word_1_199' title='bbox 1379 2490 1501 2531; x_wconf 91' lang='lat' dir='ltr'><strong>eum</strong></span> <span class='ocrx_word' id='word_1_200' title='bbox 1530 2475 1920 2545; x_wconf 86' lang='lat' dir='ltr'><strong>pertinentibus</strong></span> 
     </span>
    </p>
   </div>
   <div class='ocr_carea' id='block_1_25' title="bbox 336 2562 1922 2637">
    <p class='ocr_par' dir='ltr' id='par_1_25' title="bbox 336 2562 1922 2637">
     <span class='ocr_line' id='line_1_25' title="bbox 336 2562 1922 2637; baseline 0.001 -20"><span class='ocrx_word' id='word_1_201' title='bbox 336 2562 582 2634; x_wconf 82' lang='lat' dir='ltr'><strong>superius</strong></span> <span class='ocrx_word' id='word_1_202' title='bbox 626 2565 950 2635; x_wconf 87' lang='lat' dir='ltr'><strong>loqueretur,</strong></span> <span class='ocrx_word' id='word_1_203' title='bbox 994 2565 1062 2621; x_wconf 91' lang='lat' dir='ltr'><strong>ab</strong></span> <span class='ocrx_word' id='word_1_204' title='bbox 1102 2580 1168 2622; x_wconf 89' lang='lat' dir='ltr'><strong>eo</strong></span> <span class='ocrx_word' id='word_1_205' title='bbox 1205 2565 1324 2620; x_wconf 89' lang='lat' dir='ltr'><strong>loco</strong></span> <span class='ocrx_word' id='word_1_206' title='bbox 1353 2565 1441 2620; x_wconf 87' lang='lat' dir='ltr'><strong>ubi</strong></span> <span class='ocrx_word' id='word_1_207' title='bbox 1470 2565 1563 2629; x_wconf 90' lang='lat' dir='ltr'><strong>ait,</strong></span> <span class='ocrx_word' id='word_1_208' title='bbox 1594 2564 1922 2637; x_wconf 76' lang='lat' dir='ltr'><strong>Manifestavi</strong></span> 
     </span>
    </p>
   </div>
   <div class='ocr_carea' id='block_1_26' title="bbox 334 2658 1919 2730">
    <p class='ocr_par' dir='ltr' id='par_1_26' title="bbox 334 2658 1919 2730">
     <span class='ocr_line' id='line_1_26' title="bbox 334 2658 1919 2730; baseline 0.004 -21"><span class='ocrx_word' id='word_1_209' title='bbox 334 2672 516 2711; x_wconf 86' lang='lat' dir='ltr'><strong>nomen</strong></span> <span class='ocrx_word' id='word_1_210' title='bbox 548 2667 687 2711; x_wconf 89' lang='lat' dir='ltr'><strong>tuum</strong></span> <span class='ocrx_word' id='word_1_211' title='bbox 716 2658 1016 2727; x_wconf 80' lang='lat' dir='ltr'><strong>hominibus,</strong></span> <span class='ocrx_word' id='word_1_212' title='bbox 1046 2675 1168 2730; x_wconf 88' lang='lat' dir='ltr'><strong>quos</strong></span> <span class='ocrx_word' id='word_1_213' title='bbox 1198 2659 1381 2714; x_wconf 88' lang='lat' dir='ltr'><strong>dedisti</strong></span> <span class='ocrx_word' id='word_1_214' title='bbox 1412 2658 1570 2723; x_wconf 78' lang='lat' dir='ltr'><strong>mihi;</strong></span> <span class='ocrx_word' id='word_1_215' title='bbox 1604 2658 1698 2714; x_wconf 90' lang='lat' dir='ltr'><strong>sed</strong></span> <span class='ocrx_word' id='word_1_216' title='bbox 1732 2658 1799 2715; x_wconf 89' lang='lat' dir='ltr'><strong>de</strong></span> <span class='ocrx_word' id='word_1_217' title='bbox 1837 2659 1919 2715; x_wconf 85' lang='lat' dir='ltr'><strong>his</strong></span> 
     </span>
    </p>
   </div>
   <div class='ocr_carea' id='block_1_27' title="bbox 335 2751 1678 2820">
    <p class='ocr_par' dir='ltr' id='par_1_27' title="bbox 335 2751 1678 2820">
     <span class='ocr_line' id='line_1_27' title="bbox 335 2751 1678 2820; baseline 0.002 -18"><span class='ocrx_word' id='word_1_218' title='bbox 335 2756 543 2805; x_wconf 89' lang='lat' dir='ltr'><strong>tantum</strong></span> <span class='ocrx_word' id='word_1_219' title='bbox 567 2751 655 2820; x_wconf 89' lang='lat' dir='ltr'><strong>qui</strong></span> <span class='ocrx_word' id='word_1_220' title='bbox 685 2766 830 2818; x_wconf 91' lang='lat' dir='ltr'><strong>eum,</strong></span> <span class='ocrx_word' id='word_1_221' title='bbox 854 2766 974 2807; x_wconf 91' lang='lat' dir='ltr'><strong>cum</strong></span> <span class='ocrx_word' id='word_1_222' title='bbox 1005 2752 1092 2806; x_wconf 90' lang='lat' dir='ltr'><strong>illa</strong></span> <span class='ocrx_word' id='word_1_223' title='bbox 1119 2752 1341 2817; x_wconf 89' lang='lat' dir='ltr'><strong>diceret,</strong></span> <span class='ocrx_word' id='word_1_224' title='bbox 1373 2751 1678 2807; x_wconf 88' lang='lat' dir='ltr'><strong>audiebant.</strong></span> 
     </span>
    </p>
   </div>
   <div class='ocr_carea' id='block_1_28' title="bbox 407 2840 1918 2914">
    <p class='ocr_par' dir='ltr' id='par_1_28' title="bbox 407 2840 1918 2914">
     <span class='ocr_line' id='line_1_28' title="bbox 407 2840 1918 2914; baseline 0.001 -19"><span class='ocrx_word' id='word_1_225' title='bbox 407 2840 461 2895; x_wconf 76' lang='grc' dir='ltr'><strong>ὅ.</strong></span> <span class='ocrx_word' id='word_1_226' title='bbox 489 2840 571 2896; x_wconf 90' lang='lat' dir='ltr'><strong>Ab</strong></span> <span class='ocrx_word' id='word_1_227' title='bbox 599 2843 714 2911; x_wconf 89' lang='lat' dir='ltr'><strong>ipso</strong></span> <span class='ocrx_word' id='word_1_228' title='bbox 742 2842 918 2913; x_wconf 85' lang='lat' dir='ltr'><strong>itaque</strong></span> <span class='ocrx_word' id='word_1_229' title='bbox 943 2843 1197 2898; x_wconf 88' lang='lat' dir='ltr'><strong>orationis</strong></span> <span class='ocrx_word' id='word_1_230' title='bbox 1226 2843 1341 2914; x_wconf 86' lang='lat' dir='ltr'><strong>ejus</strong></span> <span class='ocrx_word' id='word_1_231' title='bbox 1366 2842 1606 2909; x_wconf 85' lang='lat' dir='ltr'><strong>exordio,</strong></span> <span class='ocrx_word' id='word_1_232' title='bbox 1638 2842 1726 2898; x_wconf 87' lang='lat' dir='ltr'><strong>ubi</strong></span> <span class='ocrx_word' id='word_1_233' title='bbox 1749 2842 1918 2897; x_wconf 86' lang='lat' dir='ltr'><strong>subte-</strong></span> 
     </span>
    </p>
   </div>
   <div class='ocr_carea' id='block_1_29' title="bbox 337 2930 1922 3002">
    <p class='ocr_par' dir='ltr' id='par_1_29' title="bbox 337 2930 1922 3002">
     <span class='ocr_line' id='line_1_29' title="bbox 337 2930 1922 3002; baseline 0.003 -20"><span class='ocrx_word' id='word_1_234' title='bbox 337 2930 461 2984; x_wconf 83' lang='lat' dir='ltr'><strong>vatis</strong></span> <span class='ocrx_word' id='word_1_235' title='bbox 489 2932 648 2985; x_wconf 80' lang='lat' dir='ltr'><strong>oculis</strong></span> <span class='ocrx_word' id='word_1_236' title='bbox 673 2932 724 2985; x_wconf 86' lang='lat' dir='ltr'><strong>in</strong></span> <span class='ocrx_word' id='word_1_237' title='bbox 752 2934 947 2998; x_wconf 72' lang='lat' dir='ltr'><strong>eretum,</strong></span> <span class='ocrx_word' id='word_1_238' title='bbox 981 2932 1129 2999; x_wconf 75' lang='lat' dir='ltr'><strong>dixit,</strong></span> <span class='ocrx_word' id='word_1_239' title='bbox 1163 2931 1335 2999; x_wconf 84' lang='lat' dir='ltr'><strong>Pater,</strong></span> <span class='ocrx_word' id='word_1_240' title='bbox 1362 2933 1490 2987; x_wconf 81' lang='lat' dir='ltr'><strong>venit</strong></span> <span class='ocrx_word' id='word_1_241' title='bbox 1518 2932 1662 3001; x_wconf 76' lang='lat' dir='ltr'><strong>liora,</strong></span> <span class='ocrx_word' id='word_1_242' title='bbox 1695 2934 1922 3002; x_wconf 72' lang='lat' dir='ltr'><strong>clari/ica</strong></span> 
     </span>
    </p>
   </div>
   <div class='ocr_carea' id='block_1_30' title="bbox 339 3017 1919 3094">
    <p class='ocr_par' dir='ltr' id='par_1_30' title="bbox 339 3017 1919 3094">
     <span class='ocr_line' id='line_1_30' title="bbox 339 3017 1919 3094; baseline 0.004 -21"><span class='ocrx_word' id='word_1_243' title='bbox 339 3017 532 3073; x_wconf 81' lang='lat' dir='ltr'><strong>Filium</strong></span> <span class='ocrx_word' id='word_1_244' title='bbox 559 3029 720 3085; x_wconf 89' lang='lat' dir='ltr'><strong>tuum,</strong></span> <span class='ocrx_word' id='word_1_245' title='bbox 751 3031 804 3075; x_wconf 86' lang='lat' dir='ltr'><strong>ut</strong></span> <span class='ocrx_word' id='word_1_246' title='bbox 834 3021 999 3076; x_wconf 84' lang='lat' dir='ltr'><strong>Filius</strong></span> <span class='ocrx_word' id='word_1_247' title='bbox 1021 3033 1134 3078; x_wconf 89' lang='lat' dir='ltr'><strong>tuus</strong></span> <span class='ocrx_word' id='word_1_248' title='bbox 1153 3024 1397 3092; x_wconf 82' lang='lat' dir='ltr'><strong>clariﬁcet</strong></span> <span class='ocrx_word' id='word_1_249' title='bbox 1418 3033 1484 3091; x_wconf 89' lang='lat' dir='ltr'><strong>te,</strong></span> <span class='ocrx_word' id='word_1_250' title='bbox 1515 3040 1679 3094; x_wconf 88' lang='lat' dir='ltr'><strong>usque</strong></span> <span class='ocrx_word' id='word_1_251' title='bbox 1703 3024 1768 3079; x_wconf 91' lang='lat' dir='ltr'><strong>ad</strong></span> <span class='ocrx_word' id='word_1_252' title='bbox 1792 3024 1919 3080; x_wconf 92' lang='lat' dir='ltr'><strong>illud</strong></span> 
     </span>
    </p>
   </div>
   <div class='ocr_carea' id='block_1_31' title="bbox 337 3111 1918 3187">
    <p class='ocr_par' dir='ltr' id='par_1_31' title="bbox 337 3111 1918 3187">
     <span class='ocr_line' id='line_1_31' title="bbox 337 3111 1918 3187; baseline 0.005 -23"><span class='ocrx_word' id='word_1_253' title='bbox 337 3111 477 3181; x_wconf 88' lang='lat' dir='ltr'><strong>quod</strong></span> <span class='ocrx_word' id='word_1_254' title='bbox 506 3113 665 3183; x_wconf 83' lang='lat' dir='ltr'><strong>paulo</strong></span> <span class='ocrx_word' id='word_1_255' title='bbox 689 3122 809 3184; x_wconf 91' lang='lat' dir='ltr'><strong>post</strong></span> <span class='ocrx_word' id='word_1_256' title='bbox 835 3115 908 3170; x_wconf 89' lang='lat' dir='ltr'><strong>ait</strong></span> <span class='ocrx_word' id='word_1_257' title='bbox 931 3156 945 3181; x_wconf 90' lang='lat'><strong>,</strong></span> <span class='ocrx_word' id='word_1_258' title='bbox 988 3114 1051 3170; x_wconf 87' lang='lat' dir='ltr'><strong>Et</strong></span> <span class='ocrx_word' id='word_1_259' title='bbox 1090 3132 1224 3170; x_wconf 86' lang='lat' dir='ltr'><strong>nunc</strong></span> <span class='ocrx_word' id='word_1_260' title='bbox 1252 3115 1417 3187; x_wconf 70' lang='lat' dir='ltr'><strong>elart&#39;ﬁ</strong></span> <span class='ocrx_word' id='word_1_261' title='bbox 1446 3133 1477 3170; x_wconf 81' lang='grc' dir='ltr'><em>α</em></span> <span class='ocrx_word' id='word_1_262' title='bbox 1505 3134 1582 3171; x_wconf 89' lang='lat' dir='ltr'><strong>me</strong></span> <span class='ocrx_word' id='word_1_263' title='bbox 1607 3128 1690 3185; x_wconf 90' lang='lat' dir='ltr'><strong>tu,</strong></span> <span class='ocrx_word' id='word_1_264' title='bbox 1724 3116 1881 3172; x_wconf 89' lang='lat' dir='ltr'><strong>Pater</strong></span> <span class='ocrx_word' id='word_1_265' title='bbox 1901 3160 1918 3187; x_wconf 97' lang='lat'><strong>,</strong></span> 
     </span>
    </p>
   </div>
   <div class='ocr_carea' id='block_1_32' title="bbox 336 3204 1920 3281">
    <p class='ocr_par' dir='ltr' id='par_1_32' title="bbox 336 3204 1920 3281">
     <span class='ocr_line' id='line_1_32' title="bbox 336 3204 1920 3281; baseline 0.006 -26"><span class='ocrx_word' id='word_1_266' title='bbox 336 3204 478 3273; x_wconf 86' lang='lat' dir='ltr'><strong>apud</strong></span> <span class='ocrx_word' id='word_1_267' title='bbox 520 3207 855 3275; x_wconf 82' lang='lat' dir='ltr'><strong>temetipsum,</strong></span> <span class='ocrx_word' id='word_1_268' title='bbox 913 3206 1143 3262; x_wconf 76' lang='lat' dir='ltr'><strong>claritate</strong></span> <span class='ocrx_word' id='word_1_269' title='bbox 1182 3225 1335 3279; x_wconf 81' lang='lat' dir='ltr'><strong>quam</strong></span> <span class='ocrx_word' id='word_1_270' title='bbox 1380 3209 1571 3277; x_wconf 83' lang='lat' dir='ltr'><strong>habui,</strong></span> <span class='ocrx_word' id='word_1_271' title='bbox 1627 3211 1920 3281; x_wconf 75' lang='lat' dir='ltr'><strong>priusquam</strong></span> 
     </span>
    </p>
   </div>
   <div class='ocr_carea' id='block_1_33' title="bbox 336 3294 1917 3372">
    <p class='ocr_par' dir='ltr' id='par_1_33' title="bbox 336 3294 1917 3372">
     <span class='ocr_line' id='line_1_33' title="bbox 336 3294 1917 3372; baseline 0.006 -25"><span class='ocrx_word' id='word_1_272' title='bbox 336 3294 558 3349; x_wconf 87' lang='lat' dir='ltr'><strong>mundus</strong></span> <span class='ocrx_word' id='word_1_273' title='bbox 592 3307 752 3364; x_wconf 85' lang='lat' dir='ltr'><strong>esset,</strong></span> <span class='ocrx_word' id='word_1_274' title='bbox 791 3298 931 3367; x_wconf 89' lang='lat' dir='ltr'><strong>apud</strong></span> <span class='ocrx_word' id='word_1_275' title='bbox 956 3308 1038 3365; x_wconf 90' lang='lat' dir='ltr'><strong>te;</strong></span> <span class='ocrx_word' id='word_1_276' title='bbox 1066 3314 1252 3356; x_wconf 85' lang='lat' dir='ltr'><strong>omnes</strong></span> <span class='ocrx_word' id='word_1_277' title='bbox 1280 3314 1406 3355; x_wconf 91' lang='lat' dir='ltr'><strong>suos</strong></span> <span class='ocrx_word' id='word_1_278' title='bbox 1433 3300 1642 3356; x_wconf 90' lang='lat' dir='ltr'><strong>volebat</strong></span> <span class='ocrx_word' id='word_1_279' title='bbox 1673 3302 1917 3372; x_wconf 79' lang='lat' dir='ltr'><strong>intelligi,</strong></span> 
     </span>
    </p>
   </div>
   <div class='ocr_carea' id='block_1_34' title="bbox 337 3385 1919 3457">
    <p class='ocr_par' dir='ltr' id='par_1_34' title="bbox 337 3385 1919 3457">
     <span class='ocr_line' id='line_1_34' title="bbox 337 3385 1919 3457; baseline 0.008 -21"><span class='ocrx_word' id='word_1_280' title='bbox 337 3385 530 3452; x_wconf 88' lang='lat' dir='ltr'><strong>quibus</strong></span> <span class='ocrx_word' id='word_1_281' title='bbox 572 3396 757 3441; x_wconf 91' lang='lat' dir='ltr'><strong>notum</strong></span> <span class='ocrx_word' id='word_1_282' title='bbox 800 3388 1041 3444; x_wconf 78' lang='lat' dir='ltr'><strong>faciendo</strong></span> <span class='ocrx_word' id='word_1_283' title='bbox 1066 3389 1297 3457; x_wconf 87' lang='lat' dir='ltr'><strong>Patrem,</strong></span> <span class='ocrx_word' id='word_1_284' title='bbox 1331 3391 1585 3448; x_wconf 83' lang='lat' dir='ltr'><strong>clariﬁeat</strong></span> <span class='ocrx_word' id='word_1_285' title='bbox 1607 3407 1748 3448; x_wconf 91' lang='lat' dir='ltr'><strong>eum.</strong></span> <span class='ocrx_word' id='word_1_286' title='bbox 1784 3393 1919 3448; x_wconf 88' lang='lat' dir='ltr'><strong>Cum</strong></span> 
     </span>
    </p>
   </div>
   <div class='ocr_carea' id='block_1_35' title="bbox 339 3477 1917 3553">
    <p class='ocr_par' dir='ltr' id='par_1_35' title="bbox 339 3477 1917 3553">
     <span class='ocr_line' id='line_1_35' title="bbox 339 3477 1917 3553; baseline 0.006 -23"><span class='ocrx_word' id='word_1_287' title='bbox 339 3477 481 3530; x_wconf 89' lang='lat' dir='ltr'><strong>enim</strong></span> <span class='ocrx_word' id='word_1_288' title='bbox 533 3477 794 3543; x_wconf 79' lang='lat' dir='ltr'><strong>dixisset,</strong></span> <span class='ocrx_word' id='word_1_289' title='bbox 847 3490 904 3534; x_wconf 89' lang='lat' dir='ltr'><strong>ut</strong></span> <span class='ocrx_word' id='word_1_290' title='bbox 960 3478 1131 3537; x_wconf 83' lang='lat' dir='ltr'><strong>Filius</strong></span> <span class='ocrx_word' id='word_1_291' title='bbox 1181 3492 1296 3537; x_wconf 89' lang='lat' dir='ltr'><strong>tuus</strong></span> <span class='ocrx_word' id='word_1_292' title='bbox 1360 3482 1602 3553; x_wconf 82' lang='lat' dir='ltr'><strong>clariﬁcet</strong></span> <span class='ocrx_word' id='word_1_293' title='bbox 1655 3494 1701 3537; x_wconf 89' lang='lat' dir='ltr'><strong>te</strong></span> <span class='ocrx_word' id='word_1_294' title='bbox 1719 3499 1741 3550; x_wconf 88' lang='lat'><strong><em>;</em></strong></span> <span class='ocrx_word' id='word_1_295' title='bbox 1796 3500 1917 3540; x_wconf 82' lang='lat' dir='ltr'><strong>mox</strong></span> 
     </span>
    </p>
   </div>
   <div class='ocr_carea' id='block_1_36' title="bbox 338 3570 1919 3640">
    <p class='ocr_par' dir='ltr' id='par_1_36' title="bbox 338 3570 1919 3640">
     <span class='ocr_line' id='line_1_36' title="bbox 338 3570 1919 3640; baseline 0.009 -24"><span class='ocrx_word' id='word_1_296' title='bbox 338 3570 784 3638; x_wconf 67' lang='lat' dir='ltr'><strong>quemadmodum</strong></span> <span class='ocrx_word' id='word_1_297' title='bbox 816 3572 865 3627; x_wconf 93' lang='lat' dir='ltr'><strong>id</strong></span> <span class='ocrx_word' id='word_1_298' title='bbox 896 3572 1062 3639; x_wconf 83' lang='lat' dir='ltr'><strong>ﬁeret,</strong></span> <span class='ocrx_word' id='word_1_299' title='bbox 1092 3573 1479 3629; x_wconf 85' lang='lat' dir='ltr'><strong>demonstravit</strong></span> <span class='ocrx_word' id='word_1_300' title='bbox 1516 3575 1699 3630; x_wconf 90' lang='lat' dir='ltr'><strong>dicens</strong></span> <span class='ocrx_word' id='word_1_301' title='bbox 1724 3617 1738 3640; x_wconf 95' lang='lat'><strong>,</strong></span> <span class='ocrx_word' id='word_1_302' title='bbox 1770 3576 1919 3631; x_wconf 76' lang='lat' dir='ltr'><strong>Sicut</strong></span> 
     </span>
    </p>
   </div>
   <div class='ocr_carea' id='block_1_37' title="bbox 341 3661 1918 3737">
    <p class='ocr_par' dir='ltr' id='par_1_37' title="bbox 341 3661 1918 3737">
     <span class='ocr_line' id='line_1_37' title="bbox 341 3661 1918 3737; baseline 0.007 -26"><span class='ocrx_word' id='word_1_303' title='bbox 341 3661 525 3714; x_wconf 79' lang='lat' dir='ltr'><strong>dedisti</strong></span> <span class='ocrx_word' id='word_1_304' title='bbox 563 3663 609 3715; x_wconf 89' lang='lat' dir='ltr'><strong>ei</strong></span> <span class='ocrx_word' id='word_1_305' title='bbox 648 3672 938 3733; x_wconf 85' lang='lat' dir='ltr'><strong>potestatem</strong></span> <span class='ocrx_word' id='word_1_306' title='bbox 981 3666 1144 3719; x_wconf 87' lang='lat' dir='ltr'><strong>omnis</strong></span> <span class='ocrx_word' id='word_1_307' title='bbox 1186 3665 1370 3731; x_wconf 84' lang='lat' dir='ltr'><strong>carnis,</strong></span> <span class='ocrx_word' id='word_1_308' title='bbox 1405 3675 1459 3720; x_wconf 89' lang='lat' dir='ltr'><strong>ut</strong></span> <span class='ocrx_word' id='word_1_309' title='bbox 1483 3683 1630 3721; x_wconf 85' lang='lat' dir='ltr'><strong>omne</strong></span> <span class='ocrx_word' id='word_1_310' title='bbox 1655 3666 1791 3737; x_wconf 86' lang='lat' dir='ltr'><strong>quod</strong></span> <span class='ocrx_word' id='word_1_311' title='bbox 1829 3669 1918 3722; x_wconf 83' lang='lat' dir='ltr'><strong>de-</strong></span> 
     </span>
    </p>
   </div>
   <div class='ocr_carea' id='block_1_38' title="bbox 338 3750 1921 3816">
    <p class='ocr_par' dir='ltr' id='par_1_38' title="bbox 338 3750 1921 3816">
     <span class='ocr_line' id='line_1_38' title="bbox 338 3750 1921 3816; baseline 0.007 -14"><span class='ocrx_word' id='word_1_312' title='bbox 338 3750 459 3803; x_wconf 86' lang='lat' dir='ltr'><strong>disti</strong></span> <span class='ocrx_word' id='word_1_313' title='bbox 502 3752 566 3816; x_wconf 90' lang='lat' dir='ltr'><strong>ei,</strong></span> <span class='ocrx_word' id='word_1_314' title='bbox 620 3752 702 3806; x_wconf 86' lang='lat' dir='ltr'><strong>det</strong></span> <span class='ocrx_word' id='word_1_315' title='bbox 747 3754 817 3809; x_wconf 87' lang='lat' dir='ltr'><strong>eis</strong></span> <span class='ocrx_word' id='word_1_316' title='bbox 860 3756 1013 3809; x_wconf 87' lang='lat' dir='ltr'><strong>vitam</strong></span> <span class='ocrx_word' id='word_1_317' title='bbox 1055 3764 1298 3810; x_wconf 66' lang='lat' dir='ltr'><strong>aeternum</strong></span> <span class='ocrx_word' id='word_1_318' title='bbox 1327 3771 1347 3811; x_wconf 91' lang='lat'><strong><em>:</em></strong></span> <span class='ocrx_word' id='word_1_319' title='bbox 1373 3757 1481 3811; x_wconf 75' lang='lat' dir='ltr'><strong>[nec</strong></span> <span class='ocrx_word' id='word_1_320' title='bbox 1505 3767 1579 3811; x_wconf 88' lang='lat' dir='ltr'><strong>est</strong></span> <span class='ocrx_word' id='word_1_321' title='bbox 1609 3767 1776 3812; x_wconf 87' lang='lat' dir='ltr'><strong>autem</strong></span> <span class='ocrx_word' id='word_1_322' title='bbox 1821 3760 1921 3813; x_wconf 85' lang='lat' dir='ltr'><strong>vita</strong></span> 
     </span>
    </p>
   </div>
   <div class='ocr_carea' id='block_1_39' title="bbox 338 3848 1919 3921">
    <p class='ocr_par' dir='ltr' id='par_1_39' title="bbox 338 3848 1919 3921">
     <span class='ocr_line' id='line_1_39' title="bbox 338 3848 1919 3921; baseline 0.004 -24"><span class='ocrx_word' id='word_1_323' title='bbox 338 3855 547 3911; x_wconf 66' lang='lat' dir='ltr'><strong>averna,</strong></span> <span class='ocrx_word' id='word_1_324' title='bbox 576 3854 631 3897; x_wconf 89' lang='lat' dir='ltr'><strong>ut</strong></span> <span class='ocrx_word' id='word_1_325' title='bbox 659 3856 960 3916; x_wconf 86' lang='lat' dir='ltr'><strong>cognoscant</strong></span> <span class='ocrx_word' id='word_1_326' title='bbox 990 3856 1039 3901; x_wconf 91' lang='lat' dir='ltr'><strong>te</strong></span> <span class='ocrx_word' id='word_1_327' title='bbox 1077 3848 1239 3902; x_wconf 90' lang='lat' dir='ltr'><strong>solum</strong></span> <span class='ocrx_word' id='word_1_328' title='bbox 1290 3863 1462 3903; x_wconf 86' lang='lat' dir='ltr'><strong>verum</strong></span> <span class='ocrx_word' id='word_1_329' title='bbox 1490 3848 1671 3913; x_wconf 88' lang='lat' dir='ltr'><strong>Deum,</strong></span> <span class='ocrx_word' id='word_1_330' title='bbox 1700 3858 1746 3905; x_wconf 90' lang='lat' dir='ltr'><strong>et</strong></span> <span class='ocrx_word' id='word_1_331' title='bbox 1773 3866 1919 3921; x_wconf 84' lang='lat' dir='ltr'><strong>quem</strong></span> 
     </span>
    </p>
   </div>
   <div class='ocr_carea' id='block_1_40' title="bbox 338 3932 1917 4011">
    <p class='ocr_par' dir='ltr' id='par_1_40' title="bbox 338 3932 1917 4011">
     <span class='ocr_line' id='line_1_40' title="bbox 338 3932 1917 4011; baseline 0.006 -24"><span class='ocrx_word' id='word_1_332' title='bbox 338 3934 522 3988; x_wconf 84' lang='lat' dir='ltr'><strong>misisti</strong></span> <span class='ocrx_word' id='word_1_333' title='bbox 560 3932 736 3989; x_wconf 79' lang='lat' dir='ltr'><strong>Iesum</strong></span> <span class='ocrx_word' id='word_1_334' title='bbox 765 3936 1030 3991; x_wconf 63' lang='lat' dir='ltr'><strong>Christum</strong></span> <span class='ocrx_word' id='word_1_335' title='bbox 1060 3938 1241 4011; x_wconf 89' lang='lat' dir='ltr'><strong>(Joan.</strong></span> <span class='ocrx_word' id='word_1_336' title='bbox 1281 3954 1410 4004; x_wconf 82' lang='lat' dir='ltr'><strong>xvn,</strong></span> <span class='ocrx_word' id='word_1_337' title='bbox 1436 3938 1608 4010; x_wconf 73' lang='lat'><strong>1-20).</strong></span> <span class='ocrx_word' id='word_1_338' title='bbox 1634 3939 1748 3995; x_wconf 90' lang='lat' dir='ltr'><strong>Non</strong></span> <span class='ocrx_word' id='word_1_339' title='bbox 1774 3940 1917 3997; x_wconf 88' lang='lat' dir='ltr'><strong>enim</strong></span> 
     </span>
    </p>
   </div>
   <div class='ocr_carea' id='block_1_41' title="bbox 335 4026 1920 4098">
    <p class='ocr_par' dir='ltr' id='par_1_41' title="bbox 335 4026 1920 4098">
     <span class='ocr_line' id='line_1_41' title="bbox 335 4026 1920 4098; baseline 0.005 -20"><span class='ocrx_word' id='word_1_340' title='bbox 335 4034 510 4095; x_wconf 85' lang='lat' dir='ltr'><strong>potest</strong></span> <span class='ocrx_word' id='word_1_341' title='bbox 538 4026 836 4097; x_wconf 81' lang='lat' dir='ltr'><strong>cognitione</strong></span> <span class='ocrx_word' id='word_1_342' title='bbox 867 4028 1137 4084; x_wconf 82' lang='lat' dir='ltr'><strong>hominum</strong></span> <span class='ocrx_word' id='word_1_343' title='bbox 1166 4028 1446 4084; x_wconf 82' lang='lat' dir='ltr'><strong>clariﬁcari</strong></span> <span class='ocrx_word' id='word_1_344' title='bbox 1486 4030 1664 4098; x_wconf 90' lang='lat' dir='ltr'><strong>Pater,</strong></span> <span class='ocrx_word' id='word_1_345' title='bbox 1718 4031 1819 4087; x_wconf 91' lang='lat' dir='ltr'><strong>nisi</strong></span> <span class='ocrx_word' id='word_1_346' title='bbox 1864 4041 1920 4087; x_wconf 91' lang='lat' dir='ltr'><strong>et</strong></span> 
     </span>
    </p>
   </div>
   <div class='ocr_carea' id='block_1_42' title="bbox 336 4118 1920 4194">
    <p class='ocr_par' dir='ltr' id='par_1_42' title="bbox 336 4118 1920 4194">
     <span class='ocr_line' id='line_1_42' title="bbox 336 4118 1920 4194; baseline 0.005 -23"><span class='ocrx_word' id='word_1_347' title='bbox 336 4118 429 4173; x_wconf 89' lang='lat' dir='ltr'><strong>ille</strong></span> <span class='ocrx_word' id='word_1_348' title='bbox 475 4129 825 4189; x_wconf 82' lang='lat' dir='ltr'><strong>cognoscatur</strong></span> <span class='ocrx_word' id='word_1_349' title='bbox 873 4136 966 4190; x_wconf 90' lang='lat' dir='ltr'><strong>per</strong></span> <span class='ocrx_word' id='word_1_350' title='bbox 1006 4137 1165 4192; x_wconf 90' lang='lat' dir='ltr'><strong>quem</strong></span> <span class='ocrx_word' id='word_1_351' title='bbox 1204 4121 1541 4190; x_wconf 88' lang='lat' dir='ltr'><strong>clarillcatur,</strong></span> <span class='ocrx_word' id='word_1_352' title='bbox 1585 4123 1635 4178; x_wconf 93' lang='lat' dir='ltr'><strong>id</strong></span> <span class='ocrx_word' id='word_1_353' title='bbox 1679 4131 1782 4192; x_wconf 88' lang='lat' dir='ltr'><strong>est,</strong></span> <span class='ocrx_word' id='word_1_354' title='bbox 1825 4139 1920 4194; x_wconf 89' lang='lat' dir='ltr'><strong>per</strong></span> 
     </span>
    </p>
   </div>
   <div class='ocr_carea' id='block_1_43' title="bbox 335 4211 1913 4284">
    <p class='ocr_par' dir='ltr' id='par_1_43' title="bbox 335 4211 1913 4284">
     <span class='ocr_line' id='line_1_43' title="bbox 335 4211 1913 4284; baseline 0.007 -25"><span class='ocrx_word' id='word_1_355' title='bbox 335 4223 494 4277; x_wconf 84' lang='lat' dir='ltr'><strong>quem</strong></span> <span class='ocrx_word' id='word_1_356' title='bbox 521 4211 728 4281; x_wconf 88' lang='lat' dir='ltr'><strong>populis</strong></span> <span class='ocrx_word' id='word_1_357' title='bbox 765 4211 1065 4267; x_wconf 87' lang='lat' dir='ltr'><strong>innotescit.</strong></span> <span class='ocrx_word' id='word_1_358' title='bbox 1107 4213 1233 4268; x_wconf 76' lang='lat' dir='ltr'><strong>Hzec</strong></span> <span class='ocrx_word' id='word_1_359' title='bbox 1257 4222 1341 4269; x_wconf 89' lang='lat' dir='ltr'><strong>est</strong></span> <span class='ocrx_word' id='word_1_360' title='bbox 1373 4214 1686 4284; x_wconf 83' lang='lat' dir='ltr'><strong>gloriﬁcalio</strong></span> <span class='ocrx_word' id='word_1_361' title='bbox 1721 4214 1913 4282; x_wconf 87' lang='lat' dir='ltr'><strong>Patris,</strong></span> 
     </span>
    </p>
   </div>
   <div class='ocr_carea' id='block_1_44' title="bbox 336 4302 1917 4375">
    <p class='ocr_par' dir='ltr' id='par_1_44' title="bbox 336 4302 1917 4375">
     <span class='ocr_line' id='line_1_44' title="bbox 336 4302 1917 4375; baseline 0.007 -22"><span class='ocrx_word' id='word_1_362' title='bbox 336 4316 454 4370; x_wconf 73' lang='lat' dir='ltr'><strong>qua:</strong></span> <span class='ocrx_word' id='word_1_363' title='bbox 484 4316 590 4356; x_wconf 92' lang='lat' dir='ltr'><strong>non</strong></span> <span class='ocrx_word' id='word_1_364' title='bbox 618 4302 755 4358; x_wconf 84' lang='lat' dir='ltr'><strong>circa</strong></span> <span class='ocrx_word' id='word_1_365' title='bbox 777 4304 920 4359; x_wconf 92' lang='lat' dir='ltr'><strong>solos</strong></span> <span class='ocrx_word' id='word_1_366' title='bbox 942 4304 1059 4359; x_wconf 91' lang='lat' dir='ltr'><strong>illos</strong></span> <span class='ocrx_word' id='word_1_367' title='bbox 1079 4305 1360 4375; x_wconf 85' lang='lat' dir='ltr'><strong>Apostolos</strong></span> <span class='ocrx_word' id='word_1_368' title='bbox 1385 4306 1519 4362; x_wconf 82' lang='lat' dir='ltr'><strong>facta</strong></span> <span class='ocrx_word' id='word_1_369' title='bbox 1545 4313 1646 4374; x_wconf 90' lang='lat' dir='ltr'><strong>est,</strong></span> <span class='ocrx_word' id='word_1_370' title='bbox 1664 4306 1757 4363; x_wconf 89' lang='lat' dir='ltr'><strong>sed</strong></span> <span class='ocrx_word' id='word_1_371' title='bbox 1777 4308 1917 4364; x_wconf 90' lang='lat' dir='ltr'><strong>circa</strong></span> 
     </span>
    </p>
   </div>
   <div class='ocr_carea' id='block_1_45' title="bbox 337 4392 1922 4468">
    <p class='ocr_par' dir='ltr' id='par_1_45' title="bbox 337 4392 1922 4468">
     <span class='ocr_line' id='line_1_45' title="bbox 337 4392 1922 4468; baseline 0.006 -23"><span class='ocrx_word' id='word_1_372' title='bbox 337 4406 526 4448; x_wconf 62' lang='lat' dir='ltr'><strong>onunes</strong></span> <span class='ocrx_word' id='word_1_373' title='bbox 575 4392 816 4449; x_wconf 84' lang='lat' dir='ltr'><strong>homines</strong></span> <span class='ocrx_word' id='word_1_374' title='bbox 856 4393 912 4449; x_wconf 83' lang='lat' dir='ltr'><strong>ﬁt</strong></span> <span class='ocrx_word' id='word_1_375' title='bbox 936 4437 951 4462; x_wconf 92' lang='lat'><strong>,</strong></span> <span class='ocrx_word' id='word_1_376' title='bbox 994 4396 1184 4465; x_wconf 83' lang='lat' dir='ltr'><strong>quibus</strong></span> <span class='ocrx_word' id='word_1_377' title='bbox 1221 4396 1333 4451; x_wconf 88' lang='lat' dir='ltr'><strong>suis</strong></span> <span class='ocrx_word' id='word_1_378' title='bbox 1364 4396 1618 4452; x_wconf 89' lang='lat' dir='ltr'><strong>membris</strong></span> <span class='ocrx_word' id='word_1_379' title='bbox 1644 4407 1801 4468; x_wconf 89' lang='lat' dir='ltr'><strong>caput</strong></span> <span class='ocrx_word' id='word_1_380' title='bbox 1837 4408 1922 4455; x_wconf 88' lang='lat' dir='ltr'><strong>est</strong></span> 
     </span>
    </p>
   </div>
   <div class='ocr_carea' id='block_1_46' title="bbox 337 4482 1918 4557">
    <p class='ocr_par' dir='ltr' id='par_1_46' title="bbox 337 4482 1918 4557">
     <span class='ocr_line' id='line_1_46' title="bbox 337 4482 1918 4557; baseline 0.006 -22"><span class='ocrx_word' id='word_1_381' title='bbox 337 4482 598 4537; x_wconf 77' lang='lat' dir='ltr'><strong>Christus.</strong></span> <span class='ocrx_word' id='word_1_382' title='bbox 626 4482 807 4554; x_wconf 85' lang='lat' dir='ltr'><strong>Neque</strong></span> <span class='ocrx_word' id='word_1_383' title='bbox 830 4484 972 4539; x_wconf 90' lang='lat' dir='ltr'><strong>enim</strong></span> <span class='ocrx_word' id='word_1_384' title='bbox 999 4484 1066 4540; x_wconf 91' lang='lat' dir='ltr'><strong>de</strong></span> <span class='ocrx_word' id='word_1_385' title='bbox 1103 4485 1231 4541; x_wconf 91' lang='lat' dir='ltr'><strong>solis</strong></span> <span class='ocrx_word' id='word_1_386' title='bbox 1260 4486 1528 4557; x_wconf 87' lang='lat' dir='ltr'><strong>Apostolis</strong></span> <span class='ocrx_word' id='word_1_387' title='bbox 1558 4496 1732 4557; x_wconf 91' lang='lat' dir='ltr'><strong>potest</strong></span> <span class='ocrx_word' id='word_1_388' title='bbox 1758 4488 1918 4545; x_wconf 91' lang='lat' dir='ltr'><strong>intel-</strong></span> 
     </span>
    </p>
   </div>
   <div class='ocr_carea' id='block_1_47' title="bbox 336 4572 1921 4648">
    <p class='ocr_par' dir='ltr' id='par_1_47' title="bbox 336 4572 1921 4648">
     <span class='ocr_line' id='line_1_47' title="bbox 336 4572 1921 4648; baseline 0.006 -23"><span class='ocrx_word' id='word_1_389' title='bbox 336 4572 444 4642; x_wconf 75' lang='lat' dir='ltr'><strong>ligi.</strong></span> <span class='ocrx_word' id='word_1_390' title='bbox 480 4573 627 4629; x_wconf 85' lang='lat' dir='ltr'><strong>Sicut</strong></span> <span class='ocrx_word' id='word_1_391' title='bbox 664 4574 848 4629; x_wconf 85' lang='lat' dir='ltr'><strong>dedisti</strong></span> <span class='ocrx_word' id='word_1_392' title='bbox 883 4577 929 4629; x_wconf 88' lang='lat' dir='ltr'><strong>ei</strong></span> <span class='ocrx_word' id='word_1_393' title='bbox 966 4586 1259 4648; x_wconf 87' lang='lat' dir='ltr'><strong>potestatem</strong></span> <span class='ocrx_word' id='word_1_394' title='bbox 1287 4579 1451 4634; x_wconf 87' lang='lat' dir='ltr'><strong>omnis</strong></span> <span class='ocrx_word' id='word_1_395' title='bbox 1478 4579 1665 4645; x_wconf 86' lang='lat' dir='ltr'><strong>carnis,</strong></span> <span class='ocrx_word' id='word_1_396' title='bbox 1697 4589 1753 4634; x_wconf 89' lang='lat' dir='ltr'><strong>ut</strong></span> <span class='ocrx_word' id='word_1_397' title='bbox 1774 4597 1921 4636; x_wconf 88' lang='lat' dir='ltr'><strong>omne</strong></span> 
     </span>
    </p>
   </div>
   <div class='ocr_carea' id='block_1_48' title="bbox 335 4666 1920 4742">
    <p class='ocr_par' dir='ltr' id='par_1_48' title="bbox 335 4666 1920 4742">
     <span class='ocr_line' id='line_1_48' title="bbox 335 4666 1920 4742; baseline 0.005 -24"><span class='ocrx_word' id='word_1_398' title='bbox 335 4666 470 4736; x_wconf 74' lang='lat' dir='ltr'><strong>quod</strong></span> <span class='ocrx_word' id='word_1_399' title='bbox 515 4668 696 4721; x_wconf 85' lang='lat' dir='ltr'><strong>dedisti</strong></span> <span class='ocrx_word' id='word_1_400' title='bbox 733 4669 812 4736; x_wconf 90' lang='lat' dir='ltr'><strong>ei,</strong></span> <span class='ocrx_word' id='word_1_401' title='bbox 855 4666 939 4722; x_wconf 91' lang='lat' dir='ltr'><strong>det</strong></span> <span class='ocrx_word' id='word_1_402' title='bbox 987 4670 1057 4723; x_wconf 87' lang='lat' dir='ltr'><strong>eis</strong></span> <span class='ocrx_word' id='word_1_403' title='bbox 1105 4670 1256 4724; x_wconf 87' lang='lat' dir='ltr'><strong>vitam</strong></span> <span class='ocrx_word' id='word_1_404' title='bbox 1308 4678 1583 4737; x_wconf 69' lang='lat' dir='ltr'><strong>(sternam;</strong></span> <span class='ocrx_word' id='word_1_405' title='bbox 1612 4670 1705 4725; x_wconf 90' lang='lat' dir='ltr'><strong>sed</strong></span> <span class='ocrx_word' id='word_1_406' title='bbox 1738 4672 1920 4742; x_wconf 89' lang='lat' dir='ltr'><strong>utique</strong></span> 
     </span>
    </p>
   </div>
   <div class='ocr_carea' id='block_1_49' title="bbox 335 4756 1918 4830">
    <p class='ocr_par' dir='ltr' id='par_1_49' title="bbox 335 4756 1918 4830">
     <span class='ocr_line' id='line_1_49' title="bbox 335 4756 1918 4830; baseline 0.003 -19"><span class='ocrx_word' id='word_1_407' title='bbox 335 4756 400 4811; x_wconf 89' lang='lat' dir='ltr'><strong>de</strong></span> <span class='ocrx_word' id='word_1_408' title='bbox 426 4757 677 4814; x_wconf 84' lang='lat' dir='ltr'><strong>omnibus</strong></span> <span class='ocrx_word' id='word_1_409' title='bbox 704 4757 897 4830; x_wconf 90' lang='lat' dir='ltr'><strong>quibus</strong></span> <span class='ocrx_word' id='word_1_410' title='bbox 943 4758 996 4814; x_wconf 90' lang='lat' dir='ltr'><strong>in</strong></span> <span class='ocrx_word' id='word_1_411' title='bbox 1044 4775 1166 4815; x_wconf 90' lang='lat' dir='ltr'><strong>eum</strong></span> <span class='ocrx_word' id='word_1_412' title='bbox 1205 4759 1543 4816; x_wconf 86' lang='lat' dir='ltr'><strong>credentibus</strong></span> <span class='ocrx_word' id='word_1_413' title='bbox 1582 4761 1688 4815; x_wconf 88' lang='lat' dir='ltr'><strong>vita</strong></span> <span class='ocrx_word' id='word_1_414' title='bbox 1721 4770 1918 4816; x_wconf 86' lang='lat' dir='ltr'><strong>aeterna</strong></span> 
     </span>
    </p>
   </div>
   <div class='ocr_carea' id='block_1_50' title="bbox 333 4847 508 4902">
    <p class='ocr_par' dir='ltr' id='par_1_50' title="bbox 333 4847 508 4902">
     <span class='ocr_line' id='line_1_50' title="bbox 333 4847 508 4902; baseline -0.006 0"><span class='ocrx_word' id='word_1_415' title='bbox 333 4847 508 4902; x_wconf 84' lang='lat' dir='ltr'><strong>datur.</strong></span> 
     </span>
    </p>
   </div>
   <div class='ocr_carea' id='block_1_51' title="bbox 402 4940 1921 5015">
    <p class='ocr_par' dir='ltr' id='par_1_51' title="bbox 402 4940 1921 5015">
     <span class='ocr_line' id='line_1_51' title="bbox 402 4940 1921 5015; baseline 0.004 -20"><span class='ocrx_word' id='word_1_416' title='bbox 402 4941 455 4995; x_wconf 74' lang='grc'><strong>4.</strong></span> <span class='ocrx_word' id='word_1_417' title='bbox 486 4940 602 4995; x_wconf 81' lang='lat' dir='ltr'><strong>Jam</strong></span> <span class='ocrx_word' id='word_1_418' title='bbox 631 4957 772 4997; x_wconf 90' lang='lat' dir='ltr'><strong>nunc</strong></span> <span class='ocrx_word' id='word_1_419' title='bbox 798 4958 924 5013; x_wconf 84' lang='lat' dir='ltr'><strong>ergo</strong></span> <span class='ocrx_word' id='word_1_420' title='bbox 946 4941 1223 4999; x_wconf 80' lang='lat' dir='ltr'><strong>videamus</strong></span> <span class='ocrx_word' id='word_1_421' title='bbox 1251 4943 1378 5013; x_wconf 90' lang='lat' dir='ltr'><strong>quid</strong></span> <span class='ocrx_word' id='word_1_422' title='bbox 1416 4940 1483 4998; x_wconf 86' lang='lat' dir='ltr'><strong>de</strong></span> <span class='ocrx_word' id='word_1_423' title='bbox 1522 4944 1643 5009; x_wconf 87' lang='lat' dir='ltr'><strong>illis,</strong></span> <span class='ocrx_word' id='word_1_424' title='bbox 1671 4960 1699 4999; x_wconf 92' lang='lat' dir='ltr'><strong>a</strong></span> <span class='ocrx_word' id='word_1_425' title='bbox 1730 4945 1921 5015; x_wconf 91' lang='lat' dir='ltr'><strong>quibus</strong></span> 
     </span>
    </p>
   </div>
   <div class='ocr_carea' id='block_1_52' title="bbox 332 5031 1919 5106">
    <p class='ocr_par' dir='ltr' id='par_1_52' title="bbox 332 5031 1919 5106">
     <span class='ocr_line' id='line_1_52' title="bbox 332 5031 1919 5106; baseline 0.004 -21"><span class='ocrx_word' id='word_1_426' title='bbox 332 5036 457 5085; x_wconf 88' lang='lat' dir='ltr'><strong>tunc</strong></span> <span class='ocrx_word' id='word_1_427' title='bbox 478 5031 793 5087; x_wconf 87' lang='lat' dir='ltr'><strong>audiebatur</strong></span> <span class='ocrx_word' id='word_1_428' title='bbox 810 5074 826 5100; x_wconf 90' lang='lat'><strong>,</strong></span> <span class='ocrx_word' id='word_1_429' title='bbox 853 5034 1125 5105; x_wconf 89' lang='lat' dir='ltr'><strong>discipulis</strong></span> <span class='ocrx_word' id='word_1_430' title='bbox 1148 5035 1256 5089; x_wconf 88' lang='lat' dir='ltr'><strong>suis</strong></span> <span class='ocrx_word' id='word_1_431' title='bbox 1277 5034 1435 5088; x_wconf 91' lang='lat' dir='ltr'><strong>dicat.</strong></span> <span class='ocrx_word' id='word_1_432' title='bbox 1465 5034 1791 5106; x_wconf 83' lang='lat' dir='ltr'><strong>Manifestavi</strong></span> <span class='ocrx_word' id='word_1_433' title='bbox 1813 5035 1919 5105; x_wconf 90' lang='lat' dir='ltr'><strong>,in-</strong></span> 
     </span>
    </p>
   </div>
   <div class='ocr_carea' id='block_1_53' title="bbox 332 5123 1922 5197">
    <p class='ocr_par' dir='ltr' id='par_1_53' title="bbox 332 5123 1922 5197">
     <span class='ocr_line' id='line_1_53' title="bbox 332 5123 1922 5197; baseline 0.006 -22"><span class='ocrx_word' id='word_1_434' title='bbox 332 5123 463 5191; x_wconf 90' lang='lat' dir='ltr'><strong>quit,</strong></span> <span class='ocrx_word' id='word_1_435' title='bbox 483 5139 665 5176; x_wconf 85' lang='lat' dir='ltr'><strong>nomen</strong></span> <span class='ocrx_word' id='word_1_436' title='bbox 689 5133 830 5177; x_wconf 90' lang='lat' dir='ltr'><strong>tuum</strong></span> <span class='ocrx_word' id='word_1_437' title='bbox 844 5124 1127 5178; x_wconf 85' lang='lat' dir='ltr'><strong>hominibus</strong></span> <span class='ocrx_word' id='word_1_438' title='bbox 1150 5141 1272 5194; x_wconf 78' lang='lat' dir='ltr'><strong>quos</strong></span> <span class='ocrx_word' id='word_1_439' title='bbox 1297 5124 1479 5179; x_wconf 87' lang='lat' dir='ltr'><strong>dedisti</strong></span> <span class='ocrx_word' id='word_1_440' title='bbox 1498 5126 1639 5180; x_wconf 85' lang='lat' dir='ltr'><strong>mihi.</strong></span> <span class='ocrx_word' id='word_1_441' title='bbox 1662 5126 1777 5182; x_wconf 87' lang='lat' dir='ltr'><strong>Non</strong></span> <span class='ocrx_word' id='word_1_442' title='bbox 1795 5141 1922 5197; x_wconf 81' lang='lat' dir='ltr'><strong>ergo</strong></span> 
     </span>
    </p>
   </div>
   <div class='ocr_carea' id='block_1_54' title="bbox 333 5214 1921 5288">
    <p class='ocr_par' dir='ltr' id='par_1_54' title="bbox 333 5214 1921 5288">
     <span class='ocr_line' id='line_1_54' title="bbox 333 5214 1921 5288; baseline 0.004 -21"><span class='ocrx_word' id='word_1_443' title='bbox 333 5224 591 5270; x_wconf 72' lang='lat' dir='ltr'><strong>noverant</strong></span> <span class='ocrx_word' id='word_1_444' title='bbox 608 5214 701 5269; x_wconf 87' lang='lat' dir='ltr'><strong>Dei</strong></span> <span class='ocrx_word' id='word_1_445' title='bbox 716 5230 929 5283; x_wconf 89' lang='lat' dir='ltr'><strong>nomen,</strong></span> <span class='ocrx_word' id='word_1_446' title='bbox 948 5231 1066 5271; x_wconf 89' lang='lat' dir='ltr'><strong>eum</strong></span> <span class='ocrx_word' id='word_1_447' title='bbox 1093 5215 1555 5272; x_wconf 69' lang='lat' dir='ltr'><strong>essentJudtci?Et</strong></span> <span class='ocrx_word' id='word_1_448' title='bbox 1570 5217 1657 5273; x_wconf 91' lang='lat' dir='ltr'><strong>ubi</strong></span> <span class='ocrx_word' id='word_1_449' title='bbox 1676 5228 1756 5273; x_wconf 87' lang='lat' dir='ltr'><strong>est</strong></span> <span class='ocrx_word' id='word_1_450' title='bbox 1779 5217 1921 5288; x_wconf 91' lang='lat' dir='ltr'><strong>quod</strong></span> 
     </span>
    </p>
   </div>
   <div class='ocr_carea' id='block_1_55' title="bbox 333 5304 1923 5380">
    <p class='ocr_par' dir='ltr' id='par_1_55' title="bbox 333 5304 1923 5380">
     <span class='ocr_line' id='line_1_55' title="bbox 333 5304 1923 5380; baseline 0.002 -19"><span class='ocrx_word' id='word_1_451' title='bbox 333 5307 545 5375; x_wconf 73' lang='lat' dir='ltr'><strong>legitur,</strong></span> <span class='ocrx_word' id='word_1_452' title='bbox 566 5304 730 5361; x_wconf 86' lang='lat' dir='ltr'><strong>Notus</strong></span> <span class='ocrx_word' id='word_1_453' title='bbox 755 5308 809 5361; x_wconf 87' lang='lat' dir='ltr'><strong>in</strong></span> <span class='ocrx_word' id='word_1_454' title='bbox 834 5306 1020 5363; x_wconf 80' lang='lat' dir='ltr'><strong>Judtea</strong></span> <span class='ocrx_word' id='word_1_455' title='bbox 1042 5307 1208 5373; x_wconf 84' lang='lat' dir='ltr'><strong>Deus;</strong></span> <span class='ocrx_word' id='word_1_456' title='bbox 1231 5309 1284 5362; x_wconf 90' lang='lat' dir='ltr'><strong>in</strong></span> <span class='ocrx_word' id='word_1_457' title='bbox 1296 5306 1462 5363; x_wconf 85' lang='lat' dir='ltr'><strong>Israel</strong></span> <span class='ocrx_word' id='word_1_458' title='bbox 1489 5325 1728 5380; x_wconf 87' lang='lat' dir='ltr'><strong>magnum</strong></span> <span class='ocrx_word' id='word_1_459' title='bbox 1742 5325 1923 5364; x_wconf 90' lang='lat' dir='ltr'><strong>nomen</strong></span> 
     </span>
    </p>
   </div>
   <div class='ocr_carea' id='block_1_56' title="bbox 333 5396 1923 5471">
    <p class='ocr_par' dir='ltr' id='par_1_56' title="bbox 333 5396 1923 5471">
     <span class='ocr_line' id='line_1_56' title="bbox 333 5396 1923 5471; baseline 0.004 -21"><span class='ocrx_word' id='word_1_460' title='bbox 333 5399 443 5466; x_wconf 75' lang='lat' dir='ltr'><strong>ejus</strong></span> <span class='ocrx_word' id='word_1_461' title='bbox 502 5396 674 5468; x_wconf 87' lang='lat' dir='ltr'><strong>(Psal.</strong></span> <span class='ocrx_word' id='word_1_462' title='bbox 706 5414 873 5466; x_wconf 75' lang='lat' dir='ltr'><strong>Lxxv,</strong></span> <span class='ocrx_word' id='word_1_463' title='bbox 921 5397 1019 5471; x_wconf 73' lang='lat'><strong>2)?</strong></span> <span class='ocrx_word' id='word_1_464' title='bbox 1056 5400 1194 5470; x_wconf 86' lang='lat' dir='ltr'><strong>Ergo</strong></span> <span class='ocrx_word' id='word_1_465' title='bbox 1234 5400 1550 5470; x_wconf 82' lang='lat' dir='ltr'><strong>manifestavi</strong></span> <span class='ocrx_word' id='word_1_466' title='bbox 1579 5417 1758 5456; x_wconf 88' lang='lat' dir='ltr'><strong>nomen</strong></span> <span class='ocrx_word' id='word_1_467' title='bbox 1780 5411 1923 5456; x_wconf 88' lang='lat' dir='ltr'><strong>tuum</strong></span> 
     </span>
    </p>
   </div>
   <div class='ocr_carea' id='block_1_57' title="bbox 334 5486 1927 5562">
    <p class='ocr_par' dir='ltr' id='par_1_57' title="bbox 334 5486 1927 5562">
     <span class='ocr_line' id='line_1_57' title="bbox 334 5486 1927 5562; baseline 0.005 -23"><span class='ocrx_word' id='word_1_468' title='bbox 334 5486 620 5541; x_wconf 77' lang='lat' dir='ltr'><strong>hominibus</strong></span> <span class='ocrx_word' id='word_1_469' title='bbox 644 5486 777 5552; x_wconf 89' lang='lat' dir='ltr'><strong>istis,</strong></span> <span class='ocrx_word' id='word_1_470' title='bbox 793 5503 917 5559; x_wconf 85' lang='lat' dir='ltr'><strong>quos</strong></span> <span class='ocrx_word' id='word_1_471' title='bbox 946 5489 1125 5543; x_wconf 84' lang='lat' dir='ltr'><strong>dedisti</strong></span> <span class='ocrx_word' id='word_1_472' title='bbox 1144 5491 1265 5544; x_wconf 82' lang='lat' dir='ltr'><strong>nti/tt</strong></span> <span class='ocrx_word' id='word_1_473' title='bbox 1282 5489 1344 5545; x_wconf 87' lang='lat' dir='ltr'><strong>de</strong></span> <span class='ocrx_word' id='word_1_474' title='bbox 1370 5490 1680 5562; x_wconf 90' lang='lat' dir='ltr'><strong>mundo,qui</strong></span> <span class='ocrx_word' id='word_1_475' title='bbox 1705 5506 1790 5548; x_wconf 90' lang='lat' dir='ltr'><strong>me</strong></span> <span class='ocrx_word' id='word_1_476' title='bbox 1831 5507 1927 5547; x_wconf 86' lang='lat' dir='ltr'><strong>au-</strong></span> 
     </span>
    </p>
   </div>
   <div class='ocr_carea' id='block_1_58' title="bbox 335 5578 1928 5656">
    <p class='ocr_par' dir='ltr' id='par_1_58' title="bbox 335 5578 1928 5656">
     <span class='ocr_line' id='line_1_58' title="bbox 335 5578 1928 5656; baseline 0.006 -24"><span class='ocrx_word' id='word_1_477' title='bbox 335 5578 487 5633; x_wconf 86' lang='lat' dir='ltr'><strong>diunt</strong></span> <span class='ocrx_word' id='word_1_478' title='bbox 519 5578 635 5636; x_wconf 58' lang='lat' dir='ltr'><strong>haec</strong></span> <span class='ocrx_word' id='word_1_479' title='bbox 648 5580 912 5638; x_wconf 89' lang='lat' dir='ltr'><strong>dicentem</strong></span> <span class='ocrx_word' id='word_1_480' title='bbox 934 5600 945 5636; x_wconf 95' lang='lat'>:</span> <span class='ocrx_word' id='word_1_481' title='bbox 964 5599 1071 5638; x_wconf 92' lang='lat' dir='ltr'><strong>non</strong></span> <span class='ocrx_word' id='word_1_482' title='bbox 1094 5583 1221 5638; x_wconf 92' lang='lat' dir='ltr'><strong>illud</strong></span> <span class='ocrx_word' id='word_1_483' title='bbox 1246 5599 1439 5640; x_wconf 89' lang='lat' dir='ltr'><strong>nomen</strong></span> <span class='ocrx_word' id='word_1_484' title='bbox 1471 5594 1616 5639; x_wconf 92' lang='lat' dir='ltr'><strong>tuum</strong></span> <span class='ocrx_word' id='word_1_485' title='bbox 1646 5601 1753 5656; x_wconf 84' lang='lat' dir='ltr'><strong>quo</strong></span> <span class='ocrx_word' id='word_1_486' title='bbox 1776 5602 1928 5641; x_wconf 89' lang='lat' dir='ltr'><strong>voca-</strong></span> 
     </span>
    </p>
   </div>
   <div class='ocr_carea' id='block_1_59' title="bbox 335 5671 1922 5748">
    <p class='ocr_par' dir='ltr' id='par_1_59' title="bbox 335 5671 1922 5748">
     <span class='ocr_line' id='line_1_59' title="bbox 335 5671 1922 5748; baseline 0.004 -21"><span class='ocrx_word' id='word_1_487' title='bbox 335 5672 408 5727; x_wconf 84' lang='lat' dir='ltr'><strong>ris</strong></span> <span class='ocrx_word' id='word_1_488' title='bbox 428 5671 593 5740; x_wconf 87' lang='lat' dir='ltr'><strong>Deus,</strong></span> <span class='ocrx_word' id='word_1_489' title='bbox 610 5672 704 5729; x_wconf 86' lang='lat' dir='ltr'><strong>sed</strong></span> <span class='ocrx_word' id='word_1_490' title='bbox 735 5673 859 5731; x_wconf 90' lang='lat' dir='ltr'><strong>illud</strong></span> <span class='ocrx_word' id='word_1_491' title='bbox 877 5690 982 5745; x_wconf 91' lang='lat' dir='ltr'><strong>quo</strong></span> <span class='ocrx_word' id='word_1_492' title='bbox 994 5677 1199 5731; x_wconf 80' lang='lat' dir='ltr'><strong>vocaris</strong></span> <span class='ocrx_word' id='word_1_493' title='bbox 1215 5676 1552 5742; x_wconf 85' lang='lat' dir='ltr'><strong>Patcrmeus;</strong></span> <span class='ocrx_word' id='word_1_494' title='bbox 1569 5679 1706 5748; x_wconf 91' lang='lat' dir='ltr'><strong>quod</strong></span> <span class='ocrx_word' id='word_1_495' title='bbox 1731 5694 1922 5735; x_wconf 90' lang='lat' dir='ltr'><strong>nomen</strong></span> 
     </span>
    </p>
   </div>
   <div class='ocr_carea' id='block_1_60' title="bbox 336 5762 1921 5842">
    <p class='ocr_par' dir='ltr' id='par_1_60' title="bbox 336 5762 1921 5842">
     <span class='ocr_line' id='line_1_60' title="bbox 336 5762 1921 5842; baseline 0.005 -23"><span class='ocrx_word' id='word_1_496' title='bbox 336 5762 663 5833; x_wconf 77' lang='lat' dir='ltr'><strong>manifestari</strong></span> <span class='ocrx_word' id='word_1_497' title='bbox 682 5766 801 5823; x_wconf 88' lang='lat' dir='ltr'><strong>sine</strong></span> <span class='ocrx_word' id='word_1_498' title='bbox 818 5766 983 5839; x_wconf 89' lang='lat' dir='ltr'><strong>ipsius</strong></span> <span class='ocrx_word' id='word_1_499' title='bbox 1005 5766 1125 5825; x_wconf 79' lang='lat' dir='ltr'><strong>Filii</strong></span> <span class='ocrx_word' id='word_1_500' title='bbox 1143 5768 1566 5829; x_wconf 82' lang='lat' dir='ltr'><strong>manilestatione</strong></span> <span class='ocrx_word' id='word_1_501' title='bbox 1586 5786 1692 5829; x_wconf 88' lang='lat' dir='ltr'><strong>non</strong></span> <span class='ocrx_word' id='word_1_502' title='bbox 1723 5781 1921 5842; x_wconf 88' lang='lat' dir='ltr'><strong>posset.</strong></span> 
     </span>
    </p>
   </div>
   <div class='ocr_carea' id='block_1_61' title="bbox 1424 352 2462 412">
    <p class='ocr_par' dir='ltr' id='par_1_61' title="bbox 1424 352 2462 412">
     <span class='ocr_line' id='line_1_61' title="bbox 1424 352 2462 412; baseline -0.002 -4"><span class='ocrx_word' id='word_1_503' title='bbox 1424 352 1831 410; x_wconf 74' lang='lat' dir='ltr'><strong>&#39;I&#39;RACTATUS</strong></span> <span class='ocrx_word' id='word_1_504' title='bbox 1866 354 1996 411; x_wconf 88' lang='lat' dir='ltr'><strong>CVI.</strong></span> <span class='ocrx_word' id='word_1_505' title='bbox 2038 354 2262 412; x_wconf 81' lang='lat' dir='ltr'><strong>CAPUT</strong></span> <span class='ocrx_word' id='word_1_506' title='bbox 2304 354 2462 411; x_wconf 77' lang='lat' dir='ltr'><strong>XVII.</strong></span> 
     </span>
    </p>
   </div>
   <div class='ocr_carea' id='block_1_62' title="bbox 3452 359 3651 415">
    <p class='ocr_par' dir='ltr' id='par_1_62' title="bbox 3452 359 3651 415">
     <span class='ocr_line' id='line_1_62' title="bbox 3452 359 3651 415; baseline 0.015 -2"><span class='ocrx_word' id='word_1_507' title='bbox 3452 359 3592 415; x_wconf 80' lang='grc'><strong>1910</strong></span> <span class='ocrx_word' id='word_1_508' title='bbox 3648 400 3651 409; x_wconf 70' lang='grc' dir='ltr'><strong>ς</strong></span> 
     </span>
    </p>
   </div>
   <div class='ocr_carea' id='block_1_63' title="bbox 2022 463 3591 534">
    <p class='ocr_par' dir='ltr' id='par_1_63' title="bbox 2022 463 3591 534">
     <span class='ocr_line' id='line_1_63' title="bbox 2022 463 3591 534; baseline 0.004 -16"><span class='ocrx_word' id='word_1_509' title='bbox 2022 464 2152 518; x_wconf 81' lang='lat' dir='ltr'><strong>Nam</strong></span> <span class='ocrx_word' id='word_1_510' title='bbox 2196 464 2335 534; x_wconf 83' lang='lat' dir='ltr'><strong>quod</strong></span> <span class='ocrx_word' id='word_1_511' title='bbox 2380 463 2527 520; x_wconf 92' lang='lat' dir='ltr'><strong>Deus</strong></span> <span class='ocrx_word' id='word_1_512' title='bbox 2570 464 2763 521; x_wconf 90' lang='lat' dir='ltr'><strong>dicitur</strong></span> <span class='ocrx_word' id='word_1_513' title='bbox 2802 469 3061 522; x_wconf 69' lang='lat' dir='ltr'><strong>universae</strong></span> <span class='ocrx_word' id='word_1_514' title='bbox 3105 475 3383 534; x_wconf 78' lang='lat' dir='ltr'><strong>creaturae,</strong></span> <span class='ocrx_word' id='word_1_515' title='bbox 3433 471 3591 525; x_wconf 87' lang='lat' dir='ltr'><strong>etiam</strong></span> 
     </span>
    </p>
   </div>
   <div class='ocr_carea' id='block_1_64' title="bbox 2020 556 3588 631">
    <p class='ocr_par' dir='ltr' id='par_1_64' title="bbox 2020 556 3588 631">
     <span class='ocr_line' id='line_1_64' title="bbox 2020 556 3588 631; baseline 0.004 -23"><span class='ocrx_word' id='word_1_516' title='bbox 2020 556 2266 611; x_wconf 89' lang='lat' dir='ltr'><strong>omnibus</strong></span> <span class='ocrx_word' id='word_1_517' title='bbox 2289 556 2532 625; x_wconf 83' lang='lat' dir='ltr'><strong>gentibus</strong></span> <span class='ocrx_word' id='word_1_518' title='bbox 2570 566 2852 627; x_wconf 88' lang='lat' dir='ltr'><strong>antequam</strong></span> <span class='ocrx_word' id='word_1_519' title='bbox 2881 558 2933 613; x_wconf 90' lang='lat' dir='ltr'><strong>in</strong></span> <span class='ocrx_word' id='word_1_520' title='bbox 2959 556 3235 631; x_wconf 79' lang='lat' dir='ltr'><strong>Christum</strong></span> <span class='ocrx_word' id='word_1_521' title='bbox 3268 559 3547 615; x_wconf 89' lang='lat' dir='ltr'><strong>crederent</strong></span> <span class='ocrx_word' id='word_1_522' title='bbox 3573 602 3588 626; x_wconf 93' lang='lat'><strong>,</strong></span> 
     </span>
    </p>
   </div>
   <div class='ocr_carea' id='block_1_65' title="bbox 2020 646 3593 720">
    <p class='ocr_par' dir='ltr' id='par_1_65' title="bbox 2020 646 3593 720">
     <span class='ocr_line' id='line_1_65' title="bbox 2020 646 3593 720; baseline 0.003 -21"><span class='ocrx_word' id='word_1_523' title='bbox 2020 661 2125 700; x_wconf 91' lang='lat' dir='ltr'><strong>non</strong></span> <span class='ocrx_word' id='word_1_524' title='bbox 2146 646 2291 701; x_wconf 91' lang='lat' dir='ltr'><strong>omni</strong></span> <span class='ocrx_word' id='word_1_525' title='bbox 2312 647 2471 702; x_wconf 90' lang='lat' dir='ltr'><strong>modo</strong></span> <span class='ocrx_word' id='word_1_526' title='bbox 2499 662 2619 704; x_wconf 88' lang='lat' dir='ltr'><strong>esse</strong></span> <span class='ocrx_word' id='word_1_527' title='bbox 2648 647 2817 719; x_wconf 86' lang='lat' dir='ltr'><strong>potuit</strong></span> <span class='ocrx_word' id='word_1_528' title='bbox 2842 650 2943 707; x_wconf 92' lang='lat' dir='ltr'><strong>hoc</strong></span> <span class='ocrx_word' id='word_1_529' title='bbox 2961 663 3156 707; x_wconf 90' lang='lat' dir='ltr'><strong>nomen</strong></span> <span class='ocrx_word' id='word_1_530' title='bbox 3185 649 3445 720; x_wconf 83' lang='lat' dir='ltr'><strong>ignotum.</strong></span> <span class='ocrx_word' id='word_1_531' title='bbox 3470 650 3593 705; x_wconf 72' lang='lat' dir='ltr'><strong>llmc</strong></span> 
     </span>
    </p>
   </div>
   <div class='ocr_carea' id='block_1_66' title="bbox 2019 740 3593 809">
    <p class='ocr_par' dir='ltr' id='par_1_66' title="bbox 2019 740 3593 809">
     <span class='ocr_line' id='line_1_66' title="bbox 2019 740 3593 809; baseline 0.003 -15"><span class='ocrx_word' id='word_1_532' title='bbox 2019 747 2103 794; x_wconf 90' lang='lat' dir='ltr'><strong>est</strong></span> <span class='ocrx_word' id='word_1_533' title='bbox 2130 740 2272 794; x_wconf 90' lang='lat' dir='ltr'><strong>enim</strong></span> <span class='ocrx_word' id='word_1_534' title='bbox 2309 740 2389 796; x_wconf 88' lang='lat' dir='ltr'><strong>vis</strong></span> <span class='ocrx_word' id='word_1_535' title='bbox 2434 756 2575 796; x_wconf 66' lang='lat' dir='ltr'><strong>vera:</strong></span> <span class='ocrx_word' id='word_1_536' title='bbox 2601 741 2926 809; x_wconf 85' lang='lat' dir='ltr'><strong>divinitatis,</strong></span> <span class='ocrx_word' id='word_1_537' title='bbox 2968 749 3031 798; x_wconf 90' lang='lat' dir='ltr'><strong>ut</strong></span> <span class='ocrx_word' id='word_1_538' title='bbox 3061 751 3319 800; x_wconf 69' lang='lat' dir='ltr'><strong>creatura:</strong></span> <span class='ocrx_word' id='word_1_539' title='bbox 3348 745 3593 800; x_wconf 88' lang='lat' dir='ltr'><strong>rationali</strong></span> 
     </span>
    </p>
   </div>
   <div class='ocr_carea' id='block_1_67' title="bbox 2020 830 3595 905">
    <p class='ocr_par' dir='ltr' id='par_1_67' title="bbox 2020 830 3595 905">
     <span class='ocr_line' id='line_1_67' title="bbox 2020 830 3595 905; baseline 0.003 -20"><span class='ocrx_word' id='word_1_540' title='bbox 2020 830 2125 898; x_wconf 85' lang='lat' dir='ltr'><strong>iam</strong></span> <span class='ocrx_word' id='word_1_541' title='bbox 2177 831 2386 887; x_wconf 89' lang='lat' dir='ltr'><strong>ratione</strong></span> <span class='ocrx_word' id='word_1_542' title='bbox 2426 833 2591 887; x_wconf 89' lang='lat' dir='ltr'><strong>utenti</strong></span> <span class='ocrx_word' id='word_1_543' title='bbox 2615 871 2632 900; x_wconf 93' lang='lat'><strong>,</strong></span> <span class='ocrx_word' id='word_1_544' title='bbox 2681 847 2785 888; x_wconf 89' lang='lat' dir='ltr'><strong>non</strong></span> <span class='ocrx_word' id='word_1_545' title='bbox 2832 833 3052 889; x_wconf 88' lang='lat' dir='ltr'><strong>omnino</strong></span> <span class='ocrx_word' id='word_1_546' title='bbox 3091 848 3155 891; x_wconf 91' lang='lat' dir='ltr'><strong>ac</strong></span> <span class='ocrx_word' id='word_1_547' title='bbox 3190 834 3401 905; x_wconf 86' lang='lat' dir='ltr'><strong>penitus</strong></span> <span class='ocrx_word' id='word_1_548' title='bbox 3428 836 3595 905; x_wconf 89' lang='lat' dir='ltr'><strong>possit</strong></span> 
     </span>
    </p>
   </div>
   <div class='ocr_carea' id='block_1_68' title="bbox 2020 920 3593 997">
    <p class='ocr_par' dir='ltr' id='par_1_68' title="bbox 2020 920 3593 997">
     <span class='ocr_line' id='line_1_68' title="bbox 2020 920 3593 997; baseline 0.003 -22"><span class='ocrx_word' id='word_1_549' title='bbox 2020 920 2295 976; x_wconf 86' lang='lat' dir='ltr'><strong>abscondi.</strong></span> <span class='ocrx_word' id='word_1_550' title='bbox 2333 921 2581 992; x_wconf 84' lang='lat' dir='ltr'><strong>Exceptis</strong></span> <span class='ocrx_word' id='word_1_551' title='bbox 2608 922 2750 978; x_wconf 89' lang='lat' dir='ltr'><strong>enim</strong></span> <span class='ocrx_word' id='word_1_552' title='bbox 2776 924 2958 994; x_wconf 87' lang='lat' dir='ltr'><strong>paucis</strong></span> <span class='ocrx_word' id='word_1_553' title='bbox 2986 923 3040 979; x_wconf 89' lang='lat' dir='ltr'><strong>in</strong></span> <span class='ocrx_word' id='word_1_554' title='bbox 3071 922 3265 997; x_wconf 89' lang='lat' dir='ltr'><strong>quibus</strong></span> <span class='ocrx_word' id='word_1_555' title='bbox 3295 933 3482 979; x_wconf 83' lang='lat' dir='ltr'><strong>natura</strong></span> <span class='ocrx_word' id='word_1_556' title='bbox 3506 924 3593 979; x_wconf 84' lang='lat' dir='ltr'><strong>nl-</strong></span> 
     </span>
    </p>
   </div>
   <div class='ocr_carea' id='block_1_69' title="bbox 2022 1011 3591 1088">
    <p class='ocr_par' dir='ltr' id='par_1_69' title="bbox 2022 1011 3591 1088">
     <span class='ocr_line' id='line_1_69' title="bbox 2022 1011 3591 1088; baseline 0.002 -22"><span class='ocrx_word' id='word_1_557' title='bbox 2022 1012 2184 1067; x_wconf 90' lang='lat' dir='ltr'><strong>mium</strong></span> <span class='ocrx_word' id='word_1_558' title='bbox 2227 1011 2510 1083; x_wconf 88' lang='lat' dir='ltr'><strong>depravata</strong></span> <span class='ocrx_word' id='word_1_559' title='bbox 2560 1022 2678 1080; x_wconf 89' lang='lat' dir='ltr'><strong>est,</strong></span> <span class='ocrx_word' id='word_1_560' title='bbox 2726 1015 3031 1072; x_wconf 88' lang='lat' dir='ltr'><strong>universum</strong></span> <span class='ocrx_word' id='word_1_561' title='bbox 3080 1027 3249 1088; x_wconf 82' lang='lat' dir='ltr'><strong>genus</strong></span> <span class='ocrx_word' id='word_1_562' title='bbox 3304 1015 3591 1071; x_wconf 89' lang='lat' dir='ltr'><strong>humanum</strong></span> 
     </span>
    </p>
   </div>
   <div class='ocr_carea' id='block_1_70' title="bbox 2024 1102 3593 1177">
    <p class='ocr_par' dir='ltr' id='par_1_70' title="bbox 2024 1102 3593 1177">
     <span class='ocr_line' id='line_1_70' title="bbox 2024 1102 3593 1177; baseline 0.003 -21"><span class='ocrx_word' id='word_1_563' title='bbox 2024 1102 2192 1158; x_wconf 91' lang='lat' dir='ltr'><strong>Deum</strong></span> <span class='ocrx_word' id='word_1_564' title='bbox 2240 1102 2424 1158; x_wconf 91' lang='lat' dir='ltr'><strong>mundi</strong></span> <span class='ocrx_word' id='word_1_565' title='bbox 2472 1102 2629 1174; x_wconf 86' lang='lat' dir='ltr'><strong>hujus</strong></span> <span class='ocrx_word' id='word_1_566' title='bbox 2667 1105 2860 1160; x_wconf 76' lang='lat' dir='ltr'><strong>fatetur</strong></span> <span class='ocrx_word' id='word_1_567' title='bbox 2886 1114 3181 1163; x_wconf 89' lang='lat' dir='ltr'><strong>auctorem.</strong></span> <span class='ocrx_word' id='word_1_568' title='bbox 3222 1103 3280 1161; x_wconf 92' lang='lat' dir='ltr'><strong>In</strong></span> <span class='ocrx_word' id='word_1_569' title='bbox 3319 1106 3421 1161; x_wconf 90' lang='lat' dir='ltr'><strong>hoc</strong></span> <span class='ocrx_word' id='word_1_570' title='bbox 3466 1121 3593 1177; x_wconf 82' lang='lat' dir='ltr'><strong>ergo</strong></span> 
     </span>
    </p>
   </div>
   <div class='ocr_carea' id='block_1_71' title="bbox 2021 1192 3590 1268">
    <p class='ocr_par' dir='ltr' id='par_1_71' title="bbox 2021 1192 3590 1268">
     <span class='ocr_line' id='line_1_71' title="bbox 2021 1192 3590 1268; baseline 0.004 -21"><span class='ocrx_word' id='word_1_571' title='bbox 2021 1193 2161 1264; x_wconf 91' lang='lat' dir='ltr'><strong>quod</strong></span> <span class='ocrx_word' id='word_1_572' title='bbox 2191 1192 2314 1249; x_wconf 80' lang='lat' dir='ltr'><strong>fecit</strong></span> <span class='ocrx_word' id='word_1_573' title='bbox 2340 1194 2478 1250; x_wconf 91' lang='lat' dir='ltr'><strong>hunc</strong></span> <span class='ocrx_word' id='word_1_574' title='bbox 2511 1196 2763 1252; x_wconf 87' lang='lat' dir='ltr'><strong>mundum</strong></span> <span class='ocrx_word' id='word_1_575' title='bbox 2790 1198 2927 1254; x_wconf 66' lang='lat' dir='ltr'><strong>caelo</strong></span> <span class='ocrx_word' id='word_1_576' title='bbox 2957 1206 3201 1268; x_wconf 87' lang='lat' dir='ltr'><strong>terraque</strong></span> <span class='ocrx_word' id='word_1_577' title='bbox 3223 1199 3590 1268; x_wconf 85' lang='lat' dir='ltr'><strong>conspicuum,</strong></span> 
     </span>
    </p>
   </div>
   <div class='ocr_carea' id='block_1_72' title="bbox 2021 1286 3601 1356">
    <p class='ocr_par' dir='ltr' id='par_1_72' title="bbox 2021 1286 3601 1356">
     <span class='ocr_line' id='line_1_72' title="bbox 2021 1286 3601 1356; baseline 0.003 -17"><span class='ocrx_word' id='word_1_578' title='bbox 2021 1291 2075 1339; x_wconf 91' lang='lat' dir='ltr'><strong>et</strong></span> <span class='ocrx_word' id='word_1_579' title='bbox 2097 1293 2379 1355; x_wconf 87' lang='lat' dir='ltr'><strong>antequam</strong></span> <span class='ocrx_word' id='word_1_580' title='bbox 2408 1286 2768 1342; x_wconf 83' lang='lat' dir='ltr'><strong>iinbnerentur</strong></span> <span class='ocrx_word' id='word_1_581' title='bbox 2796 1288 2846 1342; x_wconf 90' lang='lat' dir='ltr'><strong>in</strong></span> <span class='ocrx_word' id='word_1_582' title='bbox 2870 1288 2970 1344; x_wconf 88' lang='lat' dir='ltr'><strong>lide</strong></span> <span class='ocrx_word' id='word_1_583' title='bbox 2989 1289 3214 1356; x_wconf 86' lang='lat' dir='ltr'><strong>Christi,</strong></span> <span class='ocrx_word' id='word_1_584' title='bbox 3239 1298 3397 1344; x_wconf 89' lang='lat' dir='ltr'><strong>notus</strong></span> <span class='ocrx_word' id='word_1_585' title='bbox 3424 1290 3601 1343; x_wconf 89' lang='lat' dir='ltr'><strong>omni-</strong></span> 
     </span>
    </p>
   </div>
   <div class='ocr_carea' id='block_1_73' title="bbox 2020 1376 3596 1451">
    <p class='ocr_par' dir='ltr' id='par_1_73' title="bbox 2020 1376 3596 1451">
     <span class='ocr_line' id='line_1_73' title="bbox 2020 1376 3596 1451; baseline 0.003 -19"><span class='ocrx_word' id='word_1_586' title='bbox 2020 1376 2120 1433; x_wconf 89' lang='lat' dir='ltr'><strong>bus</strong></span> <span class='ocrx_word' id='word_1_587' title='bbox 2148 1378 2387 1448; x_wconf 78' lang='lat' dir='ltr'><strong>gentibus</strong></span> <span class='ocrx_word' id='word_1_588' title='bbox 2410 1378 2571 1433; x_wconf 85' lang='lat' dir='ltr'><strong>Deus.</strong></span> <span class='ocrx_word' id='word_1_589' title='bbox 2600 1379 2654 1434; x_wconf 92' lang='lat' dir='ltr'><strong>In</strong></span> <span class='ocrx_word' id='word_1_590' title='bbox 2682 1378 2782 1435; x_wconf 92' lang='lat' dir='ltr'><strong>hoc</strong></span> <span class='ocrx_word' id='word_1_591' title='bbox 2806 1388 2980 1436; x_wconf 85' lang='lat' dir='ltr'><strong>autem</strong></span> <span class='ocrx_word' id='word_1_592' title='bbox 3008 1381 3146 1451; x_wconf 91' lang='lat' dir='ltr'><strong>quod</strong></span> <span class='ocrx_word' id='word_1_593' title='bbox 3168 1396 3270 1436; x_wconf 88' lang='lat' dir='ltr'><strong>non</strong></span> <span class='ocrx_word' id='word_1_594' title='bbox 3293 1390 3373 1436; x_wconf 90' lang='lat' dir='ltr'><strong>est</strong></span> <span class='ocrx_word' id='word_1_595' title='bbox 3390 1380 3596 1451; x_wconf 86' lang='lat' dir='ltr'><strong>injuriis</strong></span> 
     </span>
    </p>
   </div>
   <div class='ocr_carea' id='block_1_74' title="bbox 2023 1468 3595 1538">
    <p class='ocr_par' dir='ltr' id='par_1_74' title="bbox 2023 1468 3595 1538">
     <span class='ocr_line' id='line_1_74' title="bbox 2023 1468 3595 1538; baseline 0.002 -16"><span class='ocrx_word' id='word_1_596' title='bbox 2023 1468 2132 1522; x_wconf 90' lang='lat' dir='ltr'><strong>suis</strong></span> <span class='ocrx_word' id='word_1_597' title='bbox 2162 1482 2280 1522; x_wconf 90' lang='lat' dir='ltr'><strong>cum</strong></span> <span class='ocrx_word' id='word_1_598' title='bbox 2309 1469 2410 1524; x_wconf 90' lang='lat' dir='ltr'><strong>diis</strong></span> <span class='ocrx_word' id='word_1_599' title='bbox 2442 1468 2588 1525; x_wconf 76' lang='lat' dir='ltr'><strong>falsis</strong></span> <span class='ocrx_word' id='word_1_600' title='bbox 2615 1471 2888 1538; x_wconf 90' lang='lat' dir='ltr'><strong>colendus,</strong></span> <span class='ocrx_word' id='word_1_601' title='bbox 2922 1482 3078 1527; x_wconf 90' lang='lat' dir='ltr'><strong>notus</strong></span> <span class='ocrx_word' id='word_1_602' title='bbox 3119 1472 3171 1526; x_wconf 91' lang='lat' dir='ltr'><strong>in</strong></span> <span class='ocrx_word' id='word_1_603' title='bbox 3210 1472 3389 1528; x_wconf 68' lang='lat' dir='ltr'><strong>Judma</strong></span> <span class='ocrx_word' id='word_1_604' title='bbox 3432 1474 3595 1529; x_wconf 91' lang='lat' dir='ltr'><strong>Deus.</strong></span> 
     </span>
    </p>
   </div>
   <div class='ocr_carea' id='block_1_75' title="bbox 2024 1555 3595 1633">
    <p class='ocr_par' dir='ltr' id='par_1_75' title="bbox 2024 1555 3595 1633">
     <span class='ocr_line' id='line_1_75' title="bbox 2024 1555 3595 1633; baseline 0.005 -24"><span class='ocrx_word' id='word_1_605' title='bbox 2024 1555 2079 1610; x_wconf 88' lang='lat' dir='ltr'><strong>In</strong></span> <span class='ocrx_word' id='word_1_606' title='bbox 2108 1556 2208 1613; x_wconf 86' lang='lat' dir='ltr'><strong>hoc</strong></span> <span class='ocrx_word' id='word_1_607' title='bbox 2233 1573 2359 1613; x_wconf 83' lang='lat' dir='ltr'><strong>vero</strong></span> <span class='ocrx_word' id='word_1_608' title='bbox 2383 1560 2521 1629; x_wconf 89' lang='lat' dir='ltr'><strong>quod</strong></span> <span class='ocrx_word' id='word_1_609' title='bbox 2548 1560 2706 1616; x_wconf 87' lang='lat' dir='ltr'><strong>Pater</strong></span> <span class='ocrx_word' id='word_1_610' title='bbox 2734 1569 2816 1616; x_wconf 92' lang='lat' dir='ltr'><strong>est</strong></span> <span class='ocrx_word' id='word_1_611' title='bbox 2846 1560 3003 1633; x_wconf 86' lang='lat' dir='ltr'><strong>hujus</strong></span> <span class='ocrx_word' id='word_1_612' title='bbox 3028 1562 3260 1629; x_wconf 86' lang='lat' dir='ltr'><strong>Christi,</strong></span> <span class='ocrx_word' id='word_1_613' title='bbox 3304 1579 3397 1633; x_wconf 86' lang='lat' dir='ltr'><strong>per</strong></span> <span class='ocrx_word' id='word_1_614' title='bbox 3435 1577 3595 1633; x_wconf 90' lang='lat' dir='ltr'><strong>quem</strong></span> 
     </span>
    </p>
   </div>
   <div class='ocr_carea' id='block_1_76' title="bbox 2022 1648 3598 1722">
    <p class='ocr_par' dir='ltr' id='par_1_76' title="bbox 2022 1648 3598 1722">
     <span class='ocr_line' id='line_1_76' title="bbox 2022 1648 3598 1722; baseline 0.003 -19"><span class='ocrx_word' id='word_1_615' title='bbox 2022 1648 2159 1703; x_wconf 88' lang='lat' dir='ltr'><strong>tollit</strong></span> <span class='ocrx_word' id='word_1_616' title='bbox 2200 1658 2473 1718; x_wconf 88' lang='lat' dir='ltr'><strong>peccatum</strong></span> <span class='ocrx_word' id='word_1_617' title='bbox 2502 1651 2683 1706; x_wconf 88' lang='lat' dir='ltr'><strong>mundi</strong></span> <span class='ocrx_word' id='word_1_618' title='bbox 2703 1693 2717 1717; x_wconf 93' lang='lat'><strong>,</strong></span> <span class='ocrx_word' id='word_1_619' title='bbox 2745 1651 2847 1707; x_wconf 88' lang='lat' dir='ltr'><strong>hoc</strong></span> <span class='ocrx_word' id='word_1_620' title='bbox 2874 1667 3066 1708; x_wconf 91' lang='lat' dir='ltr'><strong>nomen</strong></span> <span class='ocrx_word' id='word_1_621' title='bbox 3092 1652 3204 1721; x_wconf 88' lang='lat' dir='ltr'><strong>ejus</strong></span> <span class='ocrx_word' id='word_1_622' title='bbox 3236 1654 3380 1722; x_wconf 89' lang='lat' dir='ltr'><strong>prius</strong></span> <span class='ocrx_word' id='word_1_623' title='bbox 3418 1654 3598 1708; x_wconf 61' lang='lat' dir='ltr'><strong>oecul-</strong></span> 
     </span>
    </p>
   </div>
   <div class='ocr_carea' id='block_1_77' title="bbox 2023 1743 3597 1815">
    <p class='ocr_par' dir='ltr' id='par_1_77' title="bbox 2023 1743 3597 1815">
     <span class='ocr_line' id='line_1_77' title="bbox 2023 1743 3597 1815; baseline 0.003 -21"><span class='ocrx_word' id='word_1_624' title='bbox 2023 1749 2132 1795; x_wconf 93' lang='lat' dir='ltr'><strong>tum</strong></span> <span class='ocrx_word' id='word_1_625' title='bbox 2173 1743 2451 1807; x_wconf 90' lang='lat' dir='ltr'><strong>omnibus,</strong></span> <span class='ocrx_word' id='word_1_626' title='bbox 2497 1759 2637 1799; x_wconf 89' lang='lat' dir='ltr'><strong>nunc</strong></span> <span class='ocrx_word' id='word_1_627' title='bbox 2680 1744 3036 1800; x_wconf 83' lang='lat' dir='ltr'><strong>manilestavit</strong></span> <span class='ocrx_word' id='word_1_628' title='bbox 3072 1745 3150 1800; x_wconf 90' lang='lat' dir='ltr'><strong>eis</strong></span> <span class='ocrx_word' id='word_1_629' title='bbox 3190 1759 3324 1815; x_wconf 90' lang='lat' dir='ltr'><strong>quos</strong></span> <span class='ocrx_word' id='word_1_630' title='bbox 3364 1745 3508 1800; x_wconf 92' lang='lat' dir='ltr'><strong>dedit</strong></span> <span class='ocrx_word' id='word_1_631' title='bbox 3546 1746 3597 1800; x_wconf 88' lang='lat' dir='ltr'><strong>ei</strong></span> 
     </span>
    </p>
   </div>
   <div class='ocr_carea' id='block_1_78' title="bbox 2023 1831 3598 1907">
    <p class='ocr_par' dir='ltr' id='par_1_78' title="bbox 2023 1831 3598 1907">
     <span class='ocr_line' id='line_1_78' title="bbox 2023 1831 3598 1907; baseline 0.003 -20"><span class='ocrx_word' id='word_1_632' title='bbox 2023 1831 2180 1888; x_wconf 86' lang='lat' dir='ltr'><strong>Pater</strong></span> <span class='ocrx_word' id='word_1_633' title='bbox 2206 1833 2318 1903; x_wconf 90' lang='lat' dir='ltr'><strong>ipse</strong></span> <span class='ocrx_word' id='word_1_634' title='bbox 2342 1834 2408 1889; x_wconf 93' lang='lat' dir='ltr'><strong>de</strong></span> <span class='ocrx_word' id='word_1_635' title='bbox 2436 1835 2651 1891; x_wconf 91' lang='lat' dir='ltr'><strong>mundo.</strong></span> <span class='ocrx_word' id='word_1_636' title='bbox 2692 1834 2796 1892; x_wconf 91' lang='lat' dir='ltr'><strong>Sed</strong></span> <span class='ocrx_word' id='word_1_637' title='bbox 2841 1836 3107 1907; x_wconf 89' lang='lat' dir='ltr'><strong>quomodo</strong></span> <span class='ocrx_word' id='word_1_638' title='bbox 3149 1838 3521 1902; x_wconf 82' lang='lat' dir='ltr'><strong>manilestavit,</strong></span> <span class='ocrx_word' id='word_1_639' title='bbox 3551 1838 3598 1891; x_wconf 89' lang='lat' dir='ltr'><strong>si</strong></span> 
     </span>
    </p>
   </div>
   <div class='ocr_carea' id='block_1_79' title="bbox 2022 1922 3601 1996">
    <p class='ocr_par' dir='ltr' id='par_1_79' title="bbox 2022 1922 3601 1996">
     <span class='ocr_line' id='line_1_79' title="bbox 2022 1922 3601 1996; baseline 0.003 -19"><span class='ocrx_word' id='word_1_640' title='bbox 2022 1922 2254 1977; x_wconf 89' lang='lat' dir='ltr'><strong>nondum</strong></span> <span class='ocrx_word' id='word_1_641' title='bbox 2280 1925 2423 1979; x_wconf 85' lang='lat' dir='ltr'><strong>venit</strong></span> <span class='ocrx_word' id='word_1_642' title='bbox 2444 1924 2572 1980; x_wconf 91' lang='lat' dir='ltr'><strong>hora</strong></span> <span class='ocrx_word' id='word_1_643' title='bbox 2598 1925 2666 1981; x_wconf 90' lang='lat' dir='ltr'><strong>de</strong></span> <span class='ocrx_word' id='word_1_644' title='bbox 2686 1941 2787 1996; x_wconf 87' lang='lat' dir='ltr'><strong>qua</strong></span> <span class='ocrx_word' id='word_1_645' title='bbox 2815 1926 3059 1996; x_wconf 91' lang='lat' dir='ltr'><strong>superius</strong></span> <span class='ocrx_word' id='word_1_646' title='bbox 3084 1926 3311 1990; x_wconf 80' lang='lat' dir='ltr'><strong>dixerat,</strong></span> <span class='ocrx_word' id='word_1_647' title='bbox 3341 1927 3481 1996; x_wconf 88' lang='lat' dir='ltr'><strong>quod</strong></span> <span class='ocrx_word' id='word_1_648' title='bbox 3508 1942 3601 1981; x_wconf 86' lang='lat' dir='ltr'><strong>ve-</strong></span> 
     </span>
    </p>
   </div>
   <div class='ocr_carea' id='block_1_80' title="bbox 2024 2014 3601 2089">
    <p class='ocr_par' dir='ltr' id='par_1_80' title="bbox 2024 2014 3601 2089">
     <span class='ocr_line' id='line_1_80' title="bbox 2024 2014 3601 2089; baseline 0.002 -21"><span class='ocrx_word' id='word_1_649' title='bbox 2024 2015 2159 2069; x_wconf 89' lang='lat' dir='ltr'><strong>niret</strong></span> <span class='ocrx_word' id='word_1_650' title='bbox 2200 2014 2328 2069; x_wconf 91' lang='lat' dir='ltr'><strong>hora</strong></span> <span class='ocrx_word' id='word_1_651' title='bbox 2363 2033 2476 2070; x_wconf 86' lang='lat' dir='ltr'><strong>eum</strong></span> <span class='ocrx_word' id='word_1_652' title='bbox 2492 2017 2606 2087; x_wconf 88' lang='lat' dir='ltr'><strong>jam</strong></span> <span class='ocrx_word' id='word_1_653' title='bbox 2632 2034 2732 2072; x_wconf 91' lang='lat' dir='ltr'><strong>non</strong></span> <span class='ocrx_word' id='word_1_654' title='bbox 2760 2017 2813 2071; x_wconf 88' lang='lat' dir='ltr'><strong>in</strong></span> <span class='ocrx_word' id='word_1_655' title='bbox 2846 2018 3117 2088; x_wconf 74' lang='lat' dir='ltr'><strong>proverbiis</strong></span> <span class='ocrx_word' id='word_1_656' title='bbox 3140 2058 3155 2085; x_wconf 94' lang='lat'><strong>,</strong></span> <span class='ocrx_word' id='word_1_657' title='bbox 3194 2016 3393 2087; x_wconf 88' lang='lat' dir='ltr'><strong>inquit,</strong></span> <span class='ocrx_word' id='word_1_658' title='bbox 3422 2018 3601 2089; x_wconf 85' lang='lat' dir='ltr'><strong>loquar</strong></span> 
     </span>
    </p>
   </div>
   <div class='ocr_carea' id='block_1_81' title="bbox 2024 2106 3598 2179">
    <p class='ocr_par' dir='ltr' id='par_1_81' title="bbox 2024 2106 3598 2179">
     <span class='ocr_line' id='line_1_81' title="bbox 2024 2106 3598 2179; baseline 0.001 -19"><span class='ocrx_word' id='word_1_659' title='bbox 2024 2106 2178 2171; x_wconf 89' lang='lat' dir='ltr'><strong>vobis,</strong></span> <span class='ocrx_word' id='word_1_660' title='bbox 2207 2106 2297 2161; x_wconf 84' lang='lat' dir='ltr'><strong>sed</strong></span> <span class='ocrx_word' id='word_1_661' title='bbox 2322 2108 2490 2177; x_wconf 85' lang='lat' dir='ltr'><strong>palam</strong></span> <span class='ocrx_word' id='word_1_662' title='bbox 2518 2107 2580 2162; x_wconf 88' lang='lat' dir='ltr'><strong>de</strong></span> <span class='ocrx_word' id='word_1_663' title='bbox 2605 2106 2762 2162; x_wconf 89' lang='lat' dir='ltr'><strong>Patre</strong></span> <span class='ocrx_word' id='word_1_664' title='bbox 2792 2122 2902 2162; x_wconf 87' lang='lat' dir='ltr'><strong>meo</strong></span> <span class='ocrx_word' id='word_1_665' title='bbox 2929 2107 3237 2162; x_wconf 86' lang='lat' dir='ltr'><strong>annuntiabo</strong></span> <span class='ocrx_word' id='word_1_666' title='bbox 3261 2106 3397 2163; x_wconf 86' lang='lat' dir='ltr'><strong>vobis</strong></span> <span class='ocrx_word' id='word_1_667' title='bbox 3421 2107 3598 2179; x_wconf 84' lang='lat' dir='ltr'><strong>(Joan.</strong></span> 
     </span>
    </p>
   </div>
   <div class='ocr_carea' id='block_1_82' title="bbox 2025 2195 3611 2268">
    <p class='ocr_par' dir='ltr' id='par_1_82' title="bbox 2025 2195 3611 2268">
     <span class='ocr_line' id='line_1_82' title="bbox 2025 2195 3611 2268; baseline 0.002 -19"><span class='ocrx_word' id='word_1_668' title='bbox 2025 2211 2131 2259; x_wconf 83' lang='lat' dir='ltr'><strong>xvi,</strong></span> <span class='ocrx_word' id='word_1_669' title='bbox 2157 2195 2290 2267; x_wconf 74' lang='lat'><strong>25)?</strong></span> <span class='ocrx_word' id='word_1_670' title='bbox 2311 2198 2390 2250; x_wconf 92' lang='lat' dir='ltr'><strong>An</strong></span> <span class='ocrx_word' id='word_1_671' title='bbox 2420 2212 2547 2252; x_wconf 87' lang='lat' dir='ltr'><strong>vero</strong></span> <span class='ocrx_word' id='word_1_672' title='bbox 2582 2197 2910 2253; x_wconf 88' lang='lat' dir='ltr'><strong>annuntiatio</strong></span> <span class='ocrx_word' id='word_1_673' title='bbox 2935 2197 3210 2253; x_wconf 82' lang='lat' dir='ltr'><strong>manifesta</strong></span> <span class='ocrx_word' id='word_1_674' title='bbox 3241 2198 3509 2268; x_wconf 86' lang='lat' dir='ltr'><strong>putabitur</strong></span> <span class='ocrx_word' id='word_1_675' title='bbox 3547 2197 3611 2252; x_wconf 81' lang='lat' dir='ltr'><strong>in.</strong></span> 
     </span>
    </p>
   </div>
   <div class='ocr_carea' id='block_1_83' title="bbox 2024 2286 3602 2359">
    <p class='ocr_par' dir='ltr' id='par_1_83' title="bbox 2024 2286 3602 2359">
     <span class='ocr_line' id='line_1_83' title="bbox 2024 2286 3602 2359; baseline 0.001 -18"><span class='ocrx_word' id='word_1_676' title='bbox 2024 2287 2356 2358; x_wconf 77' lang='lat' dir='ltr'><strong>proverbiis?</strong></span> <span class='ocrx_word' id='word_1_677' title='bbox 2391 2286 2500 2344; x_wconf 88' lang='lat' dir='ltr'><strong>Cur</strong></span> <span class='ocrx_word' id='word_1_678' title='bbox 2537 2302 2666 2359; x_wconf 84' lang='lat' dir='ltr'><strong>ergo</strong></span> <span class='ocrx_word' id='word_1_679' title='bbox 2708 2288 2905 2344; x_wconf 90' lang='lat' dir='ltr'><strong>dictum</strong></span> <span class='ocrx_word' id='word_1_680' title='bbox 2940 2297 3042 2353; x_wconf 88' lang='lat' dir='ltr'><strong>est,</strong></span> <span class='ocrx_word' id='word_1_681' title='bbox 3081 2289 3266 2343; x_wconf 87' lang='lat' dir='ltr'><strong>Palam</strong></span> <span class='ocrx_word' id='word_1_682' title='bbox 3295 2289 3602 2344; x_wconf 87' lang='lat' dir='ltr'><strong>annuntiabo</strong></span> 
     </span>
    </p>
   </div>
   <div class='ocr_carea' id='block_1_84' title="bbox 2022 2379 3603 2453">
    <p class='ocr_par' dir='ltr' id='par_1_84' title="bbox 2022 2379 3603 2453">
     <span class='ocr_line' id='line_1_84' title="bbox 2022 2379 3603 2453; baseline 0.002 -20"><span class='ocrx_word' id='word_1_683' title='bbox 2022 2380 2178 2447; x_wconf 88' lang='lat' dir='ltr'><strong>vobis,</strong></span> <span class='ocrx_word' id='word_1_684' title='bbox 2206 2380 2306 2434; x_wconf 90' lang='lat' dir='ltr'><strong>nisi</strong></span> <span class='ocrx_word' id='word_1_685' title='bbox 2334 2380 2457 2450; x_wconf 89' lang='lat' dir='ltr'><strong>quia</strong></span> <span class='ocrx_word' id='word_1_686' title='bbox 2489 2380 2541 2435; x_wconf 88' lang='lat' dir='ltr'><strong>in</strong></span> <span class='ocrx_word' id='word_1_687' title='bbox 2567 2379 2839 2452; x_wconf 84' lang='lat' dir='ltr'><strong>proverbiis</strong></span> <span class='ocrx_word' id='word_1_688' title='bbox 2862 2394 2969 2436; x_wconf 89' lang='lat' dir='ltr'><strong>non</strong></span> <span class='ocrx_word' id='word_1_689' title='bbox 2989 2390 3071 2436; x_wconf 89' lang='lat' dir='ltr'><strong>est</strong></span> <span class='ocrx_word' id='word_1_690' title='bbox 3090 2382 3263 2451; x_wconf 89' lang='lat' dir='ltr'><strong>palam</strong></span> <span class='ocrx_word' id='word_1_691' title='bbox 3282 2381 3310 2437; x_wconf 74' lang='lat' dir='ltr'><strong>i’</strong></span> <span class='ocrx_word' id='word_1_692' title='bbox 3340 2380 3482 2453; x_wconf 90' lang='lat' dir='ltr'><strong>quod</strong></span> <span class='ocrx_word' id='word_1_693' title='bbox 3507 2396 3603 2436; x_wconf 84' lang='lat' dir='ltr'><strong>au-</strong></span> 
     </span>
    </p>
   </div>
   <div class='ocr_carea' id='block_1_85' title="bbox 2022 2470 3603 2542">
    <p class='ocr_par' dir='ltr' id='par_1_85' title="bbox 2022 2470 3603 2542">
     <span class='ocr_line' id='line_1_85' title="bbox 2022 2470 3603 2542; baseline 0.001 -16"><span class='ocrx_word' id='word_1_694' title='bbox 2022 2477 2132 2526; x_wconf 90' lang='lat' dir='ltr'><strong>tem</strong></span> <span class='ocrx_word' id='word_1_695' title='bbox 2170 2486 2273 2526; x_wconf 92' lang='lat' dir='ltr'><strong>non</strong></span> <span class='ocrx_word' id='word_1_696' title='bbox 2315 2470 2368 2525; x_wconf 89' lang='lat' dir='ltr'><strong>in</strong></span> <span class='ocrx_word' id='word_1_697' title='bbox 2408 2472 2702 2542; x_wconf 89' lang='lat' dir='ltr'><strong>proverbiis</strong></span> <span class='ocrx_word' id='word_1_698' title='bbox 2727 2473 3038 2538; x_wconf 84' lang='lat' dir='ltr'><strong>occultatur,</strong></span> <span class='ocrx_word' id='word_1_699' title='bbox 3079 2470 3176 2529; x_wconf 89' lang='lat' dir='ltr'><strong>sed</strong></span> <span class='ocrx_word' id='word_1_700' title='bbox 3211 2472 3389 2527; x_wconf 89' lang='lat' dir='ltr'><strong>verbis</strong></span> <span class='ocrx_word' id='word_1_701' title='bbox 3428 2473 3603 2527; x_wconf 88' lang='lat' dir='ltr'><strong>mani-</strong></span> 
     </span>
    </p>
   </div>
   <div class='ocr_carea' id='block_1_86' title="bbox 2021 2560 3601 2634">
    <p class='ocr_par' dir='ltr' id='par_1_86' title="bbox 2021 2560 3601 2634">
     <span class='ocr_line' id='line_1_86' title="bbox 2021 2560 3601 2634; baseline 0.001 -17"><span class='ocrx_word' id='word_1_702' title='bbox 2021 2560 2276 2628; x_wconf 76' lang='lat' dir='ltr'><strong>I’estatur,</strong></span> <span class='ocrx_word' id='word_1_703' title='bbox 2319 2562 2503 2633; x_wconf 89' lang='lat' dir='ltr'><strong>procul</strong></span> <span class='ocrx_word' id='word_1_704' title='bbox 2538 2562 2702 2618; x_wconf 91' lang='lat' dir='ltr'><strong>dubio</strong></span> <span class='ocrx_word' id='word_1_705' title='bbox 2726 2563 2900 2634; x_wconf 89' lang='lat' dir='ltr'><strong>palam</strong></span> <span class='ocrx_word' id='word_1_706' title='bbox 2926 2564 3135 2618; x_wconf 89' lang='lat' dir='ltr'><strong>dicitur.</strong></span> <span class='ocrx_word' id='word_1_707' title='bbox 3165 2561 3445 2632; x_wconf 83' lang='lat' dir='ltr'><strong>Quomodo</strong></span> <span class='ocrx_word' id='word_1_708' title='bbox 3473 2578 3601 2634; x_wconf 82' lang='lat' dir='ltr'><strong>ergo</strong></span> 
     </span>
    </p>
   </div>
   <div class='ocr_carea' id='block_1_87' title="bbox 2023 2652 3603 2724">
    <p class='ocr_par' dir='ltr' id='par_1_87' title="bbox 2023 2652 3603 2724">
     <span class='ocr_line' id='line_1_87' title="bbox 2023 2652 3603 2724; baseline 0.001 -17"><span class='ocrx_word' id='word_1_709' title='bbox 2023 2652 2380 2708; x_wconf 77' lang='lat' dir='ltr'><strong>manilestavit</strong></span> <span class='ocrx_word' id='word_1_710' title='bbox 2404 2652 2545 2723; x_wconf 91' lang='lat' dir='ltr'><strong>quod</strong></span> <span class='ocrx_word' id='word_1_711' title='bbox 2580 2653 2813 2708; x_wconf 90' lang='lat' dir='ltr'><strong>nondum</strong></span> <span class='ocrx_word' id='word_1_712' title='bbox 2851 2655 3023 2724; x_wconf 84' lang='lat' dir='ltr'><strong>palam</strong></span> <span class='ocrx_word' id='word_1_713' title='bbox 3062 2654 3232 2709; x_wconf 80' lang='lat' dir='ltr'><strong>dixit?</strong></span> <span class='ocrx_word' id='word_1_714' title='bbox 3260 2654 3489 2709; x_wconf 88' lang='lat' dir='ltr'><strong>Proinde</strong></span> <span class='ocrx_word' id='word_1_715' title='bbox 3525 2656 3603 2709; x_wconf 90' lang='lat' dir='ltr'><strong>sic</strong></span> 
     </span>
    </p>
   </div>
   <div class='ocr_carea' id='block_1_88' title="bbox 2023 2741 3602 2813">
    <p class='ocr_par' dir='ltr' id='par_1_88' title="bbox 2023 2741 3602 2813">
     <span class='ocr_line' id='line_1_88' title="bbox 2023 2741 3602 2813; baseline 0 -16"><span class='ocrx_word' id='word_1_716' title='bbox 2023 2741 2418 2813; x_wconf 87' lang='lat' dir='ltr'><strong>intelligendum</strong></span> <span class='ocrx_word' id='word_1_717' title='bbox 2444 2752 2546 2811; x_wconf 86' lang='lat' dir='ltr'><strong>est,</strong></span> <span class='ocrx_word' id='word_1_718' title='bbox 2570 2757 2667 2812; x_wconf 85' lang='lat' dir='ltr'><strong>pro</strong></span> <span class='ocrx_word' id='word_1_719' title='bbox 2688 2751 2927 2813; x_wconf 86' lang='lat' dir='ltr'><strong>tempore</strong></span> <span class='ocrx_word' id='word_1_720' title='bbox 2946 2742 3123 2799; x_wconf 85' lang='lat' dir='ltr'><strong>futuro</strong></span> <span class='ocrx_word' id='word_1_721' title='bbox 3148 2744 3475 2813; x_wconf 56' lang='lat' dir='ltr'><strong>praeteritum</strong></span> <span class='ocrx_word' id='word_1_722' title='bbox 3501 2759 3602 2813; x_wconf 85' lang='lat' dir='ltr'><strong>po-</strong></span> 
     </span>
    </p>
   </div>
   <div class='ocr_carea' id='block_1_89' title="bbox 2022 2832 3607 2906">
    <p class='ocr_par' dir='ltr' id='par_1_89' title="bbox 2022 2832 3607 2906">
     <span class='ocr_line' id='line_1_89' title="bbox 2022 2832 3607 2906; baseline 0.001 -18"><span class='ocrx_word' id='word_1_723' title='bbox 2022 2834 2202 2900; x_wconf 90' lang='lat' dir='ltr'><strong>situm,</strong></span> <span class='ocrx_word' id='word_1_724' title='bbox 2222 2832 2667 2904; x_wconf 88' lang='lat' dir='ltr'><strong>quemadmodum</strong></span> <span class='ocrx_word' id='word_1_725' title='bbox 2684 2833 2831 2901; x_wconf 89' lang='lat' dir='ltr'><strong>illud,</strong></span> <span class='ocrx_word' id='word_1_726' title='bbox 2855 2834 3039 2890; x_wconf 87' lang='lat' dir='ltr'><strong>Omnia</strong></span> <span class='ocrx_word' id='word_1_727' title='bbox 3066 2850 3180 2906; x_wconf 69' lang='lat' dir='ltr'><strong>quia</strong></span> <span class='ocrx_word' id='word_1_728' title='bbox 3203 2834 3376 2888; x_wconf 85' lang='lat' dir='ltr'><strong>audivi</strong></span> <span class='ocrx_word' id='word_1_729' title='bbox 3396 2851 3426 2887; x_wconf 90' lang='lat' dir='ltr'><strong>a</strong></span> <span class='ocrx_word' id='word_1_730' title='bbox 3452 2834 3607 2890; x_wconf 80' lang='lat' dir='ltr'><strong>Patre</strong></span> 
     </span>
    </p>
   </div>
   <div class='ocr_carea' id='block_1_90' title="bbox 2024 2925 3605 2999">
    <p class='ocr_par' dir='ltr' id='par_1_90' title="bbox 2024 2925 3605 2999">
     <span class='ocr_line' id='line_1_90' title="bbox 2024 2925 3605 2999; baseline 0.001 -20"><span class='ocrx_word' id='word_1_731' title='bbox 2024 2943 2152 2993; x_wconf 88' lang='lat' dir='ltr'><strong>meo,</strong></span> <span class='ocrx_word' id='word_1_732' title='bbox 2181 2935 2299 2980; x_wconf 90' lang='lat' dir='ltr'><strong>nota</strong></span> <span class='ocrx_word' id='word_1_733' title='bbox 2325 2927 2422 2996; x_wconf 81' lang='lat' dir='ltr'><strong>feci</strong></span> <span class='ocrx_word' id='word_1_734' title='bbox 2448 2927 2583 2981; x_wconf 83' lang='lat' dir='ltr'><strong>vobis</strong></span> <span class='ocrx_word' id='word_1_735' title='bbox 2608 2925 2719 2996; x_wconf 88' lang='lat' dir='ltr'><strong>(Id.</strong></span> <span class='ocrx_word' id='word_1_736' title='bbox 2750 2942 2839 2993; x_wconf 80' lang='lat' dir='ltr'><strong>xv,</strong></span> <span class='ocrx_word' id='word_1_737' title='bbox 2872 2926 2963 2999; x_wconf 79' lang='grc'><strong>15)</strong></span> <span class='ocrx_word' id='word_1_738' title='bbox 2996 2946 3008 2980; x_wconf 88' lang='lat'><strong>:</strong></span> <span class='ocrx_word' id='word_1_739' title='bbox 3037 2926 3178 2998; x_wconf 89' lang='lat' dir='ltr'><strong>quod</strong></span> <span class='ocrx_word' id='word_1_740' title='bbox 3202 2926 3433 2981; x_wconf 87' lang='lat' dir='ltr'><strong>nondum</strong></span> <span class='ocrx_word' id='word_1_741' title='bbox 3465 2926 3605 2981; x_wconf 80' lang='lat' dir='ltr'><strong>fece-</strong></span> 
     </span>
    </p>
   </div>
   <div class='ocr_carea' id='block_1_91' title="bbox 2024 3017 3605 3091">
    <p class='ocr_par' dir='ltr' id='par_1_91' title="bbox 2024 3017 3605 3091">
     <span class='ocr_line' id='line_1_91' title="bbox 2024 3017 3605 3091; baseline 0.001 -19"><span class='ocrx_word' id='word_1_742' title='bbox 2024 3027 2139 3083; x_wconf 90' lang='lat' dir='ltr'><strong>rat,</strong></span> <span class='ocrx_word' id='word_1_743' title='bbox 2187 3017 2283 3073; x_wconf 89' lang='lat' dir='ltr'><strong>sed</strong></span> <span class='ocrx_word' id='word_1_744' title='bbox 2324 3018 2635 3089; x_wconf 86' lang='lat' dir='ltr'><strong>loquebatur</strong></span> <span class='ocrx_word' id='word_1_745' title='bbox 2659 3020 2809 3090; x_wconf 86' lang='lat' dir='ltr'><strong>quasi</strong></span> <span class='ocrx_word' id='word_1_746' title='bbox 2835 3018 3068 3088; x_wconf 82' lang='lat' dir='ltr'><strong>fecisset,</strong></span> <span class='ocrx_word' id='word_1_747' title='bbox 3092 3019 3233 3091; x_wconf 89' lang='lat' dir='ltr'><strong>quod</strong></span> <span class='ocrx_word' id='word_1_748' title='bbox 3260 3018 3605 3075; x_wconf 78' lang='lat' dir='ltr'><strong>immobiliter.</strong></span> 
     </span>
    </p>
   </div>
   <div class='ocr_carea' id='block_1_92' title="bbox 2023 3108 3006 3179">
    <p class='ocr_par' dir='ltr' id='par_1_92' title="bbox 2023 3108 3006 3179">
     <span class='ocr_line' id='line_1_92' title="bbox 2023 3108 3006 3179; baseline -0.001 -13"><span class='ocrx_word' id='word_1_749' title='bbox 2023 3123 2145 3166; x_wconf 86' lang='lat' dir='ltr'><strong>esse</strong></span> <span class='ocrx_word' id='word_1_750' title='bbox 2169 3109 2449 3179; x_wconf 67' lang='lat' dir='ltr'><strong>praeﬁxum</strong></span> <span class='ocrx_word' id='word_1_751' title='bbox 2473 3110 2676 3165; x_wconf 85' lang='lat' dir='ltr'><strong>sciebat</strong></span> <span class='ocrx_word' id='word_1_752' title='bbox 2698 3117 2758 3166; x_wconf 89' lang='lat' dir='ltr'><strong>ut</strong></span> <span class='ocrx_word' id='word_1_753' title='bbox 2784 3108 3006 3166; x_wconf 84' lang='lat' dir='ltr'><strong>faceret.</strong></span> 
     </span>
    </p>
   </div>
   <div class='ocr_carea' id='block_1_93' title="bbox 2093 3199 3596 3268">
    <p class='ocr_par' dir='ltr' id='par_1_93' title="bbox 2093 3199 3596 3268">
     <span class='ocr_line' id='line_1_93' title="bbox 2093 3199 3596 3268; baseline -0.001 -12"><span class='ocrx_word' id='word_1_754' title='bbox 2093 3200 2147 3256; x_wconf 80' lang='lat'><strong>5.</strong></span> <span class='ocrx_word' id='word_1_755' title='bbox 2187 3199 2323 3268; x_wconf 87' lang='lat' dir='ltr'><strong>Quid</strong></span> <span class='ocrx_word' id='word_1_756' title='bbox 2344 3209 2620 3256; x_wconf 86' lang='lat' dir='ltr'><strong>estautem</strong></span> <span class='ocrx_word' id='word_1_757' title='bbox 2643 3242 2657 3266; x_wconf 88' lang='lat'><strong>,</strong></span> <span class='ocrx_word' id='word_1_758' title='bbox 2692 3201 2831 3266; x_wconf 84' lang='lat' dir='ltr'><strong>Quos</strong></span> <span class='ocrx_word' id='word_1_759' title='bbox 2859 3200 3041 3256; x_wconf 89' lang='lat' dir='ltr'><strong>dedisti</strong></span> <span class='ocrx_word' id='word_1_760' title='bbox 3084 3200 3208 3255; x_wconf 82' lang='lat' dir='ltr'><strong>mihi</strong></span> <span class='ocrx_word' id='word_1_761' title='bbox 3255 3201 3317 3257; x_wconf 88' lang='lat' dir='ltr'><strong>de</strong></span> <span class='ocrx_word' id='word_1_762' title='bbox 3364 3199 3596 3255; x_wconf 77' lang='lat' dir='ltr'><strong>mundo?</strong></span> 
     </span>
    </p>
   </div>
   <div class='ocr_carea' id='block_1_94' title="bbox 2025 3290 3596 3363">
    <p class='ocr_par' dir='ltr' id='par_1_94' title="bbox 2025 3290 3596 3363">
     <span class='ocr_line' id='line_1_94' title="bbox 2025 3290 3596 3363; baseline -0.002 -17"><span class='ocrx_word' id='word_1_763' title='bbox 2025 3291 2231 3346; x_wconf 88' lang='lat' dir='ltr'><strong>Dictum</strong></span> <span class='ocrx_word' id='word_1_764' title='bbox 2254 3299 2335 3346; x_wconf 92' lang='lat' dir='ltr'><strong>est</strong></span> <span class='ocrx_word' id='word_1_765' title='bbox 2365 3292 2505 3346; x_wconf 90' lang='lat' dir='ltr'><strong>enim</strong></span> <span class='ocrx_word' id='word_1_766' title='bbox 2531 3290 2597 3346; x_wconf 91' lang='lat' dir='ltr'><strong>de</strong></span> <span class='ocrx_word' id='word_1_767' title='bbox 2627 3292 2733 3348; x_wconf 87' lang='lat' dir='ltr'><strong>illis</strong></span> <span class='ocrx_word' id='word_1_768' title='bbox 2756 3292 2898 3363; x_wconf 90' lang='lat' dir='ltr'><strong>quod</strong></span> <span class='ocrx_word' id='word_1_769' title='bbox 2929 3307 3034 3346; x_wconf 92' lang='lat' dir='ltr'><strong>non</strong></span> <span class='ocrx_word' id='word_1_770' title='bbox 3063 3298 3241 3346; x_wconf 88' lang='lat' dir='ltr'><strong>essent</strong></span> <span class='ocrx_word' id='word_1_771' title='bbox 3267 3290 3334 3346; x_wconf 83' lang='lat' dir='ltr'><strong>de</strong></span> <span class='ocrx_word' id='word_1_772' title='bbox 3376 3291 3596 3345; x_wconf 86' lang='lat' dir='ltr'><strong>mundo.</strong></span> 
     </span>
    </p>
   </div>
   <div class='ocr_carea' id='block_1_95' title="bbox 2024 3382 3603 3454">
    <p class='ocr_par' dir='ltr' id='par_1_95' title="bbox 2024 3382 3603 3454">
     <span class='ocr_line' id='line_1_95' title="bbox 2024 3382 3603 3454; baseline -0.001 -16"><span class='ocrx_word' id='word_1_773' title='bbox 2024 3383 2129 3439; x_wconf 89' lang='lat' dir='ltr'><strong>Sed</strong></span> <span class='ocrx_word' id='word_1_774' title='bbox 2160 3382 2261 3438; x_wconf 90' lang='lat' dir='ltr'><strong>hoc</strong></span> <span class='ocrx_word' id='word_1_775' title='bbox 2300 3382 2404 3438; x_wconf 88' lang='lat' dir='ltr'><strong>illis</strong></span> <span class='ocrx_word' id='word_1_776' title='bbox 2451 3384 2785 3454; x_wconf 83' lang='lat' dir='ltr'><strong>regeneratio</strong></span> <span class='ocrx_word' id='word_1_777' title='bbox 2832 3383 3103 3453; x_wconf 70' lang='lat' dir='ltr'><strong>priestitit,</strong></span> <span class='ocrx_word' id='word_1_778' title='bbox 3152 3397 3259 3437; x_wconf 91' lang='lat' dir='ltr'><strong>non</strong></span> <span class='ocrx_word' id='word_1_779' title='bbox 3309 3382 3603 3452; x_wconf 80' lang='lat' dir='ltr'><strong>generatio.</strong></span> 
     </span>
    </p>
   </div>
   <div class='ocr_carea' id='block_1_96' title="bbox 2022 3472 3607 3545">
    <p class='ocr_par' dir='ltr' id='par_1_96' title="bbox 2022 3472 3607 3545">
     <span class='ocr_line' id='line_1_96' title="bbox 2022 3472 3607 3545; baseline -0.001 -17"><span class='ocrx_word' id='word_1_780' title='bbox 2022 3472 2160 3542; x_wconf 85' lang='lat' dir='ltr'><strong>Quid</strong></span> <span class='ocrx_word' id='word_1_781' title='bbox 2185 3482 2268 3529; x_wconf 89' lang='lat' dir='ltr'><strong>est</strong></span> <span class='ocrx_word' id='word_1_782' title='bbox 2287 3475 2445 3530; x_wconf 87' lang='lat' dir='ltr'><strong>etiam</strong></span> <span class='ocrx_word' id='word_1_783' title='bbox 2472 3473 2613 3545; x_wconf 90' lang='lat' dir='ltr'><strong>quod</strong></span> <span class='ocrx_word' id='word_1_784' title='bbox 2639 3474 2898 3543; x_wconf 85' lang='lat' dir='ltr'><strong>sequitur,</strong></span> <span class='ocrx_word' id='word_1_785' title='bbox 2932 3472 3029 3527; x_wconf 85' lang='lat' dir='ltr'><strong>Tui</strong></span> <span class='ocrx_word' id='word_1_786' title='bbox 3076 3482 3216 3529; x_wconf 89' lang='lat' dir='ltr'><strong>erant</strong></span> <span class='ocrx_word' id='word_1_787' title='bbox 3254 3483 3299 3529; x_wconf 90' lang='lat' dir='ltr'><strong>et</strong></span> <span class='ocrx_word' id='word_1_788' title='bbox 3351 3474 3475 3527; x_wconf 82' lang='lat' dir='ltr'><strong>mihi</strong></span> <span class='ocrx_word' id='word_1_789' title='bbox 3522 3487 3607 3527; x_wconf 85' lang='lat' dir='ltr'><strong>eos</strong></span> 
     </span>
    </p>
   </div>
   <div class='ocr_carea' id='block_1_97' title="bbox 2023 3564 3609 3635">
    <p class='ocr_par' dir='ltr' id='par_1_97' title="bbox 2023 3564 3609 3635">
     <span class='ocr_line' id='line_1_97' title="bbox 2023 3564 3609 3635; baseline 0 -16"><span class='ocrx_word' id='word_1_790' title='bbox 2023 3565 2244 3619; x_wconf 83' lang='lat' dir='ltr'><strong>dedisti?</strong></span> <span class='ocrx_word' id='word_1_791' title='bbox 2270 3566 2348 3618; x_wconf 88' lang='lat' dir='ltr'><strong>An</strong></span> <span class='ocrx_word' id='word_1_792' title='bbox 2379 3565 2664 3635; x_wconf 87' lang='lat' dir='ltr'><strong>aliquando</strong></span> <span class='ocrx_word' id='word_1_793' title='bbox 2692 3574 2843 3620; x_wconf 90' lang='lat' dir='ltr'><strong>erant</strong></span> <span class='ocrx_word' id='word_1_794' title='bbox 2868 3565 3058 3631; x_wconf 87' lang='lat' dir='ltr'><strong>Patris,</strong></span> <span class='ocrx_word' id='word_1_795' title='bbox 3081 3564 3294 3635; x_wconf 89' lang='lat' dir='ltr'><strong>quando</strong></span> <span class='ocrx_word' id='word_1_796' title='bbox 3321 3580 3428 3619; x_wconf 93' lang='lat' dir='ltr'><strong>non</strong></span> <span class='ocrx_word' id='word_1_797' title='bbox 3456 3574 3609 3620; x_wconf 86' lang='lat' dir='ltr'><strong>erant</strong></span> 
     </span>
    </p>
   </div>
   <div class='ocr_carea' id='block_1_98' title="bbox 2023 3655 3608 3727">
    <p class='ocr_par' dir='ltr' id='par_1_98' title="bbox 2023 3655 3608 3727">
     <span class='ocr_line' id='line_1_98' title="bbox 2023 3655 3608 3727; baseline -0.001 -15"><span class='ocrx_word' id='word_1_798' title='bbox 2023 3655 2277 3727; x_wconf 83' lang='lat' dir='ltr'><strong>unigeniti</strong></span> <span class='ocrx_word' id='word_1_799' title='bbox 2308 3655 2424 3710; x_wconf 89' lang='lat' dir='ltr'><strong>Filii</strong></span> <span class='ocrx_word' id='word_1_800' title='bbox 2455 3656 2602 3726; x_wconf 84' lang='lat' dir='ltr'><strong>ejus;</strong></span> <span class='ocrx_word' id='word_1_801' title='bbox 2630 3664 2685 3711; x_wconf 93' lang='lat' dir='ltr'><strong>et</strong></span> <span class='ocrx_word' id='word_1_802' title='bbox 2711 3656 2893 3710; x_wconf 87' lang='lat' dir='ltr'><strong>habuit</strong></span> <span class='ocrx_word' id='word_1_803' title='bbox 2918 3655 3200 3726; x_wconf 88' lang='lat' dir='ltr'><strong>aliquando</strong></span> <span class='ocrx_word' id='word_1_804' title='bbox 3224 3655 3382 3710; x_wconf 91' lang='lat' dir='ltr'><strong>Pater</strong></span> <span class='ocrx_word' id='word_1_805' title='bbox 3406 3656 3608 3726; x_wconf 88' lang='lat' dir='ltr'><strong>aliquid</strong></span> 
     </span>
    </p>
   </div>
   <div class='ocr_carea' id='block_1_99' title="bbox 2022 3746 3607 3816">
    <p class='ocr_par' dir='ltr' id='par_1_99' title="bbox 2022 3746 3607 3816">
     <span class='ocr_line' id='line_1_99' title="bbox 2022 3746 3607 3816; baseline -0.002 -12"><span class='ocrx_word' id='word_1_806' title='bbox 2022 3750 2139 3804; x_wconf 86' lang='lat' dir='ltr'><strong>sine</strong></span> <span class='ocrx_word' id='word_1_807' title='bbox 2182 3746 2355 3801; x_wconf 80' lang='lat' dir='ltr'><strong>Filio?</strong></span> <span class='ocrx_word' id='word_1_808' title='bbox 2394 3748 2563 3802; x_wconf 88' lang='lat' dir='ltr'><strong>Absit.</strong></span> <span class='ocrx_word' id='word_1_809' title='bbox 2613 3746 2986 3803; x_wconf 86' lang='lat' dir='ltr'><strong>Verumtamen</strong></span> <span class='ocrx_word' id='word_1_810' title='bbox 3030 3746 3212 3803; x_wconf 85' lang='lat' dir='ltr'><strong>habuit</strong></span> <span class='ocrx_word' id='word_1_811' title='bbox 3261 3746 3457 3816; x_wconf 87' lang='lat' dir='ltr'><strong>aliquid</strong></span> <span class='ocrx_word' id='word_1_812' title='bbox 3506 3746 3607 3801; x_wconf 86' lang='lat' dir='ltr'><strong>ali-</strong></span> 
     </span>
    </p>
   </div>
   <div class='ocr_carea' id='block_1_100' title="bbox 2022 3836 3608 3910">
    <p class='ocr_par' dir='ltr' id='par_1_100' title="bbox 2022 3836 3608 3910">
     <span class='ocr_line' id='line_1_100' title="bbox 2022 3836 3608 3910; baseline -0.001 -16"><span class='ocrx_word' id='word_1_813' title='bbox 2022 3839 2235 3910; x_wconf 89' lang='lat' dir='ltr'><strong>quando</strong></span> <span class='ocrx_word' id='word_1_814' title='bbox 2269 3838 2408 3893; x_wconf 86' lang='lat' dir='ltr'><strong>Deus</strong></span> <span class='ocrx_word' id='word_1_815' title='bbox 2434 3837 2619 3902; x_wconf 86' lang='lat' dir='ltr'><strong>Filius,</strong></span> <span class='ocrx_word' id='word_1_816' title='bbox 2650 3836 2790 3909; x_wconf 89' lang='lat' dir='ltr'><strong>quod</strong></span> <span class='ocrx_word' id='word_1_817' title='bbox 2813 3836 3045 3892; x_wconf 89' lang='lat' dir='ltr'><strong>nondum</strong></span> <span class='ocrx_word' id='word_1_818' title='bbox 3076 3836 3258 3892; x_wconf 88' lang='lat' dir='ltr'><strong>habuit</strong></span> <span class='ocrx_word' id='word_1_819' title='bbox 3296 3838 3437 3893; x_wconf 90' lang='lat' dir='ltr'><strong>idem</strong></span> <span class='ocrx_word' id='word_1_820' title='bbox 3495 3838 3608 3908; x_wconf 88' lang='lat' dir='ltr'><strong>ipse</strong></span> 
     </span>
    </p>
   </div>
   <div class='ocr_carea' id='block_1_101' title="bbox 2024 3928 3607 4005">
    <p class='ocr_par' dir='ltr' id='par_1_101' title="bbox 2024 3928 3607 4005">
     <span class='ocr_line' id='line_1_101' title="bbox 2024 3928 3607 4005; baseline -0.003 -17"><span class='ocrx_word' id='word_1_821' title='bbox 2024 3936 2183 3989; x_wconf 88' lang='lat' dir='ltr'><strong>homo</strong></span> <span class='ocrx_word' id='word_1_822' title='bbox 2210 3931 2404 4000; x_wconf 84' lang='lat' dir='ltr'><strong>Filius;</strong></span> <span class='ocrx_word' id='word_1_823' title='bbox 2437 3932 2559 4005; x_wconf 87' lang='lat' dir='ltr'><strong>quia</strong></span> <span class='ocrx_word' id='word_1_824' title='bbox 2589 3929 2823 3986; x_wconf 88' lang='lat' dir='ltr'><strong>nondum</strong></span> <span class='ocrx_word' id='word_1_825' title='bbox 2853 3938 2968 3987; x_wconf 88' lang='lat' dir='ltr'><strong>erat</strong></span> <span class='ocrx_word' id='word_1_826' title='bbox 2996 3931 3157 3987; x_wconf 92' lang='lat' dir='ltr'><strong>homo</strong></span> <span class='ocrx_word' id='word_1_827' title='bbox 3182 3928 3353 3986; x_wconf 75' lang='lat' dir='ltr'><strong>factus</strong></span> <span class='ocrx_word' id='word_1_828' title='bbox 3381 3945 3447 3986; x_wconf 90' lang='lat' dir='ltr'><strong>ex</strong></span> <span class='ocrx_word' id='word_1_829' title='bbox 3491 3946 3607 3986; x_wconf 65' lang='lat' dir='ltr'><strong>ma,-</strong></span> 
     </span>
    </p>
   </div>
   <div class='ocr_carea' id='block_1_102' title="bbox 2023 4021 3603 4095">
    <p class='ocr_par' dir='ltr' id='par_1_102' title="bbox 2023 4021 3603 4095">
     <span class='ocr_line' id='line_1_102' title="bbox 2023 4021 3603 4095; baseline -0.002 -15"><span class='ocrx_word' id='word_1_830' title='bbox 2023 4034 2143 4091; x_wconf 89' lang='lat' dir='ltr'><strong>tre,</strong></span> <span class='ocrx_word' id='word_1_831' title='bbox 2198 4022 2411 4095; x_wconf 90' lang='lat' dir='ltr'><strong>quando</strong></span> <span class='ocrx_word' id='word_1_832' title='bbox 2454 4031 2633 4079; x_wconf 87' lang='lat' dir='ltr'><strong>tamen</strong></span> <span class='ocrx_word' id='word_1_833' title='bbox 2683 4021 2914 4079; x_wconf 87' lang='lat' dir='ltr'><strong>habebat</strong></span> <span class='ocrx_word' id='word_1_834' title='bbox 2958 4022 3207 4079; x_wconf 80' lang='lat' dir='ltr'><strong>universa</strong></span> <span class='ocrx_word' id='word_1_835' title='bbox 3251 4037 3375 4079; x_wconf 86' lang='lat' dir='ltr'><strong>cum</strong></span> <span class='ocrx_word' id='word_1_836' title='bbox 3426 4022 3603 4078; x_wconf 80' lang='lat' dir='ltr'><strong>Patre.</strong></span> 
     </span>
    </p>
   </div>
   <div class='ocr_carea' id='block_1_103' title="bbox 2022 4111 3606 4187">
    <p class='ocr_par' dir='ltr' id='par_1_103' title="bbox 2022 4111 3606 4187">
     <span class='ocr_line' id='line_1_103' title="bbox 2022 4111 3606 4187; baseline -0.003 -16"><span class='ocrx_word' id='word_1_837' title='bbox 2022 4116 2356 4187; x_wconf 87' lang='lat' dir='ltr'><strong>Quapropter</strong></span> <span class='ocrx_word' id='word_1_838' title='bbox 2380 4113 2520 4186; x_wconf 89' lang='lat' dir='ltr'><strong>quod</strong></span> <span class='ocrx_word' id='word_1_839' title='bbox 2549 4113 2703 4185; x_wconf 81' lang='lat' dir='ltr'><strong>dixit,</strong></span> <span class='ocrx_word' id='word_1_840' title='bbox 2735 4111 2834 4169; x_wconf 81' lang='lat' dir='ltr'><strong>Tui</strong></span> <span class='ocrx_word' id='word_1_841' title='bbox 2860 4123 3024 4183; x_wconf 84' lang='lat' dir='ltr'><strong>erant,</strong></span> <span class='ocrx_word' id='word_1_842' title='bbox 3053 4127 3159 4169; x_wconf 89' lang='lat' dir='ltr'><strong>non</strong></span> <span class='ocrx_word' id='word_1_843' title='bbox 3188 4113 3313 4170; x_wconf 86' lang='lat' dir='ltr'><strong>inde</strong></span> <span class='ocrx_word' id='word_1_844' title='bbox 3352 4129 3413 4170; x_wconf 89' lang='lat' dir='ltr'><strong>se</strong></span> <span class='ocrx_word' id='word_1_845' title='bbox 3446 4128 3606 4185; x_wconf 68' lang='grc' dir='ltr'><strong>θερει-</strong></span> 
     </span>
    </p>
   </div>
   <div class='ocr_carea' id='block_1_104' title="bbox 2022 4204 3605 4278">
    <p class='ocr_par' dir='ltr' id='par_1_104' title="bbox 2022 4204 3605 4278">
     <span class='ocr_line' id='line_1_104' title="bbox 2022 4204 3605 4278; baseline -0.004 -11"><span class='ocrx_word' id='word_1_846' title='bbox 2022 4212 2158 4267; x_wconf 89' lang='lat' dir='ltr'><strong>ravit</strong></span> <span class='ocrx_word' id='word_1_847' title='bbox 2191 4210 2332 4266; x_wconf 90' lang='lat' dir='ltr'><strong>Deus</strong></span> <span class='ocrx_word' id='word_1_848' title='bbox 2354 4206 2546 4274; x_wconf 82' lang='lat' dir='ltr'><strong>Filius,</strong></span> <span class='ocrx_word' id='word_1_849' title='bbox 2576 4206 2695 4264; x_wconf 86' lang='lat' dir='ltr'><strong>sine</strong></span> <span class='ocrx_word' id='word_1_850' title='bbox 2718 4221 2826 4278; x_wconf 88' lang='lat' dir='ltr'><strong>quo</strong></span> <span class='ocrx_word' id='word_1_851' title='bbox 2863 4204 2995 4263; x_wconf 85' lang='lat' dir='ltr'><strong>nihil</strong></span> <span class='ocrx_word' id='word_1_852' title='bbox 3019 4218 3256 4277; x_wconf 86' lang='lat' dir='ltr'><strong>unquam</strong></span> <span class='ocrx_word' id='word_1_853' title='bbox 3300 4205 3456 4262; x_wconf 87' lang='lat' dir='ltr'><strong>Pater</strong></span> <span class='ocrx_word' id='word_1_854' title='bbox 3508 4204 3605 4261; x_wconf 77' lang='lat' dir='ltr'><strong>ha-</strong></span> 
     </span>
    </p>
   </div>
   <div class='ocr_carea' id='block_1_105' title="bbox 2024 4294 3617 4372">
    <p class='ocr_par' dir='ltr' id='par_1_105' title="bbox 2024 4294 3617 4372">
     <span class='ocr_line' id='line_1_105' title="bbox 2024 4294 3617 4372; baseline -0.004 -11"><span class='ocrx_word' id='word_1_855' title='bbox 2024 4305 2156 4371; x_wconf 89' lang='lat' dir='ltr'><strong>buit;</strong></span> <span class='ocrx_word' id='word_1_856' title='bbox 2188 4303 2284 4360; x_wconf 88' lang='lat' dir='ltr'><strong>sed</strong></span> <span class='ocrx_word' id='word_1_857' title='bbox 2313 4302 2452 4359; x_wconf 90' lang='lat' dir='ltr'><strong>solet</strong></span> <span class='ocrx_word' id='word_1_858' title='bbox 2477 4301 2525 4359; x_wconf 90' lang='lat' dir='ltr'><strong>ei</strong></span> <span class='ocrx_word' id='word_1_859' title='bbox 2538 4300 2771 4357; x_wconf 87' lang='lat' dir='ltr'><strong>tribuere</strong></span> <span class='ocrx_word' id='word_1_860' title='bbox 2793 4315 2952 4356; x_wconf 90' lang='lat' dir='ltr'><strong>omne</strong></span> <span class='ocrx_word' id='word_1_861' title='bbox 2972 4299 3114 4372; x_wconf 79' lang='lat' dir='ltr'><strong>quod</strong></span> <span class='ocrx_word' id='word_1_862' title='bbox 3138 4307 3332 4369; x_wconf 89' lang='lat' dir='ltr'><strong>potest,</strong></span> <span class='ocrx_word' id='word_1_863' title='bbox 3352 4313 3380 4352; x_wconf 90' lang='lat' dir='ltr'><strong>a</strong></span> <span class='ocrx_word' id='word_1_864' title='bbox 3405 4294 3617 4369; x_wconf 72' lang='lat' dir='ltr'><strong>quo&#39;est</strong></span> 
     </span>
    </p>
   </div>
   <div class='ocr_carea' id='block_1_106' title="bbox 2026 4390 3611 4471">
    <p class='ocr_par' dir='ltr' id='par_1_106' title="bbox 2026 4390 3611 4471">
     <span class='ocr_line' id='line_1_106' title="bbox 2026 4390 3611 4471; baseline -0.005 -17"><span class='ocrx_word' id='word_1_865' title='bbox 2026 4400 2140 4471; x_wconf 88' lang='lat' dir='ltr'><strong>ipse</strong></span> <span class='ocrx_word' id='word_1_866' title='bbox 2167 4398 2256 4470; x_wconf 90' lang='lat' dir='ltr'><strong>qui</strong></span> <span class='ocrx_word' id='word_1_867' title='bbox 2284 4403 2476 4468; x_wconf 85' lang='lat' dir='ltr'><strong>potest.</strong></span> <span class='ocrx_word' id='word_1_868' title='bbox 2500 4394 2545 4449; x_wconf 89' lang='lat' dir='ltr'><strong>A</strong></span> <span class='ocrx_word' id='word_1_869' title='bbox 2576 4408 2682 4465; x_wconf 91' lang='lat' dir='ltr'><strong>quo</strong></span> <span class='ocrx_word' id='word_1_870' title='bbox 2700 4392 2842 4449; x_wconf 90' lang='lat' dir='ltr'><strong>enim</strong></span> <span class='ocrx_word' id='word_1_871' title='bbox 2868 4392 3028 4449; x_wconf 84' lang='lat' dir='ltr'><strong>habet</strong></span> <span class='ocrx_word' id='word_1_872' title='bbox 3050 4399 3108 4447; x_wconf 89' lang='lat' dir='ltr'><strong>ut</strong></span> <span class='ocrx_word' id='word_1_873' title='bbox 3133 4391 3223 4457; x_wconf 90' lang='lat' dir='ltr'><strong>sit,</strong></span> <span class='ocrx_word' id='word_1_874' title='bbox 3243 4390 3311 4447; x_wconf 93' lang='lat' dir='ltr'><strong>ab</strong></span> <span class='ocrx_word' id='word_1_875' title='bbox 3332 4390 3421 4446; x_wconf 83' lang='lat' dir='ltr'><strong>illo</strong></span> <span class='ocrx_word' id='word_1_876' title='bbox 3449 4390 3611 4446; x_wconf 88' lang='lat' dir='ltr'><strong>habet</strong></span> 
     </span>
    </p>
   </div>
   <div class='ocr_carea' id='block_1_107' title="bbox 2022 4483 3609 4563">
    <p class='ocr_par' dir='ltr' id='par_1_107' title="bbox 2022 4483 3609 4563">
     <span class='ocr_line' id='line_1_107' title="bbox 2022 4483 3609 4563; baseline -0.007 -15"><span class='ocrx_word' id='word_1_877' title='bbox 2022 4501 2082 4548; x_wconf 90' lang='lat' dir='ltr'><strong>ut</strong></span> <span class='ocrx_word' id='word_1_878' title='bbox 2105 4491 2307 4563; x_wconf 89' lang='lat' dir='ltr'><strong>possit;</strong></span> <span class='ocrx_word' id='word_1_879' title='bbox 2338 4496 2396 4547; x_wconf 90' lang='lat' dir='ltr'><strong>et</strong></span> <span class='ocrx_word' id='word_1_880' title='bbox 2440 4485 2599 4543; x_wconf 88' lang='lat' dir='ltr'><strong>simul</strong></span> <span class='ocrx_word' id='word_1_881' title='bbox 2637 4493 2923 4557; x_wconf 88' lang='lat' dir='ltr'><strong>utrumque</strong></span> <span class='ocrx_word' id='word_1_882' title='bbox 2963 4498 3179 4555; x_wconf 88' lang='lat' dir='ltr'><strong>semper</strong></span> <span class='ocrx_word' id='word_1_883' title='bbox 3218 4484 3441 4552; x_wconf 87' lang='lat' dir='ltr'><strong>habuit,</strong></span> <span class='ocrx_word' id='word_1_884' title='bbox 3482 4483 3609 4554; x_wconf 89' lang='lat' dir='ltr'><strong>quia</strong></span> 
     </span>
    </p>
   </div>
   <div class='ocr_carea' id='block_1_108' title="bbox 2023 4573 3603 4652">
    <p class='ocr_par' dir='ltr' id='par_1_108' title="bbox 2023 4573 3603 4652">
     <span class='ocr_line' id='line_1_108' title="bbox 2023 4573 3603 4652; baseline -0.006 -14"><span class='ocrx_word' id='word_1_885' title='bbox 2023 4596 2295 4652; x_wconf 88' lang='lat' dir='ltr'><strong>nunquam</strong></span> <span class='ocrx_word' id='word_1_886' title='bbox 2326 4578 2423 4634; x_wconf 83' lang='lat' dir='ltr'><strong>fuit</strong></span> <span class='ocrx_word' id='word_1_887' title='bbox 2452 4584 2507 4635; x_wconf 87' lang='lat' dir='ltr'><strong>et</strong></span> <span class='ocrx_word' id='word_1_888' title='bbox 2531 4592 2638 4632; x_wconf 90' lang='lat' dir='ltr'><strong>non</strong></span> <span class='ocrx_word' id='word_1_889' title='bbox 2666 4575 2855 4648; x_wconf 86' lang='lat' dir='ltr'><strong>potuit.</strong></span> <span class='ocrx_word' id='word_1_890' title='bbox 2892 4575 3153 4645; x_wconf 89' lang='lat' dir='ltr'><strong>Quocirca</strong></span> <span class='ocrx_word' id='word_1_891' title='bbox 3207 4573 3461 4645; x_wconf 88' lang='lat' dir='ltr'><strong>quidquid</strong></span> <span class='ocrx_word' id='word_1_892' title='bbox 3506 4590 3603 4645; x_wconf 81' lang='lat' dir='ltr'><strong>po-</strong></span> 
     </span>
    </p>
   </div>
   <div class='ocr_carea' id='block_1_109' title="bbox 2025 4666 3604 4743">
    <p class='ocr_par' dir='ltr' id='par_1_109' title="bbox 2025 4666 3604 4743">
     <span class='ocr_line' id='line_1_109' title="bbox 2025 4666 3604 4743; baseline -0.006 -13"><span class='ocrx_word' id='word_1_893' title='bbox 2025 4676 2124 4730; x_wconf 88' lang='lat' dir='ltr'><strong>tuit</strong></span> <span class='ocrx_word' id='word_1_894' title='bbox 2149 4675 2329 4740; x_wconf 87' lang='lat' dir='ltr'><strong>Pater,</strong></span> <span class='ocrx_word' id='word_1_895' title='bbox 2358 4685 2571 4743; x_wconf 89' lang='lat' dir='ltr'><strong>semper</strong></span> <span class='ocrx_word' id='word_1_896' title='bbox 2600 4684 2721 4725; x_wconf 90' lang='lat' dir='ltr'><strong>cum</strong></span> <span class='ocrx_word' id='word_1_897' title='bbox 2768 4669 2859 4724; x_wconf 93' lang='lat' dir='ltr'><strong>illo</strong></span> <span class='ocrx_word' id='word_1_898' title='bbox 2898 4670 3064 4725; x_wconf 88' lang='lat' dir='ltr'><strong>Filius</strong></span> <span class='ocrx_word' id='word_1_899' title='bbox 3107 4667 3308 4739; x_wconf 88' lang='lat' dir='ltr'><strong>potuit;</strong></span> <span class='ocrx_word' id='word_1_900' title='bbox 3353 4666 3604 4737; x_wconf 87' lang='lat' dir='ltr'><strong>quoniam</strong></span> 
     </span>
    </p>
   </div>
   <div class='ocr_carea' id='block_1_110' title="bbox 2025 4757 3605 4836">
    <p class='ocr_par' dir='ltr' id='par_1_110' title="bbox 2025 4757 3605 4836">
     <span class='ocr_line' id='line_1_110' title="bbox 2025 4757 3605 4836; baseline -0.006 -15"><span class='ocrx_word' id='word_1_901' title='bbox 2025 4768 2113 4822; x_wconf 90' lang='lat' dir='ltr'><strong>ille</strong></span> <span class='ocrx_word' id='word_1_902' title='bbox 2139 4765 2228 4836; x_wconf 89' lang='lat' dir='ltr'><strong>qni</strong></span> <span class='ocrx_word' id='word_1_903' title='bbox 2259 4776 2527 4833; x_wconf 91' lang='lat' dir='ltr'><strong>nunquam</strong></span> <span class='ocrx_word' id='word_1_904' title='bbox 2554 4758 2655 4816; x_wconf 84' lang='lat' dir='ltr'><strong>fuit</strong></span> <span class='ocrx_word' id='word_1_905' title='bbox 2687 4768 2742 4816; x_wconf 91' lang='lat' dir='ltr'><strong>et</strong></span> <span class='ocrx_word' id='word_1_906' title='bbox 2768 4775 2875 4816; x_wconf 93' lang='lat' dir='ltr'><strong>non</strong></span> <span class='ocrx_word' id='word_1_907' title='bbox 2914 4761 3112 4831; x_wconf 91' lang='lat' dir='ltr'><strong>potuit,</strong></span> <span class='ocrx_word' id='word_1_908' title='bbox 3163 4772 3432 4828; x_wconf 88' lang='lat' dir='ltr'><strong>nunquam</strong></span> <span class='ocrx_word' id='word_1_909' title='bbox 3488 4757 3605 4812; x_wconf 88' lang='lat' dir='ltr'><strong>sine</strong></span> 
     </span>
    </p>
   </div>
   <div class='ocr_carea' id='block_1_111' title="bbox 2024 4845 3629 4923">
    <p class='ocr_par' dir='ltr' id='par_1_111' title="bbox 2024 4845 3629 4923">
     <span class='ocr_line' id='line_1_111' title="bbox 2024 4845 3629 4923; baseline -0.007 -12"><span class='ocrx_word' id='word_1_910' title='bbox 2024 4858 2180 4912; x_wconf 85' lang='lat' dir='ltr'><strong>Patre</strong></span> <span class='ocrx_word' id='word_1_911' title='bbox 2207 4855 2332 4919; x_wconf 80' lang='lat' dir='ltr'><strong>fuit,</strong></span> <span class='ocrx_word' id='word_1_912' title='bbox 2365 4867 2634 4923; x_wconf 90' lang='lat' dir='ltr'><strong>nunquam</strong></span> <span class='ocrx_word' id='word_1_913' title='bbox 2672 4850 2788 4907; x_wconf 90' lang='lat' dir='ltr'><strong>sine</strong></span> <span class='ocrx_word' id='word_1_914' title='bbox 2820 4850 2909 4906; x_wconf 90' lang='lat' dir='ltr'><strong>illo</strong></span> <span class='ocrx_word' id='word_1_915' title='bbox 2948 4851 3103 4905; x_wconf 90' lang='lat' dir='ltr'><strong>Pater</strong></span> <span class='ocrx_word' id='word_1_916' title='bbox 3140 4847 3259 4902; x_wconf 83' lang='lat' dir='ltr'><strong>fuit.</strong></span> <span class='ocrx_word' id='word_1_917' title='bbox 3292 4850 3367 4903; x_wconf 90' lang='lat' dir='ltr'><strong>Ac</strong></span> <span class='ocrx_word' id='word_1_918' title='bbox 3384 4862 3481 4917; x_wconf 89' lang='lat' dir='ltr'><strong>per</strong></span> <span class='ocrx_word' id='word_1_919' title='bbox 3505 4845 3629 4901; x_wconf 86' lang='lat' dir='ltr'><strong>hoe</strong></span> 
     </span>
    </p>
   </div>
   <div class='ocr_carea' id='block_1_112' title="bbox 2025 4940 3610 5012">
    <p class='ocr_par' dir='ltr' id='par_1_112' title="bbox 2025 4940 3610 5012">
     <span class='ocr_line' id='line_1_112' title="bbox 2025 4940 3610 5012; baseline -0.006 -8"><span class='ocrx_word' id='word_1_920' title='bbox 2025 4949 2160 5004; x_wconf 80' lang='lat' dir='ltr'><strong>sicut</strong></span> <span class='ocrx_word' id='word_1_921' title='bbox 2189 4947 2347 5002; x_wconf 90' lang='lat' dir='ltr'><strong>Pater</strong></span> <span class='ocrx_word' id='word_1_922' title='bbox 2375 4954 2606 4999; x_wconf 78' lang='lat' dir='ltr'><strong>:eternus</strong></span> <span class='ocrx_word' id='word_1_923' title='bbox 2632 4942 2987 5012; x_wconf 83' lang='lat' dir='ltr'><strong>Omnipotens,</strong></span> <span class='ocrx_word' id='word_1_924' title='bbox 3005 4943 3073 4995; x_wconf 88' lang='lat' dir='ltr'><strong>ita</strong></span> <span class='ocrx_word' id='word_1_925' title='bbox 3119 4940 3286 4993; x_wconf 88' lang='lat' dir='ltr'><strong>Filius</strong></span> <span class='ocrx_word' id='word_1_926' title='bbox 3305 4946 3610 4995; x_wconf 88' lang='lat' dir='ltr'><strong>coaeternus</strong></span> 
     </span>
    </p>
   </div>
   <div class='ocr_carea' id='block_1_113' title="bbox 2025 5027 3649 5109">
    <p class='ocr_par' dir='ltr' id='par_1_113' title="bbox 2025 5027 3649 5109">
     <span class='ocr_line' id='line_1_113' title="bbox 2025 5027 3649 5109; baseline -0.008 -15"><span class='ocrx_word' id='word_1_927' title='bbox 2025 5042 2395 5109; x_wconf 91' lang='lat' dir='ltr'><strong>omnipotens;</strong></span> <span class='ocrx_word' id='word_1_928' title='bbox 2428 5044 2483 5091; x_wconf 93' lang='lat' dir='ltr'><strong>et</strong></span> <span class='ocrx_word' id='word_1_929' title='bbox 2510 5034 2555 5090; x_wconf 90' lang='lat' dir='ltr'><strong>si</strong></span> <span class='ocrx_word' id='word_1_930' title='bbox 2576 5033 2939 5103; x_wconf 88' lang='lat' dir='ltr'><strong>omnipotens,</strong></span> <span class='ocrx_word' id='word_1_931' title='bbox 2973 5032 3149 5102; x_wconf 86' lang='lat' dir='ltr'><strong>utique</strong></span> <span class='ocrx_word' id='word_1_932' title='bbox 3171 5029 3525 5084; x_wconf 89' lang='lat' dir='ltr'><strong>omnitenens.</strong></span> <span class='ocrx_word' id='word_1_933' title='bbox 3549 5027 3607 5084; x_wconf 92' lang='lat' dir='ltr'><strong>Id</strong></span> <span class='ocrx_word' id='word_1_934' title='bbox 3642 5076 3649 5081; x_wconf 91' lang='lat'><strong>.</strong></span> 
     </span>
    </p>
   </div>
   <div class='ocr_carea' id='block_1_114' title="bbox 2025 5119 3623 5199">
    <p class='ocr_par' dir='ltr' id='par_1_114' title="bbox 2025 5119 3623 5199">
     <span class='ocr_line' id='line_1_114' title="bbox 2025 5119 3623 5199; baseline -0.007 -12"><span class='ocrx_word' id='word_1_935' title='bbox 2025 5131 2167 5187; x_wconf 88' lang='lat' dir='ltr'><strong>enim</strong></span> <span class='ocrx_word' id='word_1_936' title='bbox 2190 5129 2364 5199; x_wconf 88' lang='lat' dir='ltr'><strong>potius</strong></span> <span class='ocrx_word' id='word_1_937' title='bbox 2392 5125 2613 5182; x_wconf 87' lang='lat' dir='ltr'><strong>verbum</strong></span> <span class='ocrx_word' id='word_1_938' title='bbox 2631 5140 2662 5180; x_wconf 92' lang='lat' dir='ltr'><strong>e</strong></span> <span class='ocrx_word' id='word_1_939' title='bbox 2689 5124 2851 5179; x_wconf 92' lang='lat' dir='ltr'><strong>verbo</strong></span> <span class='ocrx_word' id='word_1_940' title='bbox 2876 5123 3304 5193; x_wconf 87' lang='lat' dir='ltr'><strong>interpretamur,</strong></span> <span class='ocrx_word' id='word_1_941' title='bbox 3330 5120 3372 5175; x_wconf 92' lang='lat' dir='ltr'><strong>si</strong></span> <span class='ocrx_word' id='word_1_942' title='bbox 3394 5119 3623 5190; x_wconf 84' lang='lat' dir='ltr'><strong>proprie-</strong></span> 
     </span>
    </p>
   </div>
   <div class='ocr_carea' id='block_1_115' title="bbox 2026 5214 3609 5290">
    <p class='ocr_par' dir='ltr' id='par_1_115' title="bbox 2026 5214 3609 5290">
     <span class='ocr_line' id='line_1_115' title="bbox 2026 5214 3609 5290; baseline -0.008 -10"><span class='ocrx_word' id='word_1_943' title='bbox 2026 5224 2270 5280; x_wconf 84' lang='lat' dir='ltr'><strong>volumus</strong></span> <span class='ocrx_word' id='word_1_944' title='bbox 2311 5221 2521 5290; x_wconf 90' lang='lat' dir='ltr'><strong>dicere,</strong></span> <span class='ocrx_word' id='word_1_945' title='bbox 2561 5217 2700 5290; x_wconf 88' lang='lat' dir='ltr'><strong>quod</strong></span> <span class='ocrx_word' id='word_1_946' title='bbox 2735 5233 2762 5271; x_wconf 90' lang='lat' dir='ltr'><strong>a</strong></span> <span class='ocrx_word' id='word_1_947' title='bbox 2790 5216 2990 5273; x_wconf 69' lang='lat' dir='ltr'><strong>Graecis</strong></span> <span class='ocrx_word' id='word_1_948' title='bbox 3017 5214 3209 5269; x_wconf 88' lang='lat' dir='ltr'><strong>dicitur</strong></span> <span class='ocrx_word' id='word_1_949' title='bbox 3234 5218 3564 5285; x_wconf 68' lang='grc' dir='ltr'><strong>τικντοκράτωρ</strong></span> <span class='ocrx_word' id='word_1_950' title='bbox 3591 5228 3609 5268; x_wconf 88' lang='lat'><strong>:</strong></span> 
     </span>
    </p>
   </div>
   <div class='ocr_carea' id='block_1_116' title="bbox 2028 5304 3653 5389">
    <p class='ocr_par' dir='ltr' id='par_1_116' title="bbox 2028 5304 3653 5389">
     <span class='ocr_line' id='line_1_116' title="bbox 2028 5304 3653 5389; baseline -0.012 -16"><span class='ocrx_word' id='word_1_951' title='bbox 2028 5316 2169 5389; x_wconf 89' lang='lat' dir='ltr'><strong>quod</strong></span> <span class='ocrx_word' id='word_1_952' title='bbox 2198 5314 2367 5371; x_wconf 91' lang='lat' dir='ltr'><strong>nostri</strong></span> <span class='ocrx_word' id='word_1_953' title='bbox 2394 5328 2498 5369; x_wconf 90' lang='lat' dir='ltr'><strong>non</strong></span> <span class='ocrx_word' id='word_1_954' title='bbox 2522 5313 2601 5368; x_wconf 80' lang='lat' dir='ltr'><strong>sic</strong></span> <span class='ocrx_word' id='word_1_955' title='bbox 2624 5311 3118 5381; x_wconf 87' lang='lat' dir='ltr'><strong>interpretarentur,</strong></span> <span class='ocrx_word' id='word_1_956' title='bbox 3160 5313 3220 5360; x_wconf 90' lang='lat' dir='ltr'><strong>ut</strong></span> <span class='ocrx_word' id='word_1_957' title='bbox 3270 5304 3613 5373; x_wconf 89' lang='lat' dir='ltr'><strong>omnipotens</strong></span> <span class='ocrx_word' id='word_1_958' title='bbox 3646 5346 3653 5354; x_wconf 88' lang='lat'><strong>.</strong></span> 
     </span>
    </p>
   </div>
   <div class='ocr_carea' id='block_1_117' title="bbox 2028 5396 3611 5474">
    <p class='ocr_par' dir='ltr' id='par_1_117' title="bbox 2028 5396 3611 5474">
     <span class='ocr_line' id='line_1_117' title="bbox 2028 5396 3611 5474; baseline -0.009 -10"><span class='ocrx_word' id='word_1_959' title='bbox 2028 5409 2296 5471; x_wconf 87' lang='lat' dir='ltr'><strong>dicerent,</strong></span> <span class='ocrx_word' id='word_1_960' title='bbox 2328 5420 2448 5461; x_wconf 91' lang='lat' dir='ltr'><strong>cum</strong></span> <span class='ocrx_word' id='word_1_961' title='bbox 2471 5405 2539 5460; x_wconf 90' lang='lat' dir='ltr'><strong>sit</strong></span> <span class='ocrx_word' id='word_1_962' title='bbox 2560 5407 2892 5474; x_wconf 77' lang='grc' dir='ltr'><strong>παντοκράτωρ</strong></span> <span class='ocrx_word' id='word_1_963' title='bbox 2927 5400 3297 5464; x_wconf 89' lang='lat' dir='ltr'><strong>omnitenens,</strong></span> <span class='ocrx_word' id='word_1_964' title='bbox 3345 5396 3447 5451; x_wconf 92' lang='lat' dir='ltr'><strong>nisi</strong></span> <span class='ocrx_word' id='word_1_965' title='bbox 3495 5404 3611 5451; x_wconf 87' lang='lat' dir='ltr'><strong>tan-</strong></span> 
     </span>
    </p>
   </div>
   <div class='ocr_carea' id='block_1_118' title="bbox 2031 5488 3611 5560">
    <p class='ocr_par' dir='ltr' id='par_1_118' title="bbox 2031 5488 3611 5560">
     <span class='ocr_line' id='line_1_118' title="bbox 2031 5488 3611 5560; baseline -0.006 -7"><span class='ocrx_word' id='word_1_966' title='bbox 2031 5497 2266 5553; x_wconf 90' lang='lat' dir='ltr'><strong>tumdem</strong></span> <span class='ocrx_word' id='word_1_967' title='bbox 2294 5494 2472 5549; x_wconf 88' lang='lat' dir='ltr'><strong>valere</strong></span> <span class='ocrx_word' id='word_1_968' title='bbox 2496 5493 2773 5549; x_wconf 90' lang='lat' dir='ltr'><strong>sentirent.</strong></span> <span class='ocrx_word' id='word_1_969' title='bbox 2812 5489 2946 5557; x_wconf 81' lang='lat' dir='ltr'><strong>Quid</strong></span> <span class='ocrx_word' id='word_1_970' title='bbox 2976 5502 3105 5560; x_wconf 91' lang='lat' dir='ltr'><strong>ergo</strong></span> <span class='ocrx_word' id='word_1_971' title='bbox 3132 5502 3362 5560; x_wconf 88' lang='lat' dir='ltr'><strong>unquam</strong></span> <span class='ocrx_word' id='word_1_972' title='bbox 3410 5488 3611 5544; x_wconf 82' lang='lat' dir='ltr'><strong>habere</strong></span> 
     </span>
    </p>
   </div>
   <div class='ocr_carea' id='block_1_119' title="bbox 2032 5577 3611 5660">
    <p class='ocr_par' dir='ltr' id='par_1_119' title="bbox 2032 5577 3611 5660">
     <span class='ocr_line' id='line_1_119' title="bbox 2032 5577 3611 5660; baseline -0.008 -17"><span class='ocrx_word' id='word_1_973' title='bbox 2032 5587 2201 5660; x_wconf 91' lang='lat' dir='ltr'><strong>potuit</strong></span> <span class='ocrx_word' id='word_1_974' title='bbox 2229 5595 2460 5642; x_wconf 71' lang='lat' dir='ltr'><strong>aeternus</strong></span> <span class='ocrx_word' id='word_1_975' title='bbox 2478 5583 2817 5640; x_wconf 88' lang='lat' dir='ltr'><strong>omnitcncns</strong></span> <span class='ocrx_word' id='word_1_976' title='bbox 2832 5621 2851 5650; x_wconf 93' lang='lat'><strong>,</strong></span> <span class='ocrx_word' id='word_1_977' title='bbox 2871 5580 3011 5652; x_wconf 92' lang='lat' dir='ltr'><strong>quod</strong></span> <span class='ocrx_word' id='word_1_978' title='bbox 3038 5595 3140 5635; x_wconf 89' lang='lat' dir='ltr'><strong>non</strong></span> <span class='ocrx_word' id='word_1_979' title='bbox 3165 5578 3319 5635; x_wconf 90' lang='lat' dir='ltr'><strong>simul</strong></span> <span class='ocrx_word' id='word_1_980' title='bbox 3367 5577 3611 5634; x_wconf 85' lang='lat' dir='ltr'><strong>habuerit</strong></span> 
     </span>
    </p>
   </div>
   <div class='ocr_carea' id='block_1_120' title="bbox 2029 5669 3612 5742">
    <p class='ocr_par' dir='ltr' id='par_1_120' title="bbox 2029 5669 3612 5742">
     <span class='ocr_line' id='line_1_120' title="bbox 2029 5669 3612 5742; baseline -0.007 -8"><span class='ocrx_word' id='word_1_981' title='bbox 2029 5687 2331 5734; x_wconf 70' lang='lat' dir='ltr'><strong>comternus</strong></span> <span class='ocrx_word' id='word_1_982' title='bbox 2350 5672 2729 5731; x_wconf 83' lang='lat' dir='ltr'><strong>omnitenens?</strong></span> <span class='ocrx_word' id='word_1_983' title='bbox 2755 5672 2903 5739; x_wconf 88' lang='lat' dir='ltr'><strong>Quod</strong></span> <span class='ocrx_word' id='word_1_984' title='bbox 2934 5673 3109 5742; x_wconf 90' lang='lat' dir='ltr'><strong>itaque</strong></span> <span class='ocrx_word' id='word_1_985' title='bbox 3135 5671 3244 5738; x_wconf 90' lang='lat' dir='ltr'><strong>ait,</strong></span> <span class='ocrx_word' id='word_1_986' title='bbox 3279 5669 3344 5724; x_wconf 85' lang='lat' dir='ltr'><strong>Et</strong></span> <span class='ocrx_word' id='word_1_987' title='bbox 3370 5670 3493 5723; x_wconf 82' lang='lat' dir='ltr'><strong>nti/ti</strong></span> <span class='ocrx_word' id='word_1_988' title='bbox 3530 5684 3612 5724; x_wconf 85' lang='lat' dir='ltr'><strong>eos</strong></span> 
     </span>
    </p>
   </div>
   <div class='ocr_carea' id='block_1_121' title="bbox 2033 5763 3636 5840">
    <p class='ocr_par' dir='ltr' id='par_1_121' title="bbox 2033 5763 3636 5840">
     <span class='ocr_line' id='line_1_121' title="bbox 2033 5763 3636 5840; baseline -0.009 -12"><span class='ocrx_word' id='word_1_989' title='bbox 2033 5769 2233 5839; x_wconf 82' lang='lat' dir='ltr'><strong>dedisti,</strong></span> <span class='ocrx_word' id='word_1_990' title='bbox 2266 5768 2533 5824; x_wconf 87' lang='lat' dir='ltr'><strong>hominem</strong></span> <span class='ocrx_word' id='word_1_991' title='bbox 2562 5780 2619 5822; x_wconf 88' lang='lat' dir='ltr'><strong>se</strong></span> <span class='ocrx_word' id='word_1_992' title='bbox 2641 5765 2913 5840; x_wconf 80' lang='lat' dir='ltr'><strong>accepisse</strong></span> <span class='ocrx_word' id='word_1_993' title='bbox 2942 5763 3073 5819; x_wconf 89' lang='lat' dir='ltr'><strong>hanc</strong></span> <span class='ocrx_word' id='word_1_994' title='bbox 3098 5771 3411 5834; x_wconf 70' lang='lat' dir='ltr'><strong>potestatem</strong></span> <span class='ocrx_word' id='word_1_995' title='bbox 3442 5770 3495 5816; x_wconf 87' lang='lat' dir='ltr'><strong>ut</strong></span> <span class='ocrx_word' id='word_1_996' title='bbox 3517 5775 3636 5816; x_wconf 72' lang='lat' dir='ltr'><strong>cos.</strong></span> 
     </span>
    </p>
   </div>
  </div>
