4028 6492
513 331 642 390 1911

513 443 754 510 haberet,
798 439 1062 508 ostendit;
1086 438 1332 512 quoniam
1366 437 1457 508 qui
1498 450 1707 505 semper
1743 433 2079 503 omnipotens

515 535 632 602 fuit,
663 549 766 590 non
787 546 999 603 semmr
1016 531 1175 588 homo
1196 529 1313 585 fuit.
1341 527 1725 596 Quamobrem,
1765 539 1884 580 cum
1929 522 2078 578 Patri

513 625 687 696 potius
711 624 957 680 tribuisse
983 622 1222 678 videatur
1239 629 1300 675 ut
1326 619 1395 674 ab
1421 632 1488 674 eo
1513 618 1633 672 illos
1659 615 1925 686 acceperit
1943 628 2079 684 quo-

511 716 654 771 niam
678 730 743 771 ex
775 714 890 784 ipso
912 722 997 771 est
1017 711 1268 784 quidquid
1286 717 1372 766 est
1394 709 1463 764 de
1487 722 1594 778 quo
1631 716 1712 763 est
1736 723 1752 773 ;
1782 707 1940 761 etiam
1967 706 2078 776 ipse

511 805 611 861 sibi
639 819 734 860 eos
758 803 934 870 dedit,
961 803 1064 859 hoc
1087 810 1202 866 est,
1249 815 1372 856 cum
1424 799 1580 855 Patre
1626 798 1764 853 Deus
1805 794 2074 862 Christus,

509 901 712 959 homini
739 899 949 956 Christo
967 896 1105 968 quod
1129 910 1248 951 eum
1273 895 1430 951 Patre
1456 907 1563 948 non
1590 902 1692 959 est,
1715 891 1957 946 homines
1983 889 2078 944 de-

507 991 606 1048 dit.
628 990 868 1062 Deniqne
885 989 972 1060 qui
1004 988 1104 1042 hoc
1127 986 1246 1042 loco
1266 985 1426 1051 dicit,
1457 983 1551 1039 Tui
1574 992 1736 1050 erant,
1765 991 1810 1036 et
1844 982 1966 1036 mihi
1992 997 2077 1035 eos

508 1083 707 1148 dedisti,
719 1082 830 1153 jam
859 1079 1100 1150 superius
1114 1077 1314 1135 eisdem
1331 1075 1601 1146 discipulis
1615 1075 1838 1141 dixerat,
1859 1071 1970 1144 Ego
1990 1087 2076 1127 vos

507 1174 571 1228 de
591 1171 777 1228 mdo
803 1171 927 1243 elegi
952 1169 1130 1242 (Joan.
1151 1184 1242 1234 xv,
1294 1168 1406 1240 l9).
1436 1167 1752 1223 Conteratur
1771 1167 1856 1219 hic
1875 1165 2075 1234 cogita-

506 1267 582 1320 tio
604 1265 849 1329 carnalis,
879 1273 1036 1334 atque
1061 1263 1346 1332 dispereat.
1376 1261 1451 1315 De
1491 1257 1686 1314 mundo
1729 1258 1826 1313 sibi
1859 1273 1891 1312 a
1919 1257 2076 1313 Patre

435 1361 438 1364 â€™
503 1355 634 1411 dicit
657 1354 821 1411 Filius
839 1354 992 1410 datos
1021 1353 1260 1407 homines
1286 1351 1476 1421 quibus
1499 1350 1600 1405 alio
1619 1349 1738 1405 loco
1766 1347 1926 1413 dicit,
1967 1347 2075 1416 Ego

503 1462 590 1503 vos
609 1445 734 1519 elegi
751 1445 815 1500 de
837 1445 1041 1500 mundo.
1071 1444 1214 1511 Quos
1239 1443 1378 1498 Deus
1406 1441 1572 1496 Filius
1599 1440 1664 1496 de
1691 1439 1888 1494 mundo
1915 1437 2076 1509 elegit

501 1553 624 1594 cum
642 1537 819 1603 Patre,
846 1536 988 1592 idem
1015 1537 1128 1604 ipse
1154 1535 1312 1590 homo
1338 1533 1504 1588 Filius
1530 1531 1596 1587 de
1620 1531 1818 1586 mundo
1843 1545 1936 1586 eos
1983 1544 2073 1584 ac-

501 1629 866 1700 cepitaPatre
904 1644 1051 1684 :non
1077 1625 1219 1682 enim
1262 1625 1420 1681 Pater
1467 1623 1585 1679 illos
1625 1621 1763 1677 Filio
1812 1620 2067 1686 dedisset,

502 1718 603 1773 nisi
631 1718 896 1788 elegisset.
929 1717 1006 1772 Ac
1029 1732 1121 1786 per
1151 1717 1251 1772 hoc
1268 1714 1434 1770 Filius
1459 1714 1596 1768 sicut
1615 1725 1723 1766 non
1749 1709 1872 1766 inde
1912 1724 2070 1779 sepa-

500 1810 636 1865 ravit
665 1810 874 1864 Patrem
899 1847 916 1874 ,
938 1807 1147 1879 quando
1172 1807 1335 1874 dixit,
1363 1804 1474 1877 Ego
1501 1819 1587 1858 vos
1612 1803 1674 1857 de
1695 1801 1883 1856 mundo
1922 1800 2066 1872 elegi,

499 1901 748 1972 quoniam
775 1899 930 1955 simul
953 1914 1045 1956 eos
1069 1898 1230 1969 elegit
1252 1907 1305 1952 et
1333 1898 1488 1952 Pater
1520 1914 1534 1950 :
1579 1899 1659 1950 sic
1678 1910 1782 1948 non
1813 1893 1935 1948 inde
1982 1907 2068 1947 se-

501 1993 706 2063 paravit
733 1999 787 2049 et
813 2006 891 2059 se,
921 1991 1130 2062 quando
1158 1989 1323 2057 dixit,
1351 1987 1450 2043 Tui
1469 1997 1610 2042 erant
1630 2027 1644 2050 ,
1673 1986 1797 2058 quia
1825 1993 1879 2040 et
1902 1984 2070 2055 ipsius

499 2085 618 2142 Filii
645 2085 840 2156 pariter
866 2093 1037 2141 erant.
1065 2084 1216 2140 Nunc
1240 2091 1416 2137 autem
1444 2081 1604 2135 homo
1640 2079 1779 2136 idem
1823 2077 1936 2148 ipse
1979 2076 2070 2131 Fi-

498 2177 603 2232 lius
627 2173 830 2246 accepit
857 2191 951 2232 eos
971 2175 1058 2245 qui
1089 2189 1195 2228 non
1225 2181 1376 2228 erant
1398 2171 1584 2242 ipsius,
1617 2170 1737 2240 quia
1763 2177 1817 2224 et
1840 2167 2064 2223 formam

497 2267 635 2324 servi
660 2267 866 2336 accepit
891 2266 1032 2322 Deus
1059 2265 1198 2321 idem
1224 2278 1343 2333 quae
1372 2277 1476 2317 non
1502 2270 1616 2317 erat
1640 2261 1826 2331 ipsius.

569 2358 624 2414 6.
662 2359 910 2428 Sequitur
930 2373 991 2412 ac
1011 2356 1158 2422 dicit,
1182 2355 1247 2409 Et
1266 2370 1546 2409 sermonem
1569 2362 1708 2406 tuum
1732 2359 2066 2407 servaverunt:

498 2465 632 2502 nunc
654 2457 990 2520 cognoverunt
1013 2448 1131 2516 quia
1169 2446 1337 2501 omnia
1360 2460 1472 2516 qut:
1500 2445 1680 2498 dedisti
1718 2443 1875 2509 mihi,
1903 2442 1992 2498 abs
2021 2452 2068 2497 te

495 2539 728 2594 sunt:id
772 2547 885 2605 est,
917 2544 1281 2608 cognoverunt
1311 2536 1431 2606 quia
1476 2535 1572 2590 abs
1617 2543 1667 2590 te
1711 2549 1848 2588 sum.
1899 2532 2066 2589 Simul

497 2630 640 2684 enim
669 2630 824 2684 Pater
848 2628 994 2685 dedit
1022 2627 1220 2694 omnia,
1251 2642 1368 2681 cum
1397 2626 1578 2696 genuit
1605 2626 1691 2694 qui
1715 2625 1932 2678 haberet
1958 2639 2068 2678 om-

495 2720 603 2775 nia.
635 2719 769 2788 Quia
795 2717 973 2785 verba,
1004 2718 1192 2788 inquit,
1219 2733 1331 2788 quea
1358 2715 1539 2770 dedisti
1559 2715 1714 2780 mihi,
1743 2715 1857 2768 dedi
1881 2715 1973 2780 eis,
2021 2723 2068 2769 et

493 2809 591 2879 ipsi
617 2818 914 2880 acceperunt
942 2825 962 2864 :
991 2808 1044 2864 id
1065 2818 1167 2875 est,
1198 2807 1741 2876 intellexeruntatque
1763 2813 2064 2860 tenuerunt.

493 2900 642 2956 Tunc
667 2901 808 2956 enim
833 2900 1049 2956 verbum
1074 2899 1348 2970 accipitur,
1385 2897 1595 2968 quando
1631 2905 1808 2954 mente
1835 2896 2066 2968 percipi-

493 3002 596 3048 tur.
627 2992 696 3048 Et
721 3001 1089 3066 cognoverunt,
1118 2992 1326 3062 inquit,
1354 3005 1466 3046 vere
1497 2989 1616 3063 quia
1645 3006 1679 3044 a
1725 2998 1773 3045 te
1809 2989 1938 3044 exivi
1956 3031 1971 3056 ,
2016 2998 2065 3044 et

491 3086 810 3142 crediderunt
832 3087 948 3157 quia
973 3094 1025 3139 tu
1054 3101 1133 3139 me
1156 3083 1358 3139 misisti.
1397 3083 1465 3138 Et
1503 3083 1590 3138 hic
1640 3081 2061 3139 subaudiendum

491 3185 576 3233 est
595 3217 610 3241 ,
643 3193 754 3231 vere
776 3192 796 3231 :
825 3175 965 3245 quod
994 3175 1133 3230 enim
1154 3174 1319 3240 dixit,
1341 3182 1673 3246 cognoverunt
1699 3188 1842 3240 vere,
1892 3186 2060 3242 expo-

493 3279 622 3321 nere
651 3265 817 3320 vuluit
843 3263 1212 3336 adiungendo,
1259 3271 1306 3316 et
1347 3261 1689 3316 crediderunt.
1733 3261 1844 3316 Hoc
1887 3261 2062 3332 itaque

492 3355 810 3410 crediderunt
831 3371 960 3421 vere,
989 3353 1129 3424 quod
1154 3363 1487 3425 cognoverunt
1507 3368 1620 3407 vere
1645 3368 1664 3405 :
1691 3351 1744 3407 id
1789 3353 1931 3407 enim
1978 3361 2062 3408 est

490 3463 524 3501 Î±
542 3458 590 3500 te
607 3446 754 3512 exivi,
786 3445 928 3516 quod
953 3454 1055 3512 est,
1081 3454 1135 3500 tu
1159 3462 1238 3500 me
1252 3445 1448 3499 misisti.
1489 3443 1622 3498 Cum
1667 3459 1794 3516 ergo
1819 3444 2060 3514 dixisset,

490 3547 821 3609 cognoverunt
840 3552 951 3592 vere
965 3577 979 3599 .
1013 3552 1082 3593 ne
1100 3537 1377 3608 quisquam
1398 3544 1608 3607 putaret
1635 3535 1788 3590 istam
1811 3536 2062 3607 cognitio-

490 3645 611 3684 nem
634 3629 743 3699 jam
771 3643 866 3699 per
883 3630 1111 3699 speciem
1140 3627 1332 3683 factam
1350 3669 1365 3694 ,
1390 3643 1494 3682 non
1525 3641 1618 3696 per
1657 3625 1850 3692 ï¬dem;
1894 3641 2059 3697 expo-

490 3719 666 3774 nendo
690 3719 910 3786 addidit,
939 3729 985 3773 et
1007 3719 1345 3786 crediderunt,
1371 3726 1429 3772 ut
1445 3717 1823 3772 subaudiamus
1850 3733 1980 3782 vere,
2008 3725 2062 3771 et

489 3810 840 3882 intelligamus
863 3810 964 3866 hoc
988 3810 1185 3865 dictum
1213 3823 1352 3877 esse,
1375 3817 1707 3880 cognoverunt
1727 3824 1836 3862 vere
1856 3849 1870 3872 ,
1916 3806 2059 3876 quod

486 3913 570 3959 est
592 3903 908 3958 crediderunt
928 3919 1038 3959 vere
1064 3917 1083 3956 :
1108 3917 1211 3958 non
1251 3916 1317 3958 eo
1357 3900 1516 3957 modo
1549 3915 1704 3971 quem
1748 3899 2060 3970 signiï¬cavit

489 3994 645 4064 paulo
669 4001 813 4060 ante,
835 4008 955 4048 cum
981 3991 1132 4057 dixit,
1162 3991 1318 4046 Modo
1344 3991 1586 4044 creditis?
1633 3988 1777 4044 Venit
1809 3989 1933 4042 hora
1956 4029 1971 4055 ,
2013 3995 2060 4042 et

481 4085 594 4154 jam
621 4085 774 4150 venit,
803 4092 857 4136 ut
881 4083 1237 4153 dispergamini
1278 4081 1610 4151 unusquisque
1641 4080 1693 4134 in
1735 4080 1960 4149 prapria,
2013 4087 2060 4132 et

487 4188 568 4226 me
586 4171 750 4226 solum
765 4172 1058 4242 relinquatis
1083 4170 1204 4241 (Id.
1231 4186 1351 4236 Ï‡Î¹Î¹Î¹,
1378 4171 1440 4226 3i
1461 4180 1506 4225 et
1524 4169 1635 4239 5â€˜2).
1678 4168 1782 4226 Sed
1831 4169 2058 4223 credide-

486 4272 608 4316 runt
634 4279 746 4317 vere
768 4304 783 4329 ,
801 4261 854 4316 id
871 4273 952 4316 est
971 4263 1238 4332 quomodo
1259 4261 1579 4317 credendum
1597 4269 1694 4326 est,
1722 4262 2056 4324 inconcusse,

488 4353 672 4421 ï¬rme,
705 4353 984 4422 stabiliter,
1013 4352 1256 4419 fortiter;
1286 4369 1390 4408 non
1426 4353 1534 4423 jam
1566 4355 1615 4408 in
1661 4354 1867 4424 propria
1913 4353 2056 4408 redi-

487 4445 615 4510 turi,
649 4454 703 4500 et
729 4443 995 4501 Christum
1023 4445 1276 4501 relicturi.
1309 4445 1497 4502 Adhuc
1525 4461 1650 4514 ergo
1673 4445 1912 4515 discipuli
1951 4461 2054 4502 non

486 4545 637 4592 erant
662 4536 792 4592 tales
814 4576 830 4602 ,
859 4537 1040 4606 quales
1063 4551 1156 4592 eos
1179 4536 1306 4592 dicit
1333 4537 1506 4592 verbis
1550 4537 1803 4606 prmteriti
1831 4524 2042 4606 tempo-

484 4627 579 4690 ris,
610 4625 758 4697 quasi
785 4625 896 4697 jam
921 4635 1120 4688 essent.
1144 4627 1504 4698 prmnuntians
1542 4627 1725 4698 quales
1759 4625 1917 4682 futuri
1965 4641 2056 4682 cs-

483 4726 638 4786 sent,
666 4728 885 4789 accepto
908 4719 1110 4776 scilicet
1149 4720 1344 4790 Spiritu
1380 4728 1598 4788 saneto,
1646 4720 1732 4790 qui
1781 4735 1895 4787 eos,
1922 4721 2055 4774 sicut

484 4807 804 4876 promissum
827 4816 930 4878 est,
953 4807 1376 4864 doceretomnia.
1398 4808 1563 4876 Quem
1585 4810 1887 4880 priusquam
1917 4811 2029 4865 aeci

482 4906 672 4967 pereat
701 4898 965 4969 quomodo
991 4911 1336 4955 servaverunt
1375 4900 1492 4971 eius
1523 4915 1824 4957 sermonem
1849 4945 1865 4968 ,
1913 4900 2051 4972 quod

482 4987 549 5041 de
576 4988 678 5043 illis
704 4989 854 5058 quasi
880 4987 1132 5056 fecerint,
1163 4990 1328 5057 dixit;
1374 4990 1584 5062 quando
1627 4992 1828 5060 primus
1867 5006 2052 5048 eorum

485 5089 565 5132 ter
587 5093 710 5138 eum
751 5080 957 5150 negavit
993 5079 1202 5151 (Matth.
1248 5096 1408 5146 xxvi,
1441 5082 1652 5154 69-74),
1699 5098 1819 5139 cum
1851 5099 1918 5139 ex
1958 5097 2054 5138 ore

481 5169 599 5238 ejus
619 5171 852 5226 audisset
875 5170 1000 5242 quid
1031 5170 1258 5228 futurum
1284 5182 1420 5228 esset
1445 5172 1649 5228 homini
1695 5175 1781 5243 qui
1809 5191 1928 5230 eum
1955 5189 2050 5230 co-

482 5275 598 5314 ram
625 5263 922 5318 hominibus
947 5265 1241 5334 negavisset
1270 5264 1380 5334 (Id.
1408 5282 1464 5332 x,
1496 5266 1626 5337 53)?
1655 5266 1807 5322 Dedit
1830 5282 1955 5338 ergo
1974 5267 2052 5324 cis

483 5350 643 5406 verba
669 5353 805 5408 sicut
822 5351 977 5421 dixit,
1006 5370 1124 5424 quae
1151 5355 1293 5410 dedit
1313 5355 1360 5410 ei
1381 5355 1540 5411 Pater
1564 5373 1578 5410 :
1603 5355 1695 5411 sed
1725 5357 1936 5427 quando
1960 5359 2051 5414 illa

483 5455 588 5494 non
619 5440 743 5498 foris
766 5441 822 5499 in
850 5444 1095 5512 auribus,
1127 5443 1220 5501 sed
1245 5445 1386 5500 intus
1415 5445 1466 5501 in
1510 5446 1758 5502 cordibus
1803 5445 2048 5518 spiritua-

483 5531 604 5585 liter
629 5541 968 5602 acceperunt,
987 5543 1112 5591 tunc
1135 5550 1260 5591 vere
1279 5545 1624 5607 acceperunt,
1647 5537 1769 5608 quia
1792 5548 1914 5594 tunc
1925 5553 2052 5595 vero

483 5632 873 5692 cognoverunt;
897 5641 1021 5684 vere
1045 5635 1217 5684 autem
1241 5639 1620 5701 cognoverunt,
1649 5632 1766 5704 quia
1789 5648 1910 5688 vere
1935 5647 2023 5689 crc

483 5713 752 5769 diderunt.

1425 322 1491 380 IN
1520 319 1792 381 JOANNIS
1826 316 2289 392 EVANGELIUM,
2355 322 2412 380 s.
2455 320 2812 378 AUGUSTINI

3613 331 3755 386 1912

2259 436 2309 489 7.
2352 436 2451 506 ipsi
2473 446 2648 493 autem
2677 438 2810 494 Filio
2838 438 3100 510 quomodo
3124 439 3280 498 Pater
3303 455 3367 497 ea
3397 443 3554 500 verba
3582 445 3750 500 dede-

2182 527 2279 593 rit,
2302 529 2491 598 quibus
2511 531 2686 584 verbis
2725 530 2883 584 homo
2931 532 3124 601 poterit
3161 533 3466 603 explicare?
3519 535 3752 595 Facilior

2183 631 2311 672 sane
2335 619 2555 688 quaestio
2575 621 2802 688 videtur,
2833 623 2877 676 si
2913 623 3200 678 secundum
3227 624 3278 678 id
3307 625 3446 694 quod
3485 626 3624 682 ï¬lius
3667 635 3753 683 est

2181 707 2430 776 hominis,
2456 713 2721 782 accepisse
2745 726 2773 766 a
2801 713 2953 768 Patre
2975 714 3062 768 illa
3088 715 3248 770 verba
3275 715 3540 772 credatur.
3570 716 3750 782 Quan-

2181 813 2337 868 quam
2365 807 2519 856 natus
2547 817 2610 858 ex
2646 803 2856 872 Virgine
2885 805 3098 872 quando
3131 814 3186 860 et
3202 806 3466 876 quomodo
3511 821 3574 862 ea
3610 807 3750 863 didi-

2181 889 2348 955 cerit,
2377 892 2492 958 quis
2535 893 2833 959 cuarrabit;
2875 894 3088 964 quando
3110 897 3268 950 etiam
3305 897 3470 965 ipsam
3515 913 3632 968 qua:
3674 899 3746 954 de

2180 977 2396 1049 Virgine
2421 977 2554 1035 facta
2575 990 2656 1036 est
2674 1023 2689 1049 ,
2733 983 3126 1053 generationem
3148 984 3263 1054 ejus
3287 985 3405 1055 quis
3439 986 3749 1042 enarrabit?

2177 1070 2231 1126 Si
2260 1086 2383 1126 vero
2408 1070 2695 1126 secundum
2719 1071 2770 1125 id
2793 1072 2933 1142 quod
2961 1080 3044 1127 est
3079 1071 3146 1128 de
3183 1073 3339 1128 Patre
3381 1073 3593 1142 genitus
3649 1074 3753 1128 Pa-

2180 1161 2348 1231 trique
2374 1170 2687 1228 comternus,
2715 1162 2982 1232 accepisse
3000 1176 3029 1216 a
3049 1162 3207 1219 Patre
3228 1163 3327 1218 ista
3365 1163 3522 1218 verba
3549 1165 3751 1235 cogita-

2181 1260 2284 1320 tur,
2314 1252 2441 1325 nihil
2471 1254 2540 1308 ibi
2567 1254 2817 1324 temporis
2845 1255 3108 1324 cogitetur
3125 1255 3276 1324 quasi
3297 1254 3441 1324 prius
3470 1254 3632 1310 fuerit
3651 1257 3744 1325 qui

2180 1359 2242 1400 ea
2266 1360 2369 1400 non
2390 1344 2649 1412 habuerit,
2681 1355 2837 1417 atque
2878 1358 2934 1402 ut
2961 1347 3178 1404 haberet
3217 1365 3335 1420 quae
3369 1365 3474 1404 non
3514 1349 3751 1404 habebat

2176 1437 2475 1506 acceperit;
2503 1437 2750 1507 quoniam
2781 1437 3029 1509 quidquid
3067 1438 3208 1495 Deus
3254 1439 3410 1495 Pater
3453 1439 3561 1495 Deo
3609 1438 3750 1494 Filio

2175 1525 2338 1592 dedit,
2369 1526 2632 1598 gignendo
2673 1527 2838 1584 dedit.
2890 1529 2964 1583 Ita
3007 1530 3149 1584 enim
3189 1529 3335 1584 dedit
3376 1529 3512 1586 Filio
3559 1530 3743 1595 Pater,

2175 1615 2289 1670 sine
2307 1617 2497 1685 quibus
2517 1616 2681 1671 Filius
2700 1632 2816 1672 esse
2841 1632 2944 1673 non
2966 1627 3143 1688 posset
3168 1660 3184 1684 ,
3213 1619 3349 1674 sicut
3389 1619 3438 1674 ei
3487 1618 3634 1674 dedit
3682 1628 3747 1673 ut

2175 1720 2336 1765 esset.
2358 1710 2487 1764 Nam
2518 1709 2782 1780 quomodo
2808 1710 2962 1766 aliter
2985 1711 3154 1766 Verbo
3183 1711 3340 1766 verba
3365 1711 3513 1766 daret
3539 1711 3741 1782 aliqua,

2177 1801 2226 1854 in
2253 1817 2358 1870 quo
2382 1801 2714 1856 inetiabiliter
2747 1801 2879 1856 dixit
2915 1803 3124 1856 omnia?
3172 1801 3277 1856 Sed
3316 1802 3426 1872 jam
3482 1818 3602 1872 quae
3648 1816 3743 1858 se-

2174 1901 2422 1964 quuntur,
2453 1893 2557 1948 alio
2580 1901 2705 1948 sunt
2731 1893 3081 1961 exspectanda
3107 1907 3372 1948 sermone.

2651 1983 3050 2039 TRACTATUS
3085 1980 3246 2038 CVII.

2174 2072 2251 2126 De
2273 2089 2329 2127 eo
2349 2074 2482 2142 quod
2505 2073 2624 2127 dicit
2641 2072 2809 2138 Jesus,
2835 2068 2942 2140 Ego
2957 2089 3049 2142 pro
3069 2075 3145 2129 eis
3174 2088 3321 2144 rogo,
3348 2082 3466 2139 ete.,
3494 2090 3650 2144 usque
3667 2074 3744 2128 ad

2241 2164 2322 2229 id,
2355 2162 2420 2218 Ut
2440 2163 2926 2232 habeantgaudium
2953 2179 3130 2218 meum
3163 2163 3434 2234 impletum
3467 2165 3517 2218 in
3541 2176 3745 2220 semet-

2243 2256 2390 2325 ipsis.
2418 2255 2543 2326 ÏÎ±Ï.
2576 2271 2697 2317 xvn,
2747 2257 2779 2326 á¾—
2806 2294 2818 2308 .
2845 2255 2996 2310 9-l3.

2244 2348 2296 2400 1.
2324 2345 2454 2400 Cum
2483 2347 2548 2401 de
2574 2347 2656 2399 his
2683 2362 2814 2416 quos
2850 2346 2957 2415 jam
2985 2347 3269 2416 discipulos
3302 2346 3561 2414 habebat,
3623 2348 3746 2404 Do-

2172 2438 2345 2492 minus
2372 2437 2673 2506 loqueretur
2697 2436 2760 2490 ad
2785 2438 2992 2492 Patrem
3017 2477 3032 2502 ,
3065 2438 3200 2492 inter
3247 2437 3346 2492 alia
3389 2439 3547 2493 etiam
3602 2437 3746 2494 dixit

2173 2528 2275 2582 hoc
2307 2546 2320 2581 :
2347 2527 2454 2598 Ego
2481 2544 2572 2598 pro
2601 2528 2670 2582 eis
2697 2545 2818 2599 rogo
2839 2545 2859 2581 :
2885 2545 2985 2582 non
3013 2545 3104 2598 pro
3124 2528 3310 2582 mundo
3334 2544 3483 2599 rogo,
3516 2544 3603 2583 sea
3641 2546 3745 2599 pro

2171 2618 2250 2673 his
2273 2635 2398 2691 quos
2418 2619 2594 2674 dedisti
2619 2620 2760 2673 mihi.
2791 2619 3040 2674 Mundam
3063 2619 3172 2673 vult
3195 2619 3353 2675 modo
3377 2619 3614 2690 intelligi,
3642 2619 3746 2690 qui

2169 2709 2352 2765 vivunt
2370 2711 2658 2766 secundum
2684 2712 3162 2781 concupiscentiam
3182 2711 3383 2777 mundi,
3407 2720 3589 2768 etnon
3613 2720 3749 2771 sunt

2171 2802 2226 2856 in
2250 2817 2313 2859 ea
2339 2811 2484 2858 sorte
2511 2804 2726 2874 gratiae,
2771 2813 2827 2857 ut
2872 2803 2937 2858 ab
2981 2804 3070 2859 illo
3106 2803 3368 2874 eligantur
3399 2818 3463 2858 ex
3516 2804 3742 2860 mundo.

2170 2896 2285 2952 Non
2313 2897 2488 2967 itaque
2518 2911 2612 2967 pro
2636 2896 2851 2962 mundo,
2876 2895 2972 2951 sed
3000 2912 3096 2966 pro
3115 2895 3198 2952 his
3226 2911 3360 2967 quos
3382 2897 3431 2951 ei
3461 2896 3614 2952 Pater
3637 2896 3744 2952 de-

2169 2988 2267 3056 dit,
2296 3003 2485 3056 rogare
2505 3003 2563 3043 se
2591 2987 2752 3042 dicit:
2787 3004 2878 3057 per
2911 2987 3012 3043 hoc
3035 2988 3176 3044 enim
3203 2988 3342 3058 quod
3365 3004 3459 3045 eos
3485 2989 3556 3043 illi
3581 2989 3746 3045 Pater

2163 3081 2274 3151 jam
2297 3081 2461 3149 dedit,
2490 3080 2684 3136 factum
2706 3092 2786 3136 est
2813 3090 2867 3136 ut
2890 3097 2993 3137 non
3021 3083 3317 3154 pertineant
3341 3081 3407 3136 ad
3437 3098 3556 3138 cum
3581 3098 3745 3138 mun-

2167 3173 2294 3228 dum
2315 3188 2410 3244 pro
2437 3188 2540 3244 quo
2565 3189 2668 3229 non
2689 3183 2857 3245 rogat.
3733 3229 3735 3231 .

2236 3265 2291 3320 2.
2332 3265 2535 3322 Deinde
2574 3267 2872 3336 subjungit,
2907 3266 3038 3333 Quia
3078 3268 3150 3321 tui
3183 3276 3319 3322 sunt.
3363 3266 3543 3336 Neque
3587 3267 3741 3322 enim

2167 3357 2287 3430 quia
2314 3357 2470 3414 Pater
2487 3373 2580 3414 eos
2608 3357 2742 3413 Filio
2767 3358 2942 3424 dedit,
2981 3358 3158 3413 amisit
3200 3358 3312 3428 ipse
3357 3373 3490 3427 quos
3534 3356 3685 3413 dedit
3722 3375 3738 3412 :

2167 3464 2287 3503 cum
2310 3449 2479 3502 adhuc
2505 3449 2669 3503 Filius
2697 3461 2966 3520 sequatur,
2993 3457 3048 3504 et
3083 3448 3253 3514 dicat,
3289 3447 3354 3501 Et
3403 3465 3511 3502 mea
3559 3449 3738 3502 omnia

2167 3548 2254 3593 tua
2273 3549 2407 3602 sunt,
2434 3549 2480 3593 et
2509 3549 2596 3592 tua
2621 3556 2748 3593 mea.
2797 3539 2892 3595 Ubi
2929 3539 3058 3594 satis
3083 3547 3302 3609 apparet
3325 3538 3588 3610 quomodo
3615 3539 3738 3594 uni-

2164 3627 2327 3699 geniti
2355 3627 2474 3682 Filii
2499 3628 2602 3682 sint
2623 3628 2797 3681 omnia
2819 3643 2935 3698 qua:
2963 3637 3082 3682 sunt
3108 3627 3313 3692 Patris;
3347 3643 3440 3696 per
3467 3627 3570 3682 hoc
3624 3629 3736 3682 uti-

2165 3735 2266 3790 quc
2287 3718 2424 3789 quod
2455 3720 2609 3773 etiam
2643 3720 2753 3788 ipse
2783 3720 2923 3773 Deus
2949 3728 3046 3784 est,
3079 3727 3132 3773 et
3171 3718 3238 3774 de
3266 3719 3420 3773 Patre
3458 3718 3597 3773 Patri
3647 3729 3736 3774 est

2166 3818 2320 3863 natus
2344 3809 2560 3878 tequalis
2592 3827 2604 3860 :
2637 3825 2743 3862 non
2772 3809 3038 3878 quomodo
3065 3809 3260 3863 dictum
3291 3818 3371 3863 est
3399 3809 3486 3863 Î¹Î¹Î¹Î¹á½·
3515 3826 3577 3864 ex
3599 3810 3739 3864 duo-

2164 3899 2265 3954 bus
2295 3898 2434 3964 ï¬liis,
2468 3899 2652 3968 majori
2675 3898 2894 3963 scilicet,
2924 3897 3002 3952 Tu
3023 3915 3214 3968 semper
3235 3916 3421 3952 meeum
3447 3915 3518 3964 es,
3542 3910 3589 3952 et
3615 3917 3737 3954 om-

2163 3993 2249 4046 nia
2273 4007 2380 4045 mea
2401 4002 2484 4044 tua
2503 4000 2619 4045 sunt
2648 3989 2793 4062 (Luc.
2825 4007 2911 4056 xv,
2941 3992 3052 4062 5i).
3082 3991 3211 4046 Illud
3240 3993 3379 4046 enim
3413 3993 3612 4046 dictum
3649 4003 3738 4050 est

2163 4082 2231 4139 de
2255 4083 2336 4139 his
2364 4083 2607 4138 omnibus
2639 4083 2893 4138 creaturis
2933 4098 3052 4153 qua:
3090 4081 3220 4137 infra
3255 4095 3549 4138 creaturam
3604 4100 3737 4140 san-

2162 4181 2301 4230 ctam
2327 4174 2634 4229 rationalem
2665 4182 2823 4240 sunt,
2856 4188 2972 4244 qua:
2996 4175 3176 4245 utique
3215 4175 3508 4229 subduntur
3540 4177 3733 4232 Eccle-

2162 4267 2288 4330 siae;
2313 4265 2364 4321 in
2391 4281 2493 4335 qua
2524 4267 2765 4322 universa
2791 4267 3028 4321 Ecclesia
3048 4276 3100 4321 et
3134 4267 3210 4321 illi
3234 4267 3343 4322 duo
3368 4268 3736 4338 intelliguntur

2163 4358 2254 4412 ï¬lii
2282 4359 2451 4429 major
2477 4367 2530 4414 et
2559 4359 2751 4426 minor,
2804 4373 2922 4413 cum
2966 4359 3213 4414 omnibus
3259 4361 3470 4430 Angelis
3509 4362 3734 4425 sanctis,

2160 4449 2354 4520 quibus
2382 4449 2581 4504 erimus
2601 4449 2830 4519 :equales
2854 4449 2904 4503 in
2923 4464 3086 4520 regno
3105 4449 3297 4506 Christi
3321 4460 3373 4504 et
3400 4450 3490 4504 Dei
3516 4449 3734 4522 (Matth.

2160 4555 2286 4602 xxn.
2311 4537 2402 4612 30)
2433 4558 2445 4592 :
2479 4540 2580 4597 hoc
2608 4550 2783 4595 autem
2808 4541 2877 4595 ita
2910 4540 3106 4597 dictum
3133 4548 3245 4607 est,
3290 4541 3354 4594 Et
3403 4559 3510 4595 mea
3561 4544 3737 4596 omnia

2161 4639 2248 4683 tua
2277 4639 2413 4695 sunt,
2447 4639 2492 4684 et
2519 4639 2604 4683 tua
2633 4646 2770 4694 mea,
2800 4639 2858 4684 ut
2882 4629 2966 4685 hic
2986 4631 3055 4684 sit
3079 4630 3236 4684 etiam
3255 4631 3364 4700 ipsa
3382 4640 3622 4686 creatura
3647 4647 3739 4685 raâ€”

2161 4719 2390 4784 tionalis,
2424 4735 2540 4790 quae
2566 4734 2671 4774 non
2698 4720 2801 4774 nisi
2833 4720 2940 4774 Deo
2962 4720 3226 4786 subditur,
3250 4729 3306 4774 ut
3334 4721 3383 4776 ei
3422 4737 3539 4792 qua:
3592 4721 3734 4776 infra

2162 4811 2303 4865 illam
2335 4820 2666 4866 suntcuucta
2688 4811 2998 4866 subdantur.
3027 4812 3147 4866 llaec
3180 4827 3307 4882 ergo
3354 4827 3472 4866 cum
3517 4814 3587 4866 sit
3635 4813 3737 4870 Dei

2160 4901 2352 4968 Patris,
2385 4915 2489 4955 non
2513 4901 2667 4955 simul
2689 4910 2830 4957 esset
2852 4911 2904 4956 et
2926 4901 3064 4966 Filii,
3093 4901 3194 4956 nisi
3221 4902 3363 4956 Patri
3389 4911 3532 4956 esset
3551 4918 3737 4972 sequa-

2161 4991 2225 5046 lis
2255 5010 2267 5045 :
2298 4991 2365 5047 de
2403 4993 2514 5063 ipsa
2552 4993 2744 5063 quippe
2773 4992 2988 5064 agebat,
3027 5007 3147 5048 eum
3185 4992 3421 5057 diceret,
3470 4993 3592 5046 Non
3639 5012 3733 5063 pro

2157 5083 2346 5138 mundo
2371 5100 2515 5156 rogo,
2545 5083 2632 5139 sed
2658 5099 2748 5153 pro
2777 5084 2853 5137 his
2881 5100 3004 5153 quos
3038 5082 3219 5137 dedisti
3257 5083 3380 5136 mihi
3429 5099 3447 5137 :
3490 5083 3611 5153 quia
3658 5086 3737 5137 tui

2155 5184 2289 5241 sunt,
2315 5185 2360 5229 et
2391 5191 2499 5230 mea
2519 5175 2687 5229 omnia
2717 5183 2800 5228 tua
2827 5185 2962 5238 sunt,
2987 5182 3034 5227 et
3076 5183 3161 5226 tua
3177 5189 3313 5226 mea.
3358 5172 3466 5227 Nec
3524 5173 3604 5228 fas
3649 5183 3737 5229 est

2157 5278 2212 5321 ut
2241 5268 2426 5330 sancti,
2457 5267 2524 5323 de
2549 5266 2739 5338 quibus
2766 5267 2880 5322 lucc
2906 5267 3115 5321 locutus
3140 5273 3241 5332 est,
3266 5265 3572 5336 cujusquam
3597 5267 3731 5335 sint,

2156 5359 2254 5414 nisi
2277 5358 2390 5428 ejus
2415 5372 2445 5411 a
2472 5372 2577 5426 quo
2604 5357 2766 5412 creati
2787 5365 2842 5412 et
2864 5357 3170 5411 sanctiï¬cati
3196 5365 3319 5411 sunt
3351 5373 3365 5410 :
3396 5371 3459 5412 ac
3501 5371 3599 5426 per
3627 5357 3734 5414 hoc

2155 5458 2208 5504 et
2232 5449 2407 5503 omnia
2429 5463 2542 5517 qua:
2576 5447 2809 5517 ipsorum
2837 5455 2979 5512 sunt,
3012 5462 3226 5503 necesse
3254 5455 3336 5502 est
3361 5456 3419 5502 ut
3459 5447 3574 5516 ejus
3623 5448 3735 5503 sint

2153 5541 2304 5609 cujus
2335 5547 2388 5595 ct
2417 5539 2515 5608 ipsi
2535 5547 2674 5594 sunt.
2703 5538 2843 5609 Ergo
2867 5553 2985 5592 cum
3019 5548 3072 5592 ct
3106 5537 3278 5593 Patris
3315 5546 3370 5593 et
3413 5538 3532 5593 Filii
3575 5548 3730 5605 sunt,

2152 5634 2379 5703 aequales
2425 5647 2520 5688 eos
2558 5647 2676 5687 esse
2716 5631 3118 5697 demonstrant,
3164 5644 3388 5700 quorum
3452 5632 3734 5700 mqualiter

2155 5734 2294 5782 Sunt.
2325 5724 2454 5780 lllttd
2479 5734 2650 5779 autem
2678 5721 2815 5794 quod
2845 5723 2934 5787 ait,
2963 5737 3082 5776 cum
3110 5720 3174 5777 de
3216 5721 3413 5792 Spiritu
3440 5730 3626 5776 sancto
3652 5723 3732 5776 lo-
