4076 6472
313 316 442 375 1913

305 438 575 504 queretur,
629 428 815 485 Omnia
858 442 969 498 ante
1013 426 1154 480 habet
1183 425 1357 493 Pater,
1400 442 1510 479 mea
1556 434 1705 490 sunt;
1760 441 1878 495 pro-

307 532 476 592 pterea
513 520 622 575 dixi
648 536 767 589 quta
804 518 867 572 de
906 534 1015 572 meo
1049 518 1256 588 accipiet
1306 526 1353 570 et
1395 516 1703 569 annuntiabit
1744 516 1878 569 vobis

308 612 486 683 (Joan.
515 627 623 676 xvi,
653 609 740 681 l5)
762 609 861 675 ;de
886 608 970 664 his
990 609 1120 663 dixit
1141 624 1258 678 quae
1285 608 1350 663 ad
1373 608 1538 678 ipsam
1564 607 1732 662 Patris
1758 622 1877 677 per-

308 705 479 758 tinent
500 702 849 766 divinitatem,
873 700 925 754 in
954 700 1143 768 quibus
1188 699 1263 754 illi
1296 708 1378 754 est
1422 699 1668 769 :equalis,
1700 700 1876 753 omnia

308 808 428 862 qum
457 791 619 847 habet
644 790 906 845 habendo.
937 789 1119 858 Neque
1148 789 1286 843 enim
1314 788 1538 857 Spiritus
1569 798 1781 843 sanctus
1810 788 1876 845 de

306 890 548 937 creatura
579 896 697 951 quae
732 880 873 933 Patri
917 887 999 933 est
1035 878 1241 933 subdita
1284 886 1337 932 et
1368 876 1537 943 Filio,
1580 878 1745 931 fuerat
1783 892 1874 932 ac-

303 983 555 1042 cepturus
598 970 737 1041 quod
776 970 881 1036 ait,
926 962 989 1023 de
1029 984 1137 1023 meo
1174 968 1414 1037 accipiet;
1458 968 1549 1022 sed
1594 966 1772 1037 utique
1808 967 1875 1022 de

302 1064 462 1118 Patre
489 1061 557 1118 de
583 1076 690 1133 quo
720 1060 957 1131 procedit
981 1058 1227 1129 Spiritus,
1266 1058 1334 1114 de
1362 1072 1464 1128 quo
1502 1066 1583 1113 est
1620 1066 1772 1111 natus
1820 1063 1875 1112 et

302 1142 490 1207 Filius.

371 1243 428 1297 5.
468 1240 537 1295 Et
560 1240 866 1310 ctariﬁcatus
885 1255 1031 1305 sum,
1060 1238 1265 1309 inquit,
1308 1240 1361 1292 in
1401 1239 1490 1292 eis.
1539 1238 1686 1293 Nunc
1721 1251 1869 1292 suam

298 1334 733 1389 clariﬁcationem
756 1342 1003 1402 tanquam
1039 1331 1172 1385 facta
1212 1330 1281 1384 sit
1320 1329 1481 1395 dicit,
1529 1344 1650 1384 eum
1698 1328 1871 1383 adhuc

297 1434 447 1479 esset
470 1423 643 1479 futura
666 1440 678 1475 :
704 1422 946 1493 superius
966 1429 1140 1475 autem
1167 1434 1196 1474 a
1222 1418 1378 1474 Patre
1401 1420 1649 1488 poscebat
1686 1427 1743 1472 ut
1781 1418 1872 1473 tie-

297 1526 402 1570 ret.
432 1515 539 1571 Sed
566 1523 741 1570 utrum
774 1514 883 1582 ipsa
912 1514 981 1567 sit
1007 1510 1344 1576 clariﬁcatio,
1370 1510 1437 1565 de
1474 1524 1574 1579 qua
1621 1509 1863 1575 dixerat,

298 1604 370 1659 Et
394 1622 530 1660 nunc
556 1605 779 1673 clari/ica
802 1613 950 1657 metu
968 1644 980 1668 ,
1017 1601 1187 1667 Pater,
1216 1602 1354 1672 apud
1398 1602 1738 1669 temetipsum,
1766 1600 1870 1654 cla-

295 1699 449 1751 ritate
469 1712 619 1767 quam
648 1697 826 1763 habui,
854 1696 1145 1766 priusquam
1187 1693 1402 1747 mundus
1429 1702 1551 1747 esset
1575 1733 1590 1759 ,
1636 1692 1774 1762 apud
1823 1702 1871 1748 te

295 1786 480 1856 (Joan.
514 1802 640 1852 xvu,
673 1787 722 1851 Ι,
757 1786 849 1858 5);
878 1786 1056 1855 utique
1080 1784 1451 1854 requirendum
1491 1791 1589 1839 est.
1621 1781 1677 1839 Si
1726 1784 1867 1837 enim

295 1880 441 1949 apud
461 1890 529 1945 te,
554 1878 820 1949 quomodo
844 1879 898 1931 in
926 1876 1039 1932 eis?
1073 1877 1155 1931 An
1190 1892 1310 1931 cum
1351 1877 1452 1930 hoc
1492 1876 1662 1946 ipsum
1714 1876 1867 1930 inno-

296 1970 574 2032 tesciteis,
603 1982 666 2025 ac
687 1984 782 2038 per
811 1969 951 2038 ipsos
974 1967 1220 2021 omnibus
1249 1967 1336 2035 qui
1362 1965 1584 2020 credunt
1603 1966 1681 2020 eis
1718 1966 1867 2021 testi-

293 2057 399 2111 bus
420 2056 566 2111 suis?
588 2057 875 2112 Possumus
904 2057 1060 2127 plane
1089 2054 1165 2110 sic
1186 2055 1482 2125 intelligere
1523 2053 1719 2111 dixisse
1764 2056 1869 2110 Do-

294 2149 502 2201 minum
527 2148 595 2202 de
619 2148 908 2217 Apostolis,
937 2147 1077 2217 quod
1102 2146 1417 2202 clariﬁcatus
1441 2147 1510 2203 sit
1536 2146 1587 2201 in
1615 2148 1693 2203 eis
1739 2166 1753 2201 :
1785 2148 1867 2203 di-

291 2241 470 2296 cendo
512 2241 653 2296 enim
687 2255 805 2295 esse
856 2240 965 2310 jam
1018 2241 1229 2302 factum,
1276 2239 1505 2294 ostendit
1545 2238 1652 2308 jam
1706 2238 1869 2294 fuisse

292 2331 731 2401 prsedestinatum
755 2373 769 2397 ,
800 2340 853 2386 et
893 2339 1094 2385 certum
1128 2328 1305 2384 haberi
1346 2328 1509 2383 voluit
1560 2328 1697 2398 quod
1729 2337 1869 2383 esset

291 2424 550 2480 futurum.

362 2519 422 2572 4.
461 2517 529 2571 Et
569 2518 699 2587 jam,
746 2515 933 2584 inquit,
986 2530 1087 2568 non
1130 2530 1240 2568 sum
1285 2513 1339 2567 in
1387 2512 1591 2576 mundo,
1636 2521 1682 2567 et
1725 2512 1779 2566 hi
1814 2514 1868 2567 in

289 2608 483 2662 mundo
521 2618 653 2662 sunt.
695 2606 752 2662 Si
788 2606 971 2659 horam
1007 2617 1223 2674 prorsus
1252 2604 1390 2658 illam
1428 2618 1526 2674 qua
1556 2603 1868 2674 loquebatur

288 2696 557 2759 attendas,
586 2697 794 2767 utrique
828 2697 999 2751 adhuc
1034 2696 1083 2749 in
1108 2695 1304 2750 mundo
1328 2703 1513 2760 erant;
1546 2705 1599 2749 et
1622 2695 1735 2765 ipse
1760 2694 1866 2751 sci-

290 2789 437 2855 licet,
464 2795 519 2843 et
548 2787 622 2843 illi
651 2787 717 2842 de
740 2788 933 2857 quibus
968 2786 1066 2841 hoc
1104 2786 1311 2841 dicebat
1334 2803 1347 2839 :
1372 2800 1474 2840 non
1502 2786 1641 2841 enim
1674 2801 1865 2842 secun-

288 2878 418 2932 dum
458 2888 763 2947 provectum
794 2878 972 2931 cordis
996 2886 1050 2932 et
1082 2876 1201 2931 vita:
1236 2876 1285 2930 id
1322 2877 1560 2947 accipere
1590 2891 1867 2946 possumus

290 2968 376 3023 vel
418 2967 695 3033 debemus,
724 2975 781 3021 ut
825 2967 898 3021 illi
941 2975 1212 3037 pr0pterea
1253 2965 1425 3021 adhuc
1472 2981 1588 3022 esse
1626 2966 1867 3023 dicantur

287 3059 343 3112 in
384 3058 603 3124 mundo,
630 3058 768 3127 quod
796 3058 1057 3112 mundana
1083 3057 1255 3112 adhuc
1294 3058 1528 3129 sapiant;
1561 3057 1652 3111 ille
1690 3067 1866 3112 autem

285 3148 399 3218 jam
430 3163 535 3203 non
561 3163 679 3204 esse
701 3149 756 3203 in
780 3148 1000 3213 mundo,
1029 3148 1281 3218 sapiendo
1303 3148 1501 3203 divina.
1532 3148 1763 3203 Positum
1785 3156 1868 3203 est

291 3241 382 3295 hic
424 3240 568 3294 enim
609 3239 829 3296 verbum
878 3255 1060 3303 unum,
1112 3238 1254 3309 quod
1301 3253 1397 3293 nos
1448 3240 1516 3293 ita
1566 3239 1866 3309 intelligere

289 3330 513 3385 omnino
533 3345 639 3384 non
668 3329 805 3384 sinat
837 3346 849 3382 :
883 3329 1001 3399 quia
1024 3343 1128 3383 non
1151 3330 1242 3394 ait,
1272 3329 1337 3383 Et
1362 3343 1465 3384 non
1488 3345 1602 3383 sum
1633 3330 1682 3383 in
1712 3346 1865 3383 mun-

292 3420 399 3484 do;
431 3419 549 3484 sed,
570 3416 691 3473 Jam
716 3434 817 3472 non
848 3435 957 3473 sum
984 3419 1035 3473 in
1061 3419 1249 3472 mundo
1279 3435 1297 3473 :
1323 3434 1419 3488 per
1443 3419 1543 3473 hoc
1582 3420 1866 3475 ostendens

291 3511 459 3564 fuisse
482 3525 542 3564 se
569 3509 622 3563 in
650 3508 867 3573 mundo,
895 3509 1003 3579 jam
1028 3524 1132 3563 non
1157 3523 1293 3563 esse.
1321 3508 1583 3579 Numquid
1618 3523 1743 3579 ergo
1790 3511 1866 3565 fas

290 3609 379 3655 est
406 3609 463 3654 ut
484 3614 605 3655 eum
632 3599 909 3654 credamus
934 3598 1211 3669 aliquando
1234 3599 1497 3653 mundana
1523 3600 1779 3668 sapuisse,
1812 3608 1865 3653 et

289 3688 361 3743 ab
392 3688 494 3744 hoc
518 3703 700 3743 errore
744 3689 1018 3742 liberatum
1061 3687 1171 3757 jam
1214 3688 1301 3742 illa
1346 3676 1448 3741 non
1494 3688 1712 3758 sapere?
1737 3688 1864 3755 Quis

292 3789 403 3833 tam
438 3779 601 3849 impio
633 3793 794 3833 sensu
830 3794 889 3834 se
914 3778 1179 3832 induerit?
1205 3777 1390 3832 Restat
1415 3778 1569 3847 igitur
1596 3788 1654 3831 ut
1678 3792 1864 3832 secun-

290 3870 420 3923 dum
473 3869 525 3923 id
571 3868 712 3939 quod
758 3869 870 3939 ipse
913 3869 1069 3922 etiam
1117 3870 1167 3921 in
1212 3867 1407 3921 mundo
1452 3867 1599 3936 prius
1638 3876 1771 3933 erat,
1813 3870 1865 3923 in

290 3961 494 4015 mundo
521 3976 581 4016 se
620 3961 810 4015 dixerit
845 3960 953 4029 jam
984 3974 1087 4013 non
1132 3973 1283 4023 esse;
1321 3958 1553 4028 profecto
1587 3960 1865 4028 praesentia

292 4054 581 4123 corporali,
608 4067 637 4105 a
670 4051 865 4106 mundo
893 4052 1091 4105 scilicet
1116 4051 1403 4105 absentiam
1444 4064 1591 4104 suam
1623 4050 1731 4118 jam
1760 4052 1865 4105 cito

280 4143 558 4208 futuram,
588 4144 793 4196 illorum
837 4151 1009 4195 autem
1039 4140 1257 4206 tardius,
1298 4156 1391 4209 per
1419 4140 1520 4195 hoc
1558 4140 1863 4206 ostendens,

292 4234 437 4305 quod
459 4250 518 4287 se
539 4234 646 4303 jam
679 4249 780 4287 non
811 4233 896 4287 hic
923 4246 1061 4298 esse,
1092 4232 1206 4284 illos
1234 4241 1407 4285 autem
1434 4230 1520 4285 hic
1559 4246 1676 4285 esse
1714 4231 1864 4297 di\it,

292 4339 416 4378 cum
447 4334 502 4379 et
532 4325 644 4393 ipse
681 4323 765 4377 hic
787 4334 841 4378 et
870 4322 943 4377 illi
967 4323 1137 4376 adhuc
1164 4332 1361 4377 essent.
1390 4322 1476 4377 Sic
1503 4323 1642 4377 enim
1668 4331 1749 4376 est
1785 4323 1868 4376 lo-

293 4425 471 4479 cutus,
505 4416 663 4468 homo
694 4429 987 4484 congruens
1026 4413 1345 4478 hominibus,
1381 4422 1438 4466 ut
1472 4426 1588 4467 mos
1623 4413 1867 4482 loquendi

295 4520 417 4559 sese
448 4504 607 4560 habet
636 4504 912 4559 humanus.
962 4507 1042 4559 An
1081 4519 1185 4558 non
1226 4502 1458 4573 quotidie
1483 4502 1725 4571 dicimus,
1752 4503 1867 4558 Jam

296 4610 406 4649 non
433 4605 515 4650 est
544 4596 648 4663 hic,
678 4596 744 4650 de
771 4595 945 4665 aliquo
970 4596 1279 4665 quantocius
1316 4594 1561 4649 abitura?
1599 4594 1667 4647 Et
1699 4594 1868 4647 maxi-

295 4702 386 4740 me
412 4688 511 4741 boc
534 4686 601 4741 de
622 4687 889 4741 merituris
908 4687 1042 4741 solet
1059 4685 1181 4740 dici.
1208 4683 1515 4754 Quanquam
1542 4693 1595 4739 et
1617 4687 1633 4738 i
1642 4700 1732 4753 pse
1764 4685 1870 4737 Do-

302 4778 484 4831 minus
506 4787 752 4848 tanquam
777 4776 1071 4848 praevidens
1098 4775 1224 4845 quid
1249 4775 1476 4830 lecturos
1502 4789 1714 4829 movere
1746 4790 1868 4840 pus—

297 4880 383 4923 set
405 4870 618 4938 adjecit,
646 4867 713 4923 Et
740 4886 830 4940 ego
854 4870 919 4922 ad
946 4877 993 4922 te
1019 4868 1159 4922 venio
1185 4882 1204 4921 :
1224 4867 1299 4921 sic
1319 4881 1587 4935 exponens
1617 4866 1872 4936 quodam-

296 4961 459 5015 modo
479 4977 575 5015 cur
593 4960 801 5027 dixerit,
828 4960 946 5013 Jam
967 4975 1065 5013 non
1087 4974 1197 5012 sum
1228 4958 1280 5011 in
1302 4956 1507 5011 mundo.

372 5053 425 5107 5.
465 5051 812 5107 Commendat
839 5067 966 5122 ergo
993 5066 1088 5106 eos
1125 5051 1286 5116 Patri,
1313 5063 1446 5119 quos
1475 5048 1734 5118 corporali
1773 5047 1870 5102 ab-

298 5144 469 5197 sentia
505 5144 781 5199 relicturus
817 5152 917 5208 est,
955 5142 1137 5197 dicens
1169 5157 1182 5193 :
1220 5139 1368 5193 Pater
1395 5148 1581 5203 sancte,
1611 5153 1753 5193 serva
1788 5153 1872 5191 eos

296 5236 355 5287 in
396 5235 596 5288 nomine
633 5244 716 5289 tuo
742 5250 864 5305 quos
902 5233 1081 5288 dedisti
1123 5233 1264 5287 mihi.
1295 5231 1497 5300 Nempe
1539 5233 1674 5285 sicut
1714 5233 1873 5285 homo

302 5326 467 5379 Deum
512 5334 665 5395 rogat
700 5341 795 5394 pro
823 5324 1094 5393 discipulis
1136 5324 1263 5388 suis,
1294 5336 1424 5390 quos
1460 5321 1664 5388 accepit
1686 5334 1715 5372 a
1742 5321 1870 5374 Deo.

300 5415 406 5470 Sed
432 5417 647 5471 attende
674 5415 813 5486 quod
838 5416 1074 5485 sequitur
1104 5430 1118 5467 :
1152 5412 1218 5467 Ut
1243 5413 1361 5474 sint,
1383 5411 1568 5480 inquit,
1597 5427 1751 5463 unum
1770 5404 1873 5463 sic-

301 5517 355 5560 ut
401 5518 447 5561 ct
498 5524 608 5562 nos.
664 5507 778 5563 Non
818 5507 912 5575 ait,
946 5507 1017 5564 Ut
1057 5506 1330 5561 nobiscum
1379 5504 1485 5557 sint
1530 5518 1713 5569 unum,
1759 5512 1871 5569 aut,

300 5601 467 5654 simus
493 5614 655 5654 unum
685 5598 784 5670 ipsi
812 5607 868 5653 et
903 5611 1021 5665 nos,
1053 5598 1189 5651 sicut
1217 5606 1377 5649 unum
1406 5608 1588 5649 sumus
1624 5606 1754 5658 nos;
1780 5592 1873 5646 sed

301 5693 392 5757 ait,
445 5691 510 5747 Ut
552 5691 651 5747 sint
692 5706 849 5746 unum
886 5691 1011 5745 sicut
1037 5699 1081 5745 et
1111 5704 1219 5744 nos.
1252 5686 1353 5758 lpsi
1379 5686 1558 5756 utique
1597 5684 1646 5739 in
1686 5692 1872 5741 natura

1387 307 1788 365 TRACTATUS
1825 306 1979 364 CVII.
2012 306 2234 365 CAPUT
2276 308 2431 366 XVII.

3413 317 3553 377 i9”

1982 439 2075 480 sua
2111 426 2217 479 sint
2255 442 2438 492 unum,
2469 425 2602 482 sicut
2627 434 2682 483 et
2719 441 2815 483 nos
2858 428 2910 483 in
2950 436 3129 484 nostra
3157 445 3318 486 unum
3343 445 3547 488 sumus.

1982 514 2130 580 Quod
2158 516 2339 584 procul
2364 515 2523 571 dubio
2542 532 2725 572 verum
2747 532 2852 573 non
2878 518 3098 585 diceret,
3132 521 3231 575 nisi
3258 522 3545 577 secundum

1983 605 2083 659 hoc
2119 606 2337 671 diceret,
2365 608 2505 677 quod
2548 608 2784 678 ejusdem
2812 618 3015 665 natura:
3054 612 3193 667 Deus
3221 621 3303 667 est
3326 613 3475 683 cujus
3499 620 3555 668 et

1980 692 2155 759 Pater,
2180 697 2463 751 secundum
2490 698 2626 768 quod
2661 699 2786 753 alibi
2819 699 2972 765 dixit,
3003 700 3108 771 Ego
3141 712 3190 756 et
3219 701 3374 757 Pater
3400 718 3554 757 unum

1979 802 2150 839 sumus
2183 784 2358 858 (Joan.
2386 803 2440 852 x,
2472 788 2584 858 50):
2609 803 2712 842 non
2737 791 3089 859 secundumid
3104 792 3243 861 quod
3270 793 3428 848 etiam
3449 794 3550 849 ho-

1979 892 2065 930 mo
2087 886 2199 941 est;
2230 891 2348 930 nam
2377 879 2664 933 secundum
2700 880 2822 948 hoc,
2852 881 3006 937 Pater
3029 885 3194 954 major
3226 900 3307 939 me
3343 894 3415 939 est
3440 884 3550 957 (Id.

1979 981 2095 1032 xiv,
2126 966 2238 1036 28),
2271 966 2419 1021 dixit.
2461 968 2565 1023 Sed
2594 970 2841 1039 quoniam
2866 986 2968 1027 una
3013 973 3302 1045 eademque
3326 990 3551 1044 persona

1976 1067 2055 1111 est
2094 1058 2230 1113 Deus
2264 1070 2317 1113 et
2356 1059 2535 1125 homo,
2578 1060 2915 1133 intelligimus
2942 1063 3209 1120 hominem
3239 1067 3295 1120 in
3317 1081 3381 1121 eo
3407 1067 3551 1136 quod

1975 1157 2123 1217 rogat
2151 1167 2164 1202 :
2195 1148 2533 1219 intelligimus
2577 1160 2753 1206 autem
2797 1154 2961 1209 Deum
3009 1155 3062 1209 in
3104 1169 3170 1212 eo
3217 1156 3359 1226 quod
3388 1154 3556 1212 unum

1974 1246 2096 1290 sunt
2119 1246 2172 1292 et
2192 1238 2302 1307 ipse
2329 1248 2382 1293 et
2412 1239 2497 1293 ille
2516 1254 2672 1309 quem
2696 1250 2863 1311 rogat.
2894 1243 2999 1299 Sed
3024 1253 3106 1300 est
3127 1245 3301 1301 adhuc
3326 1246 3378 1301 in
3405 1261 3538 1302 con-

1973 1328 2311 1396 sequentibus
2338 1328 2484 1384 locus
2514 1330 2600 1385 ubi
2630 1330 2695 1387 de
2720 1330 2819 1388 hac
2857 1349 2916 1389 re
2941 1334 3238 1406 diligentius
3265 1337 3544 1408 disputan-

1972 1417 2095 1473 dum
2123 1426 2223 1472 est.

2043 1510 2092 1564 6.
2114 1510 2208 1564 llic
2228 1520 2401 1567 autem
2422 1512 2660 1583 sequitur
2684 1532 2697 1568 :
2721 1512 2844 1568 Cant
2862 1532 3016 1570 essent
3037 1533 3151 1571 cum
3170 1518 3260 1585 eis,
3278 1535 3366 1590 ego
3382 1536 3548 1575 serva-

1970 1600 2083 1656 bam
2105 1618 2187 1657 eos
2213 1604 2263 1657 in
2289 1606 2486 1660 nomine
2502 1615 2605 1660 tuo.
2630 1606 2731 1673 Me,
2749 1608 2938 1680 inquit,
2959 1612 3204 1669 veniente
3219 1614 3283 1668 ad
3301 1622 3372 1683 te,
3391 1630 3543 1671 serva

1971 1707 2064 1747 eos
2092 1694 2141 1747 in
2178 1694 2389 1749 nomine
2415 1702 2525 1761 tuo,
2551 1697 2604 1752 in
2629 1712 2734 1768 quo
2760 1712 2854 1753 eos
2878 1701 3087 1769 quando
3110 1717 3227 1757 cum
3258 1704 3335 1759 eis
3372 1719 3543 1771 cram,

1970 1792 2023 1838 et
2048 1784 2159 1853 ipse
2180 1784 2474 1840 servabam.
2498 1786 2556 1842 In
2573 1788 2787 1843 nomine
2806 1789 2977 1847 Patris
2999 1792 3243 1847 servabat
3262 1792 3546 1863 discipulos

1971 1889 2096 1931 suos
2112 1875 2276 1932 Filius
2296 1876 2475 1945 homo,
2490 1892 2611 1934 cum
2631 1880 2709 1936 eis
2738 1880 2964 1936 humana
2988 1884 3265 1952 prmsentia
3285 1886 3543 1941 constitu—

1972 1973 2054 2021 tus
2079 1985 2093 2020 :
2115 1966 2205 2021 sed
2230 1967 2387 2021 etiam
2414 1968 2571 2025 Pater
2595 1969 2648 2025 in
2678 1971 2892 2026 nomine
2920 1972 3035 2027 Filii
3062 1974 3303 2029 servabat
3321 1990 3453 2045 quos
3484 1977 3537 2031 in

1971 2056 2183 2109 nomine.
2203 2055 2318 2110 Filii
2340 2066 2577 2127 petentes
2600 2060 2929 2117 exaudiebat.
2954 2062 3047 2117 His
3070 2064 3263 2134 quippe
3286 2064 3422 2120 idem
3448 2067 3541 2120 Fi-

1972 2147 2071 2201 lius
2099 2148 2303 2203 dixerat
2327 2166 2339 2201 :
2370 2150 2547 2218 Amen,
2575 2168 2719 2206 amen
2746 2153 2860 2208 dico
2899 2156 3052 2222 vobis,
3087 2156 3134 2210 si
3157 2156 3278 2226 quid
3306 2159 3543 2234 petieritis

1972 2235 2177 2292 Patrem
2202 2238 2253 2291 in
2278 2240 2475 2293 nomine
2490 2256 2615 2305 meo,
2639 2242 2773 2297 dabit
2792 2244 2925 2298 vobis
2952 2244 3062 2313 (Id.
3092 2260 3204 2310 xvt,
3229 2246 3342 2315 25).
3365 2246 3545 2315 Neque

1970 2328 2073 2384 hoc
2112 2338 2213 2383 tam
2253 2330 2534 2386 carnaliter
2562 2331 2818 2389 debemus
2845 2334 3105 2405 accipere,
3138 2336 3282 2391 velut
3313 2336 3546 2393 vicissim

1970 2432 2068 2472 nos
2096 2427 2308 2474 servent
2334 2419 2491 2474 Pater
2511 2429 2565 2475 et
2594 2421 2779 2488 Filius,
2808 2422 3082 2478 amborum
3113 2424 3166 2478 in
3191 2424 3345 2480 nobis
3368 2434 3548 2480 custo-

1970 2507 2175 2563 diendis
2231 2508 2529 2565 alternante
2578 2510 2844 2579 custodia,
2908 2515 3056 2584 quasi
3106 2514 3357 2570 succedat
3406 2514 3545 2570 alius

1970 2598 2178 2668 quando
2206 2599 2510 2655 discesserit
2544 2601 2679 2656 alius
2710 2620 2724 2656 :
2753 2603 2905 2657 simul
2934 2605 3073 2658 enim
3114 2617 3210 2659 nos
3242 2603 3547 2659 custodiunt

1971 2691 2125 2747 Pater
2152 2701 2203 2746 et
2224 2690 2386 2746 Filius
2410 2701 2463 2747 et
2486 2692 2711 2762 Spiritus
2738 2703 2970 2759 sanctus,
3000 2694 3087 2764 qui
3116 2704 3199 2750 est
3225 2708 3359 2749 unus
3384 2709 3542 2749 verus

1969 2794 2022 2838 et
2051 2783 2235 2838 beatus
2285 2784 2439 2837 Deus.
2493 2783 2596 2839 Sed
2643 2782 2913 2853 Scriptura
2962 2800 3058 2839 nos
3104 2801 3207 2840 non
3250 2785 3408 2851 levat,
3439 2785 3540 2841 nisi

1973 2873 2260 2930 descendat
2280 2874 2345 2928 ad
2368 2890 2463 2929 nos
2494 2891 2506 2927 :
2536 2875 2673 2929 sicut
2693 2875 2920 2930 Verbum
2949 2874 3077 2930 caro
3094 2875 3288 2931 factum
3316 2876 3539 2931 descen-

1968 2964 2046 3020 dit
2074 2975 2130 3018 ut
2171 2965 2386 3030 levaret,
2418 2979 2521 3018 non
2560 2964 2746 3019 cecidit
2776 2974 2831 3018 ut
2868 2964 3088 3034 jaceret.
3126 2964 3181 3019 Si
3210 2964 3542 3021 descenden-

1968 3062 2074 3110 tem
2114 3054 2476 3124 cognovimus,
2505 3069 2626 3109 cum
2668 3054 2875 3110 levante
2916 3071 3232 3125 surgamus;
3261 3063 3316 3111 et
3350 3055 3542 3111 intelli-

1968 3160 2173 3215 gamus,
2204 3160 2324 3199 cum
2355 3145 2422 3198 ita
2466 3145 2717 3214 loquitur,
2766 3159 3016 3213 personas
3039 3161 3161 3201 cum
3197 3145 3538 3216 distinguere,

1969 3251 2074 3289 non
2123 3249 2368 3303 separare
2412 3243 2646 3289 naturas.
2691 3234 2911 3301 Quando
2952 3250 3079 3304 ergo
3113 3235 3357 3291 servabat
3381 3234 3544 3290 disci-

1970 3327 2123 3396 pulos
2162 3341 2285 3379 suos
2314 3326 2479 3379 Filius
2506 3327 2784 3395 praesentia
2815 3327 3094 3395 corporali,
3129 3341 3235 3382 non
3269 3335 3545 3397 exspecta-

1968 3418 2055 3471 bat
2081 3418 2236 3471 Pater
2273 3417 2337 3470 ad
2362 3416 2760 3471 custodiendum
2788 3417 3074 3473 succedere
3099 3416 3232 3473 Filio
3256 3417 3541 3473 disceden-

1970 3507 2040 3572 ti;
2080 3507 2171 3561 sed
2219 3520 2311 3561 eos
2351 3507 2508 3560 ambo
2554 3507 2833 3561 servabant
2880 3507 3112 3577 potentia
3157 3508 3452 3577 spirituali:
3490 3516 3546 3563 et

1968 3596 2178 3666 quando
2199 3597 2263 3650 ab
2289 3597 2365 3650 eis
2393 3596 2610 3651 abstulit
2644 3596 2811 3651 Filius
2835 3598 3164 3666 praesentiam
3190 3598 3538 3668 corporalem,

1972 3686 2138 3741 tenuit
2184 3700 2304 3739 cum
2355 3686 2510 3740 Patre
2561 3685 2855 3741 custodiam
2912 3686 3257 3755 spiritualem.
3308 3687 3438 3754 Quia
3486 3695 3544 3743 et

1969 3777 2340 3833 custodiendos
2390 3777 2599 3845 quando
2663 3777 2829 3831 Filius
2880 3776 3039 3831 homo
3095 3777 3317 3845 accepit,
3363 3787 3541 3830 custo-

1968 3867 2069 3921 dire
2116 3876 2346 3934 paterna:
2386 3881 2487 3917 non
2532 3879 2624 3919 eos
2658 3865 2874 3919 abstulit
2915 3882 2927 3918 :
2970 3874 3023 3919 et
3055 3880 3174 3920 cum
3213 3866 3368 3919 Pater
3404 3864 3539 3919 Filio

1968 3954 2341 4011 custodiendos
2369 3953 2533 4018 dedit,
2581 3968 2685 4008 non
2729 3953 2874 4008 dedit
2915 3954 3031 4009 sine
3079 3956 3192 4023 ipso
3237 3955 3318 4009 cui
3363 3954 3539 4019 dedit;

1970 4045 2061 4101 sed
2088 4044 2232 4099 dedit
2270 4044 2470 4098 homini
2497 4043 2648 4111 Filio,
2671 4059 2774 4097 non
2807 4044 2923 4098 sine
2948 4044 3057 4098 Deo
3083 4044 3268 4099 eodem
3300 4045 3414 4114 ipso
3443 4044 3545 4097 uti-

1969 4152 2070 4207 que
2093 4137 2246 4191 Filio.

2041 4231 2093 4283 7.
2134 4228 2381 4297 Sequitur
2399 4242 2525 4298 ergo
2545 4226 2730 4293 Filius,
2760 4236 2812 4281 et
2836 4226 2961 4281 dicit
2990 4245 3002 4280 :
3033 4227 3170 4291 Quos
3196 4227 3376 4280 dediin
3396 4226 3539 4291 mihi,

1957 4317 2212 4389 ,custodivi
2242 4333 2260 4371 :
2290 4327 2335 4371 et
2367 4332 2508 4370 nemo
2535 4332 2597 4370 ea:
2624 4316 2700 4369 his
2739 4316 2904 4384 periit,
2932 4315 3029 4368 nisi
3061 4315 3198 4383 ﬁlius
3226 4316 3543 4385 perditionis,

1972 4420 2027 4461 ut
2079 4408 2343 4477 Scriptura
2382 4407 2667 4477 impleatur.
2703 4405 2867 4460 Filius
2909 4405 3216 4473 perditionis
3252 4406 3423 4459 dictus
3463 4415 3547 4461 est.

1974 4499 2194 4553 traditor
2222 4498 2437 4564 Christi,
2478 4495 2759 4565 perditioni
2797 4495 3219 4564 prardestinatus,
3252 4496 3541 4550 secundum

1973 4591 2293 4661 Scripturam
2325 4606 2442 4661 quae
2476 4591 2543 4644 de
2572 4591 2660 4645 illo
2700 4591 2755 4644 in
2795 4590 2996 4661 psalmo
3033 4588 3324 4646 centesimo
3358 4598 3545 4643 octavo

1975 4685 2201 4738 maxime
2228 4681 2588 4752 prophetalur.

2045 4774 2097 4828 8.
2140 4771 2291 4825 Nunc
2319 4780 2506 4836 autem,
2550 4770 2736 4840 inquit,
2764 4770 2832 4824 ad
2873 4780 2919 4825 te
2952 4771 3132 4834 venio;
3160 4778 3205 4823 et
3234 4771 3340 4823 [uec
3367 4768 3544 4839 loquor

1974 4866 2026 4917 in
2055 4862 2260 4927 mundo,
2302 4871 2356 4914 ut
2385 4861 2597 4915 habeant
2625 4861 2866 4933 gaudium
2904 4878 3067 4915 meum
3097 4860 3355 4931 impletum
3380 4860 3432 4911 in
3461 4874 3545 4911 se-

1974 4954 2215 5023 metipsis.
2244 4953 2378 5006 Ecce
2404 4952 2457 5005 in
2488 4952 2683 5007 mundo
2708 4967 2766 5008 se
2794 4952 2937 5021 loqui
2963 4952 3107 5015 dicit,
3130 4951 3217 5020 qui
3246 4949 3401 5019 paulo
3421 4957 3544 5003 ante

1976 5047 2199 5111 dixerat,
2241 5043 2360 5097 1am
2398 5061 2497 5097 non
2524 5061 2633 5098 sum
2658 5045 2711 5097 in
2749 5044 2934 5097 mundo
2965 5058 2983 5096 :
3012 5040 3154 5112 quod
3195 5056 3291 5095 cur
3329 5039 3543 5107 dixerit,

1979 5139 2046 5192 ibi
2072 5137 2431 5206 exposuimus,
2460 5136 2568 5190 imo
2601 5136 2769 5205 ipsum
2800 5134 2851 5189 id
2900 5132 3206 5203 exposuisse
3243 5130 3544 5186 docuimus.

1979 5229 2119 5299 Ergo
2138 5238 2189 5282 et
2212 5227 2333 5296 quia
2363 5227 2594 5282 nondum
2622 5227 2843 5292 abierat,
2866 5224 2952 5279 hic
2975 5223 3146 5279 adhuc
3172 5230 3321 5289 erat;
3346 5229 3401 5277 et
3427 5223 3549 5291 quia

1982 5335 2100 5372 mox
2134 5320 2302 5372 fuerat
2328 5316 2583 5383 abiturus,
2613 5318 2696 5370 hic
2734 5314 3120 5385 quodammodo
3141 5313 3251 5383 jam
3280 5328 3383 5367 non
3409 5320 3547 5366 erat.

1978 5411 2127 5479 Quod
2159 5412 2226 5464 sit
2248 5417 2421 5464 autem
2463 5408 2564 5463 hoc
2600 5407 2847 5477 gaudium
2892 5405 2960 5460 de
2996 5420 3101 5474 quo
3130 5404 3225 5471 ait,
3256 5412 3311 5457 ut
3338 5403 3549 5456 habeant

1978 5502 2219 5572 gaudium
2260 5516 2422 5554 meum
2456 5499 2714 5569 impletum
2760 5498 2811 5550 in
2851 5495 3145 5565 semetipsis,
3173 5496 3282 5565 jam
3312 5494 3552 5563 superius

1981 5609 2286 5662 expressum
2317 5600 2417 5652 est,
2444 5591 2532 5644 ubi
2559 5590 2651 5655 ait,
2689 5588 2755 5643 Ut
2775 5589 2873 5642 sint
2898 5604 3055 5641 unum
3075 5589 3203 5641 sicut
3231 5596 3276 5641 et
3298 5602 3409 5640 nos.
3444 5585 3552 5638 lloc

1984 5686 2226 5757 gaudium
2272 5699 2445 5749 suum,
2476 5681 2526 5736 id
2576 5689 2729 5748 est,a
2758 5694 2815 5735 se
2859 5680 2911 5735 in
2950 5693 3045 5736 eos
3086 5679 3361 5745 collatum,
3390 5676 3442 5732 in
3481 5675 3553 5730 eis
