4076 6476
495 459 633 518 1915

497 575 627 632 dicit
653 571 1014 645 implendum;
1065 577 1278 640 propter
1322 566 1461 637 quod
1500 567 1731 621 locutum
1770 579 1829 617 se
1862 562 1993 616 dixit
2019 561 2072 615 in

500 667 717 725 mundo.
761 666 883 721 [huc
920 673 1002 719 est
1046 677 1143 733 pax
1192 660 1279 714 illa
1312 669 1368 714 et
1390 656 1660 713 beatitudo
1685 656 1737 710 in
1768 654 1945 708 futuro
1970 667 2075 705 sa:-

502 761 644 826 culo,
688 767 903 830 propter
944 771 1101 833 quam
1149 750 1577 821 consequendam
1626 755 1982 818 temperanter
2021 753 2076 798 et

495 850 638 922 juste
664 859 718 907 et
742 850 825 921 pie
852 846 1128 903 vivendum
1157 852 1239 899 est
1267 843 1319 897 in
1350 841 1450 898 hoc
1478 840 1695 896 sacculo.

981 955 1389 1014 TRACTATUS
1425 954 1601 1011 CVIII.

503 1073 585 1131 De
617 1092 675 1131 eo
708 1075 843 1149 quod
867 1075 938 1127 ait
967 1070 1137 1136 Iesus,
1172 1070 1283 1141 Ego
1310 1068 1432 1124 dedi
1460 1067 1540 1123 eis
1564 1079 1864 1121 sermonem
1896 1071 2077 1152 tuum;

576 1183 735 1238 usque
757 1166 825 1219 ad
846 1163 920 1227 id,
952 1163 1021 1219 Ut
1046 1164 1154 1217 sint
1189 1170 1243 1217 et
1272 1160 1371 1231 ipsi
1404 1156 1714 1214 sanctiﬁcati
1748 1155 1799 1209 in
1839 1154 2079 1209 veritate.

575 1256 729 1329 (Cap.
765 1271 900 1322 xvu,
943 1255 978 1327 ᾖ
1002 1292 1017 1307 .
1049 1250 1261 1326 1449).

580 1393 632 1446 1.
675 1390 917 1461 Loquens
955 1380 1128 1444 adhuc
1176 1384 1431 1441 Dominus
1474 1380 1539 1435 ad
1586 1380 1817 1461 Patrem,
1848 1370 1902 1432 et
1924 1389 2087 1431 orans

505 1497 605 1554 pro
631 1482 901 1552 discipulis
927 1482 1056 1546 suis,
1081 1479 1207 1534 dicit
1230 1497 1242 1532 :
1268 1476 1377 1547 Ego
1404 1474 1516 1529 dedi
1536 1474 1605 1527 eis
1626 1486 1902 1525 sermonem
1921 1478 2084 1531 tuum,

505 1584 554 1629 et
578 1574 795 1628 mundus
822 1590 903 1628 eos
932 1572 1047 1626 odio
1077 1570 1267 1625 habuit.
1300 1567 1544 1622 Nondum
1572 1564 1621 1617 id
1648 1561 1850 1631 experti
1882 1560 2089 1613 fuerant

506 1665 842 1735 passionibus
871 1665 999 1729 suis,
1031 1678 1148 1732 qua:
1196 1660 1312 1714 illos
1355 1666 1536 1727 postea
1566 1664 1687 1710 sunt
1725 1659 1953 1715 secutze;
1995 1647 2089 1702 sed

513 1771 665 1813 more
693 1772 787 1812 suo
830 1756 956 1810 dicit
997 1757 1117 1821 ista,
1148 1752 1323 1807 verbis
1350 1748 1599 1820 praeteriti
1633 1743 1884 1813 temporis
1916 1741 2090 1795 futura

512 1847 891 1919 praenuntians.
923 1845 1121 1901 Deinde
1160 1857 1369 1899 causam
1410 1838 1696 1908 subjiciens
1724 1850 1818 1890 cur
1844 1848 1936 1887 eos
1961 1831 2090 1886 ode-

515 1938 586 1995 rit
612 1936 843 1993 mundus
874 1955 886 1989 :
923 1937 1054 2003 Quia
1096 1952 1197 1989 non
1238 1942 1375 1996 sunt,
1422 1930 1608 2000 inquit,
1637 1928 1700 1981 de
1729 1923 1937 1987 mundo,
1965 1923 2093 1976 sicut

514 2040 562 2085 et
590 2046 681 2101 ego
705 2046 805 2084 non
833 2047 942 2082 sum
970 2028 1033 2083 de
1062 2027 1267 2081 mundo.
1297 2026 1406 2081 Hoc
1438 2024 1515 2078 eis
1552 2018 1953 2091 regeneratioue
1980 2014 2094 2070 col-

514 2123 681 2177 latum
704 2130 788 2176 est
816 2136 828 2173 :
860 2136 978 2174 nam
1001 2119 1338 2189 generatione
1364 2117 1431 2172 de
1461 2112 1657 2168 mundo
1680 2122 1849 2176 erant,
1879 2116 2096 2179 propter

516 2213 657 2282 quod
678 2213 787 2283 jam
822 2213 900 2267 eis
932 2212 1159 2275 dixerat,
1187 2210 1297 2280 Ego
1334 2226 1417 2263 vos
1456 2208 1519 2261 de
1548 2205 1735 2260 mundo
1760 2203 1886 2273 elegi
1915 2199 2092 2274 (Joan.

520 2318 614 2369 xv,
650 2300 760 2373 19).
800 2303 1056 2356 Donatum
1084 2310 1309 2369 estergo
1336 2300 1415 2353 eis
1451 2296 1671 2351 utsicut
1709 2295 1838 2364 ipse,
1865 2307 1964 2346 nec
1998 2291 2096 2358 ipsi

521 2400 702 2446 essent
728 2390 796 2447 de
825 2391 1041 2457 mundo,
1071 2404 1163 2445 eos
1198 2390 1312 2459 ipso
1353 2388 1609 2442 liberante
1642 2385 1708 2438 de
1735 2382 1952 2436 mundo.
1980 2379 2098 2449 Ipse

523 2494 699 2537 autem
728 2481 795 2538 de
839 2481 1037 2536 mundo
1082 2495 1347 2548 nunquam
1395 2477 1489 2532 fuit
1520 2493 1533 2528 ε
1564 2476 1683 2546 quia
1723 2476 1881 2529 etiam
1909 2487 2100 2528 secun-

520 2574 645 2628 dmn
676 2571 900 2628 formam
930 2573 1068 2627 servi
1095 2571 1163 2627 de
1198 2569 1395 2640 Spiritu
1431 2578 1615 2623 saneto
1659 2568 1769 2634 ipse
1814 2573 1966 2618 natus
1994 2570 2095 2629 est,

523 2666 591 2719 de
618 2680 722 2734 quo
765 2664 841 2719 illi
884 2664 1071 2719 renati.
1101 2662 1235 2716 Nam
1270 2662 1315 2715 si
1344 2669 1619 2730 prepterea
1651 2658 1721 2711 illi
1759 2657 1868 2726 jam
1900 2670 2005 2709 non
2031 2653 2101 2709 de

526 2754 747 2821 mundo,
774 2755 894 2826 quia
921 2754 1091 2810 renati
1109 2760 1235 2807 sunt
1260 2752 1325 2806 de
1352 2751 1552 2821 Spiritu
1579 2758 1796 2812 sancto;
1822 2755 2101 2816 propterea

523 2845 612 2900 ille
654 2859 922 2916 nunquam
969 2843 1037 2900 de
1080 2842 1300 2910 mundo,
1344 2842 1464 2912 quia
1504 2850 1659 2896 natus
1688 2850 1770 2895 est
1807 2838 1873 2895 de
1902 2837 2102 2908 Spiritu

518 2944 727 2992 saneto.

593 3027 647 3080 ‘2.
691 3025 812 3082 Non
848 3044 988 3099 rogo,
1020 3027 1206 3098 inquit,
1236 3036 1291 3081 ut
1316 3024 1466 3080 tollas
1492 3042 1575 3081 eos
1604 3024 1667 3079 de
1697 3024 1906 3090 mundo,
1936 3022 2024 3078 sed
2048 3031 2104 3076 ut

519 3135 683 3174 serves
708 3135 792 3173 eos
819 3135 883 3175 ea:
921 3119 1072 3174 malo.
1113 3119 1302 3175 Adhuc
1340 3119 1481 3173 enim
1531 3118 1888 3173 necessarium
1935 3116 2101 3172 habe-

526 3210 675 3277 bant,
704 3210 946 3282 quamvis
966 3210 1075 3281 jam
1098 3225 1203 3266 non
1231 3219 1411 3265 essent
1440 3210 1507 3264 de
1528 3208 1744 3275 mundo,
1776 3224 1893 3263 esse
1925 3218 2099 3261 tamen

524 3303 576 3355 in
624 3301 842 3357 mundo.
882 3303 1093 3373 Repetit
1126 3302 1366 3358 eamdem
1395 3303 1708 3357 sententiam
1744 3319 1758 3355 :
1793 3300 1864 3355 De
1891 3299 2099 3366 mundo,

527 3395 716 3465 inquit,
746 3411 848 3450 non
873 3404 1015 3461 sunt,
1036 3396 1162 3449 sicut
1188 3405 1233 3449 et
1261 3411 1351 3463 ego
1380 3411 1478 3448 non
1508 3411 1618 3448 sum
1648 3392 1709 3447 de
1730 3392 1931 3445 mundo.
1967 3390 2104 3445 San-

523 3487 694 3555 cti/ira
736 3504 821 3543 eos
866 3488 920 3541 in
960 3489 1183 3542 ueritate.
1215 3487 1304 3543 Sic
1345 3488 1488 3542 enim
1517 3494 1795 3541 servantur
1832 3500 1897 3538 ex
1940 3484 2100 3549 malo,

526 3578 667 3647 quod
698 3579 943 3648 superius
983 3578 1155 3632 oravit
1198 3587 1255 3632 ut
1296 3577 1464 3631 ﬁeret.
1504 3575 1679 3644 Qmeri
1717 3585 1893 3629 autem
1932 3582 2105 3643 potest

522 3665 791 3739 quomodo
815 3668 884 3725 de
908 3669 1106 3724 mundo
1125 3669 1235 3739 jam
1273 3683 1377 3723 non
1408 3676 1579 3732 erant,
1611 3668 1655 3723 si
1697 3666 2008 3722 sanetiﬁeati
2050 3666 2102 3719 in

524 3760 747 3815 veritate
773 3759 1008 3815 nondum
1038 3768 1227 3824 erant;
1263 3768 1353 3813 aut
1378 3759 1423 3813 si
1454 3759 1566 3828 jam
1595 3768 1768 3823 erant,
1799 3773 1894 3813 cur
1924 3766 2106 3826 poscat

523 3861 580 3904 ut
627 3852 755 3907 sint.
790 3852 873 3906 An
914 3852 1035 3922 quia
1078 3862 1134 3907 et
1175 3851 1484 3907 sanctiﬁcati
1512 3852 1563 3906 in
1593 3851 1779 3906 eadem
1822 3850 2105 3919 proﬁciunt

523 3944 824 4009 sanctitate,
852 3943 1087 4013 ﬁuntque
1112 3944 1438 4008 sanctiores;
1471 3958 1643 4013 neque
1671 3941 1771 3997 hoc
1795 3943 1909 3996 sine
1939 3941 2096 4011 adju-

523 4037 661 4091 torio
704 4036 885 4107 gratiae
923 4036 1043 4099 Dei,
1072 4035 1163 4091 sed
1192 4035 1281 4091 illo
1307 4050 1490 4090 eorum
1515 4032 1880 4088 sanctiﬁcante
1910 4048 2102 4103 prove-

526 4138 693 4193 ctum,
713 4129 803 4200 qui
830 4128 1175 4184 sanctiﬁeavit
1200 4127 1524 4197 inemptum?
1549 4125 1701 4183 Unde
1731 4136 1784 4181 et
1811 4126 2100 4195 Apostolus

523 4218 653 4273 dicit
681 4237 694 4273 :
728 4219 830 4286 Qui
852 4219 905 4274 in
932 4219 1067 4274 uobis
1094 4234 1222 4286 Opus
1261 4217 1446 4272 bonum
1483 4218 1649 4285 carpit,
1693 4217 1913 4286 perﬁciet
1949 4232 2105 4287 usque

522 4310 576 4364 in
603 4310 735 4364 diem
760 4309 947 4366 Christi
962 4309 1086 4365 Iesu
1107 4309 1364 4383 (Philipp.
1392 4324 1433 4376 I,
1460 4307 1534 4376 6).
1564 4307 1975 4365 Sauctilicantur
2000 4309 2102 4362 ita-

522 4415 628 4471 que
657 4400 709 4456 in
739 4402 960 4457 veritate
993 4401 1235 4457 Inmredes
1255 4400 1576 4456 Testamenti
1603 4400 1755 4466 Novi,
1787 4401 1940 4470 cujus
1966 4401 2104 4456 veri-

522 4492 643 4547 tatis
676 4491 877 4549 umbrae
924 4491 1133 4547 fuerant
1180 4491 1623 4548 sanctiﬁcationes
1662 4491 1869 4546 Veteris
1915 4492 2104 4548 Testa-

524 4585 692 4640 menti
723 4603 737 4639 :
768 4593 823 4641 et
853 4599 975 4640 cum
1000 4584 1400 4639 sanctiﬁcantur
1430 4585 1481 4638 in
1509 4585 1748 4649 veritate,
1775 4585 1955 4654 utique
1980 4598 2103 4639 san-

523 4678 823 4733 ('tiﬁcanlur
865 4678 917 4732 in
963 4677 1193 4738 Christo,
1238 4678 1327 4746 qui
1375 4677 1635 4732 veraciter
1672 4676 1825 4743 dixit,
1853 4675 1964 4747 Ego
1990 4693 2103 4730 sum

521 4768 622 4834 ria,
654 4776 699 4821 et
734 4766 933 4834 veritas,
959 4775 1005 4820 et
1035 4766 1132 4819 vita
1160 4765 1336 4837 (Joan.
1367 4782 1475 4830 xw,
1505 4766 1582 4837 6).
1617 4766 1746 4822 Item
1774 4767 1985 4833 quando
2006 4767 2098 4829 ait,

535 4858 726 4912 Veritas
755 4857 978 4912 liberabit
1004 4873 1109 4920 vos,
1139 4857 1296 4925 paulo
1327 4866 1446 4925 post
1481 4872 1755 4925 exponens
1793 4857 1914 4927 quid
1951 4857 2101 4911 dixe-

521 4952 613 5018 rit,
647 4951 708 5007 Si
743 4966 851 5016 vos,
882 4950 1069 5019 inquit,
1125 4948 1287 5003 Filius
1326 4948 1621 5013 liberaverit,
1664 4958 1780 5002 tunc
1817 4964 1927 5002 vere
1962 4948 2103 5001 liberi

526 5045 664 5096 eritis
704 5041 815 5112 (Id.
849 5057 964 5107 vm,
1009 5040 1097 5106 52,
1124 5039 1251 5109 56);
1298 5048 1354 5094 ut
1395 5039 1698 5093 ostenderet
1736 5039 1838 5094 hoc
1868 5055 1926 5093 se
1957 5040 2101 5106 prius

522 5135 723 5190 dixisse
744 5134 1038 5200 veritatem,
1062 5132 1203 5202 quod
1226 5130 1560 5201 postmodum
1585 5130 1793 5184 Filium.
1817 5129 1953 5196 Quid
1975 5144 2102 5199 ergo

526 5228 667 5281 aliud
695 5236 751 5282 et
772 5226 875 5281 hoc
904 5227 1019 5281 loco
1046 5225 1197 5289 dixit,
1227 5222 1503 5292 Sanetiﬁca
1530 5238 1615 5277 eos
1644 5223 1696 5276 in
1724 5223 1944 5289 veritate,
1976 5223 2098 5287 nisi,

523 5319 793 5373 sanctiﬁca
821 5334 914 5374 eos
941 5319 990 5371 in
1018 5317 1138 5373 me?

595 5412 646 5465 5.
690 5409 928 5480 Denique
957 5411 1209 5480 sequitur,
1238 5418 1291 5464 et
1323 5409 1422 5462 hoc
1446 5406 1680 5476 apertius
1708 5407 1971 5461 insinuare
1997 5423 2100 5461 non

524 5500 719 5554 desiuit
752 5517 766 5554 :
798 5499 997 5565 Sermo,
1042 5500 1230 5570 inquit,
1283 5508 1398 5553 tuus
1448 5498 1630 5552 veritas
1676 5507 1765 5551 est.
1796 5498 1931 5563 Quid
1961 5498 2102 5554 aliud

524 5592 675 5655 dixit,
698 5606 877 5661 quam,
920 5592 1029 5663 Ego
1054 5594 1233 5647 veritas
1260 5591 1408 5646 sum?
1434 5590 1677 5647 Grzecnm
1713 5592 1906 5659 quippe
1935 5592 2105 5644 Evan-

526 5687 719 5754 geliam
750 5694 877 5752 λόγος
903 5684 1078 5749 habet,
1097 5684 1238 5754 quod
1261 5685 1421 5740 etiam
1448 5678 1517 5736 ibi
1549 5681 1758 5751 legitur,
1790 5680 1875 5735 ubi
1904 5681 2101 5735 dictum

527 5789 601 5830 est
615 5820 627 5841 ,
647 5777 706 5830 In
730 5776 974 5846 principio
994 5786 1097 5831 erat
1110 5775 1343 5842 Verbum,
1356 5786 1401 5830 et
1415 5771 1627 5828 Verbum
1640 5781 1746 5827 erat
1766 5772 1904 5842 apud
1916 5771 2101 5839 Deum,

542 5884 587 5931 ει
622 5870 894 5935 "cutem!
920 5872 1145 5929 Verbum.
1181 5872 1242 5926 Et
1270 5870 1448 5937 utique
1476 5870 1704 5927 Verbum
1744 5868 1908 5903 i"°"'“
1955 5876 2015 5892 ν
2052 5864 2071 5892 ’⁵

1430 449 1493 507 IN
1530 446 1808 506 JOANNIS
1848 441 2310 514 EVANGELIUM,
2350 447 2408 502 S.
2454 447 2819 506 AUGUSTINI

3628 452 3766 509 I9I6

2180 575 2299 618 mus
2339 562 2662 632 unigenitum
2707 565 2801 620 Dei
2848 565 2885 620 F
2891 566 3060 633 ilium,
3105 565 3245 637 quod
3271 584 3390 623 caro
3417 572 3611 642 factum
3652 583 3759 640 est,

2182 661 2228 705 et
2249 651 2488 709 habitavit
2515 654 2568 710 in
2595 656 2736 711 nobis
2768 655 2877 730 (Id.
2902 673 2941 724 ι,
2980 660 3028 721 1,
3058 658 3174 730 14).
3216 660 3365 717 Unde
3402 671 3462 719 et
3505 665 3591 719 hic
3637 669 3762 735 poni

2184 746 2374 815 potuit,
2414 756 2469 802 et
2501 747 2553 802 in
2582 748 2895 818 quibusdam
2925 750 3197 806 codicibus
3227 753 3452 821 positum
3488 765 3593 822 est,
3631 756 3761 813 Ver-

2183 835 2300 889 bum
2343 846 2483 891 tuum
2522 839 2701 893 veritas
2743 849 2847 904 est;
2877 840 3013 895 sicut
3051 841 3105 896 in
3145 843 3460 912 quibusdam
3488 848 3766 905 codicibus

2185 928 2344 983 etiam
2375 929 2444 984 ibi
2486 931 2741 1000 scriptum
2788 941 2870 987 est
2917 931 2980 987 In
3028 933 3279 1005 principio
3322 945 3429 991 erat
3473 955 3657 994 sermo.
3708 941 3766 998 In

2184 1034 2361 1088 graeco
2392 1031 2568 1077 autem
2606 1024 2723 1078 sine
2764 1024 2866 1078 ulla
2910 1023 3186 1094 varietate,
3221 1038 3277 1084 et
3317 1029 3389 1083 ibi
3433 1040 3487 1085 et
3512 1030 3599 1087 hic
3638 1044 3767 1101 λάορς

2187 1122 2288 1167 est.
2335 1114 2635 1170 Sanctiﬁcal
2677 1117 2852 1187 itaque
2880 1117 3041 1173 Pater
3084 1119 3137 1174 in
3185 1123 3425 1188 veritate,
3468 1124 3520 1178 id
3568 1136 3672 1192 est,
3716 1129 3769 1181 in

2191 1201 2368 1258 Verbo
2406 1220 2537 1271 suo,
2581 1207 2634 1261 in
2663 1205 2939 1279 Uuigenito
2974 1224 3095 1279 suo,
3120 1225 3249 1267 suos
3286 1212 3524 1270 haeredes
3548 1217 3773 1288 ejusque

2190 1293 2516 1349 cohaeredes.

2262 1385 2314 1438 4.
2355 1384 2459 1439 Sed
2504 1401 2644 1441 nunc
2690 1386 2863 1442 adhuc
2909 1388 2975 1444 de
3014 1389 3595 1464 Apostolis-loquitur;
3649 1414 3772 1453 nam

2192 1484 2403 1529 secutus
2423 1476 2680 1547 adjuugit,
2711 1478 2852 1533 Sicut
2890 1496 2969 1533 me
2995 1481 3173 1536 misisti
3210 1484 3263 1537 in
3302 1488 3567 1556 mundum,
3595 1499 3642 1543 et
3682 1507 3775 1561 ego

2192 1567 2305 1619 misi
2330 1583 2413 1620 eos
2440 1568 2491 1620 in
2518 1568 2777 1622 mundum.
2808 1569 2953 1637 Quos
2980 1572 3141 1636 misit,
3171 1574 3271 1629 nisi
3302 1576 3586 1645 Apostolos
3611 1583 3778 1637 suos?

2190 1656 2325 1712 Nam
2355 1665 2408 1710 et
2453 1658 2622 1728 ipsum
2669 1675 2864 1714 nomen
2908 1661 3305 1731 Apostolorum,
3349 1669 3598 1737 quoniam
3640 1686 3779 1741 grte-

2194 1764 2314 1804 cum
2347 1759 2447 1810 est,
2494 1750 2625 1803 nihil
2665 1750 2764 1805 nisi
2806 1753 2998 1807 missos
3026 1755 3289 1825 signiﬁcat
3334 1758 3384 1812 in
3425 1760 3608 1814 latino.
3637 1762 3782 1817 Misit

2196 1854 2323 1910 ergo
2350 1841 2486 1896 Deus
2510 1840 2703 1895 Filium
2744 1857 2897 1898 suum
2938 1860 3042 1899 non
3081 1848 3135 1901 in
3165 1862 3326 1903 carne
3356 1852 3578 1919 peccati,
3600 1855 3694 1908 sed
3725 1855 3777 1909 in

2197 1933 2541 1989 similitudine
2581 1936 2758 1989 carnis
2806 1939 3009 2005 peceati
3053 1937 3230 2009 (Rom.
3272 1957 3387 2005 vnt,
3422 1941 3509 2014 3);
3551 1954 3604 1999 et
3634 1946 3783 2001 misit

2199 2022 2365 2078 Filius
2394 2024 2508 2092 ejus
2533 2040 2628 2079 eos
2651 2042 2785 2096 quos
2820 2037 2974 2083 natos
3017 2030 3069 2084 in
3113 2045 3272 2087 carne
3302 2036 3503 2102 peccati
3538 2035 3781 2091 sanctiﬁ-

2199 2116 2337 2167 cavit
2363 2129 2391 2167 a
2425 2115 2540 2169 labe
2570 2117 2789 2184 peccati.

2269 2205 2323 2260 5.
2342 2205 2445 2260 Sed
2471 2208 2717 2276 quoniam
2742 2225 2834 2278 per
2850 2208 2954 2266 hoc
2976 2211 3116 2281 quod
3140 2213 3398 2270 mediator
3416 2215 3511 2272 Dei
3526 2226 3581 2271 et
3604 2216 3782 2273 homi—

2202 2312 2325 2350 num
2356 2296 2516 2351 homo
2558 2296 2800 2355 Christus
2839 2301 2994 2358 Iesus
3024 2303 3191 2360 factus
3218 2315 3301 2361 est
3323 2317 3479 2376 caput
3504 2308 3781 2379 Ecclesiae,

2203 2389 2277 2442 illi
2302 2390 2539 2443 membra
2558 2401 2679 2445 sunt
2697 2392 2843 2460 ejus;
2859 2393 2978 2449 ideo
2996 2395 3068 2448 ait
3088 2396 3228 2466 quod
3244 2398 3501 2467 sequitur,
3522 2399 3588 2454 Et
3603 2418 3696 2471 pro
3710 2403 3784 2457 eis

2202 2495 2291 2549 ego
2306 2480 2563 2548 sanctiﬁco
2576 2481 2670 2534 mei
2672 2498 2839 2551 psum.
2853 2483 2986 2549 Quid
3004 2494 3087 2539 est
3106 2485 3271 2552 enim,
3288 2486 3352 2541 Et
3369 2505 3461 2558 pro
3475 2491 3546 2544 eis
3566 2507 3656 2562 ego
3671 2509 3788 2546 san-

2203 2572 2367 2636 ctiﬁco
2397 2572 2660 2641 meipsum,
2689 2573 2806 2636 nisi,
2834 2589 2927 2629 eos
2956 2575 3009 2629 in
3034 2576 3238 2645 meipso
3258 2580 3552 2648 sanctiﬁco,
3581 2597 3703 2636 cum
3730 2591 3788 2637 et

2204 2661 2303 2730 ipsi
2350 2663 2455 2717 sint
2484 2664 2619 2733 ego?
2649 2664 2906 2731 Quoniam
2938 2665 3006 2723 de
3042 2668 3235 2739 quibus
3263 2668 3365 2725 hoc
3409 2672 3503 2738 ait,
3550 2682 3607 2729 ut
3649 2674 3783 2740 dixi,

2205 2755 2441 2809 membra
2470 2765 2592 2809 sunt
2611 2757 2746 2825 ejus,
2770 2766 2823 2813 et
2850 2774 2984 2813 unus
3018 2768 3102 2815 est
3134 2761 3376 2818 Christus
3397 2754 3554 2834 caput
3584 2775 3639 2821 et
3666 2781 3790 2821 cor-

2205 2861 2306 2916 pus
2338 2847 2597 2904 :doceute
2613 2851 2867 2919 Apostolo
2892 2860 3050 2921 atque
3074 2853 3284 2911 dicente
3300 2856 3366 2910 de
3390 2858 3593 2913 semine
3614 2859 3788 2914 Abra-

2206 2936 2310 3005 ltm,
2341 2938 2401 2992 Si
2416 2950 2581 2995 autem
2600 2957 2685 2996 vos
2700 2940 2905 3009 Christi,
2929 2961 3049 3017 ergo
3073 2963 3237 3001 semen
3256 2946 3471 3003 Abralue
3494 2950 3642 3015 estis;
3661 2966 3784 3006 cum

2204 3029 2425 3085 dixisset
2447 3033 2710 3102 superius,
2743 3032 2859 3088 Non
2884 3035 3027 3103 dicit,
3069 3035 3134 3090 Et
3174 3038 3445 3095 seminibus
3468 3050 3704 3112 tanquam
3733 3043 3789 3097 in

2210 3120 2414 3185 multis;
2437 3122 2526 3176 sed
2570 3132 2810 3191 tanqram
2848 3125 2902 3179 in
2942 3142 3064 3190 uno,
3098 3125 3166 3181 Et
3207 3130 3384 3184 semini
3407 3116 3511 3197 tuo,
3546 3132 3686 3198 quod
3713 3141 3789 3187 est

2204 3210 2434 3268 Christus
2461 3211 2652 3286 (Galat,
2684 3231 2760 3280 tu,
2790 3215 2880 3283 29,
2912 3215 3019 3287 16).
3060 3216 3114 3273 Si
3151 3233 3281 3290 ergo
3321 3234 3504 3276 semen
3532 3222 3785 3287 Abrahae,

2206 3304 2308 3359 hoc
2336 3315 2417 3359 est
2442 3306 2700 3373 Christus,
2719 3307 2843 3377 quid
2865 3308 3003 3363 aliud
3032 3309 3230 3364 dictum
3258 3320 3342 3367 est
3364 3312 3556 3381 quibus
3579 3312 3784 3368 dictum

2205 3404 2305 3458 est,
2334 3395 2470 3467 Ergo
2488 3411 2651 3449 semen
2672 3397 2888 3455 Abralue
2906 3400 3042 3465 estis,
3067 3401 3188 3467 nisi,
3211 3417 3336 3471 ergo
3355 3402 3595 3457 Christus
3614 3404 3789 3459 estis?

2206 3485 2334 3541 Inde
2357 3498 2440 3543 est
2463 3488 2603 3557 quod
2626 3490 2730 3544 alio
2761 3489 2878 3544 loco
2899 3489 3038 3546 idem
3062 3492 3174 3561 ipse
3198 3493 3467 3561 apostolus
3490 3494 3563 3548 ait
3590 3512 3602 3547 :
3630 3493 3683 3547 Ν
3687 3511 3790 3548 une

2205 3578 2403 3646 gaudeo
2450 3578 2501 3631 in
2532 3579 2847 3647 passionibus
2888 3596 2982 3649 pro
3010 3581 3146 3635 vobis
3166 3624 3182 3647 ,
3214 3591 3261 3635 et
3297 3582 3551 3650 adimpleo
3589 3600 3651 3638 ea
3675 3600 3793 3652 quia

2206 3667 2388 3721 desunt
2415 3683 2763 3737 pressurarum
2779 3670 2984 3738 Christi,
3006 3672 3058 3725 in
3076 3689 3227 3727 carne
3244 3691 3353 3727 mea
3378 3673 3592 3745 (Coloss.
3614 3692 3653 3741 ι,
3669 3675 3787 3743 24).

2205 3756 2322 3813 Non
2361 3758 2514 3823 dixit,
2546 3775 2910 3829 pressurarum
2958 3778 3220 3830 mearum,
3262 3764 3376 3830 sed,
3401 3763 3587 3818 Christi
3612 3782 3631 3819 :
3662 3767 3789 3835 quia

2207 3848 2502 3903 membrum
2551 3859 2665 3905 erat
2692 3849 2922 3915 Christi;
2968 3861 3021 3907 et
3051 3853 3103 3907 in
3150 3856 3607 3924 persecutionibus
3650 3858 3788 3922 suis,

2205 3942 2390 4010 quales
2418 3941 2687 3996 Christum
2724 3943 2776 3997 in
2810 3959 2908 3999 suo
2933 3952 3045 3998 toto
3087 3960 3311 4015 corpore
3338 3947 3443 4016 pati
3480 3949 3787 4016 oportebat,

2205 4032 2365 4086 etiam
2395 4032 2507 4101 ipse
2542 4048 2818 4101 pressurus
2856 4034 2971 4104 ejus
3000 4050 3094 4104 pro
3127 4050 3221 4091 sua
3253 4038 3496 4105 portione
3522 4038 3789 4108 adimple—

2205 4121 2311 4176 bat.
2341 4121 2491 4188 Quod
2533 4124 2771 4177 utetiam
2795 4122 2897 4179 hoc
2920 4126 3035 4179 loco
3070 4136 3278 4182 certum
3325 4129 3413 4191 sit,
3439 4129 3653 4185 attende
3694 4145 3789 4185 se-

2204 4214 2439 4282 quentia.
2463 4212 2596 4269 Cum
2627 4216 2770 4269 enim
2809 4215 3051 4289 dixisset,
3080 4217 3145 4271 Et
3175 4235 3265 4288 pro
3302 4221 3372 4274 eis
3400 4236 3492 4291 ego
3519 4222 3789 4290 sancti/ica

2202 4306 2469 4375 meipsum,
2516 4314 2574 4360 ut
2621 4306 3039 4377 intelligeremus
3077 4308 3179 4363 hoc
3223 4325 3344 4364 eum
3388 4312 3607 4377 dixisse,
3638 4314 3785 4383 quod

2203 4411 2297 4452 eos
2323 4397 2674 4452 sanctiﬁcaret
2693 4398 2746 4452 in
2768 4412 2846 4463 se,
2877 4415 2995 4453 mox
3023 4399 3245 4467 addidit,
3268 4401 3335 4456 Ut
3356 4403 3455 4457 sint
3474 4412 3521 4458 et
3540 4404 3637 4474 ipsi
3665 4421 3791 4459 san-

2202 4490 2412 4558 ctiﬁcati
2445 4491 2494 4544 in
2523 4492 2745 4545 ueritate.
2778 4490 2930 4557 Quod
2957 4491 3082 4561 quid
3109 4503 3192 4547 est
3215 4494 3357 4548 aliud
3394 4510 3573 4565 quam,
3598 4497 3648 4550 in
3672 4512 3781 4563 me,

2205 4581 2495 4636 secundum
2533 4581 2584 4636 id
2614 4581 2754 4651 quod
2780 4583 2976 4638 veritas
3001 4590 3085 4639 est
3117 4583 3349 4639 Verbum
3381 4585 3509 4640 illud
3541 4587 3593 4640 in
3624 4586 3783 4655 prin-

2204 4672 2342 4741 cipio
2370 4672 2539 4728 Deus?
2562 4672 2617 4727 in
2639 4688 2743 4742 quo
2778 4682 2830 4728 et
2858 4675 2971 4743 ipse
2996 4674 3138 4730 ﬁlius
3164 4675 3397 4731 hominis
3420 4679 3788 4734 sanetiﬁcatus

2204 4771 2287 4816 est
2319 4763 2386 4816 ab
2426 4763 2574 4818 initio
2594 4764 2878 4818 creatiouis
2918 4780 3048 4832 suae,
3086 4767 3297 4836 quando
3327 4767 3557 4823 Verbum
3588 4769 3787 4823 factum

2200 4862 2285 4907 est
2310 4867 2466 4918 caro;
2494 4853 2615 4922 quia
2648 4869 2748 4907 una
2771 4870 2995 4922 persona
3016 4854 3151 4909 facta
3169 4866 3249 4911 est
3266 4856 3497 4912 Verbum
3525 4869 3576 4912 et
3599 4858 3785 4914 homo.

2205 4943 2353 4998 Tunc
2377 4959 2503 5014 ergo
2529 4946 2874 4999 sanctilicavit
2898 4961 2956 5000 se
2986 4946 3139 5013 inse,
3171 4947 3272 5003 hoc
3292 4958 3395 5014 est,
3427 4949 3699 5005 hominem
3723 4967 3787 5007 se

2207 5036 2259 5089 in
2288 5036 2462 5089 Verbo
2501 5050 2591 5101 se;
2624 5036 2745 5105 quia
2796 5051 2933 5090 unus
2962 5038 3200 5093 Christus
3233 5038 3460 5094 Verbum
3505 5049 3561 5095 et
3598 5040 3785 5111 homo,

2204 5126 2539 5181 sanctiﬁcans
2587 5126 2852 5181 lintuincm
2905 5129 2958 5182 in
3006 5128 3203 5184 Verbo.
3255 5130 3478 5200 Propter
3518 5147 3611 5186 sua
3654 5148 3815 5202 vero

2206 5221 2463 5286 membra,
2490 5218 2557 5273 Et
2594 5238 2685 5290 pro
2721 5222 2811 5284 eis,
2840 5221 3037 5289 inquit,
3083 5238 3192 5291 ego,
3226 5222 3277 5276 id
3307 5232 3405 5287 est,
3448 5223 3587 5292 quod
3616 5216 3815 5294 prosnt'

2204 5312 2364 5366 etiam
2402 5313 2548 5382 ipsis,
2577 5313 2697 5381 quia
2733 5322 2785 5368 et
2825 5314 2924 5382 ipsi
2951 5322 3225 5383 suutego;
3268 5315 3403 5369 sicut
3428 5315 3556 5370 mihi
3587 5316 3789 5386 profuit

2206 5402 2259 5457 in
2291 5396 2411 5471 'me,
2439 5405 2560 5473 quia
2592 5404 2752 5458 homo
2777 5419 2898 5459 sum
2943 5404 3057 5458 sine
3084 5404 3212 5473 ipsis
3241 5424 3253 5459 :
3283 5404 3352 5459 Et
3389 5423 3479 5477 ego
3521 5408 3795 5476 sanctiﬁco

2206 5497 2472 5563 meipsum,
2497 5495 2596 5550 hoc
2618 5504 2717 5560 est,
2744 5496 2887 5564 ipsos
2913 5495 2963 5548 in
2985 5510 3070 5550 me
3101 5505 3345 5566 tanquam
3369 5499 3629 5567 meipsum
3658 5514 3790 5552 sau-

2206 5589 2383 5643 ctiﬁcn
2420 5603 2540 5659 ego,
2587 5589 2837 5660 quoniam
2869 5589 2919 5642 in
2953 5603 3039 5644 me
3065 5590 3224 5644 etiam
3250 5591 3350 5659 ipsi
3381 5599 3506 5645 sunt
3548 5606 3667 5662 ego.
3711 5590 3788 5647 Ut

2206 5681 2306 5734 sint
2330 5690 2375 5735 et
2394 5682 2491 5749 ipsi
2515 5679 2813 5749 sanctiﬁcati
2837 5680 2889 5734 in
2918 5682 3141 5734 veritate.
3163 5680 3298 5748 Quid
3325 5689 3407 5735 est
3431 5689 3477 5735 et
3505 5682 3621 5751 ipsi,
3648 5684 3781 5748 nisu,

2208 5776 2652 5841 quemadmodum
2676 5790 2809 5846 ego;
2850 5779 2902 5828 in
2930 5776 3151 5838 veritate,
3176 5774 3316 5844 quod
3347 5774 3459 5843 ipse
3496 5789 3613 5828 sum
3639 5789 3739 5844 ego
3760 5776 3789 5829 ἳ

2214 5866 2410 5923 Deinde
2454 5870 2560 5936 jam
2608 5885 2711 5927 non
2744 5869 2913 5925 solum
2958 5870 3024 5927 de
3067 5869 3352 5939 Apostolis,
3386 5864 3482 5924 sed
3511 5868 3679 5931 etiam
3715 5872 3787 5923 de
