  <div class='ocr_page' id='page_1' title='image "/cluster/home/n/w/nwhite01/storage/ocr_20150623/35/hvd.32044015706302/308.png"; bbox 0 0 4076 6484; ppageno 0'>
   <div class='ocr_carea' id='block_1_1' title="bbox 273 346 408 403">
    <p class='ocr_par' dir='ltr' id='par_1_1' title="bbox 273 346 408 403">
     <span class='ocr_line' id='line_1_1' title="bbox 273 346 408 403; baseline -0.03 0"><span class='ocrx_word' id='word_1_1' title='bbox 273 346 408 403; x_wconf 81' lang='grc'><strong>1917</strong></span> 
     </span>
    </p>
   </div>
   <div class='ocr_carea' id='block_1_2' title="bbox 269 444 1842 516">
    <p class='ocr_par' dir='ltr' id='par_1_2' title="bbox 269 444 1842 516">
     <span class='ocr_line' id='line_1_2' title="bbox 269 444 1842 516; baseline -0.01 -2"><span class='ocrx_word' id='word_1_2' title='bbox 269 461 385 515; x_wconf 83' lang='lat' dir='ltr'><strong>suis</strong></span> <span class='ocrx_word' id='word_1_3' title='bbox 409 452 616 510; x_wconf 66' lang='lat' dir='ltr'><strong>caeteris</strong></span> <span class='ocrx_word' id='word_1_4' title='bbox 665 448 918 506; x_wconf 84' lang='lat' dir='ltr'><strong>membris</strong></span> <span class='ocrx_word' id='word_1_5' title='bbox 954 446 1138 516; x_wconf 91' lang='lat' dir='ltr'><strong>incipit</strong></span> <span class='ocrx_word' id='word_1_6' title='bbox 1173 444 1352 503; x_wconf 82' lang='lat' dir='ltr'><strong>dicere</strong></span> <span class='ocrx_word' id='word_1_7' title='bbox 1385 463 1399 500; x_wconf 90' lang='lat'><strong>:</strong></span> <span class='ocrx_word' id='word_1_8' title='bbox 1435 445 1576 516; x_wconf 93' lang='lat' dir='ltr'><strong>quod</strong></span> <span class='ocrx_word' id='word_1_9' title='bbox 1611 444 1842 500; x_wconf 90' lang='lat' dir='ltr'><strong>donante</strong></span> 
     </span>
    </p>
   </div>
   <div class='ocr_carea' id='block_1_3' title="bbox 270 538 1310 620">
    <p class='ocr_par' dir='ltr' id='par_1_3' title="bbox 270 538 1310 620">
     <span class='ocr_line' id='line_1_3' title="bbox 270 538 1310 620; baseline -0.013 -16"><span class='ocrx_word' id='word_1_10' title='bbox 270 549 408 620; x_wconf 90' lang='lat' dir='ltr'><strong>ipso,</strong></span> <span class='ocrx_word' id='word_1_11' title='bbox 439 544 542 600; x_wconf 88' lang='lat' dir='ltr'><strong>alio</strong></span> <span class='ocrx_word' id='word_1_12' title='bbox 573 555 823 598; x_wconf 91' lang='lat' dir='ltr'><strong>sermone</strong></span> <span class='ocrx_word' id='word_1_13' title='bbox 849 538 1181 592; x_wconf 89' lang='lat' dir='ltr'><strong>tractandum</strong></span> <span class='ocrx_word' id='word_1_14' title='bbox 1211 544 1310 591; x_wconf 88' lang='lat' dir='ltr'><strong>est.</strong></span> 
     </span>
    </p>
   </div>
   <div class='ocr_carea' id='block_1_4' title="bbox 767 625 1350 685">
    <p class='ocr_par' dir='ltr' id='par_1_4' title="bbox 767 625 1350 685">
     <span class='ocr_line' id='line_1_4' title="bbox 767 625 1350 685; baseline -0.009 0"><span class='ocrx_word' id='word_1_15' title='bbox 767 626 1178 685; x_wconf 81' lang='lat' dir='ltr'><strong>TRACTATUS</strong></span> <span class='ocrx_word' id='word_1_16' title='bbox 1215 625 1350 682; x_wconf 83' lang='lat' dir='ltr'><strong>CIX.</strong></span> 
     </span>
    </p>
   </div>
   <div class='ocr_carea' id='block_1_5' title="bbox 270 713 1838 790">
    <p class='ocr_par' dir='ltr' id='par_1_5' title="bbox 270 713 1838 790">
     <span class='ocr_line' id='line_1_5' title="bbox 270 713 1838 790; baseline -0.008 -9"><span class='ocrx_word' id='word_1_17' title='bbox 270 726 343 782; x_wconf 83' lang='lat' dir='ltr'><strong>In</strong></span> <span class='ocrx_word' id='word_1_18' title='bbox 365 724 513 790; x_wconf 84' lang='lat' dir='ltr'><strong>illud,</strong></span> <span class='ocrx_word' id='word_1_19' title='bbox 539 721 654 778; x_wconf 91' lang='lat' dir='ltr'><strong>Non</strong></span> <span class='ocrx_word' id='word_1_20' title='bbox 680 735 776 790; x_wconf 92' lang='lat' dir='ltr'><strong>pro</strong></span> <span class='ocrx_word' id='word_1_21' title='bbox 801 719 884 774; x_wconf 90' lang='lat' dir='ltr'><strong>bis</strong></span> <span class='ocrx_word' id='word_1_22' title='bbox 921 727 1098 773; x_wconf 88' lang='lat' dir='ltr'><strong>autem</strong></span> <span class='ocrx_word' id='word_1_23' title='bbox 1122 732 1252 786; x_wconf 88' lang='lat' dir='ltr'><strong>rogo</strong></span> <span class='ocrx_word' id='word_1_24' title='bbox 1287 724 1513 782; x_wconf 90' lang='lat' dir='ltr'><strong>tantum,</strong></span> <span class='ocrx_word' id='word_1_25' title='bbox 1545 713 1639 771; x_wconf 91' lang='lat' dir='ltr'><strong>sed</strong></span> <span class='ocrx_word' id='word_1_26' title='bbox 1664 723 1717 769; x_wconf 90' lang='lat' dir='ltr'><strong>et</strong></span> <span class='ocrx_word' id='word_1_27' title='bbox 1741 728 1838 784; x_wconf 91' lang='lat' dir='ltr'><strong>pro</strong></span> 
     </span>
    </p>
   </div>
   <div class='ocr_carea' id='block_1_6' title="bbox 346 805 1836 885">
    <p class='ocr_par' dir='ltr' id='par_1_6' title="bbox 346 805 1836 885">
     <span class='ocr_line' id='line_1_6' title="bbox 346 805 1836 885; baseline -0.007 -15"><span class='ocrx_word' id='word_1_28' title='bbox 346 816 423 871; x_wconf 88' lang='lat' dir='ltr'><strong>eis</strong></span> <span class='ocrx_word' id='word_1_29' title='bbox 448 813 536 885; x_wconf 86' lang='lat' dir='ltr'><strong>qui</strong></span> <span class='ocrx_word' id='word_1_30' title='bbox 562 811 812 867; x_wconf 89' lang='lat' dir='ltr'><strong>credituri</strong></span> <span class='ocrx_word' id='word_1_31' title='bbox 849 818 973 865; x_wconf 90' lang='lat' dir='ltr'><strong>sunt</strong></span> <span class='ocrx_word' id='word_1_32' title='bbox 1017 823 1112 878; x_wconf 89' lang='lat' dir='ltr'><strong>per</strong></span> <span class='ocrx_word' id='word_1_33' title='bbox 1158 808 1376 863; x_wconf 86' lang='lat' dir='ltr'><strong>verbum</strong></span> <span class='ocrx_word' id='word_1_34' title='bbox 1412 821 1596 861; x_wconf 89' lang='lat' dir='ltr'><strong>eorum</strong></span> <span class='ocrx_word' id='word_1_35' title='bbox 1642 805 1694 859; x_wconf 91' lang='lat' dir='ltr'><strong>in</strong></span> <span class='ocrx_word' id='word_1_36' title='bbox 1728 820 1836 860; x_wconf 90' lang='lat' dir='ltr'><strong>me.</strong></span> 
     </span>
    </p>
   </div>
   <div class='ocr_carea' id='block_1_7' title="bbox 356 901 843 978">
    <p class='ocr_par' dir='ltr' id='par_1_7' title="bbox 356 901 843 978">
     <span class='ocr_line' id='line_1_7' title="bbox 356 901 843 978; baseline -0.016 -16"><span class='ocrx_word' id='word_1_37' title='bbox 356 907 481 978; x_wconf 83' lang='lat' dir='ltr'><strong>Cap.</strong></span> <span class='ocrx_word' id='word_1_38' title='bbox 504 920 637 968; x_wconf 80' lang='lat' dir='ltr'><strong>xvu,</strong></span> <span class='ocrx_word' id='word_1_39' title='bbox 657 904 693 974; x_wconf 61' lang='grc' dir='ltr'><em>á¾—</em></span> <span class='ocrx_word' id='word_1_40' title='bbox 717 943 731 955; x_wconf 93' lang='grc'><strong>.</strong></span> <span class='ocrx_word' id='word_1_41' title='bbox 753 901 843 956; x_wconf 79' lang='grc'><strong>20.</strong></span> 
     </span>
    </p>
   </div>
   <div class='ocr_carea' id='block_1_8' title="bbox 348 988 1841 1062">
    <p class='ocr_par' dir='ltr' id='par_1_8' title="bbox 348 988 1841 1062">
     <span class='ocr_line' id='line_1_8' title="bbox 348 988 1841 1062; baseline -0.005 -9"><span class='ocrx_word' id='word_1_42' title='bbox 348 999 400 1053; x_wconf 93' lang='grc'><strong>1.</strong></span> <span class='ocrx_word' id='word_1_43' title='bbox 442 996 696 1052; x_wconf 86' lang='lat' dir='ltr'><strong>Dominus</strong></span> <span class='ocrx_word' id='word_1_44' title='bbox 724 995 878 1048; x_wconf 88' lang='lat' dir='ltr'><strong>.lesus</strong></span> <span class='ocrx_word' id='word_1_45' title='bbox 899 991 1010 1061; x_wconf 87' lang='lat' dir='ltr'><strong>jam</strong></span> <span class='ocrx_word' id='word_1_46' title='bbox 1035 1005 1130 1046; x_wconf 89' lang='lat' dir='ltr'><strong>sua</strong></span> <span class='ocrx_word' id='word_1_47' title='bbox 1152 990 1539 1062; x_wconf 82' lang='lat' dir='ltr'><strong>propinquante</strong></span> <span class='ocrx_word' id='word_1_48' title='bbox 1575 988 1841 1059; x_wconf 83' lang='lat' dir='ltr'><strong>passione,</strong></span> 
     </span>
    </p>
   </div>
   <div class='ocr_carea' id='block_1_9' title="bbox 271 1069 1849 1156">
    <p class='ocr_par' dir='ltr' id='par_1_9' title="bbox 271 1069 1849 1156">
     <span class='ocr_line' id='line_1_9' title="bbox 271 1069 1849 1156; baseline -0.006 -12"><span class='ocrx_word' id='word_1_49' title='bbox 271 1104 397 1145; x_wconf 91' lang='lat' dir='ltr'><strong>cum</strong></span> <span class='ocrx_word' id='word_1_50' title='bbox 419 1095 622 1142; x_wconf 81' lang='lat' dir='ltr'><strong>orasset</strong></span> <span class='ocrx_word' id='word_1_51' title='bbox 645 1101 738 1156; x_wconf 89' lang='lat' dir='ltr'><strong>pro</strong></span> <span class='ocrx_word' id='word_1_52' title='bbox 766 1069 1036 1154; x_wconf 77' lang='lat' dir='ltr'><strong>discipulis</strong></span> <span class='ocrx_word' id='word_1_53' title='bbox 1059 1083 1189 1150; x_wconf 88' lang='lat' dir='ltr'><strong>suis,</strong></span> <span class='ocrx_word' id='word_1_54' title='bbox 1219 1097 1351 1153; x_wconf 92' lang='lat' dir='ltr'><strong>quos</strong></span> <span class='ocrx_word' id='word_1_55' title='bbox 1373 1090 1426 1136; x_wconf 92' lang='lat' dir='ltr'><strong>et</strong></span> <span class='ocrx_word' id='word_1_56' title='bbox 1450 1081 1731 1151; x_wconf 83' lang='lat' dir='ltr'><strong>Apostolos</strong></span> <span class='ocrx_word' id='word_1_57' title='bbox 1752 1095 1849 1135; x_wconf 90' lang='lat' dir='ltr'><strong>no-</strong></span> 
     </span>
    </p>
   </div>
   <div class='ocr_carea' id='block_1_10' title="bbox 270 1169 1849 1245">
    <p class='ocr_par' dir='ltr' id='par_1_10' title="bbox 270 1169 1849 1245">
     <span class='ocr_line' id='line_1_10' title="bbox 270 1169 1849 1245; baseline -0.006 -9"><span class='ocrx_word' id='word_1_58' title='bbox 270 1178 520 1240; x_wconf 85' lang='lat' dir='ltr'><strong>minavit,</strong></span> <span class='ocrx_word' id='word_1_59' title='bbox 545 1191 665 1230; x_wconf 90' lang='lat' dir='ltr'><strong>cum</strong></span> <span class='ocrx_word' id='word_1_60' title='bbox 694 1175 885 1245; x_wconf 87' lang='lat' dir='ltr'><strong>quibus</strong></span> <span class='ocrx_word' id='word_1_61' title='bbox 918 1179 1224 1228; x_wconf 71' lang='lat' dir='ltr'><strong>cmnaverat</strong></span> <span class='ocrx_word' id='word_1_62' title='bbox 1261 1171 1497 1225; x_wconf 85' lang='lat' dir='ltr'><strong>ultimam</strong></span> <span class='ocrx_word' id='word_1_63' title='bbox 1521 1185 1753 1238; x_wconf 69' lang='lat' dir='ltr'><strong>orenam,</strong></span> <span class='ocrx_word' id='word_1_64' title='bbox 1781 1169 1849 1226; x_wconf 88' lang='lat' dir='ltr'><strong>de</strong></span> 
     </span>
    </p>
   </div>
   <div class='ocr_carea' id='block_1_11' title="bbox 271 1262 1844 1340">
    <p class='ocr_par' dir='ltr' id='par_1_11' title="bbox 271 1262 1844 1340">
     <span class='ocr_line' id='line_1_11' title="bbox 271 1262 1844 1340; baseline -0.006 -16"><span class='ocrx_word' id='word_1_65' title='bbox 271 1287 374 1340; x_wconf 86' lang='lat' dir='ltr'><strong>qua</strong></span> <span class='ocrx_word' id='word_1_66' title='bbox 409 1269 628 1324; x_wconf 88' lang='lat' dir='ltr'><strong>traditor</strong></span> <span class='ocrx_word' id='word_1_67' title='bbox 654 1268 769 1337; x_wconf 87' lang='lat' dir='ltr'><strong>ejus</strong></span> <span class='ocrx_word' id='word_1_68' title='bbox 786 1281 880 1336; x_wconf 92' lang='lat' dir='ltr'><strong>per</strong></span> <span class='ocrx_word' id='word_1_69' title='bbox 903 1264 1192 1320; x_wconf 90' lang='lat' dir='ltr'><strong>buccellam</strong></span> <span class='ocrx_word' id='word_1_70' title='bbox 1224 1262 1590 1318; x_wconf 85' lang='lat' dir='ltr'><strong>manifestatus</strong></span> <span class='ocrx_word' id='word_1_71' title='bbox 1619 1262 1844 1329; x_wconf 82' lang='lat' dir='ltr'><strong>exierat,</strong></span> 
     </span>
    </p>
   </div>
   <div class='ocr_carea' id='block_1_12' title="bbox 271 1353 1850 1432">
    <p class='ocr_par' dir='ltr' id='par_1_12' title="bbox 271 1353 1850 1432">
     <span class='ocr_line' id='line_1_12' title="bbox 271 1353 1850 1432; baseline -0.006 -14"><span class='ocrx_word' id='word_1_72' title='bbox 271 1373 326 1418; x_wconf 88' lang='lat' dir='ltr'><strong>et</strong></span> <span class='ocrx_word' id='word_1_73' title='bbox 353 1377 476 1417; x_wconf 90' lang='lat' dir='ltr'><strong>cum</strong></span> <span class='ocrx_word' id='word_1_74' title='bbox 504 1361 694 1432; x_wconf 89' lang='lat' dir='ltr'><strong>quibus</strong></span> <span class='ocrx_word' id='word_1_75' title='bbox 724 1367 842 1428; x_wconf 87' lang='lat' dir='ltr'><strong>post</strong></span> <span class='ocrx_word' id='word_1_76' title='bbox 876 1358 992 1428; x_wconf 88' lang='lat' dir='ltr'><strong>ejus</strong></span> <span class='ocrx_word' id='word_1_77' title='bbox 1025 1372 1296 1428; x_wconf 86' lang='lat' dir='ltr'><strong>egressum</strong></span> <span class='ocrx_word' id='word_1_78' title='bbox 1339 1365 1619 1426; x_wconf 87' lang='lat' dir='ltr'><strong>antequam</strong></span> <span class='ocrx_word' id='word_1_79' title='bbox 1646 1369 1743 1426; x_wconf 87' lang='lat' dir='ltr'><strong>pro</strong></span> <span class='ocrx_word' id='word_1_80' title='bbox 1771 1353 1850 1408; x_wconf 88' lang='lat' dir='ltr'><strong>eis</strong></span> 
     </span>
    </p>
   </div>
   <div class='ocr_carea' id='block_1_13' title="bbox 272 1447 1852 1522">
    <p class='ocr_par' dir='ltr' id='par_1_13' title="bbox 272 1447 1852 1522">
     <span class='ocr_line' id='line_1_13' title="bbox 272 1447 1852 1522; baseline -0.005 -14"><span class='ocrx_word' id='word_1_81' title='bbox 272 1461 474 1520; x_wconf 86' lang='lat' dir='ltr'><strong>oraret,</strong></span> <span class='ocrx_word' id='word_1_82' title='bbox 511 1453 672 1506; x_wconf 89' lang='lat' dir='ltr'><strong>multa</strong></span> <span class='ocrx_word' id='word_1_83' title='bbox 696 1451 803 1522; x_wconf 88' lang='lat' dir='ltr'><strong>jam</strong></span> <span class='ocrx_word' id='word_1_84' title='bbox 831 1449 999 1506; x_wconf 80' lang='lat' dir='ltr'><strong>fuerat</strong></span> <span class='ocrx_word' id='word_1_85' title='bbox 1027 1448 1263 1514; x_wconf 88' lang='lat' dir='ltr'><strong>locutus;</strong></span> <span class='ocrx_word' id='word_1_86' title='bbox 1292 1447 1531 1518; x_wconf 81' lang='lat' dir='ltr'><strong>adjunxit</strong></span> <span class='ocrx_word' id='word_1_87' title='bbox 1556 1455 1609 1502; x_wconf 89' lang='lat' dir='ltr'><strong>et</strong></span> <span class='ocrx_word' id='word_1_88' title='bbox 1628 1454 1852 1502; x_wconf 68' lang='lat' dir='ltr'><strong>cancros</strong></span> 
     </span>
    </p>
   </div>
   <div class='ocr_carea' id='block_1_14' title="bbox 271 1537 1850 1615">
    <p class='ocr_par' dir='ltr' id='par_1_14' title="bbox 271 1537 1850 1615">
     <span class='ocr_line' id='line_1_14' title="bbox 271 1537 1850 1615; baseline -0.004 -17"><span class='ocrx_word' id='word_1_89' title='bbox 271 1544 363 1615; x_wconf 90' lang='lat' dir='ltr'><strong>qui</strong></span> <span class='ocrx_word' id='word_1_90' title='bbox 396 1545 450 1600; x_wconf 91' lang='lat' dir='ltr'><strong>in</strong></span> <span class='ocrx_word' id='word_1_91' title='bbox 477 1558 596 1600; x_wconf 89' lang='lat' dir='ltr'><strong>eum</strong></span> <span class='ocrx_word' id='word_1_92' title='bbox 626 1541 832 1597; x_wconf 84' lang='lat' dir='ltr'><strong>fuerant</strong></span> <span class='ocrx_word' id='word_1_93' title='bbox 858 1540 1134 1609; x_wconf 87' lang='lat' dir='ltr'><strong>credituri,</strong></span> <span class='ocrx_word' id='word_1_94' title='bbox 1168 1548 1223 1596; x_wconf 89' lang='lat' dir='ltr'><strong>et</strong></span> <span class='ocrx_word' id='word_1_95' title='bbox 1246 1540 1321 1594; x_wconf 91' lang='lat' dir='ltr'><strong>ait</strong></span> <span class='ocrx_word' id='word_1_96' title='bbox 1357 1539 1424 1594; x_wconf 89' lang='lat' dir='ltr'><strong>ad</strong></span> <span class='ocrx_word' id='word_1_97' title='bbox 1467 1539 1699 1606; x_wconf 84' lang='lat' dir='ltr'><strong>Patrem,</strong></span> <span class='ocrx_word' id='word_1_98' title='bbox 1730 1537 1850 1592; x_wconf 87' lang='lat' dir='ltr'><strong>Non</strong></span> 
     </span>
    </p>
   </div>
   <div class='ocr_carea' id='block_1_15' title="bbox 271 1629 1852 1707">
    <p class='ocr_par' dir='ltr' id='par_1_15' title="bbox 271 1629 1852 1707">
     <span class='ocr_line' id='line_1_15' title="bbox 271 1629 1852 1707; baseline -0.003 -18"><span class='ocrx_word' id='word_1_99' title='bbox 271 1653 366 1707; x_wconf 83' lang='lat' dir='ltr'><strong>pro</strong></span> <span class='ocrx_word' id='word_1_100' title='bbox 389 1635 470 1690; x_wconf 75' lang='lat' dir='ltr'><strong>his</strong></span> <span class='ocrx_word' id='word_1_101' title='bbox 505 1643 673 1688; x_wconf 81' lang='lat' dir='ltr'><strong>autem</strong></span> <span class='ocrx_word' id='word_1_102' title='bbox 701 1650 821 1704; x_wconf 86' lang='lat' dir='ltr'><strong>rogo</strong></span> <span class='ocrx_word' id='word_1_103' title='bbox 852 1642 1064 1699; x_wconf 85' lang='lat' dir='ltr'><strong>tantum,</strong></span> <span class='ocrx_word' id='word_1_104' title='bbox 1110 1632 1164 1687; x_wconf 90' lang='lat' dir='ltr'><strong>id</strong></span> <span class='ocrx_word' id='word_1_105' title='bbox 1208 1640 1291 1687; x_wconf 91' lang='lat' dir='ltr'><strong>est</strong></span> <span class='ocrx_word' id='word_1_106' title='bbox 1325 1647 1419 1700; x_wconf 89' lang='lat' dir='ltr'><strong>pro</strong></span> <span class='ocrx_word' id='word_1_107' title='bbox 1460 1630 1732 1700; x_wconf 88' lang='lat' dir='ltr'><strong>discipulis</strong></span> <span class='ocrx_word' id='word_1_108' title='bbox 1761 1629 1852 1700; x_wconf 87' lang='lat' dir='ltr'><strong>qui</strong></span> 
     </span>
    </p>
   </div>
   <div class='ocr_carea' id='block_1_16' title="bbox 271 1721 1861 1795">
    <p class='ocr_par' dir='ltr' id='par_1_16' title="bbox 271 1721 1861 1795">
     <span class='ocr_line' id='line_1_16' title="bbox 271 1721 1861 1795; baseline -0.006 -12"><span class='ocrx_word' id='word_1_109' title='bbox 271 1741 398 1782; x_wconf 86' lang='lat' dir='ltr'><strong>cum</strong></span> <span class='ocrx_word' id='word_1_110' title='bbox 431 1727 521 1782; x_wconf 89' lang='lat' dir='ltr'><strong>illo</strong></span> <span class='ocrx_word' id='word_1_111' title='bbox 549 1735 674 1782; x_wconf 92' lang='lat' dir='ltr'><strong>tunc</strong></span> <span class='ocrx_word' id='word_1_112' title='bbox 694 1734 848 1781; x_wconf 88' lang='lat' dir='ltr'><strong>erant</strong></span> <span class='ocrx_word' id='word_1_113' title='bbox 866 1743 878 1779; x_wconf 92' lang='lat'>:</span> <span class='ocrx_word' id='word_1_114' title='bbox 899 1725 989 1779; x_wconf 79' lang='lat' dir='ltr'><strong>sed</strong></span> <span class='ocrx_word' id='word_1_115' title='bbox 1009 1733 1052 1778; x_wconf 86' lang='lat' dir='ltr'><strong>et</strong></span> <span class='ocrx_word' id='word_1_116' title='bbox 1073 1741 1166 1795; x_wconf 85' lang='lat' dir='ltr'><strong>pro</strong></span> <span class='ocrx_word' id='word_1_117' title='bbox 1191 1725 1281 1790; x_wconf 82' lang='lat' dir='ltr'><strong>eis,</strong></span> <span class='ocrx_word' id='word_1_118' title='bbox 1306 1723 1494 1793; x_wconf 88' lang='lat' dir='ltr'><strong>inquit,</strong></span> <span class='ocrx_word' id='word_1_119' title='bbox 1511 1722 1596 1792; x_wconf 87' lang='lat' dir='ltr'><strong>qui</strong></span> <span class='ocrx_word' id='word_1_120' title='bbox 1615 1721 1861 1777; x_wconf 74' lang='lat' dir='ltr'><strong>credituri</strong></span> 
     </span>
    </p>
   </div>
   <div class='ocr_carea' id='block_1_17' title="bbox 267 1813 1847 1892">
    <p class='ocr_par' dir='ltr' id='par_1_17' title="bbox 267 1813 1847 1892">
     <span class='ocr_line' id='line_1_17' title="bbox 267 1813 1847 1892; baseline -0.005 -16"><span class='ocrx_word' id='word_1_121' title='bbox 267 1829 385 1876; x_wconf 67' lang='lat' dir='ltr'><strong>cunt</strong></span> <span class='ocrx_word' id='word_1_122' title='bbox 414 1837 504 1892; x_wconf 81' lang='lat' dir='ltr'><strong>per</strong></span> <span class='ocrx_word' id='word_1_123' title='bbox 526 1820 726 1874; x_wconf 84' lang='lat' dir='ltr'><strong>verbum</strong></span> <span class='ocrx_word' id='word_1_124' title='bbox 745 1834 915 1873; x_wconf 86' lang='lat' dir='ltr'><strong>eorum</strong></span> <span class='ocrx_word' id='word_1_125' title='bbox 939 1817 990 1871; x_wconf 88' lang='lat' dir='ltr'><strong>in</strong></span> <span class='ocrx_word' id='word_1_126' title='bbox 1012 1833 1109 1871; x_wconf 85' lang='lat' dir='ltr'><strong>me.</strong></span> <span class='ocrx_word' id='word_1_127' title='bbox 1141 1815 1235 1873; x_wconf 86' lang='lat' dir='ltr'><strong>Ubi</strong></span> <span class='ocrx_word' id='word_1_128' title='bbox 1263 1829 1450 1871; x_wconf 90' lang='lat' dir='ltr'><strong>omnes</strong></span> <span class='ocrx_word' id='word_1_129' title='bbox 1476 1829 1601 1870; x_wconf 91' lang='lat' dir='ltr'><strong>suos</strong></span> <span class='ocrx_word' id='word_1_130' title='bbox 1623 1813 1847 1884; x_wconf 78' lang='lat' dir='ltr'><strong>intelligi</strong></span> 
     </span>
    </p>
   </div>
   <div class='ocr_carea' id='block_1_18' title="bbox 267 1906 1849 1981">
    <p class='ocr_par' dir='ltr' id='par_1_18' title="bbox 267 1906 1849 1981">
     <span class='ocr_line' id='line_1_18' title="bbox 267 1906 1849 1981; baseline -0.004 -14"><span class='ocrx_word' id='word_1_131' title='bbox 267 1912 460 1977; x_wconf 90' lang='lat' dir='ltr'><strong>voluit,</strong></span> <span class='ocrx_word' id='word_1_132' title='bbox 494 1927 599 1966; x_wconf 92' lang='lat' dir='ltr'><strong>non</strong></span> <span class='ocrx_word' id='word_1_133' title='bbox 621 1911 794 1966; x_wconf 90' lang='lat' dir='ltr'><strong>solum</strong></span> <span class='ocrx_word' id='word_1_134' title='bbox 823 1909 911 1981; x_wconf 90' lang='lat' dir='ltr'><strong>qui</strong></span> <span class='ocrx_word' id='word_1_135' title='bbox 943 1918 1070 1964; x_wconf 91' lang='lat' dir='ltr'><strong>tunc</strong></span> <span class='ocrx_word' id='word_1_136' title='bbox 1099 1916 1249 1964; x_wconf 90' lang='lat' dir='ltr'><strong>erant</strong></span> <span class='ocrx_word' id='word_1_137' title='bbox 1277 1909 1329 1963; x_wconf 95' lang='lat' dir='ltr'><strong>in</strong></span> <span class='ocrx_word' id='word_1_138' title='bbox 1358 1923 1540 1975; x_wconf 87' lang='lat' dir='ltr'><strong>carne,</strong></span> <span class='ocrx_word' id='word_1_139' title='bbox 1569 1906 1663 1962; x_wconf 90' lang='lat' dir='ltr'><strong>sed</strong></span> <span class='ocrx_word' id='word_1_140' title='bbox 1688 1907 1849 1961; x_wconf 90' lang='lat' dir='ltr'><strong>etiam</strong></span> 
     </span>
    </p>
   </div>
   <div class='ocr_carea' id='block_1_19' title="bbox 269 1998 1851 2074">
    <p class='ocr_par' dir='ltr' id='par_1_19' title="bbox 269 1998 1851 2074">
     <span class='ocr_line' id='line_1_19' title="bbox 269 1998 1851 2074; baseline -0.003 -18"><span class='ocrx_word' id='word_1_141' title='bbox 269 2004 360 2074; x_wconf 91' lang='lat' dir='ltr'><strong>qui</strong></span> <span class='ocrx_word' id='word_1_142' title='bbox 391 2002 556 2059; x_wconf 88' lang='lat' dir='ltr'><strong>futuri</strong></span> <span class='ocrx_word' id='word_1_143' title='bbox 583 2010 754 2058; x_wconf 87' lang='lat' dir='ltr'><strong>erant.</strong></span> <span class='ocrx_word' id='word_1_144' title='bbox 777 2003 1048 2072; x_wconf 87' lang='lat' dir='ltr'><strong>Quotquot</strong></span> <span class='ocrx_word' id='word_1_145' title='bbox 1062 2001 1204 2056; x_wconf 92' lang='lat' dir='ltr'><strong>enim</strong></span> <span class='ocrx_word' id='word_1_146' title='bbox 1231 2009 1412 2070; x_wconf 91' lang='lat' dir='ltr'><strong>postea</strong></span> <span class='ocrx_word' id='word_1_147' title='bbox 1433 1998 1776 2054; x_wconf 88' lang='lat' dir='ltr'><strong>crediderunt</strong></span> <span class='ocrx_word' id='word_1_148' title='bbox 1796 1999 1851 2052; x_wconf 88' lang='lat' dir='ltr'><strong>in</strong></span> 
     </span>
    </p>
   </div>
   <div class='ocr_carea' id='block_1_20' title="bbox 269 2087 1849 2162">
    <p class='ocr_par' dir='ltr' id='par_1_20' title="bbox 269 2087 1849 2162">
     <span class='ocr_line' id='line_1_20' title="bbox 269 2087 1849 2162; baseline -0.004 -14"><span class='ocrx_word' id='word_1_149' title='bbox 269 2108 418 2158; x_wconf 88' lang='lat' dir='ltr'><strong>eum,</strong></span> <span class='ocrx_word' id='word_1_150' title='bbox 441 2107 540 2162; x_wconf 89' lang='lat' dir='ltr'><strong>per</strong></span> <span class='ocrx_word' id='word_1_151' title='bbox 589 2092 806 2147; x_wconf 85' lang='lat' dir='ltr'><strong>verbum</strong></span> <span class='ocrx_word' id='word_1_152' title='bbox 837 2091 1214 2160; x_wconf 89' lang='lat' dir='ltr'><strong>Apostolorum</strong></span> <span class='ocrx_word' id='word_1_153' title='bbox 1264 2090 1379 2144; x_wconf 89' lang='lat' dir='ltr'><strong>sine</strong></span> <span class='ocrx_word' id='word_1_154' title='bbox 1416 2087 1578 2144; x_wconf 90' lang='lat' dir='ltr'><strong>dubio</strong></span> <span class='ocrx_word' id='word_1_155' title='bbox 1605 2087 1849 2143; x_wconf 91' lang='lat' dir='ltr'><strong>credide-</strong></span> 
     </span>
    </p>
   </div>
   <div class='ocr_carea' id='block_1_21' title="bbox 269 2176 1852 2250">
    <p class='ocr_par' dir='ltr' id='par_1_21' title="bbox 269 2176 1852 2250">
     <span class='ocr_line' id='line_1_21' title="bbox 269 2176 1852 2250; baseline -0.004 -12"><span class='ocrx_word' id='word_1_156' title='bbox 269 2191 418 2250; x_wconf 89' lang='lat' dir='ltr'><strong>runt,</strong></span> <span class='ocrx_word' id='word_1_157' title='bbox 445 2190 500 2237; x_wconf 90' lang='lat' dir='ltr'><strong>et</strong></span> <span class='ocrx_word' id='word_1_158' title='bbox 525 2182 695 2237; x_wconf 90' lang='lat' dir='ltr'><strong>donec</strong></span> <span class='ocrx_word' id='word_1_159' title='bbox 723 2182 920 2246; x_wconf 89' lang='lat' dir='ltr'><strong>veniat,</strong></span> <span class='ocrx_word' id='word_1_160' title='bbox 948 2180 1201 2236; x_wconf 90' lang='lat' dir='ltr'><strong>credituri</strong></span> <span class='ocrx_word' id='word_1_161' title='bbox 1233 2187 1357 2234; x_wconf 89' lang='lat' dir='ltr'><strong>sunt</strong></span> <span class='ocrx_word' id='word_1_162' title='bbox 1381 2197 1393 2232; x_wconf 93' lang='lat'><strong>:</strong></span> <span class='ocrx_word' id='word_1_163' title='bbox 1432 2178 1561 2248; x_wconf 88' lang='lat' dir='ltr'><strong>ipsis</strong></span> <span class='ocrx_word' id='word_1_164' title='bbox 1590 2177 1732 2234; x_wconf 91' lang='lat' dir='ltr'><strong>enim</strong></span> <span class='ocrx_word' id='word_1_165' title='bbox 1766 2176 1852 2232; x_wconf 87' lang='lat' dir='ltr'><strong>di-</strong></span> 
     </span>
    </p>
   </div>
   <div class='ocr_carea' id='block_1_22' title="bbox 269 2269 1848 2343">
    <p class='ocr_par' dir='ltr' id='par_1_22' title="bbox 269 2269 1848 2343">
     <span class='ocr_line' id='line_1_22' title="bbox 269 2269 1848 2343; baseline -0.004 -15"><span class='ocrx_word' id='word_1_166' title='bbox 269 2281 446 2340; x_wconf 80' lang='lat' dir='ltr'><strong>xerat,</strong></span> <span class='ocrx_word' id='word_1_167' title='bbox 475 2271 544 2329; x_wconf 87' lang='lat' dir='ltr'><strong>Et</strong></span> <span class='ocrx_word' id='word_1_168' title='bbox 568 2290 654 2328; x_wconf 78' lang='lat' dir='ltr'><strong>vos</strong></span> <span class='ocrx_word' id='word_1_169' title='bbox 697 2273 1037 2327; x_wconf 78' lang='lat' dir='ltr'><strong>testimonium</strong></span> <span class='ocrx_word' id='word_1_170' title='bbox 1084 2270 1419 2343; x_wconf 79' lang='lat' dir='ltr'><strong>perhibebitis,</strong></span> <span class='ocrx_word' id='word_1_171' title='bbox 1461 2271 1578 2341; x_wconf 84' lang='lat' dir='ltr'><strong>quia</strong></span> <span class='ocrx_word' id='word_1_172' title='bbox 1615 2269 1676 2323; x_wconf 89' lang='lat' dir='ltr'><strong>ab</strong></span> <span class='ocrx_word' id='word_1_173' title='bbox 1704 2270 1848 2323; x_wconf 83' lang='lat' dir='ltr'><strong>initio</strong></span> 
     </span>
    </p>
   </div>
   <div class='ocr_carea' id='block_1_23' title="bbox 269 2362 1851 2437">
    <p class='ocr_par' dir='ltr' id='par_1_23' title="bbox 269 2362 1851 2437">
     <span class='ocr_line' id='line_1_23' title="bbox 269 2362 1851 2437; baseline -0.003 -17"><span class='ocrx_word' id='word_1_174' title='bbox 269 2381 469 2420; x_wconf 82' lang='lat' dir='ltr'><strong>mecum</strong></span> <span class='ocrx_word' id='word_1_175' title='bbox 494 2366 611 2420; x_wconf 75' lang='lat' dir='ltr'><strong>estis</strong></span> <span class='ocrx_word' id='word_1_176' title='bbox 653 2363 830 2437; x_wconf 79' lang='lat' dir='ltr'><strong>(Joan.</strong></span> <span class='ocrx_word' id='word_1_177' title='bbox 863 2380 950 2431; x_wconf 81' lang='lat' dir='ltr'><strong>xv,</strong></span> <span class='ocrx_word' id='word_1_178' title='bbox 995 2363 1125 2435; x_wconf 72' lang='lat'><strong>27);</strong></span> <span class='ocrx_word' id='word_1_179' title='bbox 1167 2372 1220 2418; x_wconf 89' lang='lat' dir='ltr'><strong>et</strong></span> <span class='ocrx_word' id='word_1_180' title='bbox 1245 2379 1340 2434; x_wconf 88' lang='lat' dir='ltr'><strong>per</strong></span> <span class='ocrx_word' id='word_1_181' title='bbox 1381 2363 1479 2418; x_wconf 90' lang='lat' dir='ltr'><strong>hos</strong></span> <span class='ocrx_word' id='word_1_182' title='bbox 1507 2362 1851 2432; x_wconf 84' lang='lat' dir='ltr'><strong>Evangelium</strong></span> 
     </span>
    </p>
   </div>
   <div class='ocr_carea' id='block_1_24' title="bbox 269 2455 1855 2526">
    <p class='ocr_par' dir='ltr' id='par_1_24' title="bbox 269 2455 1855 2526">
     <span class='ocr_line' id='line_1_24' title="bbox 269 2455 1855 2526; baseline -0.003 -12"><span class='ocrx_word' id='word_1_183' title='bbox 269 2458 634 2515; x_wconf 91' lang='lat' dir='ltr'><strong>ministratum</strong></span> <span class='ocrx_word' id='word_1_184' title='bbox 664 2464 765 2524; x_wconf 89' lang='lat' dir='ltr'><strong>est,</strong></span> <span class='ocrx_word' id='word_1_185' title='bbox 795 2465 851 2512; x_wconf 93' lang='lat' dir='ltr'><strong>et</strong></span> <span class='ocrx_word' id='word_1_186' title='bbox 887 2466 1170 2526; x_wconf 89' lang='lat' dir='ltr'><strong>antequam</strong></span> <span class='ocrx_word' id='word_1_187' title='bbox 1217 2456 1557 2520; x_wconf 84' lang='lat' dir='ltr'><strong>scriberetur,</strong></span> <span class='ocrx_word' id='word_1_188' title='bbox 1586 2463 1640 2510; x_wconf 89' lang='lat' dir='ltr'><strong>et</strong></span> <span class='ocrx_word' id='word_1_189' title='bbox 1672 2455 1855 2523; x_wconf 87' lang='lat' dir='ltr'><strong>utique</strong></span> 
     </span>
    </p>
   </div>
   <div class='ocr_carea' id='block_1_25' title="bbox 269 2543 1856 2619">
    <p class='ocr_par' dir='ltr' id='par_1_25' title="bbox 269 2543 1856 2619">
     <span class='ocr_line' id='line_1_25' title="bbox 269 2543 1856 2619; baseline -0.004 -15"><span class='ocrx_word' id='word_1_190' title='bbox 269 2549 515 2619; x_wconf 85' lang='lat' dir='ltr'><strong>quisquis</strong></span> <span class='ocrx_word' id='word_1_191' title='bbox 527 2549 582 2603; x_wconf 89' lang='lat' dir='ltr'><strong>in</strong></span> <span class='ocrx_word' id='word_1_192' title='bbox 601 2547 867 2602; x_wconf 85' lang='lat' dir='ltr'><strong>Christum</strong></span> <span class='ocrx_word' id='word_1_193' title='bbox 888 2547 1078 2613; x_wconf 89' lang='lat' dir='ltr'><strong>credit,</strong></span> <span class='ocrx_word' id='word_1_194' title='bbox 1106 2545 1390 2616; x_wconf 86' lang='lat' dir='ltr'><strong>Evangelio</strong></span> <span class='ocrx_word' id='word_1_195' title='bbox 1411 2544 1596 2600; x_wconf 90' lang='lat' dir='ltr'><strong>credit.</strong></span> <span class='ocrx_word' id='word_1_196' title='bbox 1619 2543 1735 2599; x_wconf 88' lang='lat' dir='ltr'><strong>Non</strong></span> <span class='ocrx_word' id='word_1_197' title='bbox 1758 2545 1856 2598; x_wconf 83' lang='lat' dir='ltr'><strong>ita-</strong></span> 
     </span>
    </p>
   </div>
   <div class='ocr_carea' id='block_1_26' title="bbox 269 2635 1854 2708">
    <p class='ocr_par' dir='ltr' id='par_1_26' title="bbox 269 2635 1854 2708">
     <span class='ocr_line' id='line_1_26' title="bbox 269 2635 1854 2708; baseline -0.002 -16"><span class='ocrx_word' id='word_1_198' title='bbox 269 2653 375 2708; x_wconf 89' lang='lat' dir='ltr'><strong>que</strong></span> <span class='ocrx_word' id='word_1_199' title='bbox 400 2639 456 2695; x_wconf 89' lang='lat' dir='ltr'><strong>hi</strong></span> <span class='ocrx_word' id='word_1_200' title='bbox 487 2647 690 2693; x_wconf 86' lang='lat' dir='ltr'><strong>tantum</strong></span> <span class='ocrx_word' id='word_1_201' title='bbox 721 2636 1046 2708; x_wconf 77' lang='lat' dir='ltr'><strong>intelligendi</strong></span> <span class='ocrx_word' id='word_1_202' title='bbox 1070 2645 1216 2704; x_wconf 90' lang='lat' dir='ltr'><strong>sunt,</strong></span> <span class='ocrx_word' id='word_1_203' title='bbox 1244 2651 1377 2706; x_wconf 91' lang='lat' dir='ltr'><strong>quos</strong></span> <span class='ocrx_word' id='word_1_204' title='bbox 1411 2635 1486 2689; x_wconf 88' lang='lat' dir='ltr'><strong>ait</strong></span> <span class='ocrx_word' id='word_1_205' title='bbox 1520 2636 1573 2690; x_wconf 92' lang='lat' dir='ltr'><strong>in</strong></span> <span class='ocrx_word' id='word_1_206' title='bbox 1595 2650 1653 2690; x_wconf 87' lang='lat' dir='ltr'><strong>se</strong></span> <span class='ocrx_word' id='word_1_207' title='bbox 1681 2635 1854 2690; x_wconf 90' lang='lat' dir='ltr'><strong>credi-</strong></span> 
     </span>
    </p>
   </div>
   <div class='ocr_carea' id='block_1_27' title="bbox 271 2725 1852 2800">
    <p class='ocr_par' dir='ltr' id='par_1_27' title="bbox 271 2725 1852 2800">
     <span class='ocr_line' id='line_1_27' title="bbox 271 2725 1852 2800; baseline -0.001 -18"><span class='ocrx_word' id='word_1_208' title='bbox 271 2738 422 2784; x_wconf 89' lang='lat' dir='ltr'><strong>turos</strong></span> <span class='ocrx_word' id='word_1_209' title='bbox 449 2743 544 2800; x_wconf 90' lang='lat' dir='ltr'><strong>per</strong></span> <span class='ocrx_word' id='word_1_210' title='bbox 571 2728 788 2784; x_wconf 89' lang='lat' dir='ltr'><strong>verbum</strong></span> <span class='ocrx_word' id='word_1_211' title='bbox 821 2743 1027 2793; x_wconf 90' lang='lat' dir='ltr'><strong>eorum,</strong></span> <span class='ocrx_word' id='word_1_212' title='bbox 1051 2728 1140 2797; x_wconf 91' lang='lat' dir='ltr'><strong>qui</strong></span> <span class='ocrx_word' id='word_1_213' title='bbox 1170 2728 1330 2796; x_wconf 91' lang='lat' dir='ltr'><strong>ipsos,</strong></span> <span class='ocrx_word' id='word_1_214' title='bbox 1362 2740 1482 2781; x_wconf 91' lang='lat' dir='ltr'><strong>cum</strong></span> <span class='ocrx_word' id='word_1_215' title='bbox 1513 2725 1565 2780; x_wconf 91' lang='lat' dir='ltr'><strong>in</strong></span> <span class='ocrx_word' id='word_1_216' title='bbox 1589 2741 1749 2781; x_wconf 88' lang='lat' dir='ltr'><strong>carne</strong></span> <span class='ocrx_word' id='word_1_217' title='bbox 1771 2726 1852 2780; x_wconf 85' lang='lat' dir='ltr'><strong>vi-</strong></span> 
     </span>
    </p>
   </div>
   <div class='ocr_carea' id='block_1_28' title="bbox 268 2818 1851 2890">
    <p class='ocr_par' dir='ltr' id='par_1_28' title="bbox 268 2818 1851 2890">
     <span class='ocr_line' id='line_1_28' title="bbox 268 2818 1851 2890; baseline -0.001 -16"><span class='ocrx_word' id='word_1_218' title='bbox 268 2830 496 2887; x_wconf 84' lang='lat' dir='ltr'><strong>verent,</strong></span> <span class='ocrx_word' id='word_1_219' title='bbox 549 2821 834 2890; x_wconf 88' lang='lat' dir='ltr'><strong>Apostolos</strong></span> <span class='ocrx_word' id='word_1_220' title='bbox 876 2819 1194 2884; x_wconf 83' lang='lat' dir='ltr'><strong>audierunt;</strong></span> <span class='ocrx_word' id='word_1_221' title='bbox 1242 2818 1335 2873; x_wconf 89' lang='lat' dir='ltr'><strong>sed</strong></span> <span class='ocrx_word' id='word_1_222' title='bbox 1380 2827 1432 2874; x_wconf 89' lang='lat' dir='ltr'><strong>ct</strong></span> <span class='ocrx_word' id='word_1_223' title='bbox 1487 2827 1606 2888; x_wconf 91' lang='lat' dir='ltr'><strong>post</strong></span> <span class='ocrx_word' id='word_1_224' title='bbox 1650 2818 1851 2873; x_wconf 92' lang='lat' dir='ltr'><strong>obitum</strong></span> 
     </span>
    </p>
   </div>
   <div class='ocr_carea' id='block_1_29' title="bbox 269 2909 1851 2981">
    <p class='ocr_par' dir='ltr' id='par_1_29' title="bbox 269 2909 1851 2981">
     <span class='ocr_line' id='line_1_29' title="bbox 269 2909 1851 2981; baseline 0 -17"><span class='ocrx_word' id='word_1_225' title='bbox 269 2926 481 2976; x_wconf 88' lang='lat' dir='ltr'><strong>eorum,</strong></span> <span class='ocrx_word' id='word_1_226' title='bbox 528 2919 582 2967; x_wconf 90' lang='lat' dir='ltr'><strong>et</strong></span> <span class='ocrx_word' id='word_1_227' title='bbox 631 2925 729 2965; x_wconf 87' lang='lat' dir='ltr'><strong>nos</strong></span> <span class='ocrx_word' id='word_1_228' title='bbox 775 2911 932 2981; x_wconf 89' lang='lat' dir='ltr'><strong>longe</strong></span> <span class='ocrx_word' id='word_1_229' title='bbox 979 2917 1099 2980; x_wconf 88' lang='lat' dir='ltr'><strong>post</strong></span> <span class='ocrx_word' id='word_1_230' title='bbox 1124 2909 1253 2973; x_wconf 88' lang='lat' dir='ltr'><strong>nati,</strong></span> <span class='ocrx_word' id='word_1_231' title='bbox 1285 2925 1379 2979; x_wconf 91' lang='lat' dir='ltr'><strong>per</strong></span> <span class='ocrx_word' id='word_1_232' title='bbox 1403 2909 1623 2965; x_wconf 88' lang='lat' dir='ltr'><strong>verbum</strong></span> <span class='ocrx_word' id='word_1_233' title='bbox 1666 2924 1851 2964; x_wconf 88' lang='lat' dir='ltr'><strong>eorum</strong></span> 
     </span>
    </p>
   </div>
   <div class='ocr_carea' id='block_1_30' title="bbox 269 3000 1854 3071">
    <p class='ocr_par' dir='ltr' id='par_1_30' title="bbox 269 3000 1854 3071">
     <span class='ocr_line' id='line_1_30' title="bbox 269 3000 1854 3071; baseline -0.002 -13"><span class='ocrx_word' id='word_1_234' title='bbox 269 3003 596 3059; x_wconf 75' lang='lat' dir='ltr'><strong>credidimus</strong></span> <span class='ocrx_word' id='word_1_235' title='bbox 611 3003 661 3058; x_wconf 90' lang='lat' dir='ltr'><strong>in</strong></span> <span class='ocrx_word' id='word_1_236' title='bbox 678 3001 962 3058; x_wconf 85' lang='lat' dir='ltr'><strong>Christum.</strong></span> <span class='ocrx_word' id='word_1_237' title='bbox 982 3001 1239 3070; x_wconf 86' lang='lat' dir='ltr'><strong>Quoniam</strong></span> <span class='ocrx_word' id='word_1_238' title='bbox 1259 3001 1356 3071; x_wconf 92' lang='lat' dir='ltr'><strong>ipsi</strong></span> <span class='ocrx_word' id='word_1_239' title='bbox 1373 3002 1461 3071; x_wconf 90' lang='lat' dir='ltr'><strong>qui</strong></span> <span class='ocrx_word' id='word_1_240' title='bbox 1479 3015 1597 3055; x_wconf 92' lang='lat' dir='ltr'><strong>eum</strong></span> <span class='ocrx_word' id='word_1_241' title='bbox 1620 3000 1711 3055; x_wconf 92' lang='lat' dir='ltr'><strong>illo</strong></span> <span class='ocrx_word' id='word_1_242' title='bbox 1730 3011 1854 3056; x_wconf 88' lang='lat' dir='ltr'><strong>tunc</strong></span> 
     </span>
    </p>
   </div>
   <div class='ocr_carea' id='block_1_31' title="bbox 269 3090 1854 3163">
    <p class='ocr_par' dir='ltr' id='par_1_31' title="bbox 269 3090 1854 3163">
     <span class='ocr_line' id='line_1_31' title="bbox 269 3090 1854 3163; baseline 0 -16"><span class='ocrx_word' id='word_1_243' title='bbox 269 3093 514 3161; x_wconf 86' lang='lat' dir='ltr'><strong>fuerunt,</strong></span> <span class='ocrx_word' id='word_1_244' title='bbox 543 3091 682 3163; x_wconf 85' lang='lat' dir='ltr'><strong>quod</strong></span> <span class='ocrx_word' id='word_1_245' title='bbox 722 3094 788 3147; x_wconf 92' lang='lat' dir='ltr'><strong>ab</strong></span> <span class='ocrx_word' id='word_1_246' title='bbox 838 3092 931 3147; x_wconf 91' lang='lat' dir='ltr'><strong>illo</strong></span> <span class='ocrx_word' id='word_1_247' title='bbox 957 3091 1257 3159; x_wconf 89' lang='lat' dir='ltr'><strong>audierunt,</strong></span> <span class='ocrx_word' id='word_1_248' title='bbox 1302 3091 1508 3146; x_wconf 62' lang='lat' dir='ltr'><strong>caeteris</strong></span> <span class='ocrx_word' id='word_1_249' title='bbox 1536 3090 1854 3160; x_wconf 82' lang='lat' dir='ltr'><strong>praedicave-</strong></span> 
     </span>
    </p>
   </div>
   <div class='ocr_carea' id='block_1_32' title="bbox 270 3179 1855 3253">
    <p class='ocr_par' dir='ltr' id='par_1_32' title="bbox 270 3179 1855 3253">
     <span class='ocr_line' id='line_1_32' title="bbox 270 3179 1855 3253; baseline -0.001 -17"><span class='ocrx_word' id='word_1_250' title='bbox 270 3190 438 3238; x_wconf 87' lang='lat' dir='ltr'><strong>runt:</strong></span> <span class='ocrx_word' id='word_1_251' title='bbox 469 3193 628 3253; x_wconf 87' lang='lat' dir='ltr'><strong>atque</strong></span> <span class='ocrx_word' id='word_1_252' title='bbox 649 3182 719 3237; x_wconf 83' lang='lat' dir='ltr'><strong>ita</strong></span> <span class='ocrx_word' id='word_1_253' title='bbox 749 3181 970 3237; x_wconf 87' lang='lat' dir='ltr'><strong>verbum</strong></span> <span class='ocrx_word' id='word_1_254' title='bbox 996 3195 1200 3246; x_wconf 90' lang='lat' dir='ltr'><strong>eorum,</strong></span> <span class='ocrx_word' id='word_1_255' title='bbox 1234 3189 1291 3235; x_wconf 91' lang='lat' dir='ltr'><strong>ut</strong></span> <span class='ocrx_word' id='word_1_256' title='bbox 1328 3180 1489 3235; x_wconf 90' lang='lat' dir='ltr'><strong>etiam</strong></span> <span class='ocrx_word' id='word_1_257' title='bbox 1524 3194 1620 3235; x_wconf 89' lang='lat' dir='ltr'><strong>nos</strong></span> <span class='ocrx_word' id='word_1_258' title='bbox 1662 3179 1855 3235; x_wconf 86' lang='lat' dir='ltr'><strong>crede-</strong></span> 
     </span>
    </p>
   </div>
   <div class='ocr_carea' id='block_1_33' title="bbox 271 3273 1855 3345">
    <p class='ocr_par' dir='ltr' id='par_1_33' title="bbox 271 3273 1855 3345">
     <span class='ocr_line' id='line_1_33' title="bbox 271 3273 1855 3345; baseline -0.001 -16"><span class='ocrx_word' id='word_1_259' title='bbox 271 3289 471 3340; x_wconf 87' lang='lat' dir='ltr'><strong>remus,</strong></span> <span class='ocrx_word' id='word_1_260' title='bbox 503 3275 569 3329; x_wconf 93' lang='lat' dir='ltr'><strong>ad</strong></span> <span class='ocrx_word' id='word_1_261' title='bbox 605 3289 704 3330; x_wconf 93' lang='lat' dir='ltr'><strong>nos</strong></span> <span class='ocrx_word' id='word_1_262' title='bbox 742 3289 908 3345; x_wconf 89' lang='lat' dir='ltr'><strong>usque</strong></span> <span class='ocrx_word' id='word_1_263' title='bbox 958 3275 1217 3345; x_wconf 88' lang='lat' dir='ltr'><strong>pervenit,</strong></span> <span class='ocrx_word' id='word_1_264' title='bbox 1266 3273 1584 3343; x_wconf 90' lang='lat' dir='ltr'><strong>ubicumque</strong></span> <span class='ocrx_word' id='word_1_265' title='bbox 1628 3281 1711 3327; x_wconf 92' lang='lat' dir='ltr'><strong>est</strong></span> <span class='ocrx_word' id='word_1_266' title='bbox 1739 3273 1855 3342; x_wconf 84' lang='lat' dir='ltr'><strong>ejus</strong></span> 
     </span>
    </p>
   </div>
   <div class='ocr_carea' id='block_1_34' title="bbox 271 3365 1850 3438">
    <p class='ocr_par' dir='ltr' id='par_1_34' title="bbox 271 3365 1850 3438">
     <span class='ocr_line' id='line_1_34' title="bbox 271 3365 1850 3438; baseline -0.003 -16"><span class='ocrx_word' id='word_1_267' title='bbox 271 3369 546 3435; x_wconf 86' lang='lat' dir='ltr'><strong>Ecclesia;</strong></span> <span class='ocrx_word' id='word_1_268' title='bbox 576 3377 628 3424; x_wconf 92' lang='lat' dir='ltr'><strong>et</strong></span> <span class='ocrx_word' id='word_1_269' title='bbox 649 3377 1021 3438; x_wconf 89' lang='lat' dir='ltr'><strong>perventurum</strong></span> <span class='ocrx_word' id='word_1_270' title='bbox 1047 3374 1126 3421; x_wconf 90' lang='lat' dir='ltr'><strong>est</strong></span> <span class='ocrx_word' id='word_1_271' title='bbox 1147 3365 1211 3419; x_wconf 92' lang='lat' dir='ltr'><strong>ad</strong></span> <span class='ocrx_word' id='word_1_272' title='bbox 1230 3373 1491 3434; x_wconf 90' lang='lat' dir='ltr'><strong>posteros,</strong></span> <span class='ocrx_word' id='word_1_273' title='bbox 1511 3365 1850 3435; x_wconf 88' lang='lat' dir='ltr'><strong>quicumque,</strong></span> 
     </span>
    </p>
   </div>
   <div class='ocr_carea' id='block_1_35' title="bbox 271 3456 1460 3530">
    <p class='ocr_par' dir='ltr' id='par_1_35' title="bbox 271 3456 1460 3530">
     <span class='ocr_line' id='line_1_35' title="bbox 271 3456 1460 3530; baseline -0.003 -16"><span class='ocrx_word' id='word_1_274' title='bbox 271 3459 594 3529; x_wconf 88' lang='lat' dir='ltr'><strong>ubicumque</strong></span> <span class='ocrx_word' id='word_1_275' title='bbox 618 3468 798 3530; x_wconf 89' lang='lat' dir='ltr'><strong>postea</strong></span> <span class='ocrx_word' id='word_1_276' title='bbox 826 3459 879 3513; x_wconf 94' lang='lat' dir='ltr'><strong>in</strong></span> <span class='ocrx_word' id='word_1_277' title='bbox 900 3473 1022 3513; x_wconf 89' lang='lat' dir='ltr'><strong>eum</strong></span> <span class='ocrx_word' id='word_1_278' title='bbox 1045 3456 1298 3512; x_wconf 85' lang='lat' dir='ltr'><strong>credituri</strong></span> <span class='ocrx_word' id='word_1_279' title='bbox 1320 3464 1460 3512; x_wconf 92' lang='lat' dir='ltr'><strong>sunt.</strong></span> 
     </span>
    </p>
   </div>
   <div class='ocr_carea' id='block_1_36' title="bbox 337 3547 1854 3621">
    <p class='ocr_par' dir='ltr' id='par_1_36' title="bbox 337 3547 1854 3621">
     <span class='ocr_line' id='line_1_36' title="bbox 337 3547 1854 3621; baseline -0.003 -15"><span class='ocrx_word' id='word_1_280' title='bbox 337 3551 398 3606; x_wconf 75' lang='grc'><strong>2.</strong></span> <span class='ocrx_word' id='word_1_281' title='bbox 442 3551 625 3607; x_wconf 83' lang='lat' dir='ltr'><strong>Potest</strong></span> <span class='ocrx_word' id='word_1_282' title='bbox 662 3550 839 3621; x_wconf 89' lang='lat' dir='ltr'><strong>itaque</strong></span> <span class='ocrx_word' id='word_1_283' title='bbox 869 3548 1034 3604; x_wconf 87' lang='lat' dir='ltr'><strong>videri</strong></span> <span class='ocrx_word' id='word_1_284' title='bbox 1074 3547 1229 3603; x_wconf 84' lang='lat' dir='ltr'><strong>Jesus</strong></span> <span class='ocrx_word' id='word_1_285' title='bbox 1258 3547 1310 3602; x_wconf 94' lang='lat' dir='ltr'><strong>in</strong></span> <span class='ocrx_word' id='word_1_286' title='bbox 1356 3547 1454 3602; x_wconf 88' lang='lat' dir='ltr'><strong>hac</strong></span> <span class='ocrx_word' id='word_1_287' title='bbox 1480 3547 1719 3601; x_wconf 89' lang='lat' dir='ltr'><strong>oratione</strong></span> <span class='ocrx_word' id='word_1_288' title='bbox 1748 3561 1854 3601; x_wconf 93' lang='lat' dir='ltr'><strong>non</strong></span> 
     </span>
    </p>
   </div>
   <div class='ocr_carea' id='block_1_37' title="bbox 270 3636 1857 3712">
    <p class='ocr_par' dir='ltr' id='par_1_37' title="bbox 270 3636 1857 3712">
     <span class='ocr_line' id='line_1_37' title="bbox 270 3636 1857 3712; baseline -0.005 -16"><span class='ocrx_word' id='word_1_289' title='bbox 270 3655 461 3698; x_wconf 87' lang='lat' dir='ltr'><strong>orasse</strong></span> <span class='ocrx_word' id='word_1_290' title='bbox 484 3654 581 3710; x_wconf 89' lang='lat' dir='ltr'><strong>pro</strong></span> <span class='ocrx_word' id='word_1_291' title='bbox 616 3639 931 3712; x_wconf 91' lang='lat' dir='ltr'><strong>quibusdam</strong></span> <span class='ocrx_word' id='word_1_292' title='bbox 961 3638 1094 3703; x_wconf 91' lang='lat' dir='ltr'><strong>suis,</strong></span> <span class='ocrx_word' id='word_1_293' title='bbox 1126 3637 1224 3692; x_wconf 92' lang='lat' dir='ltr'><strong>nisi</strong></span> <span class='ocrx_word' id='word_1_294' title='bbox 1252 3636 1531 3706; x_wconf 81' lang='lat' dir='ltr'><strong>diligenter</strong></span> <span class='ocrx_word' id='word_1_295' title='bbox 1557 3643 1857 3690; x_wconf 86' lang='lat' dir='ltr'><strong>scrutemur</strong></span> 
     </span>
    </p>
   </div>
   <div class='ocr_carea' id='block_1_38' title="bbox 271 3726 1855 3800">
    <p class='ocr_par' dir='ltr' id='par_1_38' title="bbox 271 3726 1855 3800">
     <span class='ocr_line' id='line_1_38' title="bbox 271 3726 1855 3800; baseline -0.004 -12"><span class='ocrx_word' id='word_1_296' title='bbox 271 3734 322 3788; x_wconf 88' lang='lat' dir='ltr'><strong>in</strong></span> <span class='ocrx_word' id='word_1_297' title='bbox 354 3732 547 3788; x_wconf 88' lang='lat' dir='ltr'><strong>eadem</strong></span> <span class='ocrx_word' id='word_1_298' title='bbox 585 3732 827 3788; x_wconf 88' lang='lat' dir='ltr'><strong>oratione</strong></span> <span class='ocrx_word' id='word_1_299' title='bbox 848 3730 1009 3786; x_wconf 91' lang='lat' dir='ltr'><strong>verba</strong></span> <span class='ocrx_word' id='word_1_300' title='bbox 1048 3729 1182 3800; x_wconf 90' lang='lat' dir='ltr'><strong>ejus.</strong></span> <span class='ocrx_word' id='word_1_301' title='bbox 1222 3727 1277 3784; x_wconf 91' lang='lat' dir='ltr'><strong>Si</strong></span> <span class='ocrx_word' id='word_1_302' title='bbox 1305 3728 1446 3782; x_wconf 90' lang='lat' dir='ltr'><strong>enim</strong></span> <span class='ocrx_word' id='word_1_303' title='bbox 1485 3741 1580 3796; x_wconf 91' lang='lat' dir='ltr'><strong>pro</strong></span> <span class='ocrx_word' id='word_1_304' title='bbox 1605 3726 1683 3781; x_wconf 91' lang='lat' dir='ltr'><strong>eis</strong></span> <span class='ocrx_word' id='word_1_305' title='bbox 1710 3726 1855 3796; x_wconf 91' lang='lat' dir='ltr'><strong>prius</strong></span> 
     </span>
    </p>
   </div>
   <div class='ocr_carea' id='block_1_39' title="bbox 272 3818 1854 3893">
    <p class='ocr_par' dir='ltr' id='par_1_39' title="bbox 272 3818 1854 3893">
     <span class='ocr_line' id='line_1_39' title="bbox 272 3818 1854 3893; baseline -0.006 -13"><span class='ocrx_word' id='word_1_306' title='bbox 272 3827 466 3887; x_wconf 88' lang='lat' dir='ltr'><strong>oravit,</strong></span> <span class='ocrx_word' id='word_1_307' title='bbox 495 3823 629 3881; x_wconf 90' lang='lat' dir='ltr'><strong>sicut</strong></span> <span class='ocrx_word' id='word_1_308' title='bbox 648 3823 758 3893; x_wconf 90' lang='lat' dir='ltr'><strong>jam</strong></span> <span class='ocrx_word' id='word_1_309' title='bbox 783 3821 1132 3889; x_wconf 89' lang='lat' dir='ltr'><strong>ostendimus,</strong></span> <span class='ocrx_word' id='word_1_310' title='bbox 1158 3821 1251 3892; x_wconf 89' lang='lat' dir='ltr'><strong>qui</strong></span> <span class='ocrx_word' id='word_1_311' title='bbox 1279 3835 1399 3875; x_wconf 92' lang='lat' dir='ltr'><strong>cum</strong></span> <span class='ocrx_word' id='word_1_312' title='bbox 1425 3818 1518 3873; x_wconf 94' lang='lat' dir='ltr'><strong>illo</strong></span> <span class='ocrx_word' id='word_1_313' title='bbox 1535 3827 1660 3874; x_wconf 91' lang='lat' dir='ltr'><strong>tunc</strong></span> <span class='ocrx_word' id='word_1_314' title='bbox 1681 3827 1854 3885; x_wconf 88' lang='lat' dir='ltr'><strong>erant,</strong></span> 
     </span>
    </p>
   </div>
   <div class='ocr_carea' id='block_1_40' title="bbox 274 3909 1854 3984">
    <p class='ocr_par' dir='ltr' id='par_1_40' title="bbox 274 3909 1854 3984">
     <span class='ocr_line' id='line_1_40' title="bbox 274 3909 1854 3984; baseline -0.005 -14"><span class='ocrx_word' id='word_1_315' title='bbox 274 3923 462 3984; x_wconf 89' lang='lat' dir='ltr'><strong>postea</strong></span> <span class='ocrx_word' id='word_1_316' title='bbox 483 3928 609 3970; x_wconf 88' lang='lat' dir='ltr'><strong>vero</strong></span> <span class='ocrx_word' id='word_1_317' title='bbox 637 3915 796 3970; x_wconf 90' lang='lat' dir='ltr'><strong>etiam</strong></span> <span class='ocrx_word' id='word_1_318' title='bbox 825 3928 923 3983; x_wconf 88' lang='lat' dir='ltr'><strong>pro</strong></span> <span class='ocrx_word' id='word_1_319' title='bbox 950 3913 1031 3968; x_wconf 90' lang='lat' dir='ltr'><strong>eis</strong></span> <span class='ocrx_word' id='word_1_320' title='bbox 1068 3912 1158 3983; x_wconf 90' lang='lat' dir='ltr'><strong>qui</strong></span> <span class='ocrx_word' id='word_1_321' title='bbox 1190 3926 1284 3981; x_wconf 91' lang='lat' dir='ltr'><strong>per</strong></span> <span class='ocrx_word' id='word_1_322' title='bbox 1324 3910 1545 3965; x_wconf 91' lang='lat' dir='ltr'><strong>verbum</strong></span> <span class='ocrx_word' id='word_1_323' title='bbox 1573 3924 1761 3966; x_wconf 88' lang='lat' dir='ltr'><strong>eorum</strong></span> <span class='ocrx_word' id='word_1_324' title='bbox 1801 3909 1854 3963; x_wconf 91' lang='lat' dir='ltr'><strong>in</strong></span> 
     </span>
    </p>
   </div>
   <div class='ocr_carea' id='block_1_41' title="bbox 273 4001 1856 4073">
    <p class='ocr_par' dir='ltr' id='par_1_41' title="bbox 273 4001 1856 4073">
     <span class='ocr_line' id='line_1_41' title="bbox 273 4001 1856 4073; baseline -0.001 -14"><span class='ocrx_word' id='word_1_325' title='bbox 273 4007 425 4061; x_wconf 88' lang='lat' dir='ltr'><strong>illum</strong></span> <span class='ocrx_word' id='word_1_326' title='bbox 472 4005 680 4061; x_wconf 80' lang='lat' dir='ltr'><strong>fuerant</strong></span> <span class='ocrx_word' id='word_1_327' title='bbox 708 4004 999 4069; x_wconf 87' lang='lat' dir='ltr'><strong>credituri;</strong></span> <span class='ocrx_word' id='word_1_328' title='bbox 1038 4011 1213 4073; x_wconf 90' lang='lat' dir='ltr'><strong>potest</strong></span> <span class='ocrx_word' id='word_1_329' title='bbox 1249 4001 1354 4058; x_wconf 91' lang='lat' dir='ltr'><strong>dici</strong></span> <span class='ocrx_word' id='word_1_330' title='bbox 1405 4016 1510 4056; x_wconf 91' lang='lat' dir='ltr'><strong>non</strong></span> <span class='ocrx_word' id='word_1_331' title='bbox 1538 4014 1721 4056; x_wconf 90' lang='lat' dir='ltr'><strong>orasse</strong></span> <span class='ocrx_word' id='word_1_332' title='bbox 1760 4015 1856 4071; x_wconf 91' lang='lat' dir='ltr'><strong>pro</strong></span> 
     </span>
    </p>
   </div>
   <div class='ocr_carea' id='block_1_42' title="bbox 275 4091 1855 4167">
    <p class='ocr_par' dir='ltr' id='par_1_42' title="bbox 275 4091 1855 4167">
     <span class='ocr_line' id='line_1_42' title="bbox 275 4091 1855 4167; baseline -0.004 -15"><span class='ocrx_word' id='word_1_333' title='bbox 275 4097 384 4152; x_wconf 88' lang='lat' dir='ltr'><strong>illis</strong></span> <span class='ocrx_word' id='word_1_334' title='bbox 417 4095 506 4166; x_wconf 92' lang='lat' dir='ltr'><strong>qui</strong></span> <span class='ocrx_word' id='word_1_335' title='bbox 531 4112 701 4167; x_wconf 87' lang='lat' dir='ltr'><strong>neque</strong></span> <span class='ocrx_word' id='word_1_336' title='bbox 726 4103 852 4151; x_wconf 90' lang='lat' dir='ltr'><strong>tunc</strong></span> <span class='ocrx_word' id='word_1_337' title='bbox 874 4101 1028 4151; x_wconf 89' lang='lat' dir='ltr'><strong>erant</strong></span> <span class='ocrx_word' id='word_1_338' title='bbox 1058 4109 1177 4150; x_wconf 90' lang='lat' dir='ltr'><strong>cum</strong></span> <span class='ocrx_word' id='word_1_339' title='bbox 1208 4093 1299 4149; x_wconf 92' lang='lat' dir='ltr'><strong>illo</strong></span> <span class='ocrx_word' id='word_1_340' title='bbox 1322 4092 1538 4163; x_wconf 87' lang='lat' dir='ltr'><strong>quando</strong></span> <span class='ocrx_word' id='word_1_341' title='bbox 1568 4091 1668 4147; x_wconf 89' lang='lat' dir='ltr'><strong>ista</strong></span> <span class='ocrx_word' id='word_1_342' title='bbox 1707 4091 1855 4146; x_wconf 85' lang='lat' dir='ltr'><strong>dice-</strong></span> 
     </span>
    </p>
   </div>
   <div class='ocr_carea' id='block_1_43' title="bbox 273 4182 1857 4256">
    <p class='ocr_par' dir='ltr' id='par_1_43' title="bbox 273 4182 1857 4256">
     <span class='ocr_line' id='line_1_43' title="bbox 273 4182 1857 4256; baseline -0.003 -15"><span class='ocrx_word' id='word_1_343' title='bbox 273 4186 390 4252; x_wconf 92' lang='lat' dir='ltr'><strong>bat,</strong></span> <span class='ocrx_word' id='word_1_344' title='bbox 417 4201 587 4256; x_wconf 89' lang='lat' dir='ltr'><strong>neque</strong></span> <span class='ocrx_word' id='word_1_345' title='bbox 611 4201 706 4256; x_wconf 90' lang='lat' dir='ltr'><strong>per</strong></span> <span class='ocrx_word' id='word_1_346' title='bbox 724 4185 944 4241; x_wconf 91' lang='lat' dir='ltr'><strong>verbum</strong></span> <span class='ocrx_word' id='word_1_347' title='bbox 969 4199 1150 4239; x_wconf 89' lang='lat' dir='ltr'><strong>eorum</strong></span> <span class='ocrx_word' id='word_1_348' title='bbox 1173 4191 1378 4255; x_wconf 87' lang='lat' dir='ltr'><strong>postea,</strong></span> <span class='ocrx_word' id='word_1_349' title='bbox 1403 4182 1495 4236; x_wconf 85' lang='lat' dir='ltr'><strong>sed</strong></span> <span class='ocrx_word' id='word_1_350' title='bbox 1517 4182 1571 4236; x_wconf 92' lang='lat' dir='ltr'><strong>in</strong></span> <span class='ocrx_word' id='word_1_351' title='bbox 1595 4195 1717 4237; x_wconf 89' lang='lat' dir='ltr'><strong>eum</strong></span> <span class='ocrx_word' id='word_1_352' title='bbox 1743 4182 1857 4237; x_wconf 90' lang='lat' dir='ltr'><strong>sive</strong></span> 
     </span>
    </p>
   </div>
   <div class='ocr_carea' id='block_1_44' title="bbox 276 4271 1854 4349">
    <p class='ocr_par' dir='ltr' id='par_1_44' title="bbox 276 4271 1854 4349">
     <span class='ocr_line' id='line_1_44' title="bbox 276 4271 1854 4349; baseline -0.004 -16"><span class='ocrx_word' id='word_1_353' title='bbox 276 4293 375 4349; x_wconf 89' lang='lat' dir='ltr'><strong>per</strong></span> <span class='ocrx_word' id='word_1_354' title='bbox 396 4278 561 4347; x_wconf 88' lang='lat' dir='ltr'><strong>ipsos,</strong></span> <span class='ocrx_word' id='word_1_355' title='bbox 579 4277 690 4332; x_wconf 88' lang='lat' dir='ltr'><strong>sive</strong></span> <span class='ocrx_word' id='word_1_356' title='bbox 714 4275 1132 4347; x_wconf 90' lang='lat' dir='ltr'><strong>quomodolibet,</strong></span> <span class='ocrx_word' id='word_1_357' title='bbox 1157 4284 1332 4330; x_wconf 89' lang='lat' dir='ltr'><strong>tamen</strong></span> <span class='ocrx_word' id='word_1_358' title='bbox 1355 4281 1477 4329; x_wconf 87' lang='lat' dir='ltr'><strong>ante</strong></span> <span class='ocrx_word' id='word_1_359' title='bbox 1495 4271 1854 4328; x_wconf 88' lang='lat' dir='ltr'><strong>crediderant.</strong></span> 
     </span>
    </p>
   </div>
   <div class='ocr_carea' id='block_1_45' title="bbox 275 4364 1858 4438">
    <p class='ocr_par' dir='ltr' id='par_1_45' title="bbox 275 4364 1858 4438">
     <span class='ocr_line' id='line_1_45' title="bbox 275 4364 1858 4438; baseline -0.004 -13"><span class='ocrx_word' id='word_1_360' title='bbox 275 4367 546 4438; x_wconf 84' lang='lat' dir='ltr'><strong>Numquid</strong></span> <span class='ocrx_word' id='word_1_361' title='bbox 574 4368 715 4424; x_wconf 91' lang='lat' dir='ltr'><strong>enim</strong></span> <span class='ocrx_word' id='word_1_362' title='bbox 744 4383 865 4423; x_wconf 90' lang='lat' dir='ltr'><strong>cum</strong></span> <span class='ocrx_word' id='word_1_363' title='bbox 907 4367 999 4422; x_wconf 91' lang='lat' dir='ltr'><strong>illo</strong></span> <span class='ocrx_word' id='word_1_364' title='bbox 1043 4374 1167 4422; x_wconf 90' lang='lat' dir='ltr'><strong>tunc</strong></span> <span class='ocrx_word' id='word_1_365' title='bbox 1203 4375 1317 4422; x_wconf 88' lang='lat' dir='ltr'><strong>erat</strong></span> <span class='ocrx_word' id='word_1_366' title='bbox 1343 4364 1668 4421; x_wconf 80' lang='lat' dir='ltr'><strong>Natlianael?</strong></span> <span class='ocrx_word' id='word_1_367' title='bbox 1691 4365 1858 4420; x_wconf 87' lang='lat' dir='ltr'><strong>Num-</strong></span> 
     </span>
    </p>
   </div>
   <div class='ocr_carea' id='block_1_46' title="bbox 276 4456 1856 4532">
    <p class='ocr_par' dir='ltr' id='par_1_46' title="bbox 276 4456 1856 4532">
     <span class='ocr_line' id='line_1_46' title="bbox 276 4456 1856 4532; baseline -0.003 -16"><span class='ocrx_word' id='word_1_368' title='bbox 276 4460 409 4532; x_wconf 91' lang='lat' dir='ltr'><strong>quid</strong></span> <span class='ocrx_word' id='word_1_369' title='bbox 436 4460 635 4531; x_wconf 81' lang='lat' dir='ltr'><strong>Joseph</strong></span> <span class='ocrx_word' id='word_1_370' title='bbox 660 4459 747 4515; x_wconf 89' lang='lat' dir='ltr'><strong>ille</strong></span> <span class='ocrx_word' id='word_1_371' title='bbox 771 4460 839 4516; x_wconf 91' lang='lat' dir='ltr'><strong>ab</strong></span> <span class='ocrx_word' id='word_1_372' title='bbox 878 4458 1192 4524; x_wconf 87' lang='lat' dir='ltr'><strong>Arimathia,</strong></span> <span class='ocrx_word' id='word_1_373' title='bbox 1229 4458 1317 4528; x_wconf 92' lang='lat' dir='ltr'><strong>qui</strong></span> <span class='ocrx_word' id='word_1_374' title='bbox 1351 4472 1546 4526; x_wconf 91' lang='lat' dir='ltr'><strong>corpus</strong></span> <span class='ocrx_word' id='word_1_375' title='bbox 1569 4456 1684 4528; x_wconf 91' lang='lat' dir='ltr'><strong>ejus</strong></span> <span class='ocrx_word' id='word_1_376' title='bbox 1709 4473 1737 4511; x_wconf 92' lang='lat' dir='ltr'><strong>a</strong></span> <span class='ocrx_word' id='word_1_377' title='bbox 1769 4457 1856 4512; x_wconf 86' lang='lat' dir='ltr'><strong>Pi-</strong></span> 
     </span>
    </p>
   </div>
   <div class='ocr_carea' id='block_1_47' title="bbox 277 4545 1859 4622">
    <p class='ocr_par' dir='ltr' id='par_1_47' title="bbox 277 4545 1859 4622">
     <span class='ocr_line' id='line_1_47' title="bbox 277 4545 1859 4622; baseline -0.002 -17"><span class='ocrx_word' id='word_1_378' title='bbox 277 4551 388 4606; x_wconf 81' lang='lat' dir='ltr'><strong>lato</strong></span> <span class='ocrx_word' id='word_1_379' title='bbox 409 4550 581 4622; x_wconf 88' lang='lat' dir='ltr'><strong>petiit,</strong></span> <span class='ocrx_word' id='word_1_380' title='bbox 613 4565 773 4619; x_wconf 88' lang='lat' dir='ltr'><strong>quem</strong></span> <span class='ocrx_word' id='word_1_381' title='bbox 796 4548 909 4619; x_wconf 90' lang='lat' dir='ltr'><strong>jam</strong></span> <span class='ocrx_word' id='word_1_382' title='bbox 938 4546 1253 4618; x_wconf 90' lang='lat' dir='ltr'><strong>discipulum</strong></span> <span class='ocrx_word' id='word_1_383' title='bbox 1287 4547 1404 4616; x_wconf 88' lang='lat' dir='ltr'><strong>ejus</strong></span> <span class='ocrx_word' id='word_1_384' title='bbox 1430 4545 1593 4601; x_wconf 87' lang='lat' dir='ltr'><strong>fuisse</strong></span> <span class='ocrx_word' id='word_1_385' title='bbox 1618 4546 1718 4601; x_wconf 89' lang='lat' dir='ltr'><strong>iste</strong></span> <span class='ocrx_word' id='word_1_386' title='bbox 1746 4548 1859 4616; x_wconf 89' lang='lat' dir='ltr'><strong>ipse</strong></span> 
     </span>
    </p>
   </div>
   <div class='ocr_carea' id='block_1_48' title="bbox 277 4637 1855 4710">
    <p class='ocr_par' dir='ltr' id='par_1_48' title="bbox 277 4637 1855 4710">
     <span class='ocr_line' id='line_1_48' title="bbox 277 4637 1855 4710; baseline -0.003 -12"><span class='ocrx_word' id='word_1_387' title='bbox 277 4642 512 4698; x_wconf 76' lang='lat' dir='ltr'><strong>Joannes</strong></span> <span class='ocrx_word' id='word_1_388' title='bbox 533 4640 850 4710; x_wconf 83' lang='lat' dir='ltr'><strong>evangelista</strong></span> <span class='ocrx_word' id='word_1_389' title='bbox 875 4647 1096 4695; x_wconf 89' lang='lat' dir='ltr'><strong>testatur</strong></span> <span class='ocrx_word' id='word_1_390' title='bbox 1117 4638 1292 4710; x_wconf 80' lang='lat' dir='ltr'><strong>(Joan.</strong></span> <span class='ocrx_word' id='word_1_391' title='bbox 1311 4655 1420 4706; x_wconf 72' lang='lat' dir='ltr'><strong>xxx,</strong></span> <span class='ocrx_word' id='word_1_392' title='bbox 1443 4638 1570 4709; x_wconf 76' lang='lat'><strong>38)?</strong></span> <span class='ocrx_word' id='word_1_393' title='bbox 1590 4637 1855 4708; x_wconf 87' lang='lat' dir='ltr'><strong>Numquid</strong></span> 
     </span>
    </p>
   </div>
   <div class='ocr_carea' id='block_1_49' title="bbox 279 4731 1862 4805">
    <p class='ocr_par' dir='ltr' id='par_1_49' title="bbox 279 4731 1862 4805">
     <span class='ocr_line' id='line_1_49' title="bbox 279 4731 1862 4805; baseline -0.003 -15"><span class='ocrx_word' id='word_1_394' title='bbox 279 4737 443 4791; x_wconf 83' lang='lat' dir='ltr'><strong>Maria</strong></span> <span class='ocrx_word' id='word_1_395' title='bbox 467 4745 642 4790; x_wconf 87' lang='lat' dir='ltr'><strong>mater</strong></span> <span class='ocrx_word' id='word_1_396' title='bbox 670 4735 802 4805; x_wconf 91' lang='lat' dir='ltr'><strong>ejus,</strong></span> <span class='ocrx_word' id='word_1_397' title='bbox 821 4734 1005 4789; x_wconf 79' lang='lat' dir='ltr'><strong>etaliae</strong></span> <span class='ocrx_word' id='word_1_398' title='bbox 1030 4731 1262 4799; x_wconf 65' lang='lat' dir='ltr'><strong>feminae,</strong></span> <span class='ocrx_word' id='word_1_399' title='bbox 1286 4748 1417 4802; x_wconf 90' lang='lat' dir='ltr'><strong>quas</strong></span> <span class='ocrx_word' id='word_1_400' title='bbox 1441 4731 1558 4801; x_wconf 90' lang='lat' dir='ltr'><strong>ejus</strong></span> <span class='ocrx_word' id='word_1_401' title='bbox 1575 4731 1862 4802; x_wconf 89' lang='lat' dir='ltr'><strong>discipulas</strong></span> 
     </span>
    </p>
   </div>
   <div class='ocr_carea' id='block_1_50' title="bbox 282 4821 1862 4897">
    <p class='ocr_par' dir='ltr' id='par_1_50' title="bbox 282 4821 1862 4897">
     <span class='ocr_line' id='line_1_50' title="bbox 282 4821 1862 4897; baseline -0.001 -17"><span class='ocrx_word' id='word_1_402' title='bbox 282 4827 333 4880; x_wconf 91' lang='lat' dir='ltr'><strong>in</strong></span> <span class='ocrx_word' id='word_1_403' title='bbox 357 4825 649 4897; x_wconf 85' lang='lat' dir='ltr'><strong>Evangelio</strong></span> <span class='ocrx_word' id='word_1_404' title='bbox 671 4824 780 4895; x_wconf 90' lang='lat' dir='ltr'><strong>jam</strong></span> <span class='ocrx_word' id='word_1_405' title='bbox 804 4833 928 4879; x_wconf 91' lang='lat' dir='ltr'><strong>tunc</strong></span> <span class='ocrx_word' id='word_1_406' title='bbox 945 4822 1107 4878; x_wconf 86' lang='lat' dir='ltr'><strong>fuisse</strong></span> <span class='ocrx_word' id='word_1_407' title='bbox 1128 4821 1719 4893; x_wconf 87' lang='lat' dir='ltr'><strong>didicimus?Numquid</strong></span> <span class='ocrx_word' id='word_1_408' title='bbox 1741 4839 1862 4878; x_wconf 93' lang='lat' dir='ltr'><strong>cum</strong></span> 
     </span>
    </p>
   </div>
   <div class='ocr_carea' id='block_1_51' title="bbox 283 4914 1864 4986">
    <p class='ocr_par' dir='ltr' id='par_1_51' title="bbox 283 4914 1864 4986">
     <span class='ocr_line' id='line_1_51' title="bbox 283 4914 1864 4986; baseline -0.001 -13"><span class='ocrx_word' id='word_1_409' title='bbox 283 4919 374 4973; x_wconf 78' lang='lat' dir='ltr'><strong>illo</strong></span> <span class='ocrx_word' id='word_1_410' title='bbox 403 4927 530 4972; x_wconf 91' lang='lat' dir='ltr'><strong>tunc</strong></span> <span class='ocrx_word' id='word_1_411' title='bbox 555 4925 709 4973; x_wconf 89' lang='lat' dir='ltr'><strong>erant</strong></span> <span class='ocrx_word' id='word_1_412' title='bbox 757 4917 825 4972; x_wconf 92' lang='lat' dir='ltr'><strong>de</strong></span> <span class='ocrx_word' id='word_1_413' title='bbox 869 4916 1060 4986; x_wconf 88' lang='lat' dir='ltr'><strong>quibus</strong></span> <span class='ocrx_word' id='word_1_414' title='bbox 1112 4930 1254 4985; x_wconf 69' lang='lat' dir='ltr'><strong>smpe</strong></span> <span class='ocrx_word' id='word_1_415' title='bbox 1291 4915 1419 4970; x_wconf 90' lang='lat' dir='ltr'><strong>dicit</strong></span> <span class='ocrx_word' id='word_1_416' title='bbox 1465 4915 1604 4970; x_wconf 91' lang='lat' dir='ltr'><strong>idem</strong></span> <span class='ocrx_word' id='word_1_417' title='bbox 1633 4914 1864 4971; x_wconf 81' lang='lat' dir='ltr'><strong>Joannes</strong></span> 
     </span>
    </p>
   </div>
   <div class='ocr_carea' id='block_1_52' title="bbox 282 5004 1862 5077">
    <p class='ocr_par' dir='ltr' id='par_1_52' title="bbox 282 5004 1862 5077">
     <span class='ocr_line' id='line_1_52' title="bbox 282 5004 1862 5077; baseline -0.001 -16"><span class='ocrx_word' id='word_1_418' title='bbox 282 5007 633 5077; x_wconf 85' lang='lat' dir='ltr'><strong>evangelista,</strong></span> <span class='ocrx_word' id='word_1_419' title='bbox 665 5004 820 5059; x_wconf 77' lang='lat' dir='ltr'><strong>Multi</strong></span> <span class='ocrx_word' id='word_1_420' title='bbox 857 5005 1178 5060; x_wconf 80' lang='lat' dir='ltr'><strong>crediderunt</strong></span> <span class='ocrx_word' id='word_1_421' title='bbox 1209 5005 1260 5058; x_wconf 89' lang='lat' dir='ltr'><strong>in</strong></span> <span class='ocrx_word' id='word_1_422' title='bbox 1291 5022 1402 5058; x_wconf 84' lang='lat' dir='ltr'><strong>eum</strong></span> <span class='ocrx_word' id='word_1_423' title='bbox 1437 5004 1545 5074; x_wconf 84' lang='lat' dir='ltr'><strong>(Id.</strong></span> <span class='ocrx_word' id='word_1_424' title='bbox 1587 5021 1645 5072; x_wconf 81' lang='grc' dir='ltr'><strong>Î¹Î¹,</strong></span> <span class='ocrx_word' id='word_1_425' title='bbox 1671 5005 1761 5071; x_wconf 73' lang='grc'><strong>25,</strong></span> <span class='ocrx_word' id='word_1_426' title='bbox 1788 5021 1862 5071; x_wconf 83' lang='lat' dir='ltr'><strong>Iv,</strong></span> 
     </span>
    </p>
   </div>
   <div class='ocr_carea' id='block_1_53' title="bbox 281 5096 1868 5170">
    <p class='ocr_par' dir='ltr' id='par_1_53' title="bbox 281 5096 1868 5170">
     <span class='ocr_line' id='line_1_53' title="bbox 281 5096 1868 5170; baseline -0.003 -14"><span class='ocrx_word' id='word_1_427' title='bbox 281 5101 372 5167; x_wconf 80' lang='lat'><strong>39,</strong></span> <span class='ocrx_word' id='word_1_428' title='bbox 395 5117 493 5163; x_wconf 81' lang='lat' dir='ltr'><strong>vn,</strong></span> <span class='ocrx_word' id='word_1_429' title='bbox 525 5102 614 5164; x_wconf 82' lang='grc'><strong>51,</strong></span> <span class='ocrx_word' id='word_1_430' title='bbox 643 5115 755 5166; x_wconf 81' lang='lat' dir='ltr'><strong>vni,</strong></span> <span class='ocrx_word' id='word_1_431' title='bbox 784 5099 872 5166; x_wconf 80' lang='lat'><strong>&#39;50,</strong></span> <span class='ocrx_word' id='word_1_432' title='bbox 898 5108 944 5152; x_wconf 86' lang='lat' dir='ltr'><strong>et</strong></span> <span class='ocrx_word' id='word_1_433' title='bbox 982 5115 1036 5162; x_wconf 73' lang='grc' dir='ltr'><strong>Î¹,</strong></span> <span class='ocrx_word' id='word_1_434' title='bbox 1065 5096 1199 5170; x_wconf 67' lang='lat'><strong>42)?</strong></span> <span class='ocrx_word' id='word_1_435' title='bbox 1238 5097 1367 5151; x_wconf 85' lang='lat' dir='ltr'><strong>Nam</strong></span> <span class='ocrx_word' id='word_1_436' title='bbox 1410 5097 1550 5152; x_wconf 87' lang='lat' dir='ltr'><strong>unde</strong></span> <span class='ocrx_word' id='word_1_437' title='bbox 1583 5107 1697 5152; x_wconf 90' lang='lat' dir='ltr'><strong>erat</strong></span> <span class='ocrx_word' id='word_1_438' title='bbox 1729 5097 1868 5152; x_wconf 77' lang='lat' dir='ltr'><strong>mul-</strong></span> 
     </span>
    </p>
   </div>
   <div class='ocr_carea' id='block_1_54' title="bbox 285 5186 1862 5258">
    <p class='ocr_par' dir='ltr' id='par_1_54' title="bbox 285 5186 1862 5258">
     <span class='ocr_line' id='line_1_54' title="bbox 285 5186 1862 5258; baseline -0.002 -15"><span class='ocrx_word' id='word_1_439' title='bbox 285 5190 455 5246; x_wconf 76' lang='lat' dir='ltr'><strong>titudo</strong></span> <span class='ocrx_word' id='word_1_440' title='bbox 485 5190 571 5243; x_wconf 87' lang='lat' dir='ltr'><strong>illa</strong></span> <span class='ocrx_word' id='word_1_441' title='bbox 591 5205 776 5243; x_wconf 90' lang='lat' dir='ltr'><strong>eorum</strong></span> <span class='ocrx_word' id='word_1_442' title='bbox 805 5189 896 5258; x_wconf 92' lang='lat' dir='ltr'><strong>qui</strong></span> <span class='ocrx_word' id='word_1_443' title='bbox 920 5203 1038 5242; x_wconf 92' lang='lat' dir='ltr'><strong>cum</strong></span> <span class='ocrx_word' id='word_1_444' title='bbox 1066 5187 1232 5242; x_wconf 89' lang='lat' dir='ltr'><strong>ramis</strong></span> <span class='ocrx_word' id='word_1_445' title='bbox 1260 5186 1447 5256; x_wconf 88' lang='lat' dir='ltr'><strong>partim</strong></span> <span class='ocrx_word' id='word_1_446' title='bbox 1473 5187 1862 5256; x_wconf 61' lang='lat' dir='ltr'><strong>praecedebant,</strong></span> 
     </span>
    </p>
   </div>
   <div class='ocr_carea' id='block_1_55' title="bbox 285 5279 1863 5352">
    <p class='ocr_par' dir='ltr' id='par_1_55' title="bbox 285 5279 1863 5352">
     <span class='ocr_line' id='line_1_55' title="bbox 285 5279 1863 5352; baseline -0.002 -16"><span class='ocrx_word' id='word_1_447' title='bbox 285 5283 480 5351; x_wconf 88' lang='lat' dir='ltr'><strong>partim</strong></span> <span class='ocrx_word' id='word_1_448' title='bbox 533 5281 898 5352; x_wconf 89' lang='lat' dir='ltr'><strong>sequebantur</strong></span> <span class='ocrx_word' id='word_1_449' title='bbox 941 5279 1258 5335; x_wconf 90' lang='lat' dir='ltr'><strong>insidentem</strong></span> <span class='ocrx_word' id='word_1_450' title='bbox 1299 5279 1563 5348; x_wconf 89' lang='lat' dir='ltr'><strong>jumento,</strong></span> <span class='ocrx_word' id='word_1_451' title='bbox 1607 5279 1863 5346; x_wconf 88' lang='lat' dir='ltr'><strong>dicentes,</strong></span> 
     </span>
    </p>
   </div>
   <div class='ocr_carea' id='block_1_56' title="bbox 284 5371 1869 5444">
    <p class='ocr_par' dir='ltr' id='par_1_56' title="bbox 284 5371 1869 5444">
     <span class='ocr_line' id='line_1_56' title="bbox 284 5371 1869 5444; baseline 0 -16"><span class='ocrx_word' id='word_1_452' title='bbox 284 5373 589 5428; x_wconf 78' lang='lat' dir='ltr'><strong>Benedictus</strong></span> <span class='ocrx_word' id='word_1_453' title='bbox 622 5374 706 5444; x_wconf 84' lang='lat' dir='ltr'><strong>qui</strong></span> <span class='ocrx_word' id='word_1_454' title='bbox 743 5374 875 5428; x_wconf 74' lang='lat' dir='ltr'><strong>vrnit</strong></span> <span class='ocrx_word' id='word_1_455' title='bbox 911 5373 965 5428; x_wconf 86' lang='lat' dir='ltr'><strong>in</strong></span> <span class='ocrx_word' id='word_1_456' title='bbox 1008 5373 1208 5427; x_wconf 82' lang='lat' dir='ltr'><strong>nomine</strong></span> <span class='ocrx_word' id='word_1_457' title='bbox 1253 5371 1491 5437; x_wconf 85' lang='lat' dir='ltr'><strong>Domini;</strong></span> <span class='ocrx_word' id='word_1_458' title='bbox 1532 5381 1586 5428; x_wconf 89' lang='lat' dir='ltr'><strong>et</strong></span> <span class='ocrx_word' id='word_1_459' title='bbox 1621 5387 1743 5426; x_wconf 91' lang='lat' dir='ltr'><strong>cum</strong></span> <span class='ocrx_word' id='word_1_460' title='bbox 1792 5373 1869 5428; x_wconf 87' lang='lat' dir='ltr'><strong>eis</strong></span> 
     </span>
    </p>
   </div>
   <div class='ocr_carea' id='block_1_57' title="bbox 288 5459 1872 5535">
    <p class='ocr_par' dir='ltr' id='par_1_57' title="bbox 288 5459 1872 5535">
     <span class='ocr_line' id='line_1_57' title="bbox 288 5459 1872 5535; baseline 0.001 -18"><span class='ocrx_word' id='word_1_461' title='bbox 288 5466 462 5535; x_wconf 80' lang='lat' dir='ltr'><strong>pueri,</strong></span> <span class='ocrx_word' id='word_1_462' title='bbox 517 5464 586 5520; x_wconf 89' lang='lat' dir='ltr'><strong>de</strong></span> <span class='ocrx_word' id='word_1_463' title='bbox 609 5465 802 5535; x_wconf 90' lang='lat' dir='ltr'><strong>quibus</strong></span> <span class='ocrx_word' id='word_1_464' title='bbox 849 5465 960 5531; x_wconf 90' lang='lat' dir='ltr'><strong>ipse</strong></span> <span class='ocrx_word' id='word_1_465' title='bbox 987 5463 1060 5518; x_wconf 87' lang='lat' dir='ltr'><strong>ait</strong></span> <span class='ocrx_word' id='word_1_466' title='bbox 1102 5461 1267 5518; x_wconf 91' lang='lat' dir='ltr'><strong>fuisse</strong></span> <span class='ocrx_word' id='word_1_467' title='bbox 1292 5462 1622 5531; x_wconf 63' lang='lat' dir='ltr'><strong>priedictum,</strong></span> <span class='ocrx_word' id='word_1_468' title='bbox 1654 5459 1739 5516; x_wconf 73' lang='lat' dir='ltr'><strong>Ex</strong></span> <span class='ocrx_word' id='word_1_469' title='bbox 1787 5479 1872 5518; x_wconf 90' lang='lat' dir='ltr'><strong>ore</strong></span> 
     </span>
    </p>
   </div>
   <div class='ocr_carea' id='block_1_58' title="bbox 298 5550 1868 5627">
    <p class='ocr_par' dir='ltr' id='par_1_58' title="bbox 298 5550 1868 5627">
     <span class='ocr_line' id='line_1_58' title="bbox 298 5550 1868 5627; baseline -0.001 -18"><span class='ocrx_word' id='word_1_470' title='bbox 298 5556 562 5627; x_wconf 79' lang='lat' dir='ltr'><strong>&#39;ufautium</strong></span> <span class='ocrx_word' id='word_1_471' title='bbox 592 5566 639 5611; x_wconf 84' lang='lat' dir='ltr'><strong>et</strong></span> <span class='ocrx_word' id='word_1_472' title='bbox 667 5555 956 5609; x_wconf 83' lang='lat' dir='ltr'><strong>lactentium</strong></span> <span class='ocrx_word' id='word_1_473' title='bbox 983 5553 1234 5625; x_wconf 77' lang='lat' dir='ltr'><strong>perfecisti</strong></span> <span class='ocrx_word' id='word_1_474' title='bbox 1282 5552 1482 5607; x_wconf 85' lang='lat' dir='ltr'><strong>laudem</strong></span> <span class='ocrx_word' id='word_1_475' title='bbox 1520 5550 1732 5623; x_wconf 76' lang='lat' dir='ltr'><strong>(Matth.</strong></span> <span class='ocrx_word' id='word_1_476' title='bbox 1758 5569 1868 5620; x_wconf 80' lang='lat' dir='ltr'><strong>xxr,</strong></span> 
     </span>
    </p>
   </div>
   <div class='ocr_carea' id='block_1_59' title="bbox 288 5642 1868 5719">
    <p class='ocr_par' dir='ltr' id='par_1_59' title="bbox 288 5642 1868 5719">
     <span class='ocr_line' id='line_1_59' title="bbox 288 5642 1868 5719; baseline -0.004 -15"><span class='ocrx_word' id='word_1_477' title='bbox 288 5647 347 5715; x_wconf 89' lang='lat'><strong>7,</strong></span> <span class='ocrx_word' id='word_1_478' title='bbox 375 5647 476 5714; x_wconf 75' lang='lat'><strong>16;</strong></span> <span class='ocrx_word' id='word_1_479' title='bbox 518 5646 664 5702; x_wconf 74' lang='lat' dir='ltr'><strong>Psal.</strong></span> <span class='ocrx_word' id='word_1_480' title='bbox 689 5664 802 5711; x_wconf 84' lang='lat' dir='ltr'><strong>Vill,</strong></span> <span class='ocrx_word' id='word_1_481' title='bbox 833 5647 930 5719; x_wconf 79' lang='lat'><strong>5)?</strong></span> <span class='ocrx_word' id='word_1_482' title='bbox 955 5645 1107 5703; x_wconf 90' lang='lat' dir='ltr'><strong>Unde</strong></span> <span class='ocrx_word' id='word_1_483' title='bbox 1132 5643 1406 5714; x_wconf 78' lang='lat' dir='ltr'><strong>quingenti</strong></span> <span class='ocrx_word' id='word_1_484' title='bbox 1434 5642 1644 5710; x_wconf 77' lang='lat' dir='ltr'><strong>fratres,</strong></span> <span class='ocrx_word' id='word_1_485' title='bbox 1675 5643 1868 5711; x_wconf 85' lang='lat' dir='ltr'><strong>quibus</strong></span> 
     </span>
    </p>
   </div>
   <div class='ocr_carea' id='block_1_60' title="bbox 292 5737 1866 5814">
    <p class='ocr_par' dir='ltr' id='par_1_60' title="bbox 292 5737 1866 5814">
     <span class='ocr_line' id='line_1_60' title="bbox 292 5737 1866 5814; baseline -0.003 -18"><span class='ocrx_word' id='word_1_486' title='bbox 292 5742 449 5797; x_wconf 86' lang='lat' dir='ltr'><strong>simul</strong></span> <span class='ocrx_word' id='word_1_487' title='bbox 494 5749 615 5814; x_wconf 83' lang='lat' dir='ltr'><strong>post</strong></span> <span class='ocrx_word' id='word_1_488' title='bbox 652 5739 1096 5799; x_wconf 82' lang='lat' dir='ltr'><strong>resurrectionem</strong></span> <span class='ocrx_word' id='word_1_489' title='bbox 1141 5757 1248 5799; x_wconf 92' lang='lat' dir='ltr'><strong>non</strong></span> <span class='ocrx_word' id='word_1_490' title='bbox 1295 5739 1626 5810; x_wconf 81' lang='lat' dir='ltr'><strong>apparuisset</strong></span> <span class='ocrx_word' id='word_1_491' title='bbox 1673 5737 1717 5811; x_wconf 83' lang='grc' dir='ltr'><strong>(á¼°</strong></span> <span class='ocrx_word' id='word_1_492' title='bbox 1747 5737 1866 5793; x_wconf 76' lang='lat' dir='ltr'><strong>Cor.</strong></span> 
     </span>
    </p>
   </div>
   <div class='ocr_carea' id='block_1_61' title="bbox 1364 326 2429 387">
    <p class='ocr_par' dir='ltr' id='par_1_61' title="bbox 1364 326 2429 387">
     <span class='ocr_line' id='line_1_61' title="bbox 1364 326 2429 387; baseline 0.001 -1"><span class='ocrx_word' id='word_1_493' title='bbox 1364 326 1775 386; x_wconf 80' lang='lat' dir='ltr'><strong>TRACTA&#39;I&#39;US</strong></span> <span class='ocrx_word' id='word_1_494' title='bbox 1829 327 1964 387; x_wconf 80' lang='lat' dir='ltr'><strong>CIX.</strong></span> <span class='ocrx_word' id='word_1_495' title='bbox 2007 328 2228 386; x_wconf 80' lang='lat' dir='ltr'><strong>CAPUT</strong></span> <span class='ocrx_word' id='word_1_496' title='bbox 2269 331 2429 387; x_wconf 64' lang='grc' dir='ltr'><strong>Î§Î½Î¹Î¹.</strong></span> 
     </span>
    </p>
   </div>
   <div class='ocr_carea' id='block_1_62' title="bbox 3387 345 3526 406">
    <p class='ocr_par' dir='ltr' id='par_1_62' title="bbox 3387 345 3526 406">
     <span class='ocr_line' id='line_1_62' title="bbox 3387 345 3526 406; baseline 0.014 -2"><span class='ocrx_word' id='word_1_497' title='bbox 3387 345 3526 406; x_wconf 82' lang='grc'><strong>1918</strong></span> 
     </span>
    </p>
   </div>
   <div class='ocr_carea' id='block_1_63' title="bbox 1954 445 3523 521">
    <p class='ocr_par' dir='ltr' id='par_1_63' title="bbox 1954 445 3523 521">
     <span class='ocr_line' id='line_1_63' title="bbox 1954 445 3523 521; baseline 0.017 -25"><span class='ocrx_word' id='word_1_498' title='bbox 1954 459 2040 512; x_wconf 84' lang='lat' dir='ltr'><strong>xv,</strong></span> <span class='ocrx_word' id='word_1_499' title='bbox 2071 445 2148 512; x_wconf 83' lang='grc' dir='ltr'><strong>Ï),</strong></span> <span class='ocrx_word' id='word_1_500' title='bbox 2181 449 2279 500; x_wconf 76' lang='lat' dir='ltr'><strong>nisi</strong></span> <span class='ocrx_word' id='word_1_501' title='bbox 2312 448 2362 502; x_wconf 90' lang='lat' dir='ltr'><strong>in</strong></span> <span class='ocrx_word' id='word_1_502' title='bbox 2388 463 2509 504; x_wconf 92' lang='lat' dir='ltr'><strong>eum</strong></span> <span class='ocrx_word' id='word_1_503' title='bbox 2537 458 2660 506; x_wconf 90' lang='lat' dir='ltr'><strong>ante</strong></span> <span class='ocrx_word' id='word_1_504' title='bbox 2687 452 3073 515; x_wconf 74' lang='lat' dir='ltr'><strong>credidissent?</strong></span> <span class='ocrx_word' id='word_1_505' title='bbox 3101 457 3254 517; x_wconf 87' lang='lat' dir='ltr'><strong>Unde</strong></span> <span class='ocrx_word' id='word_1_506' title='bbox 3289 461 3365 518; x_wconf 90' lang='lat' dir='ltr'><strong>illi</strong></span> <span class='ocrx_word' id='word_1_507' title='bbox 3394 479 3523 521; x_wconf 88' lang='lat' dir='ltr'><strong>cen-</strong></span> 
     </span>
    </p>
   </div>
   <div class='ocr_carea' id='block_1_64' title="bbox 1953 542 3526 612">
    <p class='ocr_par' dir='ltr' id='par_1_64' title="bbox 1953 542 3526 612">
     <span class='ocr_line' id='line_1_64' title="bbox 1953 542 3526 612; baseline 0.015 -24"><span class='ocrx_word' id='word_1_508' title='bbox 1953 543 2061 589; x_wconf 89' lang='lat' dir='ltr'><strong>tum</strong></span> <span class='ocrx_word' id='word_1_509' title='bbox 2089 546 2140 590; x_wconf 88' lang='lat' dir='ltr'><strong>et</strong></span> <span class='ocrx_word' id='word_1_510' title='bbox 2165 553 2378 606; x_wconf 85' lang='lat' dir='ltr'><strong>novem,</strong></span> <span class='ocrx_word' id='word_1_511' title='bbox 2411 542 2498 611; x_wconf 93' lang='lat' dir='ltr'><strong>qui</strong></span> <span class='ocrx_word' id='word_1_512' title='bbox 2541 557 2660 597; x_wconf 91' lang='lat' dir='ltr'><strong>cum</strong></span> <span class='ocrx_word' id='word_1_513' title='bbox 2693 545 2804 599; x_wconf 82' lang='lat' dir='ltr'><strong>istis</strong></span> <span class='ocrx_word' id='word_1_514' title='bbox 2842 547 3085 603; x_wconf 90' lang='lat' dir='ltr'><strong>undecim</strong></span> <span class='ocrx_word' id='word_1_515' title='bbox 3111 561 3322 607; x_wconf 90' lang='lat' dir='ltr'><strong>centum</strong></span> <span class='ocrx_word' id='word_1_516' title='bbox 3363 566 3417 611; x_wconf 90' lang='lat' dir='ltr'><strong>et</strong></span> <span class='ocrx_word' id='word_1_517' title='bbox 3447 557 3526 612; x_wconf 85' lang='lat' dir='ltr'><strong>vl-</strong></span> 
     </span>
    </p>
   </div>
   <div class='ocr_carea' id='block_1_65' title="bbox 1950 629 3524 716">
    <p class='ocr_par' dir='ltr' id='par_1_65' title="bbox 1950 629 3524 716">
     <span class='ocr_line' id='line_1_65' title="bbox 1950 629 3524 716; baseline 0.015 -35"><span class='ocrx_word' id='word_1_518' title='bbox 1950 629 2078 698; x_wconf 84' lang='lat' dir='ltr'><strong>ginti</strong></span> <span class='ocrx_word' id='word_1_519' title='bbox 2105 640 2277 697; x_wconf 91' lang='lat' dir='ltr'><strong>erant,</strong></span> <span class='ocrx_word' id='word_1_520' title='bbox 2308 635 2517 703; x_wconf 90' lang='lat' dir='ltr'><strong>quando</strong></span> <span class='ocrx_word' id='word_1_521' title='bbox 2539 638 2692 692; x_wconf 92' lang='lat' dir='ltr'><strong>simul</strong></span> <span class='ocrx_word' id='word_1_522' title='bbox 2716 643 3017 712; x_wconf 80' lang='lat' dir='ltr'><strong>congregati</strong></span> <span class='ocrx_word' id='word_1_523' title='bbox 3055 654 3174 714; x_wconf 92' lang='lat' dir='ltr'><strong>post</strong></span> <span class='ocrx_word' id='word_1_524' title='bbox 3202 647 3318 716; x_wconf 89' lang='lat' dir='ltr'><strong>ejus</strong></span> <span class='ocrx_word' id='word_1_525' title='bbox 3337 663 3524 704; x_wconf 84' lang='lat' dir='ltr'><strong>ascen-</strong></span> 
     </span>
    </p>
   </div>
   <div class='ocr_carea' id='block_1_66' title="bbox 1951 731 3526 809">
    <p class='ocr_par' dir='ltr' id='par_1_66' title="bbox 1951 731 3526 809">
     <span class='ocr_line' id='line_1_66' title="bbox 1951 731 3526 809; baseline 0.017 -39"><span class='ocrx_word' id='word_1_526' title='bbox 1951 732 2068 771; x_wconf 90' lang='lat' dir='ltr'><strong>sum</strong></span> <span class='ocrx_word' id='word_1_527' title='bbox 2096 731 2558 794; x_wconf 81' lang='lat' dir='ltr'><strong>exspectaverunt,</strong></span> <span class='ocrx_word' id='word_1_528' title='bbox 2588 738 2641 782; x_wconf 92' lang='lat' dir='ltr'><strong>et</strong></span> <span class='ocrx_word' id='word_1_529' title='bbox 2665 743 2983 800; x_wconf 83' lang='lat' dir='ltr'><strong>acceperunt</strong></span> <span class='ocrx_word' id='word_1_530' title='bbox 3009 737 3326 803; x_wconf 90' lang='lat' dir='ltr'><strong>promissum</strong></span> <span class='ocrx_word' id='word_1_531' title='bbox 3354 739 3526 809; x_wconf 88' lang='lat' dir='ltr'><strong>Spiri-</strong></span> 
     </span>
    </p>
   </div>
   <div class='ocr_carea' id='block_1_67' title="bbox 1954 814 3520 894">
    <p class='ocr_par' dir='ltr' id='par_1_67' title="bbox 1954 814 3520 894">
     <span class='ocr_line' id='line_1_67' title="bbox 1954 814 3520 894; baseline 0.014 -30"><span class='ocrx_word' id='word_1_532' title='bbox 1954 819 2063 864; x_wconf 89' lang='lat' dir='ltr'><strong>tum</strong></span> <span class='ocrx_word' id='word_1_533' title='bbox 2109 822 2347 867; x_wconf 86' lang='lat' dir='ltr'><strong>sanctum</strong></span> <span class='ocrx_word' id='word_1_534' title='bbox 2383 814 2514 887; x_wconf 81' lang='lat' dir='ltr'><strong>(Act.</strong></span> <span class='ocrx_word' id='word_1_535' title='bbox 2545 833 2582 882; x_wconf 82' lang='grc' dir='ltr'><strong>Î¹,</strong></span> <span class='ocrx_word' id='word_1_536' title='bbox 2626 821 2712 885; x_wconf 81' lang='grc'><strong>15,</strong></span> <span class='ocrx_word' id='word_1_537' title='bbox 2744 830 2790 875; x_wconf 81' lang='lat' dir='ltr'><strong>et</strong></span> <span class='ocrx_word' id='word_1_538' title='bbox 2832 838 2889 886; x_wconf 84' lang='grc' dir='ltr'><strong>Î¹Î¹,</strong></span> <span class='ocrx_word' id='word_1_539' title='bbox 2922 823 3018 894; x_wconf 73' lang='grc' dir='ltr'><strong>4)Â¹á¿</strong></span> <span class='ocrx_word' id='word_1_540' title='bbox 3048 824 3197 881; x_wconf 92' lang='lat' dir='ltr'><strong>Unde</strong></span> <span class='ocrx_word' id='word_1_541' title='bbox 3234 838 3387 884; x_wconf 90' lang='lat' dir='ltr'><strong>erant</strong></span> <span class='ocrx_word' id='word_1_542' title='bbox 3433 831 3520 886; x_wconf 89' lang='lat' dir='ltr'><strong>isti</strong></span> 
     </span>
    </p>
   </div>
   <div class='ocr_carea' id='block_1_68' title="bbox 1952 904 3523 982">
    <p class='ocr_par' dir='ltr' id='par_1_68' title="bbox 1952 904 3523 982">
     <span class='ocr_line' id='line_1_68' title="bbox 1952 904 3523 982; baseline 0.013 -28"><span class='ocrx_word' id='word_1_543' title='bbox 1952 915 2158 967; x_wconf 90' lang='lat' dir='ltr'><strong>omnes,</strong></span> <span class='ocrx_word' id='word_1_544' title='bbox 2190 904 2288 957; x_wconf 90' lang='lat' dir='ltr'><strong>nisi</strong></span> <span class='ocrx_word' id='word_1_545' title='bbox 2311 921 2373 959; x_wconf 81' lang='lat' dir='ltr'><strong>ex</strong></span> <span class='ocrx_word' id='word_1_546' title='bbox 2403 908 2505 961; x_wconf 92' lang='lat' dir='ltr'><strong>illis</strong></span> <span class='ocrx_word' id='word_1_547' title='bbox 2530 910 2595 962; x_wconf 91' lang='lat' dir='ltr'><strong>de</strong></span> <span class='ocrx_word' id='word_1_548' title='bbox 2621 911 2807 980; x_wconf 88' lang='lat' dir='ltr'><strong>quibus</strong></span> <span class='ocrx_word' id='word_1_549' title='bbox 2832 914 3028 969; x_wconf 91' lang='lat' dir='ltr'><strong>dictum</strong></span> <span class='ocrx_word' id='word_1_550' title='bbox 3054 927 3152 982; x_wconf 92' lang='lat' dir='ltr'><strong>est,</strong></span> <span class='ocrx_word' id='word_1_551' title='bbox 3179 917 3330 973; x_wconf 82' lang='lat' dir='ltr'><strong>Multi</strong></span> <span class='ocrx_word' id='word_1_552' title='bbox 3357 924 3523 975; x_wconf 86' lang='lat' dir='ltr'><strong>crediâ€”</strong></span> 
     </span>
    </p>
   </div>
   <div class='ocr_carea' id='block_1_69' title="bbox 1954 995 3518 1079">
    <p class='ocr_par' dir='ltr' id='par_1_69' title="bbox 1954 995 3518 1079">
     <span class='ocr_line' id='line_1_69' title="bbox 1954 995 3518 1079; baseline 0.013 -31"><span class='ocrx_word' id='word_1_553' title='bbox 1954 995 2133 1049; x_wconf 83' lang='lat' dir='ltr'><strong>derunt</strong></span> <span class='ocrx_word' id='word_1_554' title='bbox 2153 997 2203 1050; x_wconf 86' lang='lat' dir='ltr'><strong>in</strong></span> <span class='ocrx_word' id='word_1_555' title='bbox 2230 1015 2342 1052; x_wconf 85' lang='lat' dir='ltr'><strong>eum</strong></span> <span class='ocrx_word' id='word_1_556' title='bbox 2364 999 2389 1052; x_wconf 87' lang='lat'><strong><em>?</em></strong></span> <span class='ocrx_word' id='word_1_557' title='bbox 2417 1001 2528 1055; x_wconf 87' lang='lat' dir='ltr'><strong>Non</strong></span> <span class='ocrx_word' id='word_1_558' title='bbox 2553 1018 2678 1072; x_wconf 87' lang='lat' dir='ltr'><strong>ergo</strong></span> <span class='ocrx_word' id='word_1_559' title='bbox 2705 1021 2798 1073; x_wconf 91' lang='lat' dir='ltr'><strong>pro</strong></span> <span class='ocrx_word' id='word_1_560' title='bbox 2817 1007 2893 1061; x_wconf 92' lang='lat' dir='ltr'><strong>eis</strong></span> <span class='ocrx_word' id='word_1_561' title='bbox 2919 1016 3044 1063; x_wconf 92' lang='lat' dir='ltr'><strong>tunc</strong></span> <span class='ocrx_word' id='word_1_562' title='bbox 3059 1012 3231 1065; x_wconf 88' lang='lat' dir='ltr'><strong>oravit</strong></span> <span class='ocrx_word' id='word_1_563' title='bbox 3250 1010 3518 1079; x_wconf 89' lang='lat' dir='ltr'><strong>Salvator,</strong></span> 
     </span>
    </p>
   </div>
   <div class='ocr_carea' id='block_1_70' title="bbox 1953 1090 3521 1174">
    <p class='ocr_par' dir='ltr' id='par_1_70' title="bbox 1953 1090 3521 1174">
     <span class='ocr_line' id='line_1_70' title="bbox 1953 1090 3521 1174; baseline 0.012 -33"><span class='ocrx_word' id='word_1_564' title='bbox 1953 1090 2200 1159; x_wconf 90' lang='lat' dir='ltr'><strong>quoniam</strong></span> <span class='ocrx_word' id='word_1_565' title='bbox 2223 1106 2320 1160; x_wconf 90' lang='lat' dir='ltr'><strong>pro</strong></span> <span class='ocrx_word' id='word_1_566' title='bbox 2340 1092 2418 1146; x_wconf 90' lang='lat' dir='ltr'><strong>eis</strong></span> <span class='ocrx_word' id='word_1_567' title='bbox 2445 1095 2614 1148; x_wconf 90' lang='lat' dir='ltr'><strong>oravit</strong></span> <span class='ocrx_word' id='word_1_568' title='bbox 2634 1096 2722 1165; x_wconf 89' lang='lat' dir='ltr'><strong>qui</strong></span> <span class='ocrx_word' id='word_1_569' title='bbox 2751 1113 2869 1152; x_wconf 92' lang='lat' dir='ltr'><strong>cum</strong></span> <span class='ocrx_word' id='word_1_570' title='bbox 2901 1099 2993 1155; x_wconf 91' lang='lat' dir='ltr'><strong>illo</strong></span> <span class='ocrx_word' id='word_1_571' title='bbox 3015 1110 3138 1156; x_wconf 90' lang='lat' dir='ltr'><strong>tunc</strong></span> <span class='ocrx_word' id='word_1_572' title='bbox 3163 1113 3336 1170; x_wconf 87' lang='lat' dir='ltr'><strong>erant,</strong></span> <span class='ocrx_word' id='word_1_573' title='bbox 3355 1115 3409 1158; x_wconf 89' lang='lat' dir='ltr'><strong>et</strong></span> <span class='ocrx_word' id='word_1_574' title='bbox 3424 1120 3521 1174; x_wconf 89' lang='lat' dir='ltr'><strong>pro</strong></span> 
     </span>
    </p>
   </div>
   <div class='ocr_carea' id='block_1_71' title="bbox 1954 1179 3526 1264">
    <p class='ocr_par' dir='ltr' id='par_1_71' title="bbox 1954 1179 3526 1264">
     <span class='ocr_line' id='line_1_71' title="bbox 1954 1179 3526 1264; baseline 0.013 -32"><span class='ocrx_word' id='word_1_575' title='bbox 1954 1179 2072 1234; x_wconf 89' lang='lat' dir='ltr'><strong>aliis</strong></span> <span class='ocrx_word' id='word_1_576' title='bbox 2099 1182 2188 1251; x_wconf 91' lang='lat' dir='ltr'><strong>qui</strong></span> <span class='ocrx_word' id='word_1_577' title='bbox 2216 1197 2310 1251; x_wconf 88' lang='lat' dir='ltr'><strong>per</strong></span> <span class='ocrx_word' id='word_1_578' title='bbox 2335 1184 2552 1239; x_wconf 92' lang='lat' dir='ltr'><strong>verbum</strong></span> <span class='ocrx_word' id='word_1_579' title='bbox 2576 1201 2758 1241; x_wconf 89' lang='lat' dir='ltr'><strong>eorum</strong></span> <span class='ocrx_word' id='word_1_580' title='bbox 2782 1190 2832 1242; x_wconf 93' lang='lat' dir='ltr'><strong>in</strong></span> <span class='ocrx_word' id='word_1_581' title='bbox 2861 1205 2980 1245; x_wconf 89' lang='lat' dir='ltr'><strong>eum</strong></span> <span class='ocrx_word' id='word_1_582' title='bbox 3013 1208 3117 1246; x_wconf 93' lang='lat' dir='ltr'><strong>non</strong></span> <span class='ocrx_word' id='word_1_583' title='bbox 3143 1192 3252 1264; x_wconf 91' lang='lat' dir='ltr'><strong>jam</strong></span> <span class='ocrx_word' id='word_1_584' title='bbox 3283 1195 3526 1252; x_wconf 87' lang='lat' dir='ltr'><strong>credide-</strong></span> 
     </span>
    </p>
   </div>
   <div class='ocr_carea' id='block_1_72' title="bbox 1954 1273 3525 1342">
    <p class='ocr_par' dir='ltr' id='par_1_72' title="bbox 1954 1273 3525 1342">
     <span class='ocr_line' id='line_1_72' title="bbox 1954 1273 3525 1342; baseline 0.01 -15"><span class='ocrx_word' id='word_1_585' title='bbox 1954 1281 2095 1340; x_wconf 89' lang='lat' dir='ltr'><strong>rant,</strong></span> <span class='ocrx_word' id='word_1_586' title='bbox 2141 1273 2234 1330; x_wconf 92' lang='lat' dir='ltr'><strong>sed</strong></span> <span class='ocrx_word' id='word_1_587' title='bbox 2261 1275 2465 1330; x_wconf 83' lang='lat' dir='ltr'><strong>fuerant</strong></span> <span class='ocrx_word' id='word_1_588' title='bbox 2512 1277 2784 1333; x_wconf 89' lang='lat' dir='ltr'><strong>credituri.</strong></span> <span class='ocrx_word' id='word_1_589' title='bbox 2814 1280 2902 1335; x_wconf 92' lang='lat' dir='ltr'><strong>lsti</strong></span> <span class='ocrx_word' id='word_1_590' title='bbox 2950 1294 3125 1338; x_wconf 85' lang='lat' dir='ltr'><strong>autem</strong></span> <span class='ocrx_word' id='word_1_591' title='bbox 3156 1301 3254 1340; x_wconf 91' lang='lat' dir='ltr'><strong>nec</strong></span> <span class='ocrx_word' id='word_1_592' title='bbox 3281 1301 3402 1341; x_wconf 91' lang='lat' dir='ltr'><strong>cum</strong></span> <span class='ocrx_word' id='word_1_593' title='bbox 3433 1287 3525 1342; x_wconf 91' lang='lat' dir='ltr'><strong>illo</strong></span> 
     </span>
    </p>
   </div>
   <div class='ocr_carea' id='block_1_73' title="bbox 1955 1366 3523 1438">
    <p class='ocr_par' dir='ltr' id='par_1_73' title="bbox 1955 1366 3523 1438">
     <span class='ocr_line' id='line_1_73' title="bbox 1955 1366 3523 1438; baseline 0.012 -23"><span class='ocrx_word' id='word_1_594' title='bbox 1955 1368 2079 1417; x_wconf 91' lang='lat' dir='ltr'><strong>tunc</strong></span> <span class='ocrx_word' id='word_1_595' title='bbox 2104 1372 2271 1430; x_wconf 88' lang='lat' dir='ltr'><strong>erant,</strong></span> <span class='ocrx_word' id='word_1_596' title='bbox 2310 1374 2364 1420; x_wconf 93' lang='lat' dir='ltr'><strong>et</strong></span> <span class='ocrx_word' id='word_1_597' title='bbox 2390 1366 2442 1420; x_wconf 90' lang='lat' dir='ltr'><strong>in</strong></span> <span class='ocrx_word' id='word_1_598' title='bbox 2465 1382 2585 1422; x_wconf 90' lang='lat' dir='ltr'><strong>eum</strong></span> <span class='ocrx_word' id='word_1_599' title='bbox 2618 1369 2729 1438; x_wconf 85' lang='lat' dir='ltr'><strong>jam</strong></span> <span class='ocrx_word' id='word_1_600' title='bbox 2771 1379 2899 1426; x_wconf 90' lang='lat' dir='ltr'><strong>ante</strong></span> <span class='ocrx_word' id='word_1_601' title='bbox 2938 1374 3290 1430; x_wconf 89' lang='lat' dir='ltr'><strong>crediderant.</strong></span> <span class='ocrx_word' id='word_1_602' title='bbox 3323 1377 3523 1434; x_wconf 88' lang='lat' dir='ltr'><strong>Omitto</strong></span> 
     </span>
    </p>
   </div>
   <div class='ocr_carea' id='block_1_74' title="bbox 1955 1452 3521 1534">
    <p class='ocr_par' dir='ltr' id='par_1_74' title="bbox 1955 1452 3521 1534">
     <span class='ocr_line' id='line_1_74' title="bbox 1955 1452 3521 1534; baseline 0.01 -27"><span class='ocrx_word' id='word_1_603' title='bbox 1955 1452 2134 1509; x_wconf 89' lang='lat' dir='ltr'><strong>dicere</strong></span> <span class='ocrx_word' id='word_1_604' title='bbox 2160 1454 2225 1511; x_wconf 90' lang='lat' dir='ltr'><strong>de</strong></span> <span class='ocrx_word' id='word_1_605' title='bbox 2255 1454 2502 1512; x_wconf 91' lang='lat' dir='ltr'><strong>Simeone</strong></span> <span class='ocrx_word' id='word_1_606' title='bbox 2541 1473 2688 1525; x_wconf 90' lang='lat' dir='ltr'><strong>sene,</strong></span> <span class='ocrx_word' id='word_1_607' title='bbox 2723 1461 2811 1531; x_wconf 92' lang='lat' dir='ltr'><strong>qui</strong></span> <span class='ocrx_word' id='word_1_608' title='bbox 2839 1462 2888 1516; x_wconf 92' lang='lat' dir='ltr'><strong>in</strong></span> <span class='ocrx_word' id='word_1_609' title='bbox 2920 1462 3235 1519; x_wconf 85' lang='lat' dir='ltr'><strong>infantulum</strong></span> <span class='ocrx_word' id='word_1_610' title='bbox 3262 1467 3521 1534; x_wconf 88' lang='lat' dir='ltr'><strong>credidit;</strong></span> 
     </span>
    </p>
   </div>
   <div class='ocr_carea' id='block_1_75' title="bbox 1954 1541 3528 1626">
    <p class='ocr_par' dir='ltr' id='par_1_75' title="bbox 1954 1541 3528 1626">
     <span class='ocr_line' id='line_1_75' title="bbox 1954 1541 3528 1626; baseline 0.01 -29"><span class='ocrx_word' id='word_1_611' title='bbox 1954 1541 2021 1598; x_wconf 90' lang='lat' dir='ltr'><strong>de</strong></span> <span class='ocrx_word' id='word_1_612' title='bbox 2050 1546 2198 1599; x_wconf 88' lang='lat' dir='ltr'><strong>Anna</strong></span> <span class='ocrx_word' id='word_1_613' title='bbox 2222 1547 2552 1618; x_wconf 85' lang='lat' dir='ltr'><strong>prophetissa</strong></span> <span class='ocrx_word' id='word_1_614' title='bbox 2577 1549 2725 1621; x_wconf 86' lang='lat' dir='ltr'><strong>(Luc.</strong></span> <span class='ocrx_word' id='word_1_615' title='bbox 2755 1567 2813 1618; x_wconf 84' lang='grc' dir='ltr'><strong>Î¹Î¹,</strong></span> <span class='ocrx_word' id='word_1_616' title='bbox 2844 1553 3035 1626; x_wconf 75' lang='lat'><strong>25-38)</strong></span> <span class='ocrx_word' id='word_1_617' title='bbox 3058 1571 3072 1622; x_wconf 92' lang='lat'><strong>;</strong></span> <span class='ocrx_word' id='word_1_618' title='bbox 3099 1555 3166 1612; x_wconf 91' lang='lat' dir='ltr'><strong>de</strong></span> <span class='ocrx_word' id='word_1_619' title='bbox 3195 1556 3443 1612; x_wconf 70' lang='lat' dir='ltr'><strong>Zacharii</strong></span> <span class='ocrx_word' id='word_1_620' title='bbox 3476 1566 3528 1612; x_wconf 87' lang='lat' dir='ltr'><strong>et</strong></span> 
     </span>
    </p>
   </div>
   <div class='ocr_carea' id='block_1_76' title="bbox 1955 1633 3527 1715">
    <p class='ocr_par' dir='ltr' id='par_1_76' title="bbox 1955 1633 3527 1715">
     <span class='ocr_line' id='line_1_76' title="bbox 1955 1633 3527 1715; baseline 0.008 -26"><span class='ocrx_word' id='word_1_621' title='bbox 1955 1633 2248 1702; x_wconf 87' lang='lat' dir='ltr'><strong>Elisabeth,</strong></span> <span class='ocrx_word' id='word_1_622' title='bbox 2267 1639 2356 1708; x_wconf 90' lang='lat' dir='ltr'><strong>qui</strong></span> <span class='ocrx_word' id='word_1_623' title='bbox 2386 1653 2508 1694; x_wconf 91' lang='lat' dir='ltr'><strong>eum</strong></span> <span class='ocrx_word' id='word_1_624' title='bbox 2540 1642 2986 1712; x_wconf 88' lang='lat' dir='ltr'><strong>prophetaverunt</strong></span> <span class='ocrx_word' id='word_1_625' title='bbox 3016 1656 3296 1715; x_wconf 86' lang='lat' dir='ltr'><strong>antequam</strong></span> <span class='ocrx_word' id='word_1_626' title='bbox 3320 1646 3388 1702; x_wconf 91' lang='lat' dir='ltr'><strong>de</strong></span> <span class='ocrx_word' id='word_1_627' title='bbox 3409 1648 3527 1702; x_wconf 83' lang='lat' dir='ltr'><strong>Vir-</strong></span> 
     </span>
    </p>
   </div>
   <div class='ocr_carea' id='block_1_77' title="bbox 1955 1725 3524 1804">
    <p class='ocr_par' dir='ltr' id='par_1_77' title="bbox 1955 1725 3524 1804">
     <span class='ocr_line' id='line_1_77' title="bbox 1955 1725 3524 1804; baseline 0.007 -26"><span class='ocrx_word' id='word_1_628' title='bbox 1955 1725 2077 1794; x_wconf 90' lang='lat' dir='ltr'><strong>gine</strong></span> <span class='ocrx_word' id='word_1_629' title='bbox 2103 1737 2410 1783; x_wconf 88' lang='lat' dir='ltr'><strong>nasceretur</strong></span> <span class='ocrx_word' id='word_1_630' title='bbox 2436 1728 2542 1801; x_wconf 82' lang='lat' dir='ltr'><strong>(1d.</strong></span> <span class='ocrx_word' id='word_1_631' title='bbox 2569 1747 2607 1798; x_wconf 89' lang='lat' dir='ltr'><strong>I,</strong></span> <span class='ocrx_word' id='word_1_632' title='bbox 2636 1733 2820 1796; x_wconf 60' lang='lat' dir='ltr'><strong>Ill-45,</strong></span> <span class='ocrx_word' id='word_1_633' title='bbox 2851 1735 3076 1804; x_wconf 86' lang='lat'><strong>67-79);</strong></span> <span class='ocrx_word' id='word_1_634' title='bbox 3109 1735 3176 1792; x_wconf 89' lang='lat' dir='ltr'><strong>de</strong></span> <span class='ocrx_word' id='word_1_635' title='bbox 3204 1737 3312 1791; x_wconf 84' lang='lat' dir='ltr'><strong>filio</strong></span> <span class='ocrx_word' id='word_1_636' title='bbox 3339 1753 3524 1792; x_wconf 91' lang='lat' dir='ltr'><strong>eorum</strong></span> 
     </span>
    </p>
   </div>
   <div class='ocr_carea' id='block_1_78' title="bbox 1955 1813 3526 1894">
    <p class='ocr_par' dir='ltr' id='par_1_78' title="bbox 1955 1813 3526 1894">
     <span class='ocr_line' id='line_1_78' title="bbox 1955 1813 3526 1894; baseline 0.007 -25"><span class='ocrx_word' id='word_1_637' title='bbox 1955 1813 2157 1871; x_wconf 76' lang='lat' dir='ltr'><strong>Joanne</strong></span> <span class='ocrx_word' id='word_1_638' title='bbox 2179 1831 2509 1887; x_wconf 73' lang='lat' dir='ltr'><strong>prrecursore</strong></span> <span class='ocrx_word' id='word_1_639' title='bbox 2537 1820 2670 1890; x_wconf 92' lang='lat' dir='ltr'><strong>ejus,</strong></span> <span class='ocrx_word' id='word_1_640' title='bbox 2704 1824 2874 1878; x_wconf 89' lang='lat' dir='ltr'><strong>amico</strong></span> <span class='ocrx_word' id='word_1_641' title='bbox 2900 1825 3101 1894; x_wconf 89' lang='lat' dir='ltr'><strong>sponsi,</strong></span> <span class='ocrx_word' id='word_1_642' title='bbox 3136 1826 3222 1894; x_wconf 88' lang='lat' dir='ltr'><strong>qui</strong></span> <span class='ocrx_word' id='word_1_643' title='bbox 3248 1840 3367 1879; x_wconf 91' lang='lat' dir='ltr'><strong>eum</strong></span> <span class='ocrx_word' id='word_1_644' title='bbox 3393 1833 3446 1879; x_wconf 90' lang='lat' dir='ltr'><strong>et</strong></span> <span class='ocrx_word' id='word_1_645' title='bbox 3473 1825 3526 1880; x_wconf 90' lang='lat' dir='ltr'><strong>in</strong></span> 
     </span>
    </p>
   </div>
   <div class='ocr_carea' id='block_1_79' title="bbox 1956 1909 3532 1988">
    <p class='ocr_par' dir='ltr' id='par_1_79' title="bbox 1956 1909 3532 1988">
     <span class='ocr_line' id='line_1_79' title="bbox 1956 1909 3532 1988; baseline 0.008 -27"><span class='ocrx_word' id='word_1_646' title='bbox 1956 1917 2140 1964; x_wconf 88' lang='lat' dir='ltr'><strong>sancto</strong></span> <span class='ocrx_word' id='word_1_647' title='bbox 2179 1909 2378 1979; x_wconf 89' lang='lat' dir='ltr'><strong>Spiritu</strong></span> <span class='ocrx_word' id='word_1_648' title='bbox 2424 1914 2658 1982; x_wconf 80' lang='lat' dir='ltr'><strong>agnovit,</strong></span> <span class='ocrx_word' id='word_1_649' title='bbox 2688 1923 2742 1970; x_wconf 91' lang='lat' dir='ltr'><strong>et</strong></span> <span class='ocrx_word' id='word_1_650' title='bbox 2782 1916 3055 1972; x_wconf 88' lang='lat' dir='ltr'><strong>absentem</strong></span> <span class='ocrx_word' id='word_1_651' title='bbox 3107 1918 3431 1988; x_wconf 74' lang='lat' dir='ltr'><strong>prmdicavit,</strong></span> <span class='ocrx_word' id='word_1_652' title='bbox 3479 1928 3532 1974; x_wconf 91' lang='lat' dir='ltr'><strong>et</strong></span> 
     </span>
    </p>
   </div>
   <div class='ocr_carea' id='block_1_80' title="bbox 1956 1998 3527 2082">
    <p class='ocr_par' dir='ltr' id='par_1_80' title="bbox 1956 1998 3527 2082">
     <span class='ocr_line' id='line_1_80' title="bbox 1956 1998 3527 2082; baseline 0.01 -31"><span class='ocrx_word' id='word_1_653' title='bbox 1956 1998 2075 2053; x_wconf 88' lang='lat' dir='ltr'><strong>aliis</strong></span> <span class='ocrx_word' id='word_1_654' title='bbox 2100 2002 2491 2070; x_wconf 82' lang='lat' dir='ltr'><strong>agnoscendum</strong></span> <span class='ocrx_word' id='word_1_655' title='bbox 2523 2020 2644 2059; x_wconf 90' lang='lat' dir='ltr'><strong>cum</strong></span> <span class='ocrx_word' id='word_1_656' title='bbox 2673 2023 2908 2076; x_wconf 83' lang='lat' dir='ltr'><strong>praesens</strong></span> <span class='ocrx_word' id='word_1_657' title='bbox 2930 2017 3071 2064; x_wconf 88' lang='lat' dir='ltr'><strong>esset</strong></span> <span class='ocrx_word' id='word_1_658' title='bbox 3097 2010 3327 2064; x_wconf 88' lang='lat' dir='ltr'><strong>ostendit</strong></span> <span class='ocrx_word' id='word_1_659' title='bbox 3348 2008 3527 2082; x_wconf 81' lang='lat' dir='ltr'><strong>(Joan.</strong></span> 
     </span>
    </p>
   </div>
   <div class='ocr_carea' id='block_1_81' title="bbox 1957 2090 3531 2170">
    <p class='ocr_par' dir='ltr' id='par_1_81' title="bbox 1957 2090 3531 2170">
     <span class='ocr_line' id='line_1_81' title="bbox 1957 2090 3531 2170; baseline 0.006 -26"><span class='ocrx_word' id='word_1_660' title='bbox 1957 2105 1995 2154; x_wconf 87' lang='grc' dir='ltr'><strong>Î¹,</strong></span> <span class='ocrx_word' id='word_1_661' title='bbox 2021 2090 2206 2157; x_wconf 78' lang='grc'><strong>19-56,</strong></span> <span class='ocrx_word' id='word_1_662' title='bbox 2235 2102 2290 2148; x_wconf 91' lang='lat' dir='ltr'><strong>et</strong></span> <span class='ocrx_word' id='word_1_663' title='bbox 2316 2109 2390 2159; x_wconf 83' lang='grc' dir='ltr'>Î¹Î¹Î¹,</span> <span class='ocrx_word' id='word_1_664' title='bbox 2414 2095 2601 2168; x_wconf 66' lang='lat'><strong>26-56)</strong></span> <span class='ocrx_word' id='word_1_665' title='bbox 2635 2116 2648 2152; x_wconf 90' lang='lat'><strong>:</strong></span> <span class='ocrx_word' id='word_1_666' title='bbox 2678 2099 2772 2153; x_wconf 89' lang='lat' dir='ltr'><strong>hos</strong></span> <span class='ocrx_word' id='word_1_667' title='bbox 2801 2099 3005 2166; x_wconf 90' lang='lat' dir='ltr'><strong>omitto,</strong></span> <span class='ocrx_word' id='word_1_668' title='bbox 3033 2101 3281 2170; x_wconf 83' lang='lat' dir='ltr'><strong>quoniam</strong></span> <span class='ocrx_word' id='word_1_669' title='bbox 3305 2116 3531 2170; x_wconf 89' lang='lat' dir='ltr'><strong>respon-</strong></span> 
     </span>
    </p>
   </div>
   <div class='ocr_carea' id='block_1_82' title="bbox 1956 2180 3526 2258">
    <p class='ocr_par' dir='ltr' id='par_1_82' title="bbox 1956 2180 3526 2258">
     <span class='ocr_line' id='line_1_82' title="bbox 1956 2180 3526 2258; baseline 0.008 -24"><span class='ocrx_word' id='word_1_670' title='bbox 1956 2180 2070 2235; x_wconf 90' lang='lat' dir='ltr'><strong>deri</strong></span> <span class='ocrx_word' id='word_1_671' title='bbox 2099 2192 2273 2251; x_wconf 85' lang='lat' dir='ltr'><strong>potest</strong></span> <span class='ocrx_word' id='word_1_672' title='bbox 2296 2187 2553 2241; x_wconf 88' lang='lat' dir='ltr'><strong>orandum</strong></span> <span class='ocrx_word' id='word_1_673' title='bbox 2585 2203 2680 2258; x_wconf 92' lang='lat' dir='ltr'><strong>pro</strong></span> <span class='ocrx_word' id='word_1_674' title='bbox 2729 2189 2917 2244; x_wconf 83' lang='lat' dir='ltr'><strong>talibus</strong></span> <span class='ocrx_word' id='word_1_675' title='bbox 2956 2191 3178 2245; x_wconf 91' lang='lat' dir='ltr'><strong>mortuis</strong></span> <span class='ocrx_word' id='word_1_676' title='bbox 3205 2206 3306 2244; x_wconf 92' lang='lat' dir='ltr'><strong>non</strong></span> <span class='ocrx_word' id='word_1_677' title='bbox 3345 2191 3526 2257; x_wconf 84' lang='lat' dir='ltr'><strong>fuisse,</strong></span> 
     </span>
    </p>
   </div>
   <div class='ocr_carea' id='block_1_83' title="bbox 1955 2273 3532 2350">
    <p class='ocr_par' dir='ltr' id='par_1_83' title="bbox 1955 2273 3532 2350">
     <span class='ocr_line' id='line_1_83' title="bbox 1955 2273 3532 2350; baseline 0.006 -24"><span class='ocrx_word' id='word_1_678' title='bbox 1955 2273 2183 2343; x_wconf 88' lang='lat' dir='ltr'><strong>quicum</strong></span> <span class='ocrx_word' id='word_1_679' title='bbox 2215 2276 2417 2346; x_wconf 85' lang='lat' dir='ltr'><strong>magnis</strong></span> <span class='ocrx_word' id='word_1_680' title='bbox 2441 2278 2551 2333; x_wconf 91' lang='lat' dir='ltr'><strong>suis</strong></span> <span class='ocrx_word' id='word_1_681' title='bbox 2582 2281 2781 2334; x_wconf 90' lang='lat' dir='ltr'><strong>meritis</strong></span> <span class='ocrx_word' id='word_1_682' title='bbox 2807 2280 2928 2334; x_wconf 90' lang='lat' dir='ltr'><strong>hinc</strong></span> <span class='ocrx_word' id='word_1_683' title='bbox 2949 2281 3210 2346; x_wconf 86' lang='lat' dir='ltr'><strong>abierant,</strong></span> <span class='ocrx_word' id='word_1_684' title='bbox 3242 2290 3295 2336; x_wconf 94' lang='lat' dir='ltr'><strong>et</strong></span> <span class='ocrx_word' id='word_1_685' title='bbox 3333 2283 3532 2350; x_wconf 88' lang='lat' dir='ltr'><strong>recepti</strong></span> 
     </span>
    </p>
   </div>
   <div class='ocr_carea' id='block_1_84' title="bbox 1957 2365 3532 2441">
    <p class='ocr_par' dir='ltr' id='par_1_84' title="bbox 1957 2365 3532 2441">
     <span class='ocr_line' id='line_1_84' title="bbox 1957 2365 3532 2441; baseline 0.005 -23"><span class='ocrx_word' id='word_1_686' title='bbox 1957 2365 2326 2434; x_wconf 89' lang='lat' dir='ltr'><strong>quiescebant;</strong></span> <span class='ocrx_word' id='word_1_687' title='bbox 2358 2367 2459 2423; x_wconf 90' lang='lat' dir='ltr'><strong>hoc</strong></span> <span class='ocrx_word' id='word_1_688' title='bbox 2496 2370 2637 2424; x_wconf 90' lang='lat' dir='ltr'><strong>enim</strong></span> <span class='ocrx_word' id='word_1_689' title='bbox 2676 2378 2729 2425; x_wconf 89' lang='lat' dir='ltr'><strong>et</strong></span> <span class='ocrx_word' id='word_1_690' title='bbox 2763 2371 2829 2424; x_wconf 90' lang='lat' dir='ltr'><strong>de</strong></span> <span class='ocrx_word' id='word_1_691' title='bbox 2857 2372 3087 2441; x_wconf 89' lang='lat' dir='ltr'><strong>antiquis</strong></span> <span class='ocrx_word' id='word_1_692' title='bbox 3107 2372 3261 2441; x_wconf 90' lang='lat' dir='ltr'><strong>justis</strong></span> <span class='ocrx_word' id='word_1_693' title='bbox 3291 2371 3532 2426; x_wconf 87' lang='lat' dir='ltr'><strong>similiter</strong></span> 
     </span>
    </p>
   </div>
   <div class='ocr_carea' id='block_1_85' title="bbox 1957 2456 3533 2538">
    <p class='ocr_par' dir='ltr' id='par_1_85' title="bbox 1957 2456 3533 2538">
     <span class='ocr_line' id='line_1_85' title="bbox 1957 2456 3533 2538; baseline 0.004 -28"><span class='ocrx_word' id='word_1_694' title='bbox 1957 2456 2328 2524; x_wconf 89' lang='lat' dir='ltr'><strong>respondetur.</strong></span> <span class='ocrx_word' id='word_1_695' title='bbox 2361 2457 2488 2526; x_wconf 87' lang='lat' dir='ltr'><strong>Quis</strong></span> <span class='ocrx_word' id='word_1_696' title='bbox 2525 2460 2669 2515; x_wconf 91' lang='lat' dir='ltr'><strong>enim</strong></span> <span class='ocrx_word' id='word_1_697' title='bbox 2699 2475 2883 2516; x_wconf 89' lang='lat' dir='ltr'><strong>eorum</strong></span> <span class='ocrx_word' id='word_1_698' title='bbox 2925 2479 2956 2517; x_wconf 93' lang='lat' dir='ltr'><strong>a</strong></span> <span class='ocrx_word' id='word_1_699' title='bbox 2985 2461 3325 2517; x_wconf 88' lang='lat' dir='ltr'><strong>damnatione</strong></span> <span class='ocrx_word' id='word_1_700' title='bbox 3371 2464 3533 2538; x_wconf 89' lang='lat' dir='ltr'><strong>totius</strong></span> 
     </span>
    </p>
   </div>
   <div class='ocr_carea' id='block_1_86' title="bbox 1956 2549 3528 2622">
    <p class='ocr_par' dir='ltr' id='par_1_86' title="bbox 1956 2549 3528 2622">
     <span class='ocr_line' id='line_1_86' title="bbox 1956 2549 3528 2622; baseline 0.004 -21"><span class='ocrx_word' id='word_1_701' title='bbox 1956 2563 2147 2602; x_wconf 72' lang='lat' dir='ltr'><strong>massze</strong></span> <span class='ocrx_word' id='word_1_702' title='bbox 2176 2549 2509 2618; x_wconf 88' lang='lat' dir='ltr'><strong>perditionis,</strong></span> <span class='ocrx_word' id='word_1_703' title='bbox 2531 2568 2650 2622; x_wconf 70' lang='lat' dir='ltr'><strong>qua:</strong></span> <span class='ocrx_word' id='word_1_704' title='bbox 2673 2568 2765 2622; x_wconf 89' lang='lat' dir='ltr'><strong>per</strong></span> <span class='ocrx_word' id='word_1_705' title='bbox 2786 2570 2948 2609; x_wconf 92' lang='lat' dir='ltr'><strong>unum</strong></span> <span class='ocrx_word' id='word_1_706' title='bbox 2975 2553 3246 2610; x_wconf 86' lang='lat' dir='ltr'><strong>hominem</strong></span> <span class='ocrx_word' id='word_1_707' title='bbox 3271 2553 3405 2609; x_wconf 85' lang='lat' dir='ltr'><strong>facta</strong></span> <span class='ocrx_word' id='word_1_708' title='bbox 3425 2565 3528 2622; x_wconf 90' lang='lat' dir='ltr'><strong>est,</strong></span> 
     </span>
    </p>
   </div>
   <div class='ocr_carea' id='block_1_87' title="bbox 1956 2638 3533 2710">
    <p class='ocr_par' dir='ltr' id='par_1_87' title="bbox 1956 2638 3533 2710">
     <span class='ocr_line' id='line_1_87' title="bbox 1956 2638 3533 2710; baseline 0.006 -18"><span class='ocrx_word' id='word_1_709' title='bbox 1956 2638 2133 2693; x_wconf 87' lang='lat' dir='ltr'><strong>salvus</strong></span> <span class='ocrx_word' id='word_1_710' title='bbox 2156 2654 2274 2696; x_wconf 89' lang='lat' dir='ltr'><strong>esse</strong></span> <span class='ocrx_word' id='word_1_711' title='bbox 2304 2641 2592 2710; x_wconf 90' lang='lat' dir='ltr'><strong>potuisset,</strong></span> <span class='ocrx_word' id='word_1_712' title='bbox 2623 2643 2722 2697; x_wconf 92' lang='lat' dir='ltr'><strong>nisi</strong></span> <span class='ocrx_word' id='word_1_713' title='bbox 2756 2645 2808 2699; x_wconf 92' lang='lat' dir='ltr'><strong>in</strong></span> <span class='ocrx_word' id='word_1_714' title='bbox 2852 2660 3014 2699; x_wconf 92' lang='lat' dir='ltr'><strong>unum</strong></span> <span class='ocrx_word' id='word_1_715' title='bbox 3053 2645 3395 2701; x_wconf 83' lang='lat' dir='ltr'><strong>Mediatorem</strong></span> <span class='ocrx_word' id='word_1_716' title='bbox 3437 2645 3533 2702; x_wconf 90' lang='lat' dir='ltr'><strong>Dei</strong></span> 
     </span>
    </p>
   </div>
   <div class='ocr_carea' id='block_1_88' title="bbox 1955 2729 3533 2805">
    <p class='ocr_par' dir='ltr' id='par_1_88' title="bbox 1955 2729 3533 2805">
     <span class='ocr_line' id='line_1_88' title="bbox 1955 2729 3533 2805; baseline 0.006 -23"><span class='ocrx_word' id='word_1_717' title='bbox 1955 2736 2011 2782; x_wconf 90' lang='lat' dir='ltr'><strong>et</strong></span> <span class='ocrx_word' id='word_1_718' title='bbox 2040 2729 2311 2784; x_wconf 90' lang='lat' dir='ltr'><strong>hominum</strong></span> <span class='ocrx_word' id='word_1_719' title='bbox 2334 2731 2385 2784; x_wconf 93' lang='lat' dir='ltr'><strong>in</strong></span> <span class='ocrx_word' id='word_1_720' title='bbox 2407 2745 2568 2787; x_wconf 90' lang='lat' dir='ltr'><strong>carne</strong></span> <span class='ocrx_word' id='word_1_721' title='bbox 2595 2742 2873 2788; x_wconf 90' lang='lat' dir='ltr'><strong>venturum</strong></span> <span class='ocrx_word' id='word_1_722' title='bbox 2901 2735 3169 2790; x_wconf 88' lang='lat' dir='ltr'><strong>revelante</strong></span> <span class='ocrx_word' id='word_1_723' title='bbox 3189 2735 3387 2805; x_wconf 88' lang='lat' dir='ltr'><strong>Spiritu</strong></span> <span class='ocrx_word' id='word_1_724' title='bbox 3413 2751 3533 2792; x_wconf 86' lang='lat' dir='ltr'><strong>cre-</strong></span> 
     </span>
    </p>
   </div>
   <div class='ocr_carea' id='block_1_89' title="bbox 1957 2817 3526 2893">
    <p class='ocr_par' dir='ltr' id='par_1_89' title="bbox 1957 2817 3526 2893">
     <span class='ocr_line' id='line_1_89' title="bbox 1957 2817 3526 2893; baseline 0.003 -19"><span class='ocrx_word' id='word_1_725' title='bbox 1957 2817 2208 2874; x_wconf 78' lang='lat' dir='ltr'><strong>didisset?</strong></span> <span class='ocrx_word' id='word_1_726' title='bbox 2233 2819 2339 2875; x_wconf 90' lang='lat' dir='ltr'><strong>Sed</strong></span> <span class='ocrx_word' id='word_1_727' title='bbox 2367 2821 2618 2891; x_wconf 86' lang='lat' dir='ltr'><strong>numquid</strong></span> <span class='ocrx_word' id='word_1_728' title='bbox 2649 2823 2695 2877; x_wconf 91' lang='lat' dir='ltr'><strong>ei</strong></span> <span class='ocrx_word' id='word_1_729' title='bbox 2718 2839 2810 2893; x_wconf 92' lang='lat' dir='ltr'><strong>pro</strong></span> <span class='ocrx_word' id='word_1_730' title='bbox 2829 2826 3094 2891; x_wconf 85' lang='lat' dir='ltr'><strong>Apostolis</strong></span> <span class='ocrx_word' id='word_1_731' title='bbox 3118 2825 3373 2880; x_wconf 87' lang='lat' dir='ltr'><strong>orandum</strong></span> <span class='ocrx_word' id='word_1_732' title='bbox 3393 2825 3526 2892; x_wconf 87' lang='lat' dir='ltr'><strong>fuit,</strong></span> 
     </span>
    </p>
   </div>
   <div class='ocr_carea' id='block_1_90' title="bbox 1957 2910 3530 2982">
    <p class='ocr_par' dir='ltr' id='par_1_90' title="bbox 1957 2910 3530 2982">
     <span class='ocr_line' id='line_1_90' title="bbox 1957 2910 3530 2982; baseline 0.004 -18"><span class='ocrx_word' id='word_1_733' title='bbox 1957 2916 2013 2964; x_wconf 91' lang='lat' dir='ltr'><strong>et</strong></span> <span class='ocrx_word' id='word_1_734' title='bbox 2032 2924 2127 2978; x_wconf 91' lang='lat' dir='ltr'><strong>pro</strong></span> <span class='ocrx_word' id='word_1_735' title='bbox 2148 2918 2253 2963; x_wconf 82' lang='lat' dir='ltr'><strong>tam</strong></span> <span class='ocrx_word' id='word_1_736' title='bbox 2279 2911 2457 2966; x_wconf 87' lang='lat' dir='ltr'><strong>multis</strong></span> <span class='ocrx_word' id='word_1_737' title='bbox 2483 2912 2574 2982; x_wconf 92' lang='lat' dir='ltr'><strong>qui</strong></span> <span class='ocrx_word' id='word_1_738' title='bbox 2601 2912 2651 2965; x_wconf 93' lang='lat' dir='ltr'><strong>in</strong></span> <span class='ocrx_word' id='word_1_739' title='bbox 2668 2911 2764 2967; x_wconf 89' lang='lat' dir='ltr'><strong>hac</strong></span> <span class='ocrx_word' id='word_1_740' title='bbox 2792 2914 2891 2967; x_wconf 86' lang='lat' dir='ltr'><strong>vita</strong></span> <span class='ocrx_word' id='word_1_741' title='bbox 2916 2913 3085 2968; x_wconf 89' lang='lat' dir='ltr'><strong>adhuc</strong></span> <span class='ocrx_word' id='word_1_742' title='bbox 3112 2923 3395 2978; x_wconf 91' lang='lat' dir='ltr'><strong>erant,nec</strong></span> <span class='ocrx_word' id='word_1_743' title='bbox 3408 2910 3530 2970; x_wconf 88' lang='lat' dir='ltr'><strong>cum</strong></span> 
     </span>
    </p>
   </div>
   <div class='ocr_carea' id='block_1_91' title="bbox 1957 3001 3528 3072">
    <p class='ocr_par' dir='ltr' id='par_1_91' title="bbox 1957 3001 3528 3072">
     <span class='ocr_line' id='line_1_91' title="bbox 1957 3001 3528 3072; baseline 0.004 -18"><span class='ocrx_word' id='word_1_744' title='bbox 1957 3001 2049 3056; x_wconf 92' lang='lat' dir='ltr'><strong>illo</strong></span> <span class='ocrx_word' id='word_1_745' title='bbox 2075 3009 2197 3056; x_wconf 93' lang='lat' dir='ltr'><strong>tunc</strong></span> <span class='ocrx_word' id='word_1_746' title='bbox 2220 3011 2392 3069; x_wconf 89' lang='lat' dir='ltr'><strong>erant,</strong></span> <span class='ocrx_word' id='word_1_747' title='bbox 2415 3011 2468 3057; x_wconf 91' lang='lat' dir='ltr'><strong>et</strong></span> <span class='ocrx_word' id='word_1_748' title='bbox 2485 3002 2594 3072; x_wconf 88' lang='lat' dir='ltr'><strong>jam</strong></span> <span class='ocrx_word' id='word_1_749' title='bbox 2619 3011 2743 3059; x_wconf 91' lang='lat' dir='ltr'><strong>ante</strong></span> <span class='ocrx_word' id='word_1_750' title='bbox 2767 3004 3121 3071; x_wconf 87' lang='lat' dir='ltr'><strong>crediderant,</strong></span> <span class='ocrx_word' id='word_1_751' title='bbox 3145 3005 3403 3060; x_wconf 85' lang='lat' dir='ltr'><strong>orandum</strong></span> <span class='ocrx_word' id='word_1_752' title='bbox 3424 3021 3528 3060; x_wconf 93' lang='lat' dir='ltr'><strong>non</strong></span> 
     </span>
    </p>
   </div>
   <div class='ocr_carea' id='block_1_92' title="bbox 1958 3092 2638 3159">
    <p class='ocr_par' dir='ltr' id='par_1_92' title="bbox 1958 3092 2638 3159">
     <span class='ocr_line' id='line_1_92' title="bbox 1958 3092 2638 3159; baseline 0.003 -11"><span class='ocrx_word' id='word_1_753' title='bbox 1958 3092 2093 3148; x_wconf 74' lang='lat' dir='ltr'><strong>fuit?</strong></span> <span class='ocrx_word' id='word_1_754' title='bbox 2121 3093 2251 3159; x_wconf 90' lang='lat' dir='ltr'><strong>Quis</strong></span> <span class='ocrx_word' id='word_1_755' title='bbox 2276 3092 2376 3149; x_wconf 92' lang='lat' dir='ltr'><strong>hoc</strong></span> <span class='ocrx_word' id='word_1_756' title='bbox 2406 3095 2638 3150; x_wconf 80' lang='lat' dir='ltr'><strong>dixerit?</strong></span> 
     </span>
    </p>
   </div>
   <div class='ocr_carea' id='block_1_93' title="bbox 2033 3182 3529 3256">
    <p class='ocr_par' dir='ltr' id='par_1_93' title="bbox 2033 3182 3529 3256">
     <span class='ocr_line' id='line_1_93' title="bbox 2033 3182 3529 3256; baseline 0.002 -18"><span class='ocrx_word' id='word_1_757' title='bbox 2033 3184 2086 3239; x_wconf 80' lang='lat'><strong>5.</strong></span> <span class='ocrx_word' id='word_1_758' title='bbox 2129 3182 2533 3253; x_wconf 86' lang='lat' dir='ltr'><strong>Intelligendum</strong></span> <span class='ocrx_word' id='word_1_759' title='bbox 2562 3193 2642 3238; x_wconf 90' lang='lat' dir='ltr'><strong>est</strong></span> <span class='ocrx_word' id='word_1_760' title='bbox 2678 3185 2857 3254; x_wconf 84' lang='lat' dir='ltr'><strong>igitur,</strong></span> <span class='ocrx_word' id='word_1_761' title='bbox 2884 3185 3024 3256; x_wconf 90' lang='lat' dir='ltr'><strong>quod</strong></span> <span class='ocrx_word' id='word_1_762' title='bbox 3065 3185 3298 3241; x_wconf 90' lang='lat' dir='ltr'><strong>nondum</strong></span> <span class='ocrx_word' id='word_1_763' title='bbox 3330 3187 3381 3242; x_wconf 92' lang='lat' dir='ltr'><strong>in</strong></span> <span class='ocrx_word' id='word_1_764' title='bbox 3407 3202 3529 3242; x_wconf 91' lang='lat' dir='ltr'><strong>eum</strong></span> 
     </span>
    </p>
   </div>
   <div class='ocr_carea' id='block_1_94' title="bbox 1959 3275 3529 3348">
    <p class='ocr_par' dir='ltr' id='par_1_94' title="bbox 1959 3275 3529 3348">
     <span class='ocr_line' id='line_1_94' title="bbox 1959 3275 3529 3348; baseline 0.003 -20"><span class='ocrx_word' id='word_1_765' title='bbox 1959 3275 2036 3330; x_wconf 90' lang='lat' dir='ltr'><strong>sic</strong></span> <span class='ocrx_word' id='word_1_766' title='bbox 2074 3275 2433 3342; x_wconf 87' lang='lat' dir='ltr'><strong>crediderant,</strong></span> <span class='ocrx_word' id='word_1_767' title='bbox 2465 3276 2730 3346; x_wconf 88' lang='lat' dir='ltr'><strong>quomodo</strong></span> <span class='ocrx_word' id='word_1_768' title='bbox 2761 3277 2812 3331; x_wconf 91' lang='lat' dir='ltr'><strong>in</strong></span> <span class='ocrx_word' id='word_1_769' title='bbox 2841 3291 2900 3332; x_wconf 89' lang='lat' dir='ltr'><strong>se</strong></span> <span class='ocrx_word' id='word_1_770' title='bbox 2917 3278 3063 3332; x_wconf 90' lang='lat' dir='ltr'><strong>credi</strong></span> <span class='ocrx_word' id='word_1_771' title='bbox 3087 3278 3294 3333; x_wconf 80' lang='lat' dir='ltr'><strong>volebat</strong></span> <span class='ocrx_word' id='word_1_772' title='bbox 3318 3296 3330 3332; x_wconf 92' lang='lat'><strong>:</strong></span> <span class='ocrx_word' id='word_1_773' title='bbox 3359 3295 3529 3348; x_wconf 90' lang='lat' dir='ltr'><strong>quan-</strong></span> 
     </span>
    </p>
   </div>
   <div class='ocr_carea' id='block_1_95' title="bbox 1959 3363 3534 3435">
    <p class='ocr_par' dir='ltr' id='par_1_95' title="bbox 1959 3363 3534 3435">
     <span class='ocr_line' id='line_1_95' title="bbox 1959 3363 3534 3435; baseline 0.003 -18"><span class='ocrx_word' id='word_1_774' title='bbox 1959 3363 2243 3433; x_wconf 92' lang='lat' dir='ltr'><strong>doquidem</strong></span> <span class='ocrx_word' id='word_1_775' title='bbox 2274 3373 2328 3419; x_wconf 91' lang='lat' dir='ltr'><strong>et</strong></span> <span class='ocrx_word' id='word_1_776' title='bbox 2357 3365 2470 3434; x_wconf 90' lang='lat' dir='ltr'><strong>ipse</strong></span> <span class='ocrx_word' id='word_1_777' title='bbox 2491 3366 2700 3430; x_wconf 85' lang='lat' dir='ltr'><strong>Petrus,</strong></span> <span class='ocrx_word' id='word_1_778' title='bbox 2735 3368 2817 3422; x_wconf 93' lang='lat' dir='ltr'><strong>cui</strong></span> <span class='ocrx_word' id='word_1_779' title='bbox 2841 3369 3116 3423; x_wconf 84' lang='lat' dir='ltr'><strong>conï¬tenti</strong></span> <span class='ocrx_word' id='word_1_780' title='bbox 3137 3378 3191 3424; x_wconf 95' lang='lat' dir='ltr'><strong>et</strong></span> <span class='ocrx_word' id='word_1_781' title='bbox 3218 3368 3434 3435; x_wconf 89' lang='lat' dir='ltr'><strong>dicenti,</strong></span> <span class='ocrx_word' id='word_1_782' title='bbox 3455 3369 3534 3422; x_wconf 87' lang='lat' dir='ltr'><strong>â€™Iâ€˜u</strong></span> 
     </span>
    </p>
   </div>
   <div class='ocr_carea' id='block_1_96' title="bbox 1959 3454 3534 3531">
    <p class='ocr_par' dir='ltr' id='par_1_96' title="bbox 1959 3454 3534 3531">
     <span class='ocr_line' id='line_1_96' title="bbox 1959 3454 3534 3531; baseline 0.003 -21"><span class='ocrx_word' id='word_1_783' title='bbox 1959 3454 2257 3510; x_wconf 60' lang='lat' dir='ltr'><strong>â€œChristus</strong></span> <span class='ocrx_word' id='word_1_784' title='bbox 2292 3455 2455 3512; x_wconf 77' lang='lat' dir='ltr'><strong>Filius</strong></span> <span class='ocrx_word' id='word_1_785' title='bbox 2481 3456 2577 3512; x_wconf 82' lang='lat' dir='ltr'><strong>Dei</strong></span> <span class='ocrx_word' id='word_1_786' title='bbox 2601 3459 2717 3522; x_wconf 84' lang='lat' dir='ltr'><strong>vivi,</strong></span> <span class='ocrx_word' id='word_1_787' title='bbox 2750 3468 2858 3513; x_wconf 86' lang='lat' dir='ltr'><strong>tam</strong></span> <span class='ocrx_word' id='word_1_788' title='bbox 2896 3475 3140 3531; x_wconf 83' lang='lat' dir='ltr'><strong>magnum</strong></span> <span class='ocrx_word' id='word_1_789' title='bbox 3172 3460 3534 3516; x_wconf 88' lang='lat' dir='ltr'><strong>testimonium</strong></span> 
     </span>
    </p>
   </div>
   <div class='ocr_carea' id='block_1_97' title="bbox 1961 3546 3536 3620">
    <p class='ocr_par' dir='ltr' id='par_1_97' title="bbox 1961 3546 3536 3620">
     <span class='ocr_line' id='line_1_97' title="bbox 1961 3546 3536 3620; baseline 0.004 -21"><span class='ocrx_word' id='word_1_790' title='bbox 1961 3546 2321 3615; x_wconf 88' lang='lat' dir='ltr'><strong>perhibuerat,</strong></span> <span class='ocrx_word' id='word_1_791' title='bbox 2342 3548 2508 3618; x_wconf 86' lang='lat' dir='ltr'><strong>magis</strong></span> <span class='ocrx_word' id='word_1_792' title='bbox 2529 3564 2648 3604; x_wconf 90' lang='lat' dir='ltr'><strong>eum</strong></span> <span class='ocrx_word' id='word_1_793' title='bbox 2673 3550 2806 3604; x_wconf 91' lang='lat' dir='ltr'><strong>mori</strong></span> <span class='ocrx_word' id='word_1_794' title='bbox 2828 3550 3061 3616; x_wconf 89' lang='lat' dir='ltr'><strong>nolebat,</strong></span> <span class='ocrx_word' id='word_1_795' title='bbox 3084 3565 3239 3620; x_wconf 88' lang='lat' dir='ltr'><strong>quam</strong></span> <span class='ocrx_word' id='word_1_796' title='bbox 3267 3562 3536 3606; x_wconf 90' lang='lat' dir='ltr'><strong>mortuum</strong></span> 
     </span>
    </p>
   </div>
   <div class='ocr_carea' id='block_1_98' title="bbox 1960 3639 3534 3710">
    <p class='ocr_par' dir='ltr' id='par_1_98' title="bbox 1960 3639 3534 3710">
     <span class='ocr_line' id='line_1_98' title="bbox 1960 3639 3534 3710; baseline 0.005 -21"><span class='ocrx_word' id='word_1_797' title='bbox 1960 3645 2381 3691; x_wconf 90' lang='lat' dir='ltr'><strong>resurrecturum</strong></span> <span class='ocrx_word' id='word_1_798' title='bbox 2405 3653 2524 3694; x_wconf 89' lang='lat' dir='ltr'><strong>esse</strong></span> <span class='ocrx_word' id='word_1_799' title='bbox 2548 3639 2986 3706; x_wconf 90' lang='lat' dir='ltr'><strong>credebat;unde</strong></span> <span class='ocrx_word' id='word_1_800' title='bbox 3013 3655 3132 3695; x_wconf 79' lang='lat' dir='ltr'><strong>mox</strong></span> <span class='ocrx_word' id='word_1_801' title='bbox 3162 3641 3228 3697; x_wconf 93' lang='lat' dir='ltr'><strong>ab</strong></span> <span class='ocrx_word' id='word_1_802' title='bbox 3257 3655 3322 3696; x_wconf 87' lang='lat' dir='ltr'><strong>eo</strong></span> <span class='ocrx_word' id='word_1_803' title='bbox 3347 3642 3534 3710; x_wconf 84' lang='lat' dir='ltr'><strong>appel-</strong></span> 
     </span>
    </p>
   </div>
   <div class='ocr_carea' id='block_1_99' title="bbox 1961 3726 3536 3801">
    <p class='ocr_par' dir='ltr' id='par_1_99' title="bbox 1961 3726 3536 3801">
     <span class='ocr_line' id='line_1_99' title="bbox 1961 3726 3536 3801; baseline 0.005 -23"><span class='ocrx_word' id='word_1_804' title='bbox 1961 3726 2099 3780; x_wconf 89' lang='lat' dir='ltr'><strong>latus</strong></span> <span class='ocrx_word' id='word_1_805' title='bbox 2149 3735 2233 3781; x_wconf 90' lang='lat' dir='ltr'><strong>est</strong></span> <span class='ocrx_word' id='word_1_806' title='bbox 2268 3735 2480 3782; x_wconf 87' lang='lat' dir='ltr'><strong>satanas</strong></span> <span class='ocrx_word' id='word_1_807' title='bbox 2530 3727 2743 3798; x_wconf 65' lang='lat' dir='ltr'><strong>(Matt/1.</strong></span> <span class='ocrx_word' id='word_1_808' title='bbox 2805 3744 2915 3795; x_wconf 80' lang='lat' dir='ltr'><strong>xvi,</strong></span> <span class='ocrx_word' id='word_1_809' title='bbox 2965 3728 3051 3793; x_wconf 85' lang='grc'><strong>16,</strong></span> <span class='ocrx_word' id='word_1_810' title='bbox 3079 3729 3192 3801; x_wconf 73' lang='lat'><strong>25).</strong></span> <span class='ocrx_word' id='word_1_811' title='bbox 3243 3729 3536 3786; x_wconf 90' lang='lat' dir='ltr'><strong>Fideliores</strong></span> 
     </span>
    </p>
   </div>
   <div class='ocr_carea' id='block_1_100' title="bbox 1961 3817 3536 3889">
    <p class='ocr_par' dir='ltr' id='par_1_100' title="bbox 1961 3817 3536 3889">
     <span class='ocr_line' id='line_1_100' title="bbox 1961 3817 3536 3889; baseline 0.002 -18"><span class='ocrx_word' id='word_1_812' title='bbox 1961 3817 2137 3887; x_wconf 86' lang='lat' dir='ltr'><strong>itaque</strong></span> <span class='ocrx_word' id='word_1_813' title='bbox 2172 3817 2525 3887; x_wconf 90' lang='lat' dir='ltr'><strong>reperiuntur,</strong></span> <span class='ocrx_word' id='word_1_814' title='bbox 2542 3818 2630 3889; x_wconf 90' lang='lat' dir='ltr'><strong>qui</strong></span> <span class='ocrx_word' id='word_1_815' title='bbox 2652 3818 2881 3873; x_wconf 88' lang='lat' dir='ltr'><strong>defuncti</strong></span> <span class='ocrx_word' id='word_1_816' title='bbox 2902 3819 3013 3888; x_wconf 90' lang='lat' dir='ltr'><strong>jam</strong></span> <span class='ocrx_word' id='word_1_817' title='bbox 3031 3819 3256 3888; x_wconf 86' lang='lat' dir='ltr'><strong>fuerant,</strong></span> <span class='ocrx_word' id='word_1_818' title='bbox 3278 3828 3333 3874; x_wconf 88' lang='lat' dir='ltr'><strong>et</strong></span> <span class='ocrx_word' id='word_1_819' title='bbox 3356 3835 3536 3874; x_wconf 88' lang='lat' dir='ltr'><strong>resur-</strong></span> 
     </span>
    </p>
   </div>
   <div class='ocr_carea' id='block_1_101' title="bbox 1960 3907 3534 3981">
    <p class='ocr_par' dir='ltr' id='par_1_101' title="bbox 1960 3907 3534 3981">
     <span class='ocr_line' id='line_1_101' title="bbox 1960 3907 3534 3981; baseline 0.003 -19"><span class='ocrx_word' id='word_1_820' title='bbox 1960 3918 2229 3962; x_wconf 83' lang='lat' dir='ltr'><strong>reCturum</strong></span> <span class='ocrx_word' id='word_1_821' title='bbox 2269 3907 2535 3963; x_wconf 89' lang='lat' dir='ltr'><strong>Christum</strong></span> <span class='ocrx_word' id='word_1_822' title='bbox 2565 3909 2832 3964; x_wconf 88' lang='lat' dir='ltr'><strong>revelante</strong></span> <span class='ocrx_word' id='word_1_823' title='bbox 2858 3909 3057 3979; x_wconf 89' lang='lat' dir='ltr'><strong>Spiritu</strong></span> <span class='ocrx_word' id='word_1_824' title='bbox 3085 3925 3190 3964; x_wconf 92' lang='lat' dir='ltr'><strong>non</strong></span> <span class='ocrx_word' id='word_1_825' title='bbox 3228 3910 3406 3981; x_wconf 90' lang='lat' dir='ltr'><strong>utique</strong></span> <span class='ocrx_word' id='word_1_826' title='bbox 3431 3910 3534 3966; x_wconf 91' lang='lat' dir='ltr'><strong>du-</strong></span> 
     </span>
    </p>
   </div>
   <div class='ocr_carea' id='block_1_102' title="bbox 1961 3999 3535 4071">
    <p class='ocr_par' dir='ltr' id='par_1_102' title="bbox 1961 3999 3535 4071">
     <span class='ocr_line' id='line_1_102' title="bbox 1961 3999 3535 4071; baseline -0.001 -16"><span class='ocrx_word' id='word_1_827' title='bbox 1961 4000 2220 4066; x_wconf 86' lang='lat' dir='ltr'><strong>bitabant,</strong></span> <span class='ocrx_word' id='word_1_828' title='bbox 2242 4015 2397 4071; x_wconf 87' lang='lat' dir='ltr'><strong>quam</strong></span> <span class='ocrx_word' id='word_1_829' title='bbox 2421 3999 2492 4054; x_wconf 93' lang='lat' dir='ltr'><strong>illi</strong></span> <span class='ocrx_word' id='word_1_830' title='bbox 2516 4000 2604 4070; x_wconf 89' lang='lat' dir='ltr'><strong>qui</strong></span> <span class='ocrx_word' id='word_1_831' title='bbox 2622 4016 2740 4055; x_wconf 88' lang='lat' dir='ltr'><strong>cum</strong></span> <span class='ocrx_word' id='word_1_832' title='bbox 2758 4000 3107 4056; x_wconf 87' lang='lat' dir='ltr'><strong>credidissent</strong></span> <span class='ocrx_word' id='word_1_833' title='bbox 3127 4002 3298 4071; x_wconf 90' lang='lat' dir='ltr'><strong>ipsum</strong></span> <span class='ocrx_word' id='word_1_834' title='bbox 3321 4001 3535 4057; x_wconf 85' lang='lat' dir='ltr'><strong>redem-</strong></span> 
     </span>
    </p>
   </div>
   <div class='ocr_carea' id='block_1_103' title="bbox 1962 4089 3534 4163">
    <p class='ocr_par' dir='ltr' id='par_1_103' title="bbox 1962 4089 3534 4163">
     <span class='ocr_line' id='line_1_103' title="bbox 1962 4089 3534 4163; baseline 0.002 -19"><span class='ocrx_word' id='word_1_835' title='bbox 1962 4099 2176 4162; x_wconf 91' lang='lat' dir='ltr'><strong>pturum</strong></span> <span class='ocrx_word' id='word_1_836' title='bbox 2209 4089 2391 4158; x_wconf 91' lang='lat' dir='ltr'><strong>Israel,</strong></span> <span class='ocrx_word' id='word_1_837' title='bbox 2422 4091 2533 4146; x_wconf 89' lang='lat' dir='ltr'><strong>visa</strong></span> <span class='ocrx_word' id='word_1_838' title='bbox 2559 4091 2672 4161; x_wconf 89' lang='lat' dir='ltr'><strong>ejus</strong></span> <span class='ocrx_word' id='word_1_839' title='bbox 2703 4101 2872 4147; x_wconf 89' lang='lat' dir='ltr'><strong>morte</strong></span> <span class='ocrx_word' id='word_1_840' title='bbox 2910 4107 3058 4162; x_wconf 90' lang='lat' dir='ltr'><strong>spem</strong></span> <span class='ocrx_word' id='word_1_841' title='bbox 3089 4100 3251 4148; x_wconf 88' lang='lat' dir='ltr'><strong>totam</strong></span> <span class='ocrx_word' id='word_1_842' title='bbox 3281 4107 3439 4163; x_wconf 88' lang='lat' dir='ltr'><strong>quam</strong></span> <span class='ocrx_word' id='word_1_843' title='bbox 3466 4092 3534 4147; x_wconf 91' lang='lat' dir='ltr'><strong>de</strong></span> 
     </span>
    </p>
   </div>
   <div class='ocr_carea' id='block_1_104' title="bbox 1963 4181 3537 4252">
    <p class='ocr_par' dir='ltr' id='par_1_104' title="bbox 1963 4181 3537 4252">
     <span class='ocr_line' id='line_1_104' title="bbox 1963 4181 3537 4252; baseline 0 -14"><span class='ocrx_word' id='word_1_844' title='bbox 1963 4184 2055 4238; x_wconf 93' lang='lat' dir='ltr'><strong>illo</strong></span> <span class='ocrx_word' id='word_1_845' title='bbox 2082 4181 2378 4238; x_wconf 89' lang='lat' dir='ltr'><strong>habuerant</strong></span> <span class='ocrx_word' id='word_1_846' title='bbox 2406 4182 2765 4252; x_wconf 89' lang='lat' dir='ltr'><strong>perdiderunt.</strong></span> <span class='ocrx_word' id='word_1_847' title='bbox 2789 4181 2928 4238; x_wconf 88' lang='lat' dir='ltr'><strong>Nihil</strong></span> <span class='ocrx_word' id='word_1_848' title='bbox 2951 4183 3128 4252; x_wconf 89' lang='lat' dir='ltr'><strong>itaque</strong></span> <span class='ocrx_word' id='word_1_849' title='bbox 3151 4183 3340 4239; x_wconf 91' lang='lat' dir='ltr'><strong>melius</strong></span> <span class='ocrx_word' id='word_1_850' title='bbox 3365 4183 3537 4238; x_wconf 78' lang='lat' dir='ltr'><strong>credi-</strong></span> 
     </span>
    </p>
   </div>
   <div class='ocr_carea' id='block_1_105' title="bbox 1963 4274 3540 4344">
    <p class='ocr_par' dir='ltr' id='par_1_105' title="bbox 1963 4274 3540 4344">
     <span class='ocr_line' id='line_1_105' title="bbox 1963 4274 3540 4344; baseline 0.001 -16"><span class='ocrx_word' id='word_1_851' title='bbox 1963 4290 2102 4342; x_wconf 90' lang='lat' dir='ltr'><strong>mus,</strong></span> <span class='ocrx_word' id='word_1_852' title='bbox 2129 4289 2287 4344; x_wconf 90' lang='lat' dir='ltr'><strong>quam</strong></span> <span class='ocrx_word' id='word_1_853' title='bbox 2308 4281 2426 4343; x_wconf 90' lang='lat' dir='ltr'><strong>post</strong></span> <span class='ocrx_word' id='word_1_854' title='bbox 2450 4274 2565 4344; x_wconf 92' lang='lat' dir='ltr'><strong>ejus</strong></span> <span class='ocrx_word' id='word_1_855' title='bbox 2589 4275 3033 4330; x_wconf 86' lang='lat' dir='ltr'><strong>resurrectionem</strong></span> <span class='ocrx_word' id='word_1_856' title='bbox 3054 4274 3322 4344; x_wconf 81' lang='lat' dir='ltr'><strong>impertita</strong></span> <span class='ocrx_word' id='word_1_857' title='bbox 3340 4274 3540 4344; x_wconf 90' lang='lat' dir='ltr'><strong>Spiritu</strong></span> 
     </span>
    </p>
   </div>
   <div class='ocr_carea' id='block_1_106' title="bbox 1965 4362 3543 4436">
    <p class='ocr_par' dir='ltr' id='par_1_106' title="bbox 1965 4362 3543 4436">
     <span class='ocr_line' id='line_1_106' title="bbox 1965 4362 3543 4436; baseline 0.001 -17"><span class='ocrx_word' id='word_1_858' title='bbox 1965 4373 2172 4430; x_wconf 88' lang='lat' dir='ltr'><strong>saneto,</strong></span> <span class='ocrx_word' id='word_1_859' title='bbox 2201 4374 2255 4420; x_wconf 89' lang='lat' dir='ltr'><strong>et</strong></span> <span class='ocrx_word' id='word_1_860' title='bbox 2297 4362 2467 4420; x_wconf 92' lang='lat' dir='ltr'><strong>doctis</strong></span> <span class='ocrx_word' id='word_1_861' title='bbox 2495 4373 2547 4420; x_wconf 90' lang='lat' dir='ltr'><strong>et</strong></span> <span class='ocrx_word' id='word_1_862' title='bbox 2591 4365 2916 4420; x_wconf 81' lang='lat' dir='ltr'><strong>confirmatis</strong></span> <span class='ocrx_word' id='word_1_863' title='bbox 2954 4365 3243 4436; x_wconf 90' lang='lat' dir='ltr'><strong>Apostolis,</strong></span> <span class='ocrx_word' id='word_1_864' title='bbox 3274 4366 3456 4436; x_wconf 82' lang='lat' dir='ltr'><strong>eisque</strong></span> <span class='ocrx_word' id='word_1_865' title='bbox 3488 4366 3543 4421; x_wconf 91' lang='lat' dir='ltr'><strong>in</strong></span> 
     </span>
    </p>
   </div>
   <div class='ocr_carea' id='block_1_107' title="bbox 1965 4454 3538 4526">
    <p class='ocr_par' dir='ltr' id='par_1_107' title="bbox 1965 4454 3538 4526">
     <span class='ocr_line' id='line_1_107' title="bbox 1965 4454 3538 4526; baseline 0.001 -16"><span class='ocrx_word' id='word_1_866' title='bbox 1965 4454 2204 4510; x_wconf 88' lang='lat' dir='ltr'><strong>Ecclesia</strong></span> <span class='ocrx_word' id='word_1_867' title='bbox 2258 4454 2502 4525; x_wconf 90' lang='lat' dir='ltr'><strong>primitus</strong></span> <span class='ocrx_word' id='word_1_868' title='bbox 2530 4454 2834 4510; x_wconf 89' lang='lat' dir='ltr'><strong>doctoribus</strong></span> <span class='ocrx_word' id='word_1_869' title='bbox 2858 4457 3178 4523; x_wconf 90' lang='lat' dir='ltr'><strong>constitutis,</strong></span> <span class='ocrx_word' id='word_1_870' title='bbox 3211 4472 3304 4526; x_wconf 88' lang='lat' dir='ltr'><strong>per</strong></span> <span class='ocrx_word' id='word_1_871' title='bbox 3353 4473 3538 4512; x_wconf 90' lang='lat' dir='ltr'><strong>corum</strong></span> 
     </span>
    </p>
   </div>
   <div class='ocr_carea' id='block_1_108' title="bbox 1966 4544 3543 4616">
    <p class='ocr_par' dir='ltr' id='par_1_108' title="bbox 1966 4544 3543 4616">
     <span class='ocr_line' id='line_1_108' title="bbox 1966 4544 3543 4616; baseline -0.001 -16"><span class='ocrx_word' id='word_1_872' title='bbox 1966 4545 2184 4600; x_wconf 86' lang='lat' dir='ltr'><strong>verbum</strong></span> <span class='ocrx_word' id='word_1_873' title='bbox 2209 4545 2286 4600; x_wconf 91' lang='lat' dir='ltr'><strong>sic</strong></span> <span class='ocrx_word' id='word_1_874' title='bbox 2325 4545 2457 4600; x_wconf 88' lang='lat' dir='ltr'><strong>alios</strong></span> <span class='ocrx_word' id='word_1_875' title='bbox 2484 4544 2777 4602; x_wconf 90' lang='lat' dir='ltr'><strong>credidisse</strong></span> <span class='ocrx_word' id='word_1_876' title='bbox 2805 4547 3252 4616; x_wconf 89' lang='lat' dir='ltr'><strong>quemadmodum</strong></span> <span class='ocrx_word' id='word_1_877' title='bbox 3303 4548 3355 4601; x_wconf 91' lang='lat' dir='ltr'><strong>in</strong></span> <span class='ocrx_word' id='word_1_878' title='bbox 3384 4547 3543 4601; x_wconf 87' lang='lat' dir='ltr'><strong>Chri-</strong></span> 
     </span>
    </p>
   </div>
   <div class='ocr_carea' id='block_1_109' title="bbox 1966 4634 3543 4704">
    <p class='ocr_par' dir='ltr' id='par_1_109' title="bbox 1966 4634 3543 4704">
     <span class='ocr_line' id='line_1_109' title="bbox 1966 4634 3543 4704; baseline 0.001 -15"><span class='ocrx_word' id='word_1_879' title='bbox 1966 4643 2105 4690; x_wconf 92' lang='lat' dir='ltr'><strong>stum</strong></span> <span class='ocrx_word' id='word_1_880' title='bbox 2132 4634 2276 4690; x_wconf 92' lang='lat' dir='ltr'><strong>credi</strong></span> <span class='ocrx_word' id='word_1_881' title='bbox 2311 4636 2607 4704; x_wconf 88' lang='lat' dir='ltr'><strong>oportebat,</strong></span> <span class='ocrx_word' id='word_1_882' title='bbox 2637 4634 2688 4690; x_wconf 93' lang='lat' dir='ltr'><strong>id</strong></span> <span class='ocrx_word' id='word_1_883' title='bbox 2719 4645 2820 4702; x_wconf 88' lang='lat' dir='ltr'><strong>est,</strong></span> <span class='ocrx_word' id='word_1_884' title='bbox 2861 4647 2918 4690; x_wconf 93' lang='lat' dir='ltr'><strong>ut</strong></span> <span class='ocrx_word' id='word_1_885' title='bbox 2947 4637 3104 4692; x_wconf 85' lang='lat' dir='ltr'><strong>fidem</strong></span> <span class='ocrx_word' id='word_1_886' title='bbox 3136 4637 3543 4693; x_wconf 86' lang='lat' dir='ltr'><strong>resurrectionis</strong></span> 
     </span>
    </p>
   </div>
   <div class='ocr_carea' id='block_1_110' title="bbox 1967 4727 3542 4800">
    <p class='ocr_par' dir='ltr' id='par_1_110' title="bbox 1967 4727 3542 4800">
     <span class='ocr_line' id='line_1_110' title="bbox 1967 4727 3542 4800; baseline 0.001 -18"><span class='ocrx_word' id='word_1_887' title='bbox 1967 4727 2082 4798; x_wconf 91' lang='lat' dir='ltr'><strong>ejus</strong></span> <span class='ocrx_word' id='word_1_888' title='bbox 2110 4736 2370 4783; x_wconf 90' lang='lat' dir='ltr'><strong>tenerent.</strong></span> <span class='ocrx_word' id='word_1_889' title='bbox 2416 4728 2496 4782; x_wconf 85' lang='lat' dir='ltr'><strong>Ac</strong></span> <span class='ocrx_word' id='word_1_890' title='bbox 2543 4745 2635 4796; x_wconf 73' lang='lat' dir='ltr'><strong>per</strong></span> <span class='ocrx_word' id='word_1_891' title='bbox 2662 4730 2762 4783; x_wconf 91' lang='lat' dir='ltr'><strong>hoc</strong></span> <span class='ocrx_word' id='word_1_892' title='bbox 2791 4739 2844 4784; x_wconf 87' lang='lat' dir='ltr'><strong>et</strong></span> <span class='ocrx_word' id='word_1_893' title='bbox 2868 4730 2987 4784; x_wconf 92' lang='lat' dir='ltr'><strong>illos</strong></span> <span class='ocrx_word' id='word_1_894' title='bbox 3024 4745 3207 4784; x_wconf 92' lang='lat' dir='ltr'><strong>omnes</strong></span> <span class='ocrx_word' id='word_1_895' title='bbox 3235 4732 3323 4800; x_wconf 91' lang='lat' dir='ltr'><strong>qui</strong></span> <span class='ocrx_word' id='word_1_896' title='bbox 3348 4731 3458 4798; x_wconf 91' lang='lat' dir='ltr'><strong>jam</strong></span> <span class='ocrx_word' id='word_1_897' title='bbox 3488 4730 3542 4784; x_wconf 92' lang='lat' dir='ltr'><strong>in</strong></span> 
     </span>
    </p>
   </div>
   <div class='ocr_carea' id='block_1_111' title="bbox 1969 4819 3541 4888">
    <p class='ocr_par' dir='ltr' id='par_1_111' title="bbox 1969 4819 3541 4888">
     <span class='ocr_line' id='line_1_111' title="bbox 1969 4819 3541 4888; baseline -0.002 -12"><span class='ocrx_word' id='word_1_898' title='bbox 1969 4836 2089 4876; x_wconf 91' lang='lat' dir='ltr'><strong>eum</strong></span> <span class='ocrx_word' id='word_1_899' title='bbox 2119 4819 2407 4875; x_wconf 87' lang='lat' dir='ltr'><strong>credidisse</strong></span> <span class='ocrx_word' id='word_1_900' title='bbox 2429 4819 2765 4887; x_wconf 90' lang='lat' dir='ltr'><strong>videbantur,</strong></span> <span class='ocrx_word' id='word_1_901' title='bbox 2793 4821 2857 4875; x_wconf 90' lang='lat' dir='ltr'><strong>ad</strong></span> <span class='ocrx_word' id='word_1_902' title='bbox 2897 4837 3081 4876; x_wconf 90' lang='lat' dir='ltr'><strong>eorum</strong></span> <span class='ocrx_word' id='word_1_903' title='bbox 3120 4836 3396 4876; x_wconf 90' lang='lat' dir='ltr'><strong>numerum</strong></span> <span class='ocrx_word' id='word_1_904' title='bbox 3425 4836 3541 4888; x_wconf 88' lang='lat' dir='ltr'><strong>per-</strong></span> 
     </span>
    </p>
   </div>
   <div class='ocr_carea' id='block_1_112' title="bbox 1971 4911 3540 4983">
    <p class='ocr_par' dir='ltr' id='par_1_112' title="bbox 1971 4911 3540 4983">
     <span class='ocr_line' id='line_1_112' title="bbox 1971 4911 3540 4983; baseline -0.002 -17"><span class='ocrx_word' id='word_1_905' title='bbox 1971 4913 2190 4966; x_wconf 91' lang='lat' dir='ltr'><strong>tinuisse</strong></span> <span class='ocrx_word' id='word_1_906' title='bbox 2220 4926 2315 4980; x_wconf 88' lang='lat' dir='ltr'><strong>pro</strong></span> <span class='ocrx_word' id='word_1_907' title='bbox 2339 4911 2528 4981; x_wconf 90' lang='lat' dir='ltr'><strong>quibus</strong></span> <span class='ocrx_word' id='word_1_908' title='bbox 2550 4914 2739 4976; x_wconf 86' lang='lat' dir='ltr'><strong>oravit,</strong></span> <span class='ocrx_word' id='word_1_909' title='bbox 2771 4912 2975 4979; x_wconf 89' lang='lat' dir='ltr'><strong>dicens,</strong></span> <span class='ocrx_word' id='word_1_910' title='bbox 3007 4911 3127 4966; x_wconf 87' lang='lat' dir='ltr'><strong>Non</strong></span> <span class='ocrx_word' id='word_1_911' title='bbox 3151 4929 3243 4983; x_wconf 88' lang='lat' dir='ltr'><strong>pro</strong></span> <span class='ocrx_word' id='word_1_912' title='bbox 3271 4913 3348 4965; x_wconf 79' lang='lat' dir='ltr'><strong>his</strong></span> <span class='ocrx_word' id='word_1_913' title='bbox 3378 4920 3540 4964; x_wconf 81' lang='lat' dir='ltr'><strong>autent</strong></span> 
     </span>
    </p>
   </div>
   <div class='ocr_carea' id='block_1_113' title="bbox 1972 5002 3545 5074">
    <p class='ocr_par' dir='ltr' id='par_1_113' title="bbox 1972 5002 3545 5074">
     <span class='ocr_line' id='line_1_113' title="bbox 1972 5002 3545 5074; baseline 0.001 -20"><span class='ocrx_word' id='word_1_914' title='bbox 1972 5019 2092 5074; x_wconf 86' lang='lat' dir='ltr'><strong>rogo</strong></span> <span class='ocrx_word' id='word_1_915' title='bbox 2123 5011 2338 5068; x_wconf 83' lang='lat' dir='ltr'><strong>tantum,</strong></span> <span class='ocrx_word' id='word_1_916' title='bbox 2371 5002 2460 5056; x_wconf 78' lang='lat' dir='ltr'><strong>sed</strong></span> <span class='ocrx_word' id='word_1_917' title='bbox 2484 5011 2530 5056; x_wconf 90' lang='lat' dir='ltr'><strong>et</strong></span> <span class='ocrx_word' id='word_1_918' title='bbox 2560 5019 2651 5074; x_wconf 82' lang='lat' dir='ltr'><strong>pro</strong></span> <span class='ocrx_word' id='word_1_919' title='bbox 2679 5003 2750 5057; x_wconf 83' lang='lat' dir='ltr'><strong>eis</strong></span> <span class='ocrx_word' id='word_1_920' title='bbox 2778 5004 2864 5071; x_wconf 85' lang='lat' dir='ltr'><strong>qui</strong></span> <span class='ocrx_word' id='word_1_921' title='bbox 2898 5002 3134 5057; x_wconf 81' lang='lat' dir='ltr'><strong>credituri</strong></span> <span class='ocrx_word' id='word_1_922' title='bbox 3163 5010 3279 5058; x_wconf 78' lang='lat' dir='ltr'><strong>sunt</strong></span> <span class='ocrx_word' id='word_1_923' title='bbox 3321 5018 3410 5073; x_wconf 83' lang='lat' dir='ltr'><strong>per</strong></span> <span class='ocrx_word' id='word_1_924' title='bbox 3433 5018 3545 5055; x_wconf 86' lang='lat' dir='ltr'><strong>ver-</strong></span> 
     </span>
    </p>
   </div>
   <div class='ocr_carea' id='block_1_114' title="bbox 1974 5095 2486 5149">
    <p class='ocr_par' dir='ltr' id='par_1_114' title="bbox 1974 5095 2486 5149">
     <span class='ocr_line' id='line_1_114' title="bbox 1974 5095 2486 5149; baseline 0.002 -1"><span class='ocrx_word' id='word_1_925' title='bbox 1974 5096 2086 5148; x_wconf 85' lang='lat' dir='ltr'><strong>bum</strong></span> <span class='ocrx_word' id='word_1_926' title='bbox 2113 5111 2282 5147; x_wconf 86' lang='lat' dir='ltr'><strong>eorum</strong></span> <span class='ocrx_word' id='word_1_927' title='bbox 2313 5095 2362 5148; x_wconf 80' lang='lat' dir='ltr'><strong>in</strong></span> <span class='ocrx_word' id='word_1_928' title='bbox 2389 5112 2486 5149; x_wconf 84' lang='lat' dir='ltr'><strong>me.</strong></span> 
     </span>
    </p>
   </div>
   <div class='ocr_carea' id='block_1_115' title="bbox 2042 5185 3547 5256">
    <p class='ocr_par' dir='ltr' id='par_1_115' title="bbox 2042 5185 3547 5256">
     <span class='ocr_line' id='line_1_115' title="bbox 2042 5185 3547 5256; baseline -0.001 -15"><span class='ocrx_word' id='word_1_929' title='bbox 2042 5187 2096 5241; x_wconf 74' lang='lat'><strong>4.</strong></span> <span class='ocrx_word' id='word_1_930' title='bbox 2122 5185 2225 5240; x_wconf 85' lang='lat' dir='ltr'><strong>Sed</strong></span> <span class='ocrx_word' id='word_1_931' title='bbox 2247 5195 2412 5241; x_wconf 86' lang='lat' dir='ltr'><strong>restat</strong></span> <span class='ocrx_word' id='word_1_932' title='bbox 2431 5186 2582 5240; x_wconf 91' lang='lat' dir='ltr'><strong>nobis</strong></span> <span class='ocrx_word' id='word_1_933' title='bbox 2602 5186 2667 5240; x_wconf 89' lang='lat' dir='ltr'><strong>ad</strong></span> <span class='ocrx_word' id='word_1_934' title='bbox 2693 5187 2843 5240; x_wconf 89' lang='lat' dir='ltr'><strong>istam</strong></span> <span class='ocrx_word' id='word_1_935' title='bbox 2866 5187 3212 5256; x_wconf 73' lang='lat' dir='ltr'><strong>quaestionem</strong></span> <span class='ocrx_word' id='word_1_936' title='bbox 3238 5185 3412 5241; x_wconf 89' lang='lat' dir='ltr'><strong>adhuc</strong></span> <span class='ocrx_word' id='word_1_937' title='bbox 3432 5187 3547 5241; x_wconf 85' lang='lat' dir='ltr'><strong>sol-</strong></span> 
     </span>
    </p>
   </div>
   <div class='ocr_carea' id='block_1_116' title="bbox 1974 5277 3550 5347">
    <p class='ocr_par' dir='ltr' id='par_1_116' title="bbox 1974 5277 3550 5347">
     <span class='ocr_line' id='line_1_116' title="bbox 1974 5277 3550 5347; baseline 0.002 -20"><span class='ocrx_word' id='word_1_938' title='bbox 1974 5278 2197 5331; x_wconf 78' lang='lat' dir='ltr'><strong>vendam</strong></span> <span class='ocrx_word' id='word_1_939' title='bbox 2246 5278 2432 5332; x_wconf 89' lang='lat' dir='ltr'><strong>beatus</strong></span> <span class='ocrx_word' id='word_1_940' title='bbox 2483 5278 2790 5347; x_wconf 85' lang='lat' dir='ltr'><strong>Apostolus,</strong></span> <span class='ocrx_word' id='word_1_941' title='bbox 2822 5287 2877 5332; x_wconf 92' lang='lat' dir='ltr'><strong>et</strong></span> <span class='ocrx_word' id='word_1_942' title='bbox 2918 5278 3051 5331; x_wconf 89' lang='lat' dir='ltr'><strong>latro</strong></span> <span class='ocrx_word' id='word_1_943' title='bbox 3091 5277 3180 5332; x_wconf 90' lang='lat' dir='ltr'><strong>ille</strong></span> <span class='ocrx_word' id='word_1_944' title='bbox 3223 5277 3454 5332; x_wconf 88' lang='lat' dir='ltr'><strong>crudelis</strong></span> <span class='ocrx_word' id='word_1_945' title='bbox 3497 5279 3550 5330; x_wconf 92' lang='lat' dir='ltr'><strong>in</strong></span> 
     </span>
    </p>
   </div>
   <div class='ocr_carea' id='block_1_117' title="bbox 1975 5368 3552 5439">
    <p class='ocr_par' dir='ltr' id='par_1_117' title="bbox 1975 5368 3552 5439">
     <span class='ocr_line' id='line_1_117' title="bbox 1975 5368 3552 5439; baseline 0.001 -17"><span class='ocrx_word' id='word_1_946' title='bbox 1975 5370 2198 5433; x_wconf 84' lang='lat' dir='ltr'><strong>scelere,</strong></span> <span class='ocrx_word' id='word_1_947' title='bbox 2234 5368 2405 5424; x_wconf 86' lang='lat' dir='ltr'><strong>fidelis</strong></span> <span class='ocrx_word' id='word_1_948' title='bbox 2438 5369 2492 5423; x_wconf 91' lang='lat' dir='ltr'><strong>in</strong></span> <span class='ocrx_word' id='word_1_949' title='bbox 2519 5383 2695 5424; x_wconf 91' lang='lat' dir='ltr'><strong>cruce.</strong></span> <span class='ocrx_word' id='word_1_950' title='bbox 2725 5369 2918 5423; x_wconf 86' lang='lat' dir='ltr'><strong>Paulus</strong></span> <span class='ocrx_word' id='word_1_951' title='bbox 2939 5368 3129 5438; x_wconf 90' lang='lat' dir='ltr'><strong>quippe</strong></span> <span class='ocrx_word' id='word_1_952' title='bbox 3150 5369 3421 5439; x_wconf 89' lang='lat' dir='ltr'><strong>apostolus</strong></span> <span class='ocrx_word' id='word_1_953' title='bbox 3446 5384 3552 5423; x_wconf 90' lang='lat' dir='ltr'><strong>non</strong></span> 
     </span>
    </p>
   </div>
   <div class='ocr_carea' id='block_1_118' title="bbox 1977 5457 3552 5530">
    <p class='ocr_par' dir='ltr' id='par_1_118' title="bbox 1977 5457 3552 5530">
     <span class='ocr_line' id='line_1_118' title="bbox 1977 5457 3552 5530; baseline 0 -19"><span class='ocrx_word' id='word_1_954' title='bbox 1977 5457 2044 5512; x_wconf 92' lang='lat' dir='ltr'><strong>ab</strong></span> <span class='ocrx_word' id='word_1_955' title='bbox 2072 5459 2399 5524; x_wconf 90' lang='lat' dir='ltr'><strong>hominibus,</strong></span> <span class='ocrx_word' id='word_1_956' title='bbox 2452 5474 2622 5530; x_wconf 90' lang='lat' dir='ltr'><strong>neque</strong></span> <span class='ocrx_word' id='word_1_957' title='bbox 2655 5474 2747 5528; x_wconf 90' lang='lat' dir='ltr'><strong>per</strong></span> <span class='ocrx_word' id='word_1_958' title='bbox 2787 5458 3074 5524; x_wconf 84' lang='lat' dir='ltr'><strong>hominem,</strong></span> <span class='ocrx_word' id='word_1_959' title='bbox 3105 5457 3201 5512; x_wconf 91' lang='lat' dir='ltr'><strong>sed</strong></span> <span class='ocrx_word' id='word_1_960' title='bbox 3251 5473 3344 5527; x_wconf 90' lang='lat' dir='ltr'><strong>per</strong></span> <span class='ocrx_word' id='word_1_961' title='bbox 3370 5457 3552 5512; x_wconf 86' lang='lat' dir='ltr'><strong>Jesum</strong></span> 
     </span>
    </p>
   </div>
   <div class='ocr_carea' id='block_1_119' title="bbox 1978 5549 3556 5621">
    <p class='ocr_par' dir='ltr' id='par_1_119' title="bbox 1978 5549 3556 5621">
     <span class='ocr_line' id='line_1_119' title="bbox 1978 5549 3556 5621; baseline 0 -17"><span class='ocrx_word' id='word_1_962' title='bbox 1978 5549 2245 5604; x_wconf 89' lang='lat' dir='ltr'><strong>Christum</strong></span> <span class='ocrx_word' id='word_1_963' title='bbox 2277 5567 2336 5606; x_wconf 91' lang='lat' dir='ltr'><strong>se</strong></span> <span class='ocrx_word' id='word_1_964' title='bbox 2363 5551 2492 5605; x_wconf 90' lang='lat' dir='ltr'><strong>dicit</strong></span> <span class='ocrx_word' id='word_1_965' title='bbox 2519 5554 2712 5605; x_wconf 86' lang='lat' dir='ltr'><strong>factum</strong></span> <span class='ocrx_word' id='word_1_966' title='bbox 2743 5550 3056 5620; x_wconf 88' lang='lat' dir='ltr'><strong>Apostolum</strong></span> <span class='ocrx_word' id='word_1_967' title='bbox 3091 5568 3104 5604; x_wconf 76' lang='grc' dir='ltr'><strong>Îµ</strong></span> <span class='ocrx_word' id='word_1_968' title='bbox 3140 5561 3197 5606; x_wconf 90' lang='lat' dir='ltr'><strong>et</strong></span> <span class='ocrx_word' id='word_1_969' title='bbox 3222 5551 3288 5606; x_wconf 90' lang='lat' dir='ltr'><strong>de</strong></span> <span class='ocrx_word' id='word_1_970' title='bbox 3318 5549 3432 5621; x_wconf 91' lang='lat' dir='ltr'><strong>ipso</strong></span> <span class='ocrx_word' id='word_1_971' title='bbox 3457 5564 3556 5604; x_wconf 92' lang='lat' dir='ltr'><strong>suo</strong></span> 
     </span>
    </p>
   </div>
   <div class='ocr_carea' id='block_1_120' title="bbox 1980 5641 3559 5714">
    <p class='ocr_par' dir='ltr' id='par_1_120' title="bbox 1980 5641 3559 5714">
     <span class='ocr_line' id='line_1_120' title="bbox 1980 5641 3559 5714; baseline 0.001 -20"><span class='ocrx_word' id='word_1_972' title='bbox 1980 5643 2251 5713; x_wconf 85' lang='lat' dir='ltr'><strong>evangelio</strong></span> <span class='ocrx_word' id='word_1_973' title='bbox 2282 5643 2503 5714; x_wconf 87' lang='lat' dir='ltr'><strong>loquens</strong></span> <span class='ocrx_word' id='word_1_974' title='bbox 2531 5643 2624 5710; x_wconf 84' lang='lat' dir='ltr'><strong>ait,</strong></span> <span class='ocrx_word' id='word_1_975' title='bbox 2663 5641 2839 5714; x_wconf 85' lang='lat' dir='ltr'><strong>Neque</strong></span> <span class='ocrx_word' id='word_1_976' title='bbox 2864 5643 2995 5696; x_wconf 86' lang='lat' dir='ltr'><strong>enim</strong></span> <span class='ocrx_word' id='word_1_977' title='bbox 3023 5643 3084 5696; x_wconf 86' lang='lat' dir='ltr'><strong>ab</strong></span> <span class='ocrx_word' id='word_1_978' title='bbox 3115 5641 3316 5698; x_wconf 80' lang='lat' dir='ltr'><strong>homine</strong></span> <span class='ocrx_word' id='word_1_979' title='bbox 3338 5658 3431 5713; x_wconf 87' lang='lat' dir='ltr'><strong>ego</strong></span> <span class='ocrx_word' id='word_1_980' title='bbox 3467 5658 3559 5696; x_wconf 77' lang='lat' dir='ltr'><strong>ac-</strong></span> 
     </span>
    </p>
   </div>
   <div class='ocr_carea' id='block_1_121' title="bbox 1981 5731 3548 5806">
    <p class='ocr_par' dir='ltr' id='par_1_121' title="bbox 1981 5731 3548 5806">
     <span class='ocr_line' id='line_1_121' title="bbox 1981 5731 3548 5806; baseline -0.001 -18"><span class='ocrx_word' id='word_1_981' title='bbox 1981 5735 2090 5802; x_wconf 73' lang='lat' dir='ltr'><strong>cepi</strong></span> <span class='ocrx_word' id='word_1_982' title='bbox 2143 5735 2306 5804; x_wconf 83' lang='lat' dir='ltr'><strong>illud,</strong></span> <span class='ocrx_word' id='word_1_983' title='bbox 2359 5752 2516 5806; x_wconf 84' lang='lat' dir='ltr'><strong>neque</strong></span> <span class='ocrx_word' id='word_1_984' title='bbox 2551 5734 2739 5799; x_wconf 82' lang='lat' dir='ltr'><strong>didici;</strong></span> <span class='ocrx_word' id='word_1_985' title='bbox 2777 5733 2863 5789; x_wconf 83' lang='lat' dir='ltr'><strong>scd</strong></span> <span class='ocrx_word' id='word_1_986' title='bbox 2907 5750 2993 5803; x_wconf 71' lang='lat' dir='ltr'><strong>per</strong></span> <span class='ocrx_word' id='word_1_987' title='bbox 3037 5735 3380 5791; x_wconf 82' lang='lat' dir='ltr'><strong>rcvclatioucm</strong></span> <span class='ocrx_word' id='word_1_988' title='bbox 3434 5731 3548 5787; x_wconf 79' lang='lat' dir='ltr'><strong>lcsu</strong></span> 
     </span>
    </p>
   </div>
  </div>
