4076 6506
504 371 674 432 ,1919

537 486 722 542 Christi
746 482 936 556 (Halat.
969 499 1007 548 ι,
1033 482 1083 547 1,
1111 479 1220 544 12).
1243 477 1519 546 Quomodo
1542 478 1697 547 igitur
1715 484 1827 530 erat
1855 477 1905 528 in
1934 475 2011 529 eis
2036 474 2102 530 dc

533 577 726 648 quibus
751 576 948 631 dictum
975 583 1077 640 est,
1105 571 1340 626 credituri
1364 579 1478 624 sunt
1506 585 1593 638 per
1629 569 1828 622 verbum
1854 583 2024 620 eorum
2053 567 2104 621 in

534 668 656 723 me?
701 668 862 723 Latro
905 680 1034 720 vero
1077 664 1164 718 ille
1209 671 1335 717 tunc
1375 659 1619 725 credidit,
1651 659 1862 729 quando
1891 657 1944 712 in
1977 659 2106 728 ipsis

521 757 844 828 "doctoribus
885 757 1018 812 ﬁdes
1067 769 1186 826 qua:
1231 753 1401 807 fuerat
1448 753 1848 821 qualiscumque
1889 749 2101 804 defecit.

534 847 644 903 Nec
667 848 784 918 ipse
815 847 990 916 itaque
1027 859 1120 914 per
1155 857 1340 898 eorum
1367 841 1587 896 verbum
1617 839 1840 895 credidit
1871 841 1919 892 in
1948 838 2104 893 Chri-

533 949 672 994 stum
698 936 878 992 Jesum
911 952 926 988 :
955 943 1010 990 et
1041 943 1216 987 tamen
1243 934 1320 988 sic
1349 931 1596 995 credidit,
1630 941 1686 985 ut
1709 945 1866 1000 quem
1895 931 2104 986 videbat

531 1028 860 1093 cruciﬁxum,
909 1026 1252 1082 confiteretur
1295 1041 1398 1078 non
1447 1023 1618 1078 solum
1651 1033 2096 1088 resurrecmrum,

531 1135 716 1175 verum
761 1118 920 1174 etiam
965 1125 1328 1186 regnaturum,
1380 1113 1626 1180 dicendo,
1675 1111 1928 1167 Memento
1981 1113 2096 1180 mei,

534 1225 647 1263 cum
673 1207 863 1262 veneris
889 1212 940 1260 in
963 1223 1170 1277 regnum
1200 1214 1340 1258 tuum
1373 1204 1520 1276 (Luc.
1547 1219 1698 1271 χχιιι,
1728 1201 1840 1275 42).

601 1299 655 1353 5.
696 1297 928 1353 Proinde
963 1297 1302 1366 relinquitur,
1345 1304 1402 1350 ut
1444 1295 1487 1349 si
1527 1295 1778 1349 Dominus
1805 1294 1956 1349 Jesus
2009 1295 2106 1350 hac

531 1391 770 1446 oratione
793 1405 887 1460 pro
907 1390 1016 1445 suis
1037 1389 1282 1443 omnibus
1302 1387 1619 1458 quicumque
1645 1387 1694 1440 in
1721 1387 1820 1440 hac
1841 1387 1964 1454 vita,
1987 1403 2106 1456 quae

531 1481 754 1535 tentatio
786 1489 869 1535 est
892 1495 1052 1549 super
1078 1489 1272 1534 terram
1295 1477 1414 1549 (Job
1437 1493 1529 1542 vn,
1553 1477 1624 1549 1),
1657 1477 1738 1532 vel
1771 1487 1896 1530 tunc
1931 1483 2098 1542 erant,

529 1573 614 1626 vel
641 1570 800 1626 futuri
829 1580 999 1638 erant,
1042 1586 1230 1626 orasse
1254 1570 1553 1626 credendus
1588 1577 1691 1636 est,
1739 1571 1818 1622 sic
1844 1567 2105 1639 intelliga-

529 1679 647 1718 mus
673 1663 814 1734 quod
850 1663 1048 1718 dictum
1088 1673 1187 1728 est,
1235 1679 1324 1734 per
1358 1661 1559 1716 verbum
1598 1677 1788 1726 eorum,
1835 1669 1892 1714 ut
1935 1659 2104 1729 ipsum

529 1752 754 1807 verbum
775 1751 896 1808 ﬁdei
907 1753 1051 1822 quod
1071 1752 1488 1822 praedicaverunt
1515 1751 1564 1804 in
1589 1749 1804 1816 nmudo,
1830 1749 1913 1803 hic
1946 1751 2108 1820 signi-

529 1843 741 1900 ﬁcatum
783 1859 902 1901 esse
943 1847 1250 1910 credamus;
1283 1844 1480 1900 dictum
1526 1851 1701 1898 autem
1741 1859 1858 1898 esse
1888 1843 2104 1897 verbum

529 1950 736 2000 eorum,
780 1936 1027 2006 quoniam
1073 1936 1140 1990 ab
1170 1937 1296 2007 ipsis
1339 1945 1421 1991 est
1461 1930 1702 2005 primitus
1743 1949 1802 1990 ac
1847 1935 2106 2004 prmcipue

529 2027 891 2098 praedicatum.
915 2029 1030 2084 iam
1053 2030 1192 2084 enim
1218 2029 1284 2084 ab
1305 2029 1431 2099 ipsis
1457 2029 1836 2098 przedic.nbatur
1859 2029 1908 2080 in
1941 2035 2102 2094 terra,

527 2120 740 2190 quando
767 2135 860 2190 per
887 2121 1265 2175 revelationem
1303 2121 1426 2175 Jesu
1461 2119 1658 2176 Christi
1687 2121 1854 2188 ipsum
1883 2121 2104 2174 verbum

526 2223 712 2264 eorum
765 2209 960 2265 Paulus
1005 2211 1228 2280 accepit.
1287 2210 1436 2266 Unde
1479 2219 1532 2266 et
1575 2210 1798 2266 centulit
1848 2225 1968 2264 cum
2025 2209 2106 2264 eis

527 2303 884 2374 Evangelium,
919 2319 984 2358 ne
1015 2302 1150 2358 forte
1180 2304 1230 2357 in
1259 2319 1478 2358 vacuum
1509 2302 1836 2358 cucurrisset
1865 2310 1954 2355 aut
1982 2315 2107 2355 cur-

528 2403 703 2458 reret;
731 2403 784 2449 et
813 2395 1058 2449 dexteras
1086 2395 1132 2449 ei
1165 2395 1420 2450 dederunt
1444 2411 1456 2448 :
1481 2394 1602 2464 quia
1628 2396 1753 2449 etin
1782 2394 1893 2460 illo,
1921 2407 2106 2463 quam-

527 2489 610 2544 vis
631 2503 736 2542 non
759 2503 853 2558 per
873 2503 966 2544 eos
994 2489 1066 2542 illi
1091 2487 1292 2555 datum,
1317 2495 1492 2543 tamen
1523 2487 1744 2541 verbum
1768 2501 1940 2550 suum,
1966 2484 2106 2555 quod

525 2579 633 2650 jam
673 2579 1051 2649 prmdicabant,
1083 2589 1138 2636 et
1173 2579 1225 2634 in
1253 2595 1356 2649 quo
1396 2577 1594 2632 fundati
1625 2577 1852 2644 fuerant,
1883 2577 2103 2631 invene-

527 2681 650 2726 runt
690 2669 884 2740 (Galat.
925 2688 982 2736 ιι,
1027 2671 1082 2737 2,
1123 2671 1203 2742 9).
1247 2671 1319 2726 De
1353 2685 1458 2742 quo
1499 2671 1662 2725 verbo
1703 2669 2107 2725 resurrectionis

525 2759 722 2816 Christi
750 2761 890 2815 idem
924 2761 1050 2816 dicit
1077 2761 1369 2831 apostolus,
1406 2779 1423 2811 ‹
1448 2761 1570 2816 Sive
1600 2775 1722 2830 ego,
1751 2761 1862 2814 sive
1903 2760 1998 2823 illi,
2027 2759 2106 2815 sic

525 2851 893 2922 praedicamus,
933 2861 985 2907 et
1022 2851 1098 2907 sic
1141 2853 1440 2908 credidistis
1477 2871 1496 2904 ι
1541 2851 1587 2925 (1
1619 2851 1735 2908 Cor.
1770 2867 1860 2914 xv,
1891 2851 2012 2922 11);
2054 2859 2109 2908 et

523 2943 737 3011 iterum,
766 2963 786 2996 ι
820 2945 928 3000 lloc
945 2953 1046 3012 est,
1080 2963 1098 2997 ι
1131 2945 1319 3015 inquit,
1357 2963 1374 2996 ι
1408 2945 1627 3000 verbum
1656 2943 1775 3000 ﬁdei
1805 2943 1942 3014 quod
1973 2959 2108 3014 prae-

529 3035 790 3104 dicamus,
819 3035 938 3106 quia
967 3036 1010 3091 si
1037 3034 1312 3092 confessus
1342 3035 1507 3090 fueris
1531 3036 1583 3090 in
1617 3051 1707 3090 ore
1735 3043 1824 3091 tuo
1849 3036 1968 3106 quia
2002 3035 2109 3089 Do-

522 3129 701 3184 minus
721 3137 802 3182 est
828 3127 1004 3193 Jesus,
1033 3136 1086 3183 et
1113 3126 1405 3183 credideris
1433 3127 1484 3180 in
1509 3125 1670 3181 corde
1697 3135 1788 3180 tuo
1816 3126 1938 3195 quia
1965 3125 2107 3180 Deus

523 3218 670 3274 illum
695 3217 966 3272 suscitavit
981 3231 1010 3272 a
1030 3217 1267 3282 mortuis,
1284 3217 1458 3270 salvus
1480 3217 1584 3271 eris
1608 3236 1626 3268 ι
1647 3213 1818 3290 (Rom.
1843 3231 1898 3282 ι,
1919 3215 1950 3270 8
1971 3224 2015 3269 ct
2027 3214 2103 3287 9).

527 3309 596 3364 Et
633 3307 686 3362 in
717 3308 936 3362 Actibus
983 3307 1356 3377 Apostolorum
1395 3307 1585 3376 legitur
1613 3305 1753 3376 quod
1801 3307 1852 3360 in
1896 3305 2107 3362 Christo

527 3399 670 3454 Deus
695 3397 959 3453 deﬁnierit
989 3398 1143 3453 ﬁdem
1171 3397 1437 3465 omnibus,
1465 3397 1726 3452 suscitans
1753 3413 1873 3452 eum
1904 3413 1934 3450 a
1965 3413 2106 3450 mor-

524 3490 632 3546 tuis
657 3491 790 3561 (dct.
821 3505 949 3556 xvu,
981 3491 1092 3559 3t).
1129 3490 1238 3544 lloe
1267 3490 1485 3544 verbum
1515 3487 1657 3556 ﬁdei,
1689 3491 1808 3560 quia
1836 3489 2104 3560 principa-

523 3582 652 3636 liter
687 3596 750 3638 ac
779 3581 1018 3652 primitus
1057 3595 1151 3650 per
1191 3581 1498 3650 Apostolos,
1531 3582 1617 3650 qui
1657 3581 1708 3635 ei
1749 3580 2101 3646 colueserant,

521 3673 870 3744 prurdicatum
911 3679 1011 3738 est,
1041 3671 1160 3726 ideo
1187 3671 1402 3724 verbum
1429 3685 1612 3726 eorum
1639 3669 1836 3724 dictum
1865 3677 1966 3722 est.
1997 3667 2103 3724 Ne-

521 3781 625 3837 que
651 3766 791 3820 enim
813 3773 1092 3834 propterea
1126 3779 1227 3816 non
1261 3771 1346 3816 est
1369 3761 1586 3816 verbum
1611 3761 1730 3827 Dei,
1759 3761 1878 3830 quia
1906 3759 2104 3814 dictum

521 3865 602 3911 est
633 3843 850 3910 verbum
881 3869 1095 3919 eorum;
1127 3869 1246 3906 cum
1277 3851 1417 3906 dicat
1447 3852 1583 3905 idem
1626 3851 1898 3920 apostolus
1928 3849 2098 3904 Thes-

521 3945 878 4000 salonicenses
901 3945 1173 4013 excepisse
1199 3957 1226 3996 a
1265 3957 1344 4008 se,
1375 3959 1472 3995 non
1512 3952 1566 3994 ut
1592 3943 1790 3994 verbum
1822 3941 2101 4008 hominum,

520 4035 629 4104 sed,
650 4035 778 4088 sicut
808 4043 898 4098 est,
943 4049 1052 4086 uere
1093 4033 1291 4086 verbum
1331 4031 1423 4084 Dei
1453 4031 1492 4102 (1
1523 4029 1701 4085 Thess.
1737 4046 1794 4097 lt,
1839 4029 1946 4102 15).
1981 4029 2104 4085 Ideo

522 4138 650 4194 ergo
683 4123 800 4190 Dei,
832 4123 954 4192 quia
975 4123 1116 4177 Deus
1144 4123 1194 4176 id
1233 4121 1479 4188 donavit;
1509 4135 1690 4177 eorum
1721 4135 1849 4176 vero
1879 4121 2100 4175 verbum

521 4215 722 4270 dictum
745 4223 844 4280 est,
869 4215 986 4286 quia
1016 4214 1116 4270 hoc
1147 4213 1536 4284 pra-dicandum
1565 4213 1668 4267 illis
1690 4213 1832 4267 Deus
1858 4213 2100 4282 primitus

524 4323 587 4362 ac
619 4309 880 4379 praecipue
907 4307 1316 4362 commendavit.
1357 4307 1434 4360 Ac
1465 4321 1558 4374 per
1589 4305 1686 4359 hoc
1713 4306 1870 4359 etiam
1900 4306 1988 4358 ille
2025 4305 2101 4359 la-

523 4407 606 4454 tro
639 4399 692 4452 in
719 4413 812 4454 sua
844 4399 946 4454 ﬁde
985 4399 1200 4454 verbum
1241 4413 1422 4452 eorum
1456 4397 1717 4452 habebat:
1745 4397 1884 4468 quod
1916 4413 2100 4452 eorum

523 4497 804 4561 propterea
833 4490 1028 4546 dictum
1058 4499 1192 4556 erat,
1225 4490 1470 4559 quoniam
1500 4487 1890 4548 (medicandum
1914 4488 1976 4541 ad
2005 4503 2100 4543 eo-

523 4595 642 4634 rum
681 4577 914 4635 ofﬁeium
943 4579 1184 4650 primitus
1211 4595 1275 4634 ac
1301 4579 1563 4648 praecipue
1593 4578 1905 4648 pertinebat.
1943 4579 2102 4633 Deni-

523 4687 627 4741 que
655 4685 774 4724 rum
804 4687 1040 4726 murmur
1072 4671 1263 4724 factum
1307 4679 1451 4725 esset
1477 4668 1542 4724 de
1571 4669 1863 4724 ministerio
1893 4685 2102 4724 mensa-

525 4775 644 4815 rum
687 4775 716 4814 a
748 4761 916 4816 viduis
951 4761 1277 4828 Grzecorum,
1309 4769 1590 4830 antequam
1627 4761 1816 4815 Paulus
1841 4761 2099 4815 credidis-

526 4861 606 4906 set
633 4854 686 4906 in
713 4851 1016 4917 Christum;
1045 4850 1433 4921 responderunt
1459 4853 1717 4922 Apostoli,
1746 4853 1834 4922 qui
1874 4851 2101 4908 Domino

525 4953 648 4997 ante
678 4943 1008 4998 cohieserant
1039 4963 1051 4998 :
1083 4943 1204 4997 Non
1230 4951 1300 4997 est
1339 4943 1520 4996 bonum
1563 4959 1652 4996 nos
1689 4943 1967 5014 relinquere
1994 4959 2104 4998 ver-

525 5033 642 5087 bum
671 5031 783 5100 Dei,
814 5042 860 5086 et
885 5033 1170 5087 ministrare
1191 5034 1374 5088 mensis
1399 5033 1530 5106 (Act.
1567 5049 1644 5098 vt,
1673 5033 1806 5105 1-4).
1839 5033 1986 5088 Tunc
2011 5050 2102 5088 or-

524 5125 786 5180 dinandos
819 5126 1071 5181 diaconos
1095 5126 1454 5196 providerunt,
1493 5141 1560 5180 ne
1589 5126 1688 5196 ipsi
1718 5139 1744 5178 a
1781 5125 2100 5195 praedicandi

525 5217 674 5272 verbi
719 5226 1072 5272 avocarentur
1119 5215 1314 5271 ofﬁcio.
1357 5215 1510 5270 Unde
1545 5216 1734 5271 merito
1777 5215 1972 5270 dictum
2022 5225 2104 5272 est

526 5306 746 5362 ver-bum
792 5321 1001 5374 eorum,
1046 5306 1186 5376 quod
1236 5315 1317 5362 est
1371 5305 1588 5361 verbum
1638 5305 1780 5373 ﬁdei,
1822 5323 1916 5376 per
1962 5307 2102 5378 quod

527 5409 716 5450 omnes
743 5397 796 5450 in
825 5395 1112 5462 Christum,
1139 5395 1508 5468 undecumque
1547 5396 1596 5452 id
1623 5397 1905 5462 audierint,
1935 5399 2105 5454 credi-

529 5487 740 5556 derunt,
765 5489 852 5544 vel
877 5489 1109 5546 audituri
1147 5499 1201 5544 et
1224 5489 1477 5544 credituri
1519 5497 1659 5543 sunt.
1693 5487 1834 5560 Ergo
1861 5490 1950 5544 illa
1980 5505 2104 5546 ora-

531 5578 676 5633 tione
711 5593 807 5649 pro
835 5581 1079 5636 omnibus
1119 5595 1254 5650 quos
1281 5580 1526 5648 redemit,
1575 5581 1684 5634 sive
1713 5589 1835 5635 tunc
1865 5581 1914 5636 in
1946 5597 2105 5638 carne

531 5671 790 5738 viventes,
810 5671 921 5728 sive
949 5681 1126 5744 postea
1144 5673 1370 5739 futuros,
1387 5673 1707 5742 Redemptor
1725 5689 1818 5728 nos
1828 5685 1905 5729 ter
1915 5677 2102 5742 oravit,

530 5779 650 5821 cum
680 5779 871 5838 rogans
889 5779 988 5838 pro
1011 5767 1276 5838 Apostolis
1301 5767 1528 5840 quicum
1551 5765 1641 5822 illo
1668 5773 1791 5822 tunc
1820 5776 1990 5825 crant.
2013 5767 2104 5822 ad-

1473 363 1537 417 lN
1575 357 1849 418 JOANNIS
1887 357 2348 428 EVANGELIUM,
2389 360 2445 418 S.
2491 359 2854 420 AUGUSTINI

3659 368 3679 421 1
3690 363 3796 425 9‘20

2209 477 2381 548 junxit
2407 476 2564 532 etiam
2593 477 2711 534 illos
2735 480 2820 549 qui
2845 494 2938 550 per
2963 494 3146 536 eorum
3172 478 3388 536 verbum
3429 479 3480 534 in
3510 495 3631 535 eum
3661 483 3780 537 fuco

2213 567 2618 625 rantcredituri.
2641 571 2777 639 Quid
2795 579 2972 628 autem
2994 571 3258 642 adjunctis
3279 573 3384 628 illis
3407 572 3598 629 deinde
3620 573 3784 637 dicat,

2211 661 2312 716 alia
2339 669 2419 716 est
2445 657 2799 730 disputatione
2826 663 3178 719 tractandum.

2720 792 3125 850 TRACTATUS
3159 792 3272 850 CX.

2210 902 2290 958 De
2333 919 2390 958 eo
2441 905 2576 974 quod
2620 906 2872 976 sequitur,
2917 905 2988 960 Ut
3035 920 3222 960 omnes
3273 918 3436 960 unum
3477 907 3618 975 sint,
3659 920 3785 978 ctc.,

2279 1012 2432 1066 usque
2455 997 2525 1051 ad
2559 997 2630 1062 id,
2661 999 2728 1052 Et
2753 998 2982 1053 dilexisti
3023 1013 3136 1065 eos,
3167 1001 3306 1056 sicut
3337 1009 3390 1057 et
3415 1017 3500 1056 me
3525 1001 3780 1057 dilexisti.

2281 1086 2408 1159 Cap.
2427 1103 2561 1154 xvu,
2599 1090 2634 1159 7
2659 1129 2673 1143 .
2700 1089 2895 1146 21-23.

2282 1201 2334 1255 1.
2373 1199 2502 1256 Cum
2531 1201 2786 1258 Dominus
2813 1203 2966 1259 Jesus
3007 1214 3212 1259 orasset
3237 1221 3332 1276 pro
3368 1205 3636 1275 discipulis
3673 1190 3792 1261 suis

2210 1305 2344 1361 quos
2392 1301 2518 1346 tunc
2561 1308 2740 1347 secum
2785 1293 3031 1360 habebat,
3082 1305 3240 1366 atque
3281 1296 3602 1366 adjunxisset
3653 1311 3783 1352 suos

2209 1383 2359 1448 alios,
2391 1383 2592 1450 dicens,
2624 1383 2742 1438 Non
2773 1402 2864 1455 pro
2904 1387 2982 1440 his
3023 1398 3190 1441 autem
3227 1405 3350 1460 rogo
3379 1397 3594 1454 tantum,
3623 1388 3712 1442 sed
3737 1397 3786 1443 et

2212 1489 2304 1540 pro
2323 1474 2392 1527 eis
2421 1474 2509 1544 qui
2534 1473 2775 1529 credituri
2803 1485 2915 1529 sunt
2941 1493 3030 1548 per
3049 1477 3246 1530 verbum
3272 1494 3442 1531 eorum
3463 1478 3514 1531 in
3545 1494 3658 1544 me;
3687 1493 3786 1552 ve-

2210 1561 2286 1616 lut
2307 1578 2686 1633 quaereremus,
2713 1565 2836 1634 quid
2867 1567 2950 1620 vel
2971 1583 3135 1635 quare
3160 1583 3254 1636 pro
3280 1568 3382 1622 illis
3402 1578 3630 1638 rogaret,
3653 1582 3788 1622 cou-
3839 1585 3842 1587 λ

2211 1654 2358 1709 tinuo
2384 1657 2680 1724 subintulit,
2703 1658 2882 1713 dicens
2904 1677 2916 1713 :
2945 1659 3012 1714 Ut
3031 1676 3200 1714 omnes
3225 1677 3380 1714 unum
3405 1659 3524 1725 sint,
3555 1661 3680 1714 sicut
3707 1670 3784 1734 tu,

2213 1743 2386 1810 Pater,
2417 1747 2469 1800 in
2496 1765 2592 1812 me,
2615 1758 2664 1802 et
2682 1765 2773 1820 ego
2797 1750 2846 1802 in
2877 1759 2942 1814 te,
2965 1759 3018 1802 ut
3041 1760 3087 1804 et
3111 1751 3206 1820 ipsi
3231 1751 3284 1804 in
3310 1751 3448 1804 nobis
3477 1767 3635 1805 unum
3663 1735 3784 1806 sint.

2215 1839 2278 1892 Et
2305 1841 2548 1910 superius
2575 1858 2696 1896 eum
2723 1841 2897 1897 adhuc
2925 1858 3020 1912 pro
3047 1843 3175 1897 solis
3198 1842 3490 1912 discipulis,
3519 1856 3656 1912 quos
3695 1856 3786 1898 se-

2209 1947 2329 1987 cum
2351 1931 2596 2002 habebat,
2616 1946 2789 1989 oraret
2813 1953 2827 1990 :
2859 1935 3008 1988 Pater
3031 1943 3216 1998 sancte,
3247 1935 3436 2006 inquit,
3459 1949 3599 1989 serva
3621 1950 3704 1987 eos
3730 1934 3784 1987 in

2209 2025 2410 2079 nomine
2436 2033 2518 2079 tuo
2543 2043 2666 2097 quos
2694 2026 2874 2080 dedisti
2898 2011 3038 2092 mihi,
3079 2037 3132 2079 ut
3157 2033 3255 2080 sint
3284 2043 3440 2080 unum
3466 2025 3592 2080 sicut
3621 2035 3667 2080 et
3691 2041 3785 2079 nos

2211 2113 2390 2185 (Ioan.
2424 2133 2555 2180 xvu,
2584 2115 2692 2186 1|).
2725 2117 2837 2172 Hoc
2878 2133 3004 2187 ergo
3049 2132 3188 2172 nunc
3216 2117 3374 2172 etiam
3417 2125 3471 2171 et
3503 2131 3601 2186 pro
3629 2116 3783 2171 nobis

2211 2208 2434 2277 rogavit,
2461 2208 2600 2278 quod
2631 2220 2754 2264 tunc
2781 2225 2876 2280 pro
2897 2210 3019 2272 illis,
3049 2217 3104 2264 ut
3132 2223 3340 2278 omnes,
3371 2211 3472 2264 hoc
3499 2218 3580 2264 est
3605 2217 3659 2266 et
3686 2223 3784 2264 nos

2210 2307 2263 2352 et
2303 2297 2399 2364 illi,
2431 2315 2592 2354 unum
2633 2301 2816 2356 simus.
2849 2299 2948 2358 Ubi
2985 2301 3266 2371 diligenter
3293 2299 3674 2356 advertendum
3705 2305 3788 2355 est

2211 2407 2315 2446 non
2357 2392 2555 2448 dixisse
2581 2393 2888 2460 Dominum,
2916 2404 2975 2450 ut
3014 2411 3200 2451 omnes
3237 2409 3399 2450 unum
3429 2396 3631 2460 simus;
3667 2393 3786 2461 sed,

2215 2479 2282 2537 Ut
2299 2500 2468 2538 omnes
2495 2501 2648 2539 unum
2673 2487 2791 2554 sint,
2821 2487 2951 2541 sicut
2982 2497 3056 2551 tu,
3076 2485 3252 2553 Pater,
3269 2488 3322 2542 in
3349 2505 3447 2554 me,
3473 2496 3522 2542 et
3545 2503 3635 2558 ego
3661 2487 3714 2540 in
3741 2496 3790 2542 te

2213 2575 2662 2649 (subintelligitur,
2696 2595 2858 2634 unum
2899 2593 3116 2646 sumus;
3147 2578 3287 2650 quod
3333 2580 3567 2650 apertius
3593 2578 3789 2634 dicitur

2211 2667 2416 2740 postea)
2445 2687 2457 2722 :
2487 2670 2608 2739 quia
2649 2679 2701 2724 et
2726 2671 2874 2742 prius
2901 2670 3108 2726 dixerat
3145 2670 3212 2726 de
3240 2671 3510 2740 discipulis
3535 2670 3624 2741 qui
3667 2685 3788 2724 cum

2212 2753 2302 2810 illo
2329 2766 2498 2822 erant,
2541 2757 2608 2813 Ut
2635 2760 2733 2814 sint
2757 2777 2912 2814 unum
2947 2761 3074 2816 sicut
3103 2770 3149 2814 et
3177 2777 3286 2815 nos.
3320 2761 3678 2828 Quamobrem
3719 2762 3790 2816 ita

2211 2855 2294 2902 est
2317 2845 2475 2902 Pater
2505 2849 2556 2903 in
2598 2849 2754 2914 Filio,
2799 2860 2854 2905 et
2893 2849 3058 2904 Filius
3095 2851 3146 2905 in
3177 2851 3354 2916 Patre,
3387 2859 3445 2906 ut
3473 2867 3632 2906 unum
3659 2851 3788 2916 sint,

2211 2927 2332 3008 quia
2363 2940 2517 2993 unius
2545 2940 2850 2996 substantia:
2879 2951 3003 2999 sunt
3029 2961 3043 2998 :
3071 2959 3168 2998 nos
3195 2959 3322 2998 vero
3347 2957 3470 2999 esse
3497 2943 3710 3014 quidem
3739 2944 3792 2998 in

2211 3031 2290 3084 eis
2320 3046 2617 3100 possumus,
2661 3050 2821 3089 unum
2854 3044 3027 3090 tamen
3065 3051 3186 3091 cum
3215 3037 3294 3092 eis
3321 3051 3441 3092 esse
3469 3052 3572 3092 non
3601 3051 3792 3108 possu-

2213 3137 2358 3188 mus;
2388 3123 2510 3192 quia
2531 3125 2688 3180 unius
2715 3126 3024 3181 substantia
3045 3141 3142 3182 nos
3168 3135 3221 3182 et
3241 3127 3341 3196 ipsi
3373 3141 3478 3182 non
3501 3115 3711 3190 sumus,
3737 3127 3791 3180 in

2211 3221 2462 3282 quantum
2491 3212 2652 3270 Filius
2677 3231 2794 3271 cum
2823 3217 2980 3272 Patre
3007 3218 3145 3274 Deus
3169 3229 3270 3273 est.
3297 3218 3426 3273 Nam
3457 3219 3507 3274 in
3533 3229 3792 3288 quantum

2213 3301 2372 3360 homo
2394 3314 2494 3371 est,
2521 3306 2756 3376 ejusdem
2779 3309 3088 3364 substantia:
3113 3321 3198 3366 est
3221 3311 3374 3380 cujus
3395 3319 3448 3366 et
3467 3326 3564 3366 nos
3581 3326 3789 3366 sumus.

2211 3391 2314 3450 Sed
2345 3411 2486 3450 nunc
2516 3396 2641 3452 illud
2681 3399 2855 3467 potius
2880 3400 3047 3455 voluit
3069 3401 3466 3468 commendare,
3511 3403 3652 3472 quod
3679 3403 3790 3456 alio

2213 3485 2327 3540 loco
2362 3488 2456 3552 ait,
2491 3487 2599 3556 Ego
2643 3498 2688 3543 et
2725 3489 2879 3544 Pater
2913 3507 3068 3544 unum
3097 3509 3269 3546 sumus
3299 3491 3408 3566 (Id.
3437 3509 3491 3560 ιι,
3521 3491 3650 3564 50);
3695 3494 3789 3548 ubi

2211 3577 2450 3633 eamdem
2479 3577 2651 3636 Patris
2679 3590 2730 3636 et
2755 3596 2904 3636 suam
2927 3581 3242 3652 signiﬁcavit
3263 3599 3384 3640 esse
3411 3595 3676 3638 naturam.
3709 3585 3792 3638 Ac

2211 3683 2306 3739 per
2341 3669 2442 3725 hoc
2486 3679 2541 3726 ct
2582 3688 2701 3726 cum
2733 3674 2784 3728 in
2826 3675 2980 3730 nobis
3027 3683 3152 3730 sunt
3193 3675 3351 3731 Pater
3395 3685 3449 3730 et
3489 3676 3676 3741 Filius,
3703 3675 3792 3730 vel

2210 3763 2368 3816 etiam
2395 3761 2622 3834 Spiritus
2649 3775 2885 3832 sanctus,
2933 3781 3037 3820 non
3063 3767 3322 3822 debemus
3349 3781 3440 3822 eos
3467 3775 3652 3836 putare
3689 3783 3791 3820 na-

2213 3859 2344 3906 tura:
2383 3853 2541 3910 unius
2569 3871 2688 3910 esse
2723 3857 3019 3911 nobiscum.
3053 3856 3142 3912 Sic
3171 3857 3346 3928 itaque
3371 3867 3494 3912 sunt
3517 3859 3572 3912 in
3611 3858 3792 3925 nobis,

2211 3945 2292 3998 vel
2321 3962 2416 4000 nos
2455 3945 2506 3998 in
2540 3946 2660 4010 illis,
2689 3956 2748 4002 ut
2785 3949 2858 4002 illi
2889 3965 3050 4014 unum
3089 3950 3194 4004 sint
3229 3949 3280 4004 in
3310 3961 3496 4004 natura
3535 3965 3651 4015 sua,
3685 3965 3790 4004 nos

2213 4054 2372 4092 unum
2402 4039 2452 4092 in
2486 4047 2685 4092 nostra.
2728 4039 2862 4094 Sunt
2885 4043 3089 4111 .quippc
3120 4042 3216 4110 ipsi
3249 4041 3301 4096 in
3330 4043 3504 4110 nobis,
3537 4050 3790 4114 tanquam

2210 4127 2350 4184 Deus
2387 4129 2438 4182 in
2471 4131 2666 4200 templo
2705 4145 2801 4184 suo
2835 4149 2846 4182 :
2877 4145 3059 4186 sumus
3084 4142 3260 4188 autem
3291 4149 3390 4190 nos
3417 4134 3474 4187 in
3513 4134 3640 4201 illis,
3670 4143 3792 4188 tan-

2207 4236 2364 4290 quam
2394 4234 2636 4277 creatura
2664 4222 2715 4276 in
2741 4223 2994 4278 Creatore
3014 4239 3134 4279 suo.

2268 4309 2323 4362 2.
2367 4310 2567 4365 Deinde
2589 4327 2708 4366 cum
2731 4311 2975 4380 dixisset,
3001 4313 3066 4367 Ut
3083 4324 3128 4368 et
3150 4314 3248 4383 ipsi
3262 4315 3313 4368 in
3331 4315 3470 4369 nobis
3491 4333 3644 4370 imum
3664 4317 3788 4382 sint,

2207 4399 2466 4470 adjunxit,
2495 4401 2561 4456 Ut
2582 4402 2798 4457 mundus
2825 4403 2994 4456 credat
3017 4405 3133 4474 quia
3153 4413 3206 4458 tu
3229 4421 3307 4458 me
3329 4407 3526 4462 misisti.
3549 4405 3684 4470 Ouid
3709 4417 3795 4462 est

2209 4491 2310 4546 hoc
2321 4493 2344 4545 ?
2357 4491 2742 4562 Numquidnam
2767 4501 2894 4548 tunc
2910 4495 3205 4550 crediturus
3217 4505 3298 4550 est
3313 4497 3558 4564 mundus,
3573 4504 3793 4568 quando

2210 4584 2262 4638 iu
2290 4585 2446 4640 Patre
2469 4595 2524 4642 et
2549 4586 2680 4640 Filio
2709 4603 2869 4642 unum
2900 4603 3086 4643 omnes
3111 4589 3343 4645 erimus?
3367 4591 3554 4647 Nonne
3585 4594 3684 4647 ista
3707 4603 3791 4648 est

2208 4691 2308 4744 pax
2339 4676 2423 4729 illa
2454 4687 2726 4746 perpetua,
2757 4687 2811 4732 et
2833 4679 3006 4748 potius
3045 4679 3164 4734 ﬁdei
3195 4695 3402 4736 merces
3426 4673 3584 4752 quam
3617 4683 3792 4738 ﬁdes?

2209 4767 2380 4820 Unum
2411 4768 2553 4822 enim
2581 4769 2800 4832 erimus,
2843 4784 2948 4824 non
2981 4778 3036 4823 ut
3059 4770 3362 4838 credamus,
3389 4773 3480 4828 sed
3511 4755 3790 4842 quiacre-

2205 4857 2454 4912 didimus.
2494 4857 2598 4915 Sed
2624 4860 2724 4914 etsi
2764 4860 2818 4914 in
2845 4860 3076 4916 hacvita
3111 4872 3329 4932 propter
3355 4865 3520 4932 ipsam
3547 4880 3794 4920 commu—

2207 4963 2327 5003 nem
2359 4947 2537 5014 ﬁdem,
2566 4964 2752 5004 omnes
2783 4951 2872 5019 qui
2915 4949 2966 5005 in
2997 4968 3160 5006 unum
3188 4953 3476 5022 credimus,
3509 4971 3669 5010 unum
3692 4971 3790 5010 su-

2207 5053 2342 5106 mus,
2369 5039 2517 5109 juxta
2545 5039 2672 5093 illud
2704 5040 2966 5110 Apostoli,
3003 5041 3187 5096 Omnes
3211 5044 3342 5097 enim
3371 5060 3456 5098 uos
3483 5061 3640 5098 unum
3667 5046 3790 5100 estis

2205 5130 2260 5182 in
2289 5129 2484 5184 Christo
2503 5130 2628 5183 Jesu
2655 5129 2848 5202 (Galat.
2877 5148 2954 5196 ιιι,
2985 5131 3076 5205 28)
3100 5151 3114 5200 ;
3140 5135 3299 5190 etiam
3325 5137 3404 5190 sic
3442 5153 3544 5190 non
3581 5147 3638 5190 ut
3667 5152 3790 5192 cre-

2207 5221 2416 5288 damus,
2459 5221 2554 5277 scd
2594 5225 2714 5294 quia
2751 5225 3038 5292 credimus,
3071 5242 3230 5282 unum
3271 5242 3474 5284 sumus.
3518 5228 3656 5296 Quid
3707 5239 3794 5285 est

2210 5331 2356 5388 ergo,
2385 5317 2568 5371 Omnes
2593 5335 2748 5372 unum
2775 5319 2896 5383 sint,
2923 5329 2977 5374 ut
2997 5323 3214 5378 mundus
3237 5325 3452 5378 credat?
3473 5326 3570 5395 Ipsi
3595 5327 3792 5397 quippe

2209 5417 2380 5456 omnes
2403 5402 2630 5458 mundus
2663 5413 2746 5458 est
2773 5405 3018 5460 credens.
3050 5407 3232 5477 Neque
3257 5410 3401 5464 enim
3430 5411 3520 5466 alii
3547 5422 3674 5466 sunt
3699 5414 3792 5482 qui

2210 5505 2372 5544 unum
2401 5501 2575 5556 erunt,
2617 5499 2672 5546 et
2693 5492 2831 5547 alius
2857 5503 2938 5548 est
2975 5495 3202 5552 mundus
3242 5508 3520 5567 propterea
3549 5501 3792 5556 creditu-

2211 5597 2324 5648 rus,
2355 5582 2474 5652 quia
2505 5583 2576 5638 illi
2613 5598 2772 5636 unum
2815 5593 2998 5650 erunt;
3042 5601 3162 5642 cum
3203 5589 3384 5656 procul
3424 5589 3586 5646 dubio
3611 5591 3678 5648 de
3703 5591 3796 5648 his

2211 5675 2373 5740 dicat,
2413 5673 2477 5729 Ut
2507 5691 2676 5729 omnes
2719 5693 2874 5730 unum
2912 5679 3032 5748 sint,
3067 5679 3134 5736 de
3173 5682 3362 5750 quibus
3399 5683 3630 5750 dixerat,
3663 5685 3794 5746 Non,

2215 5783 2306 5836 pro
2327 5767 2403 5821 his
2449 5777 2610 5823 autem
2635 5785 2754 5839 rogo
2783 5779 2996 5838 tantum,
3027 5771 3118 5825 sed
3139 5783 3184 5824 rt
3212 5789 3303 5842 pro
3332 5775 3403 5832 eis
3431 5777 3516 5848 qui
3553 5781 3796 5836 credituri
