4076 6474
272 266 402 325 ιθξι

259 416 375 465 sunt
396 422 485 478 per
510 401 709 459 verbum
735 416 906 454 eorum
930 399 1096 463 inme,
1120 393 1371 449 continuo
1400 389 1742 459 suhjungens,
1771 383 1838 478 U

260 476 431 555 omnes
479 511 640 550 unum
680 494 799 548 sint.
849 490 939 545 Isti
985 499 1161 543 autem
1201 501 1369 540 omnes
1421 482 1547 553 quid
1591 488 1692 546 est,
1733 476 1836 534 nisi

259 590 510 653 mundus,
543 602 648 642 non
678 584 881 639 hostilis
921 582 1122 650 utique,
1171 578 1266 633 sed
1307 574 1509 630 fidelis?
1537 572 1668 628 Nam
1712 585 1838 627 ecce

259 682 346 750 qui
371 680 599 745 dixerat,
635 676 751 729 Non
782 691 873 744 pro
891 671 1090 725 mundo
1116 687 1237 741 rogo
1267 668 1442 739 (Joan.
1472 682 1601 731 xvu,
1635 664 1711 736 9),
1742 678 1837 734 pro

256 768 459 823 mundo
487 776 638 836 rogat
666 774 721 819 ut
747 763 947 818 credat.
979 760 1237 828 Quoniam
1265 766 1348 813 est
1386 757 1613 811 mundus
1635 755 1703 810 de
1733 769 1838 824 quo

259 861 513 928 scriptum
540 870 621 912 est
645 874 657 910 :
687 855 766 910 Ne
788 872 902 908 cum
924 854 1016 908 hoc
1037 852 1224 906 mundo
1245 850 1539 904 damnentur
1559 848 1600 919 (l
1624 847 1740 904 Cor.
1760 863 1835 914 ιι,

258 952 369 1021 '52).
402 952 506 1006 Pro
536 952 636 1005 isto
662 948 859 1003 mundo
902 962 1005 1001 non
1044 953 1232 1015 rogat:
1266 958 1437 1013 neque
1465 942 1605 996 enim
1637 956 1741 1011 quo
1771 940 1839 994 sit

258 1044 682 1112 praedestinatus,
725 1041 949 1110 ignorat.
980 1038 1051 1093 Et
1077 1046 1159 1093 est
1203 1036 1428 1090 mundus
1458 1034 1524 1088 dc
1550 1048 1653 1103 quo
1681 1033 1836 1087 scri-

258 1143 405 1203 ptum
448 1142 549 1196 est,
599 1130 718 1184 Non
753 1130 886 1183 enim
923 1128 1054 1183 venit
1096 1126 1265 1179 Filius
1310 1124 1525 1178 hominis
1569 1133 1620 1176 ut
1642 1124 1838 1194 judicet

255 1224 524 1291 arandum,
554 1222 643 1276 sed
673 1230 729 1275 ut
756 1221 974 1276 salvetur
999 1217 1217 1271 mundus
1244 1233 1334 1284 per
1360 1217 1523 1287 ipsum
1552 1214 1726 1285 (Joan.
1756 1231 1834 1277 ιιι,

255 1312 347 1385 17)
377 1331 392 1367 :
424 1313 563 1367 unde
582 1319 638 1365 et
666 1311 969 1380 Apostolus,
1002 1307 1155 1369 Deus,
1188 1307 1375 1377 inquit,
1406 1314 1509 1359 erat
1535 1305 1587 1357 in
1614 1302 1834 1369 Christo,

253 1404 500 1457 ntundum
545 1400 876 1455 reconcilians
918 1400 1011 1453 sibi
1064 1398 1128 1469 (ll
1168 1397 1285 1453 Cor.
1329 1413 1379 1462 v,
1419 1395 1530 1465 l9).
1585 1396 1689 1449 Pro
1734 1396 1837 1449 isto

252 1494 454 1549 mundo
482 1502 652 1563 rogat,
678 1492 881 1557 dicens,
910 1490 977 1545 Ut
998 1491 1214 1544 mundus
1238 1488 1406 1543 credat
1431 1489 1547 1559 quia
1569 1494 1623 1543 tu
1646 1505 1726 1541 me
1744 1488 1840 1539 mi-

250 1586 383 1640 sisti.
412 1586 517 1640 Per
539 1586 673 1638 hanc
700 1582 842 1638 enim
874 1582 1029 1637 ﬁdem
1053 1581 1279 1635 mundus
1305 1581 1675 1636 reconciliatur
1705 1580 1832 1645 lleo,

251 1691 376 1731 cum
400 1675 573 1730 credit
599 1675 652 1729 in
679 1671 947 1728 Christum
991 1673 1078 1743 qui
1109 1682 1192 1728 est
1229 1672 1422 1727 missus
1466 1688 1495 1726 a
1531 1673 1656 1726 Deo.
1690 1672 1834 1739 Quo-

249 1765 415 1823 modo
442 1779 572 1835 ergo
602 1764 916 1821 intellecturi
946 1779 1128 1819 sumus
1152 1763 1292 1834 quod
1322 1764 1413 1825 ait,
1464 1763 1531 1817 Ut
1562 1771 1607 1815 ct
1649 1764 1747 1831 ipsi
1782 1762 1835 1815 in

250 1858 395 1911 nobis
422 1873 578 1910 unum
603 1855 723 1919 sint,
753 1866 806 1909 ut
832 1856 999 1909 credat
1036 1856 1253 1908 mundus
1278 1856 1394 1922 quia
1430 1863 1480 1907 tu
1520 1870 1597 1907 me
1622 1855 1796 1907 misisti
1818 1871 1832 1907 :

250 1948 354 2003 nisi
383 1948 508 2018 quia
538 1963 645 2003 non
672 1949 725 2003 in
755 1962 820 2003 eo
845 1962 1058 2002 causam
1090 1949 1263 2017 posuit
1288 1958 1343 2001 ut
1369 1949 1551 2001 credat
1582 1947 1830 2012 mundus,

250 2039 374 2109 quia
404 2038 480 2093 illi
523 2053 683 2093 unum
724 2050 865 2100 sunt,
899 2048 1145 2109 tanquam
1188 2038 1307 2092 ideo
1351 2039 1534 2093 credat
1563 2039 1702 2107 quod
1743 2054 1836 2094 eos

250 2146 373 2186 esse
404 2146 567 2185 unum
595 2130 768 2197 videt;
794 2145 914 2184 cum
954 2131 1066 2200 ipse
1105 2129 1333 2184 mundus
1375 2131 1480 2184 sint
1506 2145 1713 2195 omnes,
1747 2130 1835 2199 qui

249 2222 525 2279 credendo
564 2237 728 2277 unum
763 2222 938 2276 ﬁunt:
967 2221 1058 2277 sed
1089 2223 1289 2276 orando
1328 2221 1479 2285 dixit,
1528 2221 1595 2275 Ut
1620 2221 1838 2275 mundus

248 2315 460 2378 credat;
479 2314 619 2369 sicut
636 2313 839 2369 orando
858 2313 1008 2377 dixit,
1033 2312 1098 2367 Ut
1119 2329 1288 2366 omnes
1307 2329 1461 2365 unum
1480 2312 1611 2376 sint;
1634 2311 1839 2365 orando

248 2404 408 2469 dixit,
458 2403 527 2459 Ut
555 2414 601 2458 et
628 2404 724 2473 ipsi
768 2403 821 2456 in
864 2403 1004 2456 nobis
1046 2419 1203 2455 unum
1239 2402 1382 2454 sint?
1420 2402 1530 2455 Hoc
1572 2409 1654 2456 est
1694 2401 1836 2455 enim

250 2511 426 2550 omnes
455 2511 617 2549 unum
641 2495 762 2557 sint,
803 2493 944 2564 quod
987 2502 1068 2547 est
1111 2493 1327 2547 mundus
1350 2492 1835 2561 credat:quoniam

250 2584 524 2641 credendo
553 2601 712 2640 unum
735 2584 897 2649 ﬁunt;
924 2584 1155 2654 perfecte
1174 2601 1357 2651 unum,
1388 2586 1476 2654 qui
1505 2600 1625 2638 cum
1651 2592 1837 2638 natura

249 2684 437 2732 essent
461 2692 647 2743 unum,
677 2677 1038 2733 dissentiendo
1078 2677 1144 2731 ab
1186 2693 1291 2732 uno
1326 2692 1432 2731 non
1474 2686 1626 2731 erant
1653 2692 1833 2731 unum.

250 2766 496 2837 Denique
535 2768 580 2823 si
607 2769 823 2824 verbum
853 2770 991 2839 quod
1036 2769 1128 2833 ait,
1170 2785 1313 2839 rogo,
1364 2769 1520 2823 tertio
1555 2768 1839 2823 subaudia-

252 2873 396 2924 mus,
439 2859 525 2913 vel
570 2860 745 2930 potius
786 2876 891 2929 quo
922 2862 1125 2931 plenius
1166 2862 1277 2924 ﬁat,
1317 2859 1509 2929 ubique
1549 2873 1834 2928 ponamus;

250 2950 356 3006 erit
388 2950 549 3021 hujus
583 2953 844 3022 expositio
890 2955 1164 3009 sententia:
1207 2953 1575 3009 manifestior:
1604 2956 1752 3027 Rogo
1782 2964 1839 3011 ut

252 3056 429 3097 omnes
451 3059 616 3096 unum
653 3045 771 3108 sint,
820 3046 947 3098 sicut
975 3057 1030 3099 tu
1058 3046 1214 3100 Pater
1241 3049 1292 3100 in
1332 3065 1428 3114 me,
1458 3058 1505 3102 et
1532 3066 1620 3121 ego
1656 3051 1708 3103 in
1753 3059 1798 3104 te
1818 3065 1838 3104 :

250 3145 385 3201 rogo
406 3141 462 3186 ut
485 3144 532 3187 et
553 3133 653 3204 ipsi
676 3135 728 3188 in
758 3136 898 3190 nobis
918 3152 1076 3190 unum
1101 3138 1199 3192 sint
1216 3154 1235 3192 :
1260 3154 1390 3210 rogo
1414 3150 1466 3193 ut
1493 3142 1713 3196 mundus
1732 3160 1837 3197 crc-

251 3225 343 3279 dat
359 3228 483 3297 quia
506 3236 560 3281 tu
587 3244 667 3283 me
691 3230 887 3285 misisti.
912 3231 1035 3286 Ideo
1061 3232 1254 3301 quippe
1277 3232 1495 3299 addidit,
1525 3235 1664 3305 quod
1683 3236 1834 3304 dixit,

252 3318 309 3371 in
346 3318 514 3386 nobis,
562 3321 791 3390 utquod
824 3339 983 3376 unum
1016 3324 1280 3378 efﬁcimur
1321 3326 1627 3380 ﬁdelissima
1658 3329 1835 3382 chari~

253 3418 385 3476 tate,
414 3411 601 3481 gratia:
624 3412 713 3467 Dei
741 3415 1044 3469 noverimus
1074 3416 1408 3472 tribuendum
1438 3433 1579 3487 esse,
1612 3436 1716 3475 non
1746 3437 1839 3475 no-

252 3497 340 3554 bis
365 3515 381 3552 :
404 3500 545 3555 sicut
585 3502 869 3571 Apostolus
915 3519 1032 3559 cum
1062 3505 1303 3573 dixisset,
1347 3507 1539 3564 Fuistis
1578 3512 1708 3565 enim
1737 3512 1837 3565 ali-

252 3588 462 3657 quando
485 3592 715 3655 teuebrte,
745 3610 880 3647 nunc
905 3604 1071 3648 autem
1092 3597 1200 3663 lux,
1227 3597 1424 3667 inquit;
1451 3609 1503 3654 et
1523 3614 1591 3655 ne
1615 3600 1714 3655 sibi
1740 3602 1839 3657 hoc

256 3679 574 3747 tribuerent,
606 3682 817 3753 adjecit,
855 3685 907 3739 in
935 3686 1155 3741 Domino
1185 3689 1398 3760 (Ephes.
1428 3706 1478 3758 ν,
1511 3692 1587 3762 8).

326 3773 383 3828 3.
423 3773 628 3830 Deinde
651 3775 893 3831 Salvator
921 3788 1101 3834 noster
1120 3783 1356 3851 rogando
1389 3783 1620 3851 Patrem,
1651 3800 1709 3841 se
1739 3786 1837 3840 ho-

254 3865 459 3923 minem
479 3866 915 3926 demonstrabat:
941 3888 1080 3927 nunc
1104 3874 1479 3931 demonstrans
1508 3886 1561 3932 et
1580 3878 1834 3948 seipsum.

254 3958 511 4026 quoniam
539 3974 659 4014 cum
690 3961 845 4017 Patre
882 3964 1021 4018 Deus
1061 3974 1162 4030 est,
1186 3966 1363 4021 facere
1391 3969 1531 4037 quod
1570 3979 1740 4039 rogat,
1775 3969 1840 4023 Et

253 4064 370 4118 ego,
409 4050 598 4119 inquit,
638 4052 913 4107 claritatem
951 4071 1105 4125 φιίιηι
1148 4057 1330 4110 dedisti
1364 4059 1506 4125 mihi,
1557 4060 1675 4114 dedi
1713 4061 1837 4115 illis.

254 4140 428 4209 Quam
469 4143 789 4212 claritatem,
822 4148 921 4201 nisi
952 4149 1423 4219 immortalitatem,
1463 4168 1619 4223 quam
1652 4163 1839 4208 natura

257 4233 490 4288 humana
520 4235 569 4289 in
604 4238 693 4292 illo
717 4238 887 4294 fuerat
911 4244 1228 4312 acceptura?
1253 4243 1383 4298 Nam
1404 4261 1501 4301 nec
1528 4247 1641 4317 ipse
1668 4246 1841 4302 adhuc

254 4337 538 4393 acceperat
575 4343 716 4395 eam,
747 4331 841 4386 sed
881 4348 1029 4388 more
1057 4349 1153 4388 suo
1177 4345 1394 4405 propter
1419 4338 1839 4394 immobilitatcm

254 4418 760 4489 praedestinationis,
793 4427 1046 4493 praeteriti
1080 4430 1334 4497 temporis
1358 4431 1533 4486 verbis
1558 4431 1733 4487 futura
1765 4434 1841 4489 si-

254 4506 495 4576 gniﬁcat,
523 4512 665 4579 quod
696 4529 835 4568 nunc
860 4516 1249 4584 clariﬁcandus,
1276 4519 1377 4575 hoc
1403 4508 1484 4578 est
1507 4524 1841 4581 suscitandus

252 4614 289 4653 ιι
319 4600 506 4666 Patre;
525 4612 579 4657 et
603 4605 715 4674 ipse
740 4607 809 4661 sit
834 4623 933 4663 nos
952 4609 1017 4664 ad
1042 4625 1157 4665 eam
1187 4614 1475 4669 claritatem
1498 4618 1842 4673 suscitaturus

257 4691 312 4745 in
341 4691 466 4748 ﬁne.
498 4694 681 4750 Simile
709 4706 792 4753 est
817 4698 917 4754 hoc
943 4699 994 4755 ei
1022 4703 1161 4771 quod
1189 4705 1310 4760 alibi
1342 4706 1488 4773 dicit,
1518 4708 1661 4765 Sicut
1689 4707 1843 4764 Pater

254 4785 467 4838 suscitat
491 4798 713 4843 mortuos
750 4798 796 4843 et
818 4791 1053 4862 viviﬁcat,
1081 4796 1154 4848 sic
1180 4805 1229 4851 et
1258 4796 1420 4852 Filius
1448 4816 1573 4870 quos
1594 4801 1698 4856 vult
1723 4802 1843 4856 vivi-

258 4876 396 4944 βαι.
441 4877 510 4931 Et
543 4895 690 4947 quos,
724 4882 822 4936 nisi
861 4884 1077 4940 eosdem
1119 4903 1250 4959 quos
1279 4891 1472 4947 Pater?
1505 4893 1843 4963 Quaecumque

258 4968 395 5020 enim
420 4967 581 5024 Pater
608 4972 750 5042 facit,
781 4990 887 5030 non
915 4977 1038 5042 alia,
1065 4980 1158 5035 sed
1184 4980 1290 5036 ha’c
1320 4992 1366 5037 et
1392 4982 1591 5054 Filius;
1620 5003 1717 5043 nec
1741 4989 1842 5043 ali-

262 5067 363 5125 ter,
404 5060 498 5115 sed
527 5063 758 5118 similiter
785 5068 906 5137 facit
931 5068 1109 5138 (Joan.
1142 5088 1193 5138 ν,
1222 5074 1314 5141 2|,
1356 5076 1470 5147 l9).
1517 5078 1592 5133 Ac
1622 5097 1714 5149 per
1742 5084 1842 5139 hoc

258 5150 538 5207 suscitavit
574 5162 628 5208 et
652 5157 884 5225 seipsum
914 5161 1073 5216 etiam
1103 5162 1234 5233 ipse.
1267 5164 1398 5221 Nam
1429 5169 1549 5224 inde
1588 5179 1688 5240 est,
1723 5172 1843 5227 Sol-

260 5241 360 5293 uite
382 5243 626 5313 templum
652 5247 768 5313 hoc,
799 5249 986 5320 inquit,
1020 5262 1066 5306 et
1103 5254 1157 5308 in
1195 5256 1362 5312 triduo
1389 5264 1690 5317 resuscitabo
1715 5265 1844 5320 illud

262 5331 376 5404 (Id.
405 5350 460 5399 ιι,
489 5337 599 5409 19).
634 5339 865 5397 Proinde
895 5344 1302 5405 immortalitatis
1343 5352 1656 5424 claritatem,
1683 5375 1840 5429 quam

262 5426 363 5480 sibi
392 5442 420 5479 a
450 5428 608 5486 Patre
627 5432 803 5489 datam
830 5434 974 5501 dicit,
1002 5439 1157 5493 etiam
1188 5442 1299 5511 ipse
1319 5443 1417 5498 sibi
1443 5445 1653 5505 dedisse
1682 5426 1843 5508 intel-

264 5515 506 5587 ligendus
530 5532 632 5589 est,
660 5526 758 5578 etsi
789 5540 893 5580 non
915 5527 1061 5582 dicit.
1088 5529 1211 5586 ldeo
1234 5532 1428 5603 quippe
1448 5539 1641 5607 sapius
1668 5541 1840 5599 solum

264 5606 479 5703 Patrem
509 5611 686 5670 facere
711 5616 839 5672 dicit
866 5620 1004 5690 quod
1046 5630 1100 5677 et
1129 5624 1241 5695 ipse
1280 5624 1406 5681 facit
1432 5606 1550 5684 cum
1577 5632 1754 5703 Patre,
1782 5645 1841 5692 ut

265 5700 517 5773 quidquid
546 5712 629 5761 est
669 5707 718 5763 ei
746 5709 940 5767 tribuat
965 5713 1029 5771 de
1065 5729 1170 5785 quo
1198 5727 1297 5773 est.
1335 5718 1437 5776 Sed
1484 5732 1535 5778 et
1562 5700 1844 5798 aliquando

1388 271 1795 330 TliAllTATUS
1833 269 1941 324 CX.
1984 268 2210 323 CAPUT
2258 269 2419 326 XVII.

3375 282 3397 338 l
3410 284 3512 341 92?.

1946 379 2104 435 etiam
2132 383 2290 437 tacito
2318 383 2495 452 Patre,
2528 397 2584 439 se
2605 383 2732 439 dicit
2759 382 2933 440 facere
2958 386 3097 457 quod
3117 387 3239 443 facit
3266 403 3384 443 cum
3414 390 3515 445 Pa-

1947 460 2027 527 tre
2053 488 2067 526 :
2099 483 2154 526 ιιι
2183 474 2535 545 intelligamus
2557 475 2627 529 ita
2648 476 2839 530 Filium
2872 492 2979 532 non
3008 494 3126 534 esse
3149 495 3179 535 a
3206 481 3373 538 Patris
3397 497 3518 553 ope-

1946 575 2005 615 re
2045 563 2421 633 separandum,
2467 565 2678 635 quando
2713 580 2772 621 se
2815 568 2973 622 tacito
3003 569 3212 624 Patrem
3248 570 3375 626 dicit
3417 575 3518 627 ali-

1945 654 2070 724 quid
2094 658 2336 724 Operari;
2377 658 2820 727 quemadmodum
2849 676 2947 714 nec
2972 661 3129 717 Pater
3154 663 3220 717 ab
3241 678 3401 733 opere
3430 666 3517 720 Fi-

1945 746 1998 801 lii
2020 758 2315 817 separatur,
2340 751 2552 820 quando
2572 752 2688 821 ipso
2715 752 2870 806 tacito
2891 751 3056 807 Filius
3075 755 3279 823 operari
3301 755 3514 837 dicitur,

1944 839 2086 908 quod
2125 840 2468 896 nihilominus
2506 843 2706 912 pariter
2731 852 3036 913 operantur.
3067 843 3197 899 Cum
3226 861 3353 918 ergo
3372 857 3521 927 tacet

1946 930 2111 985 Filius
2136 932 2190 985 in
2211 948 2370 1002 opere
2392 934 2562 989 Patris
2588 937 2947 1004 Operationem
2975 952 3143 1005 suam,
3170 939 3521 997 humilitatem
3574 944 3593 949 “

1944 1023 2298 1089 commendat,
2322 1031 2381 1077 ut
2400 1027 2466 1090 sit
2491 1025 2642 1079 nobis
2666 1026 2929 1082 salubrior
2953 1046 2966 1081 :
2990 1043 3109 1083 cum
3137 1045 3262 1085 vero
3287 1032 3521 1088 vicissim

1945 1112 1996 1165 in
2046 1128 2206 1182 opere
2252 1129 2349 1169 suo
2401 1124 2538 1172 tacet
2574 1119 2933 1187 operationem
2977 1121 3167 1189 Patris,
3205 1124 3522 1193 parilitatem

1944 1216 2093 1256 suam
2122 1205 2477 1269 commendat,
2524 1223 2591 1262 ne
2641 1209 2888 1263 credatur
2930 1210 3167 1267 inferior.
3212 1213 3319 1268 lsto
3361 1216 3521 1285 igitur

1944 1294 2101 1348 modo
2128 1306 2181 1349 et
2206 1295 2307 1351 hoc
2328 1297 2445 1352 loco
2465 1313 2565 1352 nec
2593 1313 2651 1354 se
2680 1298 2804 1354 facit
2828 1301 3056 1357 alienum
3088 1320 3118 1357 a
3145 1304 3314 1360 Patris
3334 1322 3518 1377 opere,

1941 1386 2179 1453 quamvis
2202 1386 2414 1454 dixerit,
2444 1387 2736 1443 Claritatem
2757 1408 2906 1461 quam
2926 1393 3105 1447 dedisti
3134 1395 3292 1461 mihi;
3318 1398 3439 1468 quia
3465 1407 3522 1454 et

1942 1474 2056 1543 ipse
2101 1476 2247 1531 dedit
2286 1493 2403 1532 eam
2442 1480 2543 1535 sibi
2577 1496 2713 1535 :nec
2753 1483 2967 1537 Patrem
3018 1484 3140 1539 facit
3177 1487 3406 1543 alienum
3453 1489 3522 1546 ab

1942 1580 2103 1635 opere
2148 1582 2265 1630 suo,
2293 1574 2535 1638 quamvis
2565 1570 2777 1637 dixerit,
2822 1572 2940 1627 dedi
2984 1575 3053 1629 eis
3068 1592 3088 1641 ;
3131 1578 3253 1646 quia
3281 1588 3336 1633 et
3362 1579 3522 1636 Pater

1945 1654 2087 1709 illam
2119 1657 2260 1711 dedit
2291 1658 2389 1713 eis.
2422 1659 2795 1730 lnseparabilia
2823 1678 3052 1734 namque
3077 1677 3199 1721 sunt
3221 1682 3380 1738 opera
3414 1684 3523 1726 non

1940 1746 2109 1800 solum
2147 1748 2317 1803 Patris
2358 1758 2413 1805 et
2454 1750 2596 1818 Filii,
2628 1767 2811 1807 verum
2851 1754 3009 1808 etiam
3058 1753 3285 1823 Spiritus
3325 1762 3520 1817 sancti.

1941 1837 2087 1893 Sicut
2111 1850 2287 1895 autem
2310 1856 2375 1895 ex
2402 1856 2469 1897 eo
2494 1843 2635 1912 quod
2666 1843 2879 1900 Patrem
2908 1862 3003 1915 pro
3031 1848 3141 1902 suis
3165 1850 3409 1907 omnibus
3430 1866 3523 1907 ro-

1938 1930 2101 1999 gavit,
2126 1930 2230 1986 hoc
2256 1932 2371 1987 ﬁeri
2396 1935 2581 2001 voluit,
2611 1934 2678 1989 Ut
2700 1952 2871 1991 omnes
2894 1955 3053 1992 unum
3080 1941 3178 1994 sint
3200 1956 3219 1995 :
3242 1941 3310 1996 ita
3332 1957 3397 1998 ex
3419 1942 3524 2000 hoc

1939 2021 2099 2074 etiam
2126 2034 2223 2077 suo
2248 2023 2509 2079 beneﬁcio
2533 2026 2673 2095 quod
2704 2027 2798 2095 ait,
2828 2027 3121 2084 Claritatem
3149 2048 3300 2103 quam
3339 2035 3524 2091 dedisti

1939 2111 2080 2177 mihi,
2112 2111 2228 2164 dedi
2260 2114 2352 2178 eis,
2405 2114 2455 2167 id
2486 2115 2601 2169 ﬁeri
2627 2118 2973 2174 nihilominus
3003 2121 3205 2190 voluit;
3241 2138 3360 2179 nam
3388 2140 3522 2182 con-

1943 2200 2091 2256 tinuo
2139 2202 2445 2272 subjunxit,
2496 2203 2564 2259 Ut
2608 2207 2710 2261 sint
2748 2225 2937 2277 unum,
2973 2212 3102 2266 sicut
3136 2222 3185 2267 et
3231 2231 3324 2270 nos
3365 2233 3523 2272 unum

1938 2305 2132 2343 sumus.

2009 2383 2061 2437 6.
2092 2382 2289 2437 Deinde
2313 2384 2555 2440 addidit:
2587 2386 2698 2459 Ego
2731 2388 2784 2443 in
2824 2390 2915 2454 eis,
2944 2402 2992 2445 et
3021 2403 3074 2447 tu
3119 2394 3172 2449 in
3213 2412 3310 2464 me,
3338 2407 3391 2452 ut
3426 2400 3526 2455 sint

1939 2474 2268 2527 consummati
2292 2475 2343 2527 in
2360 2492 2538 2529 unum.
2573 2477 2670 2533 Ubi
2703 2494 2760 2534 se
2793 2481 3143 2541 mediatorem
3198 2486 3336 2543 inter
3357 2489 3525 2545 Deum

1939 2572 1994 2617 et
2036 2562 2278 2619 homines
2323 2564 2556 2621 breviter
2586 2567 2866 2624 intilnavit.
2895 2572 3076 2643 Neque
3113 2576 3253 2630 enim
3304 2578 3404 2637 hoc
3454 2581 3527 2638 ita

1940 2652 2142 2707 dictum
2173 2663 2288 2719 est,
2317 2662 2566 2724 tanquam
2595 2657 2751 2713 Pater
2776 2676 2880 2715 non
2910 2664 2979 2716 sit
3007 2664 3058 2718 in
3091 2666 3263 2733 nobis,
3307 2679 3397 2726 aut
3425 2687 3527 2729 nos

1940 2743 1991 2796 in
2021 2743 2177 2798 Patre
2204 2760 2310 2800 non
2335 2745 2538 2812 simus;
2566 2763 2688 2802 cum
2716 2759 2769 2804 et
2797 2752 2901 2805 alio
2924 2753 3040 2809 loco
3070 2756 3301 2826 dixerit,
3343 2760 3527 2819 Venie-

1939 2850 2051 2887 mus
2069 2834 2137 2887 ad
2161 2850 2292 2902 eum,
2344 2845 2390 2889 et
2416 2842 2728 2893 mansionem
2747 2843 2885 2911 apud
2905 2860 3018 2898 eum
3057 2848 3298 2917 faciemus
3341 2848 3525 2927 (Joan.

1943 2939 2064 2991 xlv,
2096 2925 2209 2997 25)
2243 2942 2255 2979 :
2301 2936 2353 2981 et
2377 2926 2464 2982 hic
2496 2929 2649 2997 paulo
2669 2941 2791 2986 ante
2819 2949 2922 2987 non
2945 2936 3173 3005 dixerit,
3202 2940 3310 3012 Ego
3353 2925 3408 3000 in
3454 2948 3527 3003 eis

1938 3021 1987 3067 et
2007 3023 2059 3067 tu
2106 3015 2159 3069 in
2186 3032 2282 3078 me,
2312 3017 2453 3085 quod
2479 3017 2612 3073 dixit
2636 3022 2829 3085 modo;
2862 3035 2969 3090 aut,
3008 3025 3107 3096 ipsi
3132 3030 3183 3083 in
3226 3047 3311 3087 me
3337 3042 3392 3089 et
3426 3051 3527 3109 ego

1940 3105 1994 3160 in
2018 3116 2102 3171 te;
2132 3107 2246 3172 sed,
2269 3106 2349 3161 Tu
2369 3108 2421 3162 in
2442 3126 2520 3163 me
2539 3120 2586 3163 et
2608 3129 2697 3183 ego
2723 3114 2775 3167 in
2799 3123 2864 3181 te,
2894 3126 2939 3171 et
2963 3119 3060 3186 ipsi
3101 3123 3153 3175 in
3182 3112 3351 3179 nobis.
3374 3105 3525 3195 Quod

1941 3208 2068 3263 ergo
2095 3211 2234 3251 nunc
2261 3198 2368 3265 ait,
2408 3199 2518 3271 Ego
2544 3202 2595 3255 in
2616 3204 2686 3258 eis
2714 3214 2757 3259 et
2779 3216 2832 3260 tu
2859 3208 2911 3261 in
2958 3227 3065 3278 me,
3112 3214 3182 3268 ita
3207 3216 3403 3275 dictum
3444 3230 3531 3278 est

1945 3299 2014 3340 ex
2045 3301 2273 3357 persona
2314 3289 2618 3348 Mcdiatoris
2645 3333 2660 3361 ,
2712 3297 2847 3352 sicut
2890 3299 3016 3355 illud
3057 3306 3196 3373 quod
3244 3310 3529 3380 Apostolus

1940 3377 2029 3441 ait,
2076 3376 2173 3432 Vos
2201 3377 2410 3447 Christi,
2440 3382 2666 3439 Christus
2696 3403 2811 3442 vero
2849 3389 2947 3444 Dei
3012 3391 3030 3463 (
3065 3394 3083 3448 i
3114 3394 3229 3451 Cor.
3256 3376 3312 3454 ιιι
3332 3443 3346 3467 ,
3379 3402 3450 3459 25
3482 3405 3523 3475 ).

1941 3467 2091 3535 Quod
2119 3485 2245 3525 vero
2265 3471 2500 3538 addidit,
2538 3473 2608 3529 Ut
2644 3476 2745 3530 sint
2773 3485 3105 3537 consummati
3146 3487 3198 3540 in
3225 3505 3400 3558 unum,
3434 3467 3527 3550 os-

1944 3558 2105 3612 tendit
2137 3574 2203 3614 eo
2234 3561 2454 3629 perduci
2484 3567 2969 3626 reconciliationem
2995 3613 3011 3638 ,
3061 3591 3178 3644 qua:
3205 3578 3264 3632 lit
3292 3596 3387 3649 per
3410 3582 3525 3641 Me-

1940 3650 2234 3717 diutorem,
2266 3663 2323 3707 ut
2353 3654 2585 3724 perfecta
2626 3658 2971 3729 beatitudine,
3001 3666 3081 3719 cui
3106 3666 3215 3737 jam
3242 3671 3370 3726 nihil
3397 3689 3526 3743 pos-

1943 3740 2012 3792 sit
2054 3740 2247 3809 adjici,
2293 3743 2644 3811 perfruamur.
2687 3746 2839 3803 Unde
2891 3750 2941 3805 id
2982 3754 3122 3823 quod
3152 3740 3415 3829 sequitur;
3458 3763 3527 3819 Ut

1942 3840 2207 3900 cognoscat
2231 3835 2445 3887 mundus
2468 3836 2584 3904 quia
2614 3846 2667 3890 tu
2694 3855 2773 3891 me
2802 3840 2999 3910 misisti,
3028 3860 3131 3901 non
3154 3848 3231 3904 sic
3256 3852 3525 3923 accipien-

1942 3919 2068 3975 dum
2098 3931 2225 3991 puto
2247 3964 2262 3989 ,
2308 3931 2557 3994 tauquam
2585 3928 2776 3984 iterum
2811 3931 3043 4002 dixerit,
3086 3937 3151 3991 Ut
3176 3942 3346 3997 credat
3371 3919 3524 4000 inuno

1942 4013 2036 4067 dus
2067 4030 2085 4067 :
2133 4014 2416 4084 aliquando
2441 4019 2581 4073 enim
2621 4029 2675 4075 et
2698 4036 3020 4092 cognoscere
3051 4044 3146 4096 pro
3172 4046 3236 4087 eo
3256 4036 3395 4104 quod
3441 4045 3527 4092 est

1950 4105 2171 4162 credere
2195 4107 2426 4175 ponitur,
2455 4119 2515 4165 ut
2548 4114 2790 4181 estquod
2837 4117 2911 4170 ait
2948 4118 3218 4188 aliquanto
3260 4128 3526 4197 superius,

1943 4193 2012 4249 Et
2034 4208 2369 4267 cognoverunt
2395 4214 2507 4254 vere
2531 4204 2649 4273 quia
2672 4219 2705 4256 a
2730 4213 2777 4259 te
2801 4207 2949 4271 exivi,
2998 4219 3045 4263 et
3066 4193 3384 4272 crediderant
3409 4193 3529 4291 quia

1946 4296 1999 4340 tu
2024 4304 2102 4342 me
2142 4290 2318 4344 misisti
2363 4290 2552 4364 (Joan.
2584 4309 2733 4362 xvn,
2788 4297 2875 4368 8).
2923 4300 3035 4357 Hoc
3076 4303 3209 4360 dixit
3259 4290 3525 4378 posterius

1944 4379 2284 4445 crediderunt,
2318 4382 2456 4451 quod
2481 4385 2626 4451 prius
2651 4386 2858 4442 dixerat
2891 4407 3243 4461 cognoverunt.
3281 4399 3386 4456 Sed
3439 4402 3525 4459 hic

1950 4473 2375 4543 quandoquidem
2422 4476 2487 4531 de
2513 4482 2970 4539 consummatione
2999 4486 3249 4557 loquitur,
3277 4493 3397 4549 talis
3446 4506 3529 4551 est

1946 4562 2288 4632 intelligenda
2329 4567 2595 4635 cognitio,
2651 4570 2820 4639 qualis
2862 4574 2963 4628 erit
2987 4590 3083 4644 per
3120 4582 3374 4650 speciem,
3419 4602 3527 4642 non

1945 4653 2118 4723 qualis
2163 4670 2305 4711 nunc
2342 4666 2425 4711 est
2469 4672 2566 4726 per
2622 4659 2779 4715 ﬁdem
2830 4662 2961 4719 Nam
3008 4669 3215 4726 videtur
3254 4675 3386 4730 ordo
3409 4691 3529 4734 esse

1947 4751 2190 4798 servatus
2219 4745 2269 4798 in
2289 4759 2354 4800 eo
2381 4746 2522 4815 quod
2552 4750 2708 4816 paulo
2734 4762 2857 4807 ante
2878 4754 3044 4824 dixit,
3080 4758 3148 4813 Ut
3180 4763 3350 4818 credat
3378 4782 3527 4822 mun-

1947 4831 2083 4896 dus;
2137 4832 2223 4888 hic
2265 4844 2442 4889 autem
2470 4877 2485 4901 ,
2546 4837 2613 4892 Ut
2666 4853 2931 4911 cognoscat
2973 4849 3209 4904 mundus.
3266 4852 3340 4909 lbi
3386 4858 3529 4913 enim

1946 4926 2189 4992 quamvis
2230 4926 2471 4995 dixerit,
2528 4929 2596 4984 Ut
2637 4948 2806 4988 omnes
2831 4952 2988 4991 unum
3011 4940 3131 5010 sint,
3187 4953 3241 5000 et
3286 4947 3341 5001 in
3389 4950 3531 5007 nobis
3566 4936 3575 4939 r

1947 5029 2104 5067 unum
2131 5015 2250 5080 sint,
2280 5032 2385 5072 non
2409 5020 2481 5073 ait
2507 5029 2715 5089 tamen,
2748 5025 2866 5080 Sint
2891 5035 3225 5088 consummati
3252 5038 3305 5092 in
3334 5056 3489 5097 unum
3519 5059 3542 5109 ;

1947 5113 2106 5174 atque
2156 5105 2230 5161 ita
2269 5108 2584 5177 subnexuit,
2643 5112 2710 5168 Ut
2752 5117 2922 5170 credat
2970 5122 3187 5178 mundus
3227 5128 3348 5195 quia
3374 5139 3426 5184 tu
3454 5105 3532 5187 me

1947 5198 2128 5251 misisti
2154 5214 2173 5251 :
2195 5197 2279 5253 hic
2296 5214 2443 5268 vero,
2476 5201 2543 5258 Ut
2557 5205 2678 5271 sint,
2707 5206 2893 5276 inquit,
2921 5216 3251 5269 consummati
3268 5216 3321 5272 in
3337 5235 3529 5289 unum;

1949 5301 2011 5341 ac
2039 5287 2231 5344 deinde
2268 5306 2372 5345 non
2402 5292 2634 5360 addidit,
2672 5295 2739 5351 Ut
2765 5300 2939 5352 credat
2990 5305 3239 5371 mundus;
3292 5310 3416 5377 sed,
3463 5287 3532 5368 Ut

1948 5390 2219 5447 cognoscat
2247 5382 2463 5438 mundus
2488 5386 2605 5455 quia
2648 5396 2701 5441 tu
2731 5405 2809 5443 me
2836 5391 3032 5447 misisti.
3081 5395 3340 5461 Quamdiu
3387 5405 3531 5463 enim

1949 5470 2215 5525 credimus
2243 5472 2384 5542 quod
2406 5490 2508 5529 non
2538 5476 2806 5544 videmus,
2836 5482 3066 5539 nondum
3094 5501 3279 5545 sumus
3307 5493 3375 5548 ita
3403 5511 3533 5553 con.

1951 5562 2233 5625 sunnnati,
2282 5565 2725 5634 quemadmodum
2771 5571 2970 5629 erimus
3011 5589 3131 5631 cum
3183 5588 3532 5645 meruerimus

1953 5649 2132 5704 videre
2156 5652 2293 5721 quod
2325 5654 2609 5710 credimus.
2648 5657 2965 5716 Rootissime
2995 5664 3153 5735 igitur
3193 5670 3299 5739 ibi,
3333 5675 3399 5730 Ut
3424 5695 3531 5733 cre-

1958 5739 2046 5793 dat
2072 5742 2286 5798 mandas
2313 5762 2326 5813 ;
2360 5744 2443 5801 hic
2462 5786 2477 5815 ,
2507 5745 2573 5802 Ut
2600 5762 2864 5820 cognoscat
2892 5758 3110 5813 mundus
3134 5776 3154 5817 :
3185 5770 3359 5823 tamen
3382 5779 3434 5825 et
3459 5770 3531 5826 ibi
