  <div class='ocr_page' id='page_1' title='image "/cluster/home/n/w/nwhite01/storage/ocr_20150623/35/hvd.32044015706302/311.png"; bbox 0 0 4076 6468; ppageno 0'>
   <div class='ocr_carea' id='block_1_1' title="bbox 573 347 713 407">
    <p class='ocr_par' dir='ltr' id='par_1_1' title="bbox 573 347 713 407">
     <span class='ocr_line' id='line_1_1' title="bbox 573 347 713 407; baseline 0.014 -2"><span class='ocrx_word' id='word_1_1' title='bbox 573 347 713 407; x_wconf 69' lang='grc'><strong>1923</strong></span> 
     </span>
    </p>
   </div>
   <div class='ocr_carea' id='block_1_2' title="bbox 567 454 2149 531">
    <p class='ocr_par' dir='ltr' id='par_1_2' title="bbox 567 454 2149 531">
     <span class='ocr_line' id='line_1_2' title="bbox 567 454 2149 531; baseline -0.007 -12"><span class='ocrx_word' id='word_1_2' title='bbox 567 474 622 519; x_wconf 87' lang='grc' dir='ltr'><strong>ει</strong></span> <span class='ocrx_word' id='word_1_3' title='bbox 660 463 787 528; x_wconf 88' lang='lat' dir='ltr'><strong>hic,</strong></span> <span class='ocrx_word' id='word_1_4' title='bbox 844 461 964 531; x_wconf 81' lang='lat' dir='ltr'><strong>quia</strong></span> <span class='ocrx_word' id='word_1_5' title='bbox 1001 469 1057 515; x_wconf 86' lang='lat' dir='ltr'><strong>tu</strong></span> <span class='ocrx_word' id='word_1_6' title='bbox 1093 473 1174 514; x_wconf 84' lang='lat' dir='ltr'><strong>me</strong></span> <span class='ocrx_word' id='word_1_7' title='bbox 1216 457 1426 522; x_wconf 87' lang='lat' dir='ltr'><strong>misisti;</strong></span> <span class='ocrx_word' id='word_1_8' title='bbox 1472 464 1530 511; x_wconf 90' lang='lat' dir='ltr'><strong>ut</strong></span> <span class='ocrx_word' id='word_1_9' title='bbox 1563 454 1869 511; x_wconf 89' lang='lat' dir='ltr'><strong>noverimus</strong></span> <span class='ocrx_word' id='word_1_10' title='bbox 1896 462 2149 524; x_wconf 89' lang='lat' dir='ltr'><strong>quantum</strong></span> 
     </span>
    </p>
   </div>
   <div class='ocr_carea' id='block_1_3' title="bbox 572 545 2147 624">
    <p class='ocr_par' dir='ltr' id='par_1_3' title="bbox 572 545 2147 624">
     <span class='ocr_line' id='line_1_3' title="bbox 572 545 2147 624; baseline -0.007 -15"><span class='ocrx_word' id='word_1_11' title='bbox 572 552 805 624; x_wconf 93' lang='lat' dir='ltr'><strong>pertinet</strong></span> <span class='ocrx_word' id='word_1_12' title='bbox 824 552 894 606; x_wconf 89' lang='lat' dir='ltr'><strong>ad</strong></span> <span class='ocrx_word' id='word_1_13' title='bbox 937 550 1108 610; x_wconf 88' lang='lat' dir='ltr'><strong>Patris</strong></span> <span class='ocrx_word' id='word_1_14' title='bbox 1127 558 1183 606; x_wconf 89' lang='lat' dir='ltr'><strong>et</strong></span> <span class='ocrx_word' id='word_1_15' title='bbox 1220 548 1340 604; x_wconf 82' lang='lat' dir='ltr'><strong>Filii</strong></span> <span class='ocrx_word' id='word_1_16' title='bbox 1369 546 1775 617; x_wconf 89' lang='lat' dir='ltr'><strong>inseparabilem</strong></span> <span class='ocrx_word' id='word_1_17' title='bbox 1803 545 2114 601; x_wconf 85' lang='lat' dir='ltr'><strong>charitatem</strong></span> <span class='ocrx_word' id='word_1_18' title='bbox 2134 586 2147 609; x_wconf 90' lang='lat'><strong>,</strong></span> 
     </span>
    </p>
   </div>
   <div class='ocr_carea' id='block_1_4' title="bbox 575 626 2182 709">
    <p class='ocr_par' dir='ltr' id='par_1_4' title="bbox 575 626 2182 709">
     <span class='ocr_line' id='line_1_4' title="bbox 575 626 2182 709; baseline -0.005 -10"><span class='ocrx_word' id='word_1_19' title='bbox 575 644 679 699; x_wconf 85' lang='lat' dir='ltr'><strong>hoc</strong></span> <span class='ocrx_word' id='word_1_20' title='bbox 706 656 807 699; x_wconf 87' lang='lat' dir='ltr'><strong>nos</strong></span> <span class='ocrx_word' id='word_1_21' title='bbox 829 641 993 698; x_wconf 90' lang='lat' dir='ltr'><strong>modo</strong></span> <span class='ocrx_word' id='word_1_22' title='bbox 1019 640 1242 698; x_wconf 85' lang='lat' dir='ltr'><strong>credere</strong></span> <span class='ocrx_word' id='word_1_23' title='bbox 1270 637 1412 709; x_wconf 88' lang='lat' dir='ltr'><strong>quod</strong></span> <span class='ocrx_word' id='word_1_24' title='bbox 1442 638 1709 695; x_wconf 88' lang='lat' dir='ltr'><strong>tendimus</strong></span> <span class='ocrx_word' id='word_1_25' title='bbox 1744 637 2010 693; x_wconf 88' lang='lat' dir='ltr'><strong>credendo</strong></span> <span class='ocrx_word' id='word_1_26' title='bbox 2053 652 2118 692; x_wconf 83' lang='lat' dir='ltr'><strong>co</strong></span> <span class='ocrx_word' id='word_1_27' title='bbox 2165 626 2182 652; x_wconf 83' lang='lat'><strong><em>&#39;</em></strong></span> 
     </span>
    </p>
   </div>
   <div class='ocr_carea' id='block_1_5' title="bbox 577 730 2151 809">
    <p class='ocr_par' dir='ltr' id='par_1_5' title="bbox 577 730 2151 809">
     <span class='ocr_line' id='line_1_5' title="bbox 577 730 2151 809; baseline -0.006 -16"><span class='ocrx_word' id='word_1_28' title='bbox 577 750 856 809; x_wconf 89' lang='lat' dir='ltr'><strong>gnoscere.</strong></span> <span class='ocrx_word' id='word_1_29' title='bbox 885 734 943 791; x_wconf 90' lang='lat' dir='ltr'><strong>Si</strong></span> <span class='ocrx_word' id='word_1_30' title='bbox 966 742 1145 789; x_wconf 91' lang='lat' dir='ltr'><strong>autem</strong></span> <span class='ocrx_word' id='word_1_31' title='bbox 1168 732 1390 798; x_wconf 77' lang='lat' dir='ltr'><strong>diceret,</strong></span> <span class='ocrx_word' id='word_1_32' title='bbox 1421 730 1492 787; x_wconf 88' lang='lat' dir='ltr'><strong>Ut</strong></span> <span class='ocrx_word' id='word_1_33' title='bbox 1512 741 1837 801; x_wconf 87' lang='lat' dir='ltr'><strong>cognoscant</strong></span> <span class='ocrx_word' id='word_1_34' title='bbox 1855 731 1975 801; x_wconf 87' lang='lat' dir='ltr'><strong>quia</strong></span> <span class='ocrx_word' id='word_1_35' title='bbox 1994 739 2047 784; x_wconf 91' lang='lat' dir='ltr'><strong>tu</strong></span> <span class='ocrx_word' id='word_1_36' title='bbox 2065 744 2151 785; x_wconf 86' lang='lat' dir='ltr'><strong>me</strong></span> 
     </span>
    </p>
   </div>
   <div class='ocr_carea' id='block_1_6' title="bbox 570 820 2147 892">
    <p class='ocr_par' dir='ltr' id='par_1_6' title="bbox 570 820 2147 892">
     <span class='ocr_line' id='line_1_6' title="bbox 570 820 2147 892; baseline -0.006 -8"><span class='ocrx_word' id='word_1_37' title='bbox 570 827 798 886; x_wconf 76' lang='lat' dir='ltr'><strong>misisti:</strong></span> <span class='ocrx_word' id='word_1_38' title='bbox 830 824 1155 883; x_wconf 80' lang='lat' dir='ltr'><strong>tantumdem</strong></span> <span class='ocrx_word' id='word_1_39' title='bbox 1196 822 1400 878; x_wconf 80' lang='lat' dir='ltr'><strong>valeret</strong></span> <span class='ocrx_word' id='word_1_40' title='bbox 1427 830 1681 892; x_wconf 89' lang='lat' dir='ltr'><strong>quantum</strong></span> <span class='ocrx_word' id='word_1_41' title='bbox 1726 821 1828 877; x_wconf 88' lang='lat' dir='ltr'><strong>hoc</strong></span> <span class='ocrx_word' id='word_1_42' title='bbox 1851 820 1992 891; x_wconf 88' lang='lat' dir='ltr'><strong>quod</strong></span> <span class='ocrx_word' id='word_1_43' title='bbox 2038 822 2147 887; x_wconf 86' lang='lat' dir='ltr'><strong>ait,</strong></span> 
     </span>
    </p>
   </div>
   <div class='ocr_carea' id='block_1_7' title="bbox 575 911 2148 991">
    <p class='ocr_par' dir='ltr' id='par_1_7' title="bbox 575 911 2148 991">
     <span class='ocr_line' id='line_1_7' title="bbox 575 911 2148 991; baseline -0.008 -16"><span class='ocrx_word' id='word_1_44' title='bbox 575 919 645 975; x_wconf 88' lang='lat' dir='ltr'><strong>Ut</strong></span> <span class='ocrx_word' id='word_1_45' title='bbox 670 927 940 991; x_wconf 73' lang='lat' dir='ltr'><strong>cognoscat</strong></span> <span class='ocrx_word' id='word_1_46' title='bbox 976 914 1211 970; x_wconf 82' lang='lat' dir='ltr'><strong>mundus.</strong></span> <span class='ocrx_word' id='word_1_47' title='bbox 1259 912 1363 982; x_wconf 89' lang='lat' dir='ltr'><strong>Ipsi</strong></span> <span class='ocrx_word' id='word_1_48' title='bbox 1388 921 1513 968; x_wconf 90' lang='lat' dir='ltr'><strong>sunt</strong></span> <span class='ocrx_word' id='word_1_49' title='bbox 1554 911 1695 968; x_wconf 91' lang='lat' dir='ltr'><strong>enim</strong></span> <span class='ocrx_word' id='word_1_50' title='bbox 1748 911 1997 977; x_wconf 85' lang='lat' dir='ltr'><strong>mundus,</strong></span> <span class='ocrx_word' id='word_1_51' title='bbox 2042 924 2148 964; x_wconf 86' lang='lat' dir='ltr'><strong>non</strong></span> 
     </span>
    </p>
   </div>
   <div class='ocr_carea' id='block_1_8' title="bbox 570 1001 2150 1081">
    <p class='ocr_par' dir='ltr' id='par_1_8' title="bbox 570 1001 2150 1081">
     <span class='ocr_line' id='line_1_8' title="bbox 570 1001 2150 1081; baseline -0.005 -15"><span class='ocrx_word' id='word_1_52' title='bbox 570 1022 896 1081; x_wconf 82' lang='lat' dir='ltr'><strong>permanens</strong></span> <span class='ocrx_word' id='word_1_53' title='bbox 920 1004 1194 1071; x_wconf 86' lang='lat' dir='ltr'><strong>inimicus,</strong></span> <span class='ocrx_word' id='word_1_54' title='bbox 1245 1003 1417 1075; x_wconf 85' lang='lat' dir='ltr'><strong>qualis</strong></span> <span class='ocrx_word' id='word_1_55' title='bbox 1444 1013 1528 1059; x_wconf 87' lang='lat' dir='ltr'><strong>est</strong></span> <span class='ocrx_word' id='word_1_56' title='bbox 1569 1002 1795 1058; x_wconf 85' lang='lat' dir='ltr'><strong>mundus</strong></span> <span class='ocrx_word' id='word_1_57' title='bbox 1824 1001 2150 1057; x_wconf 79' lang='lat' dir='ltr'><strong>damnationi</strong></span> 
     </span>
    </p>
   </div>
   <div class='ocr_carea' id='block_1_9' title="bbox 574 1092 2152 1173">
    <p class='ocr_par' dir='ltr' id='par_1_9' title="bbox 574 1092 2152 1173">
     <span class='ocr_line' id='line_1_9' title="bbox 574 1092 2152 1173; baseline -0.008 -14"><span class='ocrx_word' id='word_1_58' title='bbox 574 1100 1014 1173; x_wconf 72' lang='lat' dir='ltr'><strong>praedestinatus;</strong></span> <span class='ocrx_word' id='word_1_59' title='bbox 1042 1096 1137 1154; x_wconf 83' lang='lat' dir='ltr'><strong>sed</strong></span> <span class='ocrx_word' id='word_1_60' title='bbox 1160 1112 1225 1153; x_wconf 87' lang='lat' dir='ltr'><strong>ex</strong></span> <span class='ocrx_word' id='word_1_61' title='bbox 1254 1095 1470 1152; x_wconf 86' lang='lat' dir='ltr'><strong>inimico</strong></span> <span class='ocrx_word' id='word_1_62' title='bbox 1494 1094 1698 1151; x_wconf 88' lang='lat' dir='ltr'><strong>amicus</strong></span> <span class='ocrx_word' id='word_1_63' title='bbox 1721 1092 1963 1159; x_wconf 86' lang='lat' dir='ltr'><strong>ell&#39;ectus,</strong></span> <span class='ocrx_word' id='word_1_64' title='bbox 1991 1107 2152 1164; x_wconf 90' lang='lat' dir='ltr'><strong>prop-</strong></span> 
     </span>
    </p>
   </div>
   <div class='ocr_carea' id='block_1_10' title="bbox 490 1185 2150 1271">
    <p class='ocr_par' dir='ltr' id='par_1_10' title="bbox 490 1185 2150 1271">
     <span class='ocr_line' id='line_1_10' title="bbox 490 1185 2150 1271; baseline -0.006 -20"><span class='ocrx_word' id='word_1_65' title='bbox 490 1262 499 1271; x_wconf 21' lang='grc' dir='ltr'><strong>ς</strong></span> <span class='ocrx_word' id='word_1_66' title='bbox 568 1203 652 1250; x_wconf 92' lang='lat' dir='ltr'><strong>ter</strong></span> <span class='ocrx_word' id='word_1_67' title='bbox 679 1208 838 1265; x_wconf 85' lang='lat' dir='ltr'><strong>quem</strong></span> <span class='ocrx_word' id='word_1_68' title='bbox 863 1191 1003 1248; x_wconf 77' lang='lat' dir='ltr'><strong>Deus</strong></span> <span class='ocrx_word' id='word_1_69' title='bbox 1042 1200 1148 1245; x_wconf 81' lang='lat' dir='ltr'><strong>erat</strong></span> <span class='ocrx_word' id='word_1_70' title='bbox 1195 1191 1247 1245; x_wconf 88' lang='lat' dir='ltr'><strong>in</strong></span> <span class='ocrx_word' id='word_1_71' title='bbox 1290 1188 1489 1245; x_wconf 75' lang='lat' dir='ltr'><strong>Christo</strong></span> <span class='ocrx_word' id='word_1_72' title='bbox 1529 1190 1777 1243; x_wconf 79' lang='lat' dir='ltr'><strong>mundum</strong></span> <span class='ocrx_word' id='word_1_73' title='bbox 1818 1185 2150 1242; x_wconf 67' lang='lat' dir='ltr'><strong>reconcilians</strong></span> 
     </span>
    </p>
   </div>
   <div class='ocr_carea' id='block_1_11' title="bbox 563 1278 2152 1355">
    <p class='ocr_par' dir='ltr' id='par_1_11' title="bbox 563 1278 2152 1355">
     <span class='ocr_line' id='line_1_11' title="bbox 563 1278 2152 1355; baseline -0.006 -14"><span class='ocrx_word' id='word_1_74' title='bbox 563 1284 676 1341; x_wconf 75' lang='lat' dir='ltr'><strong>sibi.</strong></span> <span class='ocrx_word' id='word_1_75' title='bbox 708 1284 833 1342; x_wconf 86' lang='lat' dir='ltr'><strong>Ideo</strong></span> <span class='ocrx_word' id='word_1_76' title='bbox 855 1282 1020 1351; x_wconf 89' lang='lat' dir='ltr'><strong>dixit,</strong></span> <span class='ocrx_word' id='word_1_77' title='bbox 1052 1281 1163 1355; x_wconf 84' lang='lat' dir='ltr'><strong>Ego</strong></span> <span class='ocrx_word' id='word_1_78' title='bbox 1181 1281 1234 1337; x_wconf 83' lang='lat' dir='ltr'><strong>in</strong></span> <span class='ocrx_word' id='word_1_79' title='bbox 1254 1281 1326 1338; x_wconf 80' lang='lat' dir='ltr'><strong>eis</strong></span> <span class='ocrx_word' id='word_1_80' title='bbox 1349 1290 1398 1336; x_wconf 85' lang='lat' dir='ltr'><strong>ct</strong></span> <span class='ocrx_word' id='word_1_81' title='bbox 1421 1289 1476 1334; x_wconf 87' lang='lat' dir='ltr'><strong>tu</strong></span> <span class='ocrx_word' id='word_1_82' title='bbox 1495 1280 1549 1335; x_wconf 86' lang='lat' dir='ltr'><strong>in</strong></span> <span class='ocrx_word' id='word_1_83' title='bbox 1591 1295 1707 1335; x_wconf 86' lang='lat' dir='ltr'><strong>me:</strong></span> <span class='ocrx_word' id='word_1_84' title='bbox 1736 1287 1982 1349; x_wconf 85' lang='lat' dir='ltr'><strong>tanquam</strong></span> <span class='ocrx_word' id='word_1_85' title='bbox 2006 1278 2152 1333; x_wconf 87' lang='lat' dir='ltr'><strong>dice-</strong></span> 
     </span>
    </p>
   </div>
   <div class='ocr_carea' id='block_1_12' title="bbox 564 1371 2148 1449">
    <p class='ocr_par' dir='ltr' id='par_1_12' title="bbox 564 1371 2148 1449">
     <span class='ocr_line' id='line_1_12' title="bbox 564 1371 2148 1449; baseline -0.006 -16"><span class='ocrx_word' id='word_1_86' title='bbox 564 1384 670 1443; x_wconf 89' lang='lat' dir='ltr'><strong>ret,</strong></span> <span class='ocrx_word' id='word_1_87' title='bbox 696 1377 809 1449; x_wconf 84' lang='lat' dir='ltr'><strong>Ego</strong></span> <span class='ocrx_word' id='word_1_88' title='bbox 835 1375 887 1431; x_wconf 91' lang='lat' dir='ltr'><strong>in</strong></span> <span class='ocrx_word' id='word_1_89' title='bbox 909 1375 988 1432; x_wconf 91' lang='lat' dir='ltr'><strong>eis</strong></span> <span class='ocrx_word' id='word_1_90' title='bbox 1009 1373 1079 1430; x_wconf 90' lang='lat' dir='ltr'><strong>ad</strong></span> <span class='ocrx_word' id='word_1_91' title='bbox 1103 1389 1237 1446; x_wconf 91' lang='lat' dir='ltr'><strong>quos</strong></span> <span class='ocrx_word' id='word_1_92' title='bbox 1258 1372 1448 1428; x_wconf 85' lang='lat' dir='ltr'><strong>misisti</strong></span> <span class='ocrx_word' id='word_1_93' title='bbox 1478 1386 1592 1438; x_wconf 90' lang='lat' dir='ltr'><strong>me;</strong></span> <span class='ocrx_word' id='word_1_94' title='bbox 1622 1380 1677 1427; x_wconf 92' lang='lat' dir='ltr'><strong>et</strong></span> <span class='ocrx_word' id='word_1_95' title='bbox 1696 1382 1754 1427; x_wconf 87' lang='lat' dir='ltr'><strong>tu</strong></span> <span class='ocrx_word' id='word_1_96' title='bbox 1780 1371 1835 1425; x_wconf 90' lang='lat' dir='ltr'><strong>in</strong></span> <span class='ocrx_word' id='word_1_97' title='bbox 1860 1384 1966 1438; x_wconf 88' lang='lat' dir='ltr'><strong>me,</strong></span> <span class='ocrx_word' id='word_1_98' title='bbox 1994 1385 2148 1424; x_wconf 86' lang='lat' dir='ltr'><strong>mun-</strong></span> 
     </span>
    </p>
   </div>
   <div class='ocr_carea' id='block_1_13' title="bbox 565 1466 1450 1536">
    <p class='ocr_par' dir='ltr' id='par_1_13' title="bbox 565 1466 1450 1536">
     <span class='ocr_line' id='line_1_13' title="bbox 565 1466 1450 1536; baseline -0.006 -12"><span class='ocrx_word' id='word_1_99' title='bbox 565 1466 693 1524; x_wconf 90' lang='lat' dir='ltr'><strong>dum</strong></span> <span class='ocrx_word' id='word_1_100' title='bbox 717 1466 1069 1525; x_wconf 81' lang='lat' dir='ltr'><strong>reconcilians</strong></span> <span class='ocrx_word' id='word_1_101' title='bbox 1096 1466 1188 1521; x_wconf 86' lang='lat' dir='ltr'><strong>tibi</strong></span> <span class='ocrx_word' id='word_1_102' title='bbox 1217 1479 1314 1536; x_wconf 90' lang='lat' dir='ltr'><strong>per</strong></span> <span class='ocrx_word' id='word_1_103' title='bbox 1342 1478 1450 1520; x_wconf 89' lang='lat' dir='ltr'><strong>me.</strong></span> 
     </span>
    </p>
   </div>
   <div class='ocr_carea' id='block_1_14' title="bbox 634 1556 2147 1633">
    <p class='ocr_par' dir='ltr' id='par_1_14' title="bbox 634 1556 2147 1633">
     <span class='ocr_line' id='line_1_14' title="bbox 634 1556 2147 1633; baseline -0.006 -14"><span class='ocrx_word' id='word_1_104' title='bbox 634 1563 689 1619; x_wconf 80' lang='lat'><strong>5.</strong></span> <span class='ocrx_word' id='word_1_105' title='bbox 736 1563 1023 1633; x_wconf 82' lang='lat' dir='ltr'><strong>Propterea</strong></span> <span class='ocrx_word' id='word_1_106' title='bbox 1076 1561 1313 1632; x_wconf 87' lang='lat' dir='ltr'><strong>sequitur</strong></span> <span class='ocrx_word' id='word_1_107' title='bbox 1339 1561 1498 1615; x_wconf 88' lang='lat' dir='ltr'><strong>etiam</strong></span> <span class='ocrx_word' id='word_1_108' title='bbox 1552 1558 1684 1615; x_wconf 90' lang='lat' dir='ltr'><strong>illud</strong></span> <span class='ocrx_word' id='word_1_109' title='bbox 1733 1556 1876 1629; x_wconf 91' lang='lat' dir='ltr'><strong>quod</strong></span> <span class='ocrx_word' id='word_1_110' title='bbox 1922 1556 2031 1624; x_wconf 88' lang='lat' dir='ltr'><strong>ait,</strong></span> <span class='ocrx_word' id='word_1_111' title='bbox 2081 1556 2147 1610; x_wconf 83' lang='lat' dir='ltr'><strong>Et</strong></span> 
     </span>
    </p>
   </div>
   <div class='ocr_carea' id='block_1_15' title="bbox 565 1650 2145 1719">
    <p class='ocr_par' dir='ltr' id='par_1_15' title="bbox 565 1650 2145 1719">
     <span class='ocr_line' id='line_1_15' title="bbox 565 1650 2145 1719; baseline -0.004 -10"><span class='ocrx_word' id='word_1_112' title='bbox 565 1654 787 1709; x_wconf 62' lang='lat' dir='ltr'><strong>dilexisti</strong></span> <span class='ocrx_word' id='word_1_113' title='bbox 815 1670 899 1709; x_wconf 87' lang='lat' dir='ltr'><strong>eos</strong></span> <span class='ocrx_word' id='word_1_114' title='bbox 916 1654 1045 1709; x_wconf 82' lang='lat' dir='ltr'><strong>sicut</strong></span> <span class='ocrx_word' id='word_1_115' title='bbox 1064 1663 1110 1708; x_wconf 82' lang='lat' dir='ltr'><strong>et</strong></span> <span class='ocrx_word' id='word_1_116' title='bbox 1128 1668 1208 1707; x_wconf 88' lang='lat' dir='ltr'><strong>me</strong></span> <span class='ocrx_word' id='word_1_117' title='bbox 1235 1652 1474 1707; x_wconf 68' lang='lat' dir='ltr'><strong>dilexisti.</strong></span> <span class='ocrx_word' id='word_1_118' title='bbox 1529 1650 1587 1707; x_wconf 88' lang='lat' dir='ltr'><strong>In</strong></span> <span class='ocrx_word' id='word_1_119' title='bbox 1617 1650 1757 1706; x_wconf 84' lang='lat' dir='ltr'><strong>Filio</strong></span> <span class='ocrx_word' id='word_1_120' title='bbox 1799 1650 1996 1719; x_wconf 89' lang='lat' dir='ltr'><strong>quippe</strong></span> <span class='ocrx_word' id='word_1_121' title='bbox 2045 1662 2145 1703; x_wconf 87' lang='lat' dir='ltr'><strong>nos</strong></span> 
     </span>
    </p>
   </div>
   <div class='ocr_carea' id='block_1_16' title="bbox 563 1740 2144 1817">
    <p class='ocr_par' dir='ltr' id='par_1_16' title="bbox 563 1740 2144 1817">
     <span class='ocr_line' id='line_1_16' title="bbox 563 1740 2144 1817; baseline -0.005 -16"><span class='ocrx_word' id='word_1_122' title='bbox 563 1746 724 1802; x_wconf 88' lang='lat' dir='ltr'><strong>Pater</strong></span> <span class='ocrx_word' id='word_1_123' title='bbox 748 1745 952 1817; x_wconf 89' lang='lat' dir='ltr'><strong>diligit,</strong></span> <span class='ocrx_word' id='word_1_124' title='bbox 981 1745 1103 1815; x_wconf 88' lang='lat' dir='ltr'><strong>quia</strong></span> <span class='ocrx_word' id='word_1_125' title='bbox 1120 1744 1172 1799; x_wconf 91' lang='lat' dir='ltr'><strong>in</strong></span> <span class='ocrx_word' id='word_1_126' title='bbox 1202 1744 1320 1814; x_wconf 88' lang='lat' dir='ltr'><strong>ipso</strong></span> <span class='ocrx_word' id='word_1_127' title='bbox 1344 1758 1443 1798; x_wconf 87' lang='lat' dir='ltr'><strong>nos</strong></span> <span class='ocrx_word' id='word_1_128' title='bbox 1465 1742 1625 1813; x_wconf 89' lang='lat' dir='ltr'><strong>elegit</strong></span> <span class='ocrx_word' id='word_1_129' title='bbox 1648 1750 1773 1796; x_wconf 90' lang='lat' dir='ltr'><strong>ante</strong></span> <span class='ocrx_word' id='word_1_130' title='bbox 1802 1740 2144 1795; x_wconf 82' lang='lat' dir='ltr'><strong>constitutio-</strong></span> 
     </span>
    </p>
   </div>
   <div class='ocr_carea' id='block_1_17' title="bbox 564 1828 2144 1907">
    <p class='ocr_par' dir='ltr' id='par_1_17' title="bbox 564 1828 2144 1907">
     <span class='ocr_line' id='line_1_17' title="bbox 564 1828 2144 1907; baseline -0.004 -17"><span class='ocrx_word' id='word_1_131' title='bbox 564 1851 689 1891; x_wconf 87' lang='lat' dir='ltr'><strong>nem</strong></span> <span class='ocrx_word' id='word_1_132' title='bbox 717 1836 899 1891; x_wconf 89' lang='lat' dir='ltr'><strong>mundi</strong></span> <span class='ocrx_word' id='word_1_133' title='bbox 946 1834 1160 1907; x_wconf 85' lang='lat' dir='ltr'><strong>(Ephes.</strong></span> <span class='ocrx_word' id='word_1_134' title='bbox 1190 1850 1229 1900; x_wconf 89' lang='grc' dir='ltr'><strong>ι,</strong></span> <span class='ocrx_word' id='word_1_135' title='bbox 1250 1830 1325 1905; x_wconf 65' lang='lat' dir='ltr'><strong>tl).</strong></span> <span class='ocrx_word' id='word_1_136' title='bbox 1356 1833 1458 1901; x_wconf 91' lang='lat' dir='ltr'><strong>Qui</strong></span> <span class='ocrx_word' id='word_1_137' title='bbox 1486 1833 1627 1887; x_wconf 85' lang='lat' dir='ltr'><strong>enim</strong></span> <span class='ocrx_word' id='word_1_138' title='bbox 1674 1831 1845 1903; x_wconf 89' lang='lat' dir='ltr'><strong>diligit</strong></span> <span class='ocrx_word' id='word_1_139' title='bbox 1888 1828 2144 1901; x_wconf 89' lang='lat' dir='ltr'><strong>Unigeni-</strong></span> 
     </span>
    </p>
   </div>
   <div class='ocr_carea' id='block_1_18' title="bbox 565 1920 2146 1997">
    <p class='ocr_par' dir='ltr' id='par_1_18' title="bbox 565 1920 2146 1997">
     <span class='ocr_line' id='line_1_18' title="bbox 565 1920 2146 1997; baseline -0.004 -15"><span class='ocrx_word' id='word_1_140' title='bbox 565 1935 708 1993; x_wconf 90' lang='lat' dir='ltr'><strong>tum,</strong></span> <span class='ocrx_word' id='word_1_141' title='bbox 738 1927 979 1997; x_wconf 81' lang='lat' dir='ltr'><strong>profecto</strong></span> <span class='ocrx_word' id='word_1_142' title='bbox 1016 1925 1185 1996; x_wconf 87' lang='lat' dir='ltr'><strong>diligit</strong></span> <span class='ocrx_word' id='word_1_143' title='bbox 1238 1932 1296 1981; x_wconf 91' lang='lat' dir='ltr'><strong>et</strong></span> <span class='ocrx_word' id='word_1_144' title='bbox 1320 1924 1557 1979; x_wconf 88' lang='lat' dir='ltr'><strong>membra</strong></span> <span class='ocrx_word' id='word_1_145' title='bbox 1588 1922 1703 1993; x_wconf 89' lang='lat' dir='ltr'><strong>ejus</strong></span> <span class='ocrx_word' id='word_1_146' title='bbox 1722 1937 1840 1993; x_wconf 59' lang='lat' dir='ltr'><strong>quas</strong></span> <span class='ocrx_word' id='word_1_147' title='bbox 1876 1920 2146 1990; x_wconf 83' lang='lat' dir='ltr'><strong>adoptavit</strong></span> 
     </span>
    </p>
   </div>
   <div class='ocr_carea' id='block_1_19' title="bbox 559 2012 2143 2087">
    <p class='ocr_par' dir='ltr' id='par_1_19' title="bbox 559 2012 2143 2087">
     <span class='ocr_line' id='line_1_19' title="bbox 559 2012 2143 2087; baseline -0.004 -15"><span class='ocrx_word' id='word_1_148' title='bbox 559 2017 615 2073; x_wconf 92' lang='lat' dir='ltr'><strong>in</strong></span> <span class='ocrx_word' id='word_1_149' title='bbox 646 2033 768 2072; x_wconf 90' lang='lat' dir='ltr'><strong>eum</strong></span> <span class='ocrx_word' id='word_1_150' title='bbox 833 2032 930 2087; x_wconf 89' lang='lat' dir='ltr'><strong>per</strong></span> <span class='ocrx_word' id='word_1_151' title='bbox 956 2031 1099 2071; x_wconf 89' lang='lat' dir='ltr'><strong>eum.</strong></span> <span class='ocrx_word' id='word_1_152' title='bbox 1146 2014 1257 2071; x_wconf 87' lang='lat' dir='ltr'><strong>Nec</strong></span> <span class='ocrx_word' id='word_1_153' title='bbox 1297 2014 1420 2069; x_wconf 91' lang='lat' dir='ltr'><strong>idco</strong></span> <span class='ocrx_word' id='word_1_154' title='bbox 1447 2028 1602 2084; x_wconf 88' lang='lat' dir='ltr'><strong>pares</strong></span> <span class='ocrx_word' id='word_1_155' title='bbox 1645 2026 1829 2067; x_wconf 91' lang='lat' dir='ltr'><strong>sumus</strong></span> <span class='ocrx_word' id='word_1_156' title='bbox 1872 2012 2143 2082; x_wconf 89' lang='lat' dir='ltr'><strong>unigenito</strong></span> 
     </span>
    </p>
   </div>
   <div class='ocr_carea' id='block_1_20' title="bbox 569 2102 2140 2177">
    <p class='ocr_par' dir='ltr' id='par_1_20' title="bbox 569 2102 2140 2177">
     <span class='ocr_line' id='line_1_20' title="bbox 569 2102 2140 2177; baseline -0.004 -15"><span class='ocrx_word' id='word_1_157' title='bbox 569 2107 706 2162; x_wconf 90' lang='lat' dir='ltr'><strong>Filio</strong></span> <span class='ocrx_word' id='word_1_158' title='bbox 734 2122 828 2177; x_wconf 91' lang='lat' dir='ltr'><strong>per</strong></span> <span class='ocrx_word' id='word_1_159' title='bbox 854 2121 1011 2175; x_wconf 90' lang='lat' dir='ltr'><strong>quem</strong></span> <span class='ocrx_word' id='word_1_160' title='bbox 1032 2105 1195 2161; x_wconf 83' lang='lat' dir='ltr'><strong>creati</strong></span> <span class='ocrx_word' id='word_1_161' title='bbox 1221 2114 1275 2159; x_wconf 89' lang='lat' dir='ltr'><strong>et</strong></span> <span class='ocrx_word' id='word_1_162' title='bbox 1299 2105 1524 2159; x_wconf 87' lang='lat' dir='ltr'><strong>recreati</strong></span> <span class='ocrx_word' id='word_1_163' title='bbox 1564 2104 1582 2136; x_wconf 78' lang='grc'>¹</span> <span class='ocrx_word' id='word_1_164' title='bbox 1617 2118 1844 2169; x_wconf 88' lang='lat' dir='ltr'><strong>sumus;</strong></span> <span class='ocrx_word' id='word_1_165' title='bbox 1888 2102 2011 2173; x_wconf 87' lang='lat' dir='ltr'><strong>quia</strong></span> <span class='ocrx_word' id='word_1_166' title='bbox 2055 2102 2140 2156; x_wconf 87' lang='lat' dir='ltr'><strong>di-</strong></span> 
     </span>
    </p>
   </div>
   <div class='ocr_carea' id='block_1_21' title="bbox 562 2195 2139 2267">
    <p class='ocr_par' dir='ltr' id='par_1_21' title="bbox 562 2195 2139 2267">
     <span class='ocr_line' id='line_1_21' title="bbox 562 2195 2139 2267; baseline -0.004 -12"><span class='ocrx_word' id='word_1_167' title='bbox 562 2209 709 2257; x_wconf 90' lang='lat' dir='ltr'><strong>ctum</strong></span> <span class='ocrx_word' id='word_1_168' title='bbox 736 2208 820 2255; x_wconf 87' lang='lat' dir='ltr'><strong>est</strong></span> <span class='ocrx_word' id='word_1_169' title='bbox 837 2240 853 2267; x_wconf 94' lang='lat'><strong>,</strong></span> <span class='ocrx_word' id='word_1_170' title='bbox 883 2197 1122 2253; x_wconf 68' lang='lat' dir='ltr'><strong>Dilezisti</strong></span> <span class='ocrx_word' id='word_1_171' title='bbox 1144 2213 1227 2252; x_wconf 89' lang='lat' dir='ltr'><strong>eos</strong></span> <span class='ocrx_word' id='word_1_172' title='bbox 1252 2197 1382 2253; x_wconf 85' lang='lat' dir='ltr'><strong>sicut</strong></span> <span class='ocrx_word' id='word_1_173' title='bbox 1420 2205 1467 2251; x_wconf 88' lang='lat' dir='ltr'><strong>et</strong></span> <span class='ocrx_word' id='word_1_174' title='bbox 1492 2213 1589 2250; x_wconf 85' lang='lat' dir='ltr'><strong>me.</strong></span> <span class='ocrx_word' id='word_1_175' title='bbox 1618 2195 1803 2266; x_wconf 85' lang='lat' dir='ltr'><strong>Neque</strong></span> <span class='ocrx_word' id='word_1_176' title='bbox 1827 2196 1968 2251; x_wconf 91' lang='lat' dir='ltr'><strong>enim</strong></span> <span class='ocrx_word' id='word_1_177' title='bbox 1995 2209 2139 2250; x_wconf 86' lang='lat' dir='ltr'><strong>scm-</strong></span> 
     </span>
    </p>
   </div>
   <div class='ocr_carea' id='block_1_22' title="bbox 557 2284 2139 2362">
    <p class='ocr_par' dir='ltr' id='par_1_22' title="bbox 557 2284 2139 2362">
     <span class='ocr_line' id='line_1_22' title="bbox 557 2284 2139 2362; baseline -0.004 -16"><span class='ocrx_word' id='word_1_178' title='bbox 557 2306 654 2362; x_wconf 87' lang='lat' dir='ltr'><strong>per</strong></span> <span class='ocrx_word' id='word_1_179' title='bbox 677 2289 1033 2360; x_wconf 77' lang='lat' dir='ltr'><strong>icqualitatem</strong></span> <span class='ocrx_word' id='word_1_180' title='bbox 1058 2286 1339 2358; x_wconf 76' lang='lat' dir='ltr'><strong>signiﬁcat,</strong></span> <span class='ocrx_word' id='word_1_181' title='bbox 1370 2286 1458 2356; x_wconf 91' lang='lat' dir='ltr'><strong>qui</strong></span> <span class='ocrx_word' id='word_1_182' title='bbox 1490 2285 1639 2351; x_wconf 88' lang='lat' dir='ltr'><strong>dicit,</strong></span> <span class='ocrx_word' id='word_1_183' title='bbox 1672 2284 1821 2340; x_wconf 88' lang='lat' dir='ltr'><strong>Sicut</strong></span> <span class='ocrx_word' id='word_1_184' title='bbox 1863 2284 2022 2349; x_wconf 92' lang='lat' dir='ltr'><strong>illud,</strong></span> <span class='ocrx_word' id='word_1_185' title='bbox 2068 2284 2139 2340; x_wconf 88' lang='lat' dir='ltr'><strong>ita</strong></span> 
     </span>
    </p>
   </div>
   <div class='ocr_carea' id='block_1_23' title="bbox 556 2374 2139 2448">
    <p class='ocr_par' dir='ltr' id='par_1_23' title="bbox 556 2374 2139 2448">
     <span class='ocr_line' id='line_1_23' title="bbox 556 2374 2139 2448; baseline -0.004 -12"><span class='ocrx_word' id='word_1_186' title='bbox 556 2391 611 2437; x_wconf 91' lang='lat' dir='ltr'><strong>et</strong></span> <span class='ocrx_word' id='word_1_187' title='bbox 631 2379 759 2435; x_wconf 90' lang='lat' dir='ltr'><strong>illud</strong></span> <span class='ocrx_word' id='word_1_188' title='bbox 788 2397 802 2433; x_wconf 85' lang='lat'>:</span> <span class='ocrx_word' id='word_1_189' title='bbox 826 2379 920 2434; x_wconf 88' lang='lat' dir='ltr'><strong>sed</strong></span> <span class='ocrx_word' id='word_1_190' title='bbox 945 2376 1229 2448; x_wconf 87' lang='lat' dir='ltr'><strong>aliquando</strong></span> <span class='ocrx_word' id='word_1_191' title='bbox 1249 2385 1454 2431; x_wconf 85' lang='lat' dir='ltr'><strong>tantum</strong></span> <span class='ocrx_word' id='word_1_192' title='bbox 1476 2416 1492 2441; x_wconf 93' lang='lat'><strong>,</strong></span> <span class='ocrx_word' id='word_1_193' title='bbox 1525 2374 1658 2444; x_wconf 84' lang='lat' dir='ltr'><strong>Quia</strong></span> <span class='ocrx_word' id='word_1_194' title='bbox 1678 2384 1762 2430; x_wconf 89' lang='lat' dir='ltr'><strong>est</strong></span> <span class='ocrx_word' id='word_1_195' title='bbox 1790 2375 1916 2430; x_wconf 90' lang='lat' dir='ltr'><strong>illud</strong></span> <span class='ocrx_word' id='word_1_196' title='bbox 1938 2416 1953 2441; x_wconf 90' lang='lat'><strong>,</strong></span> <span class='ocrx_word' id='word_1_197' title='bbox 1984 2382 2139 2431; x_wconf 88' lang='lat' dir='ltr'><strong>estet</strong></span> 
     </span>
    </p>
   </div>
   <div class='ocr_carea' id='block_1_24' title="bbox 556 2466 2139 2538">
    <p class='ocr_par' dir='ltr' id='par_1_24' title="bbox 556 2466 2139 2538">
     <span class='ocr_line' id='line_1_24' title="bbox 556 2466 2139 2538; baseline -0.004 -11"><span class='ocrx_word' id='word_1_198' title='bbox 556 2469 718 2537; x_wconf 87' lang='lat' dir='ltr'><strong>illud;</strong></span> <span class='ocrx_word' id='word_1_199' title='bbox 744 2479 856 2536; x_wconf 89' lang='lat' dir='ltr'><strong>aut,</strong></span> <span class='ocrx_word' id='word_1_200' title='bbox 878 2469 1008 2538; x_wconf 86' lang='lat' dir='ltr'><strong>Quia</strong></span> <span class='ocrx_word' id='word_1_201' title='bbox 1036 2476 1120 2524; x_wconf 90' lang='lat' dir='ltr'><strong>est</strong></span> <span class='ocrx_word' id='word_1_202' title='bbox 1147 2467 1277 2523; x_wconf 91' lang='lat' dir='ltr'><strong>illud</strong></span> <span class='ocrx_word' id='word_1_203' title='bbox 1301 2509 1317 2534; x_wconf 96' lang='lat'><strong>,</strong></span> <span class='ocrx_word' id='word_1_204' title='bbox 1350 2476 1407 2521; x_wconf 91' lang='lat' dir='ltr'><strong>ut</strong></span> <span class='ocrx_word' id='word_1_205' title='bbox 1427 2467 1497 2521; x_wconf 88' lang='lat' dir='ltr'><strong>sit</strong></span> <span class='ocrx_word' id='word_1_206' title='bbox 1543 2475 1597 2521; x_wconf 91' lang='lat' dir='ltr'><strong>et</strong></span> <span class='ocrx_word' id='word_1_207' title='bbox 1623 2466 1770 2522; x_wconf 88' lang='lat' dir='ltr'><strong>illud.</strong></span> <span class='ocrx_word' id='word_1_208' title='bbox 1821 2466 1952 2535; x_wconf 86' lang='lat' dir='ltr'><strong>Quis</strong></span> <span class='ocrx_word' id='word_1_209' title='bbox 1994 2467 2139 2522; x_wconf 90' lang='lat' dir='ltr'><strong>enim</strong></span> 
     </span>
    </p>
   </div>
   <div class='ocr_carea' id='block_1_25' title="bbox 558 2556 2137 2630">
    <p class='ocr_par' dir='ltr' id='par_1_25' title="bbox 558 2556 2137 2630">
     <span class='ocr_line' id='line_1_25' title="bbox 558 2556 2137 2630; baseline -0.004 -12"><span class='ocrx_word' id='word_1_210' title='bbox 558 2562 755 2618; x_wconf 77' lang='lat' dir='ltr'><strong>dixerit</strong></span> <span class='ocrx_word' id='word_1_211' title='bbox 774 2575 841 2616; x_wconf 88' lang='lat' dir='ltr'><strong>eo</strong></span> <span class='ocrx_word' id='word_1_212' title='bbox 865 2574 1080 2630; x_wconf 87' lang='lat' dir='ltr'><strong>prorsus</strong></span> <span class='ocrx_word' id='word_1_213' title='bbox 1108 2558 1271 2616; x_wconf 90' lang='lat' dir='ltr'><strong>modo</strong></span> <span class='ocrx_word' id='word_1_214' title='bbox 1300 2559 1352 2613; x_wconf 88' lang='lat' dir='ltr'><strong>in</strong></span> <span class='ocrx_word' id='word_1_215' title='bbox 1380 2559 1637 2613; x_wconf 85' lang='lat' dir='ltr'><strong>mundum</strong></span> <span class='ocrx_word' id='word_1_216' title='bbox 1664 2573 1696 2612; x_wconf 90' lang='lat' dir='ltr'><strong>a</strong></span> <span class='ocrx_word' id='word_1_217' title='bbox 1733 2556 1949 2613; x_wconf 82' lang='lat' dir='ltr'><strong>Christo</strong></span> <span class='ocrx_word' id='word_1_218' title='bbox 1989 2559 2137 2629; x_wconf 82' lang='lat' dir='ltr'><strong>Apo-</strong></span> 
     </span>
    </p>
   </div>
   <div class='ocr_carea' id='block_1_26' title="bbox 554 2646 2134 2720">
    <p class='ocr_par' dir='ltr' id='par_1_26' title="bbox 554 2646 2134 2720">
     <span class='ocr_line' id='line_1_26' title="bbox 554 2646 2134 2720; baseline -0.003 -14"><span class='ocrx_word' id='word_1_219' title='bbox 554 2651 721 2707; x_wconf 87' lang='lat' dir='ltr'><strong>stolos</strong></span> <span class='ocrx_word' id='word_1_220' title='bbox 768 2649 983 2717; x_wconf 89' lang='lat' dir='ltr'><strong>missos,</strong></span> <span class='ocrx_word' id='word_1_221' title='bbox 1010 2647 1281 2720; x_wconf 90' lang='lat' dir='ltr'><strong>quomodo</strong></span> <span class='ocrx_word' id='word_1_222' title='bbox 1303 2658 1388 2703; x_wconf 91' lang='lat' dir='ltr'><strong>est</strong></span> <span class='ocrx_word' id='word_1_223' title='bbox 1420 2646 1539 2717; x_wconf 86' lang='lat' dir='ltr'><strong>ipse</strong></span> <span class='ocrx_word' id='word_1_224' title='bbox 1565 2648 1760 2703; x_wconf 81' lang='lat' dir='ltr'><strong>missas</strong></span> <span class='ocrx_word' id='word_1_225' title='bbox 1788 2662 1815 2701; x_wconf 90' lang='lat' dir='ltr'><strong>a</strong></span> <span class='ocrx_word' id='word_1_226' title='bbox 1848 2647 2032 2703; x_wconf 80' lang='lat' dir='ltr'><strong>Patre?</strong></span> <span class='ocrx_word' id='word_1_227' title='bbox 2061 2646 2134 2704; x_wconf 87' lang='lat' dir='ltr'><strong>Ut</strong></span> 
     </span>
    </p>
   </div>
   <div class='ocr_carea' id='block_1_27' title="bbox 556 2736 2127 2808">
    <p class='ocr_par' dir='ltr' id='par_1_27' title="bbox 556 2736 2127 2808">
     <span class='ocr_line' id='line_1_27' title="bbox 556 2736 2127 2808; baseline -0.001 -13"><span class='ocrx_word' id='word_1_228' title='bbox 556 2740 701 2796; x_wconf 90' lang='lat' dir='ltr'><strong>enim</strong></span> <span class='ocrx_word' id='word_1_229' title='bbox 728 2739 862 2795; x_wconf 85' lang='lat' dir='ltr'><strong>alias</strong></span> <span class='ocrx_word' id='word_1_230' title='bbox 888 2747 1093 2795; x_wconf 85' lang='lat' dir='ltr'><strong>taceam</strong></span> <span class='ocrx_word' id='word_1_231' title='bbox 1112 2736 1442 2794; x_wconf 76' lang='lat' dir='ltr'><strong>differentias</strong></span> <span class='ocrx_word' id='word_1_232' title='bbox 1462 2778 1477 2801; x_wconf 86' lang='lat'><strong>,</strong></span> <span class='ocrx_word' id='word_1_233' title='bbox 1515 2752 1648 2808; x_wconf 85' lang='lat' dir='ltr'><strong>quas</strong></span> <span class='ocrx_word' id='word_1_234' title='bbox 1702 2752 2127 2793; x_wconf 88' lang='lat' dir='ltr'><strong>commemorare</strong></span> 
     </span>
    </p>
   </div>
   <div class='ocr_carea' id='block_1_28' title="bbox 554 2829 2137 2902">
    <p class='ocr_par' dir='ltr' id='par_1_28' title="bbox 554 2829 2137 2902">
     <span class='ocr_line' id='line_1_28' title="bbox 554 2829 2137 2902; baseline -0.001 -16"><span class='ocrx_word' id='word_1_235' title='bbox 554 2831 773 2902; x_wconf 88' lang='lat' dir='ltr'><strong>longum</strong></span> <span class='ocrx_word' id='word_1_236' title='bbox 799 2839 906 2896; x_wconf 90' lang='lat' dir='ltr'><strong>est,</strong></span> <span class='ocrx_word' id='word_1_237' title='bbox 934 2829 1087 2885; x_wconf 87' lang='lat' dir='ltr'><strong>missi</strong></span> <span class='ocrx_word' id='word_1_238' title='bbox 1128 2836 1255 2885; x_wconf 89' lang='lat' dir='ltr'><strong>sunt</strong></span> <span class='ocrx_word' id='word_1_239' title='bbox 1294 2836 1442 2884; x_wconf 88' lang='lat' dir='ltr'><strong>certe</strong></span> <span class='ocrx_word' id='word_1_240' title='bbox 1488 2829 1560 2883; x_wconf 91' lang='lat' dir='ltr'><strong>illi</strong></span> <span class='ocrx_word' id='word_1_241' title='bbox 1585 2843 1707 2883; x_wconf 91' lang='lat' dir='ltr'><strong>cum</strong></span> <span class='ocrx_word' id='word_1_242' title='bbox 1755 2829 1867 2899; x_wconf 89' lang='lat' dir='ltr'><strong>jam</strong></span> <span class='ocrx_word' id='word_1_243' title='bbox 1892 2830 2137 2885; x_wconf 85' lang='lat' dir='ltr'><strong>homines</strong></span> 
     </span>
    </p>
   </div>
   <div class='ocr_carea' id='block_1_29' title="bbox 555 2918 2135 2989">
    <p class='ocr_par' dir='ltr' id='par_1_29' title="bbox 555 2918 2135 2989">
     <span class='ocr_line' id='line_1_29' title="bbox 555 2918 2135 2989; baseline -0.001 -13"><span class='ocrx_word' id='word_1_244' title='bbox 555 2929 774 2987; x_wconf 86' lang='lat' dir='ltr'><strong>essent;</strong></span> <span class='ocrx_word' id='word_1_245' title='bbox 800 2920 995 2976; x_wconf 88' lang='lat' dir='ltr'><strong>missus</strong></span> <span class='ocrx_word' id='word_1_246' title='bbox 1021 2926 1105 2974; x_wconf 87' lang='lat' dir='ltr'><strong>est</strong></span> <span class='ocrx_word' id='word_1_247' title='bbox 1122 2927 1303 2974; x_wconf 85' lang='lat' dir='ltr'><strong>autem</strong></span> <span class='ocrx_word' id='word_1_248' title='bbox 1332 2918 1447 2989; x_wconf 90' lang='lat' dir='ltr'><strong>ipse</strong></span> <span class='ocrx_word' id='word_1_249' title='bbox 1474 2926 1533 2973; x_wconf 93' lang='lat' dir='ltr'><strong>ut</strong></span> <span class='ocrx_word' id='word_1_250' title='bbox 1560 2918 1720 2974; x_wconf 87' lang='lat' dir='ltr'><strong>homo</strong></span> <span class='ocrx_word' id='word_1_251' title='bbox 1748 2929 1891 2975; x_wconf 87' lang='lat' dir='ltr'><strong>esset</strong></span> <span class='ocrx_word' id='word_1_252' title='bbox 1917 2939 1932 2975; x_wconf 92' lang='lat'><strong>:</strong></span> <span class='ocrx_word' id='word_1_253' title='bbox 1968 2929 2027 2976; x_wconf 90' lang='lat' dir='ltr'><strong>et</strong></span> <span class='ocrx_word' id='word_1_254' title='bbox 2055 2930 2135 2977; x_wconf 84' lang='lat' dir='ltr'><strong>ta-</strong></span> 
     </span>
    </p>
   </div>
   <div class='ocr_carea' id='block_1_30' title="bbox 553 3008 2135 3081">
    <p class='ocr_par' dir='ltr' id='par_1_30' title="bbox 553 3008 2135 3081">
     <span class='ocr_line' id='line_1_30' title="bbox 553 3008 2135 3081; baseline 0 -14"><span class='ocrx_word' id='word_1_255' title='bbox 553 3026 677 3067; x_wconf 85' lang='lat' dir='ltr'><strong>men</strong></span> <span class='ocrx_word' id='word_1_256' title='bbox 699 3012 944 3081; x_wconf 88' lang='lat' dir='ltr'><strong>superius</strong></span> <span class='ocrx_word' id='word_1_257' title='bbox 984 3010 1096 3077; x_wconf 89' lang='lat' dir='ltr'><strong>ait,</strong></span> <span class='ocrx_word' id='word_1_258' title='bbox 1151 3008 1297 3065; x_wconf 86' lang='lat' dir='ltr'><strong>Sicut</strong></span> <span class='ocrx_word' id='word_1_259' title='bbox 1333 3026 1412 3063; x_wconf 86' lang='lat' dir='ltr'><strong>me</strong></span> <span class='ocrx_word' id='word_1_260' title='bbox 1456 3010 1637 3064; x_wconf 78' lang='lat' dir='ltr'><strong>misisti</strong></span> <span class='ocrx_word' id='word_1_261' title='bbox 1674 3010 1728 3064; x_wconf 87' lang='lat' dir='ltr'><strong>in</strong></span> <span class='ocrx_word' id='word_1_262' title='bbox 1767 3011 2042 3077; x_wconf 80' lang='lat' dir='ltr'><strong>mundum,</strong></span> <span class='ocrx_word' id='word_1_263' title='bbox 2089 3024 2135 3067; x_wconf 82' lang='lat' dir='ltr'><strong>et</strong></span> 
     </span>
    </p>
   </div>
   <div class='ocr_carea' id='block_1_31' title="bbox 550 3098 2133 3172">
    <p class='ocr_par' dir='ltr' id='par_1_31' title="bbox 550 3098 2133 3172">
     <span class='ocr_line' id='line_1_31' title="bbox 550 3098 2133 3172; baseline 0 -15"><span class='ocrx_word' id='word_1_264' title='bbox 550 3118 641 3172; x_wconf 79' lang='lat' dir='ltr'><strong>ego</strong></span> <span class='ocrx_word' id='word_1_265' title='bbox 676 3102 791 3157; x_wconf 91' lang='lat' dir='ltr'><strong>misi</strong></span> <span class='ocrx_word' id='word_1_266' title='bbox 834 3118 918 3157; x_wconf 82' lang='lat' dir='ltr'><strong>sos</strong></span> <span class='ocrx_word' id='word_1_267' title='bbox 937 3101 992 3156; x_wconf 82' lang='lat' dir='ltr'><strong>in</strong></span> <span class='ocrx_word' id='word_1_268' title='bbox 1019 3100 1265 3155; x_wconf 81' lang='lat' dir='ltr'><strong>mundum</strong></span> <span class='ocrx_word' id='word_1_269' title='bbox 1302 3098 1477 3169; x_wconf 77' lang='lat' dir='ltr'><strong>(locu.</strong></span> <span class='ocrx_word' id='word_1_270' title='bbox 1502 3115 1616 3155; x_wconf 80' lang='lat' dir='ltr'><strong>xvn</strong></span> <span class='ocrx_word' id='word_1_271' title='bbox 1638 3142 1653 3167; x_wconf 94' lang='lat'><strong>,</strong></span> <span class='ocrx_word' id='word_1_272' title='bbox 1700 3098 1789 3169; x_wconf 74' lang='grc'><strong>18)</strong></span> <span class='ocrx_word' id='word_1_273' title='bbox 1820 3117 1835 3166; x_wconf 91' lang='lat'><strong>;</strong></span> <span class='ocrx_word' id='word_1_274' title='bbox 1883 3109 2133 3171; x_wconf 75' lang='lat' dir='ltr'><strong>tanquam</strong></span> 
     </span>
    </p>
   </div>
   <div class='ocr_carea' id='block_1_32' title="bbox 549 3195 2130 3269">
    <p class='ocr_par' dir='ltr' id='par_1_32' title="bbox 549 3195 2130 3269">
     <span class='ocr_line' id='line_1_32' title="bbox 549 3195 2130 3269; baseline -0.003 -14"><span class='ocrx_word' id='word_1_275' title='bbox 549 3200 775 3265; x_wconf 89' lang='lat' dir='ltr'><strong>diceret,</strong></span> <span class='ocrx_word' id='word_1_276' title='bbox 806 3198 940 3269; x_wconf 87' lang='lat' dir='ltr'><strong>Quia</strong></span> <span class='ocrx_word' id='word_1_277' title='bbox 968 3198 1159 3254; x_wconf 87' lang='lat' dir='ltr'><strong>misisti</strong></span> <span class='ocrx_word' id='word_1_278' title='bbox 1183 3212 1288 3263; x_wconf 91' lang='lat' dir='ltr'><strong>me,</strong></span> <span class='ocrx_word' id='word_1_279' title='bbox 1322 3197 1441 3252; x_wconf 88' lang='lat' dir='ltr'><strong>misi</strong></span> <span class='ocrx_word' id='word_1_280' title='bbox 1460 3212 1574 3252; x_wconf 87' lang='lat' dir='ltr'><strong>eos.</strong></span> <span class='ocrx_word' id='word_1_281' title='bbox 1637 3195 1713 3251; x_wconf 87' lang='lat' dir='ltr'><strong>ita</strong></span> <span class='ocrx_word' id='word_1_282' title='bbox 1751 3206 1806 3252; x_wconf 89' lang='lat' dir='ltr'><strong>et</strong></span> <span class='ocrx_word' id='word_1_283' title='bbox 1849 3196 1948 3251; x_wconf 87' lang='lat' dir='ltr'><strong>hoc</strong></span> <span class='ocrx_word' id='word_1_284' title='bbox 1978 3197 2130 3264; x_wconf 89' lang='lat' dir='ltr'><strong>loco,</strong></span> 
     </span>
    </p>
   </div>
   <div class='ocr_carea' id='block_1_33' title="bbox 550 3286 2131 3360">
    <p class='ocr_par' dir='ltr' id='par_1_33' title="bbox 550 3286 2131 3360">
     <span class='ocr_line' id='line_1_33' title="bbox 550 3286 2131 3360; baseline -0.001 -16"><span class='ocrx_word' id='word_1_285' title='bbox 550 3289 788 3347; x_wconf 70' lang='lat' dir='ltr'><strong>Dilexisti</strong></span> <span class='ocrx_word' id='word_1_286' title='bbox 828 3306 931 3355; x_wconf 84' lang='lat' dir='ltr'><strong>cos,</strong></span> <span class='ocrx_word' id='word_1_287' title='bbox 963 3289 1170 3360; x_wconf 84' lang='lat' dir='ltr'><strong>inquit,</strong></span> <span class='ocrx_word' id='word_1_288' title='bbox 1209 3290 1341 3341; x_wconf 85' lang='lat' dir='ltr'><strong>sicut</strong></span> <span class='ocrx_word' id='word_1_289' title='bbox 1387 3302 1467 3341; x_wconf 84' lang='lat' dir='ltr'><strong>me</strong></span> <span class='ocrx_word' id='word_1_290' title='bbox 1516 3286 1779 3353; x_wconf 72' lang='lat' dir='ltr'><strong>dilexisti;</strong></span> <span class='ocrx_word' id='word_1_291' title='bbox 1810 3287 1954 3357; x_wconf 89' lang='lat' dir='ltr'><strong>quod</strong></span> <span class='ocrx_word' id='word_1_292' title='bbox 2000 3289 2131 3343; x_wconf 84' lang='lat' dir='ltr'><strong>nihil</strong></span> 
     </span>
    </p>
   </div>
   <div class='ocr_carea' id='block_1_34' title="bbox 551 3378 2131 3453">
    <p class='ocr_par' dir='ltr' id='par_1_34' title="bbox 551 3378 2131 3453">
     <span class='ocr_line' id='line_1_34' title="bbox 551 3378 2131 3453; baseline -0.001 -16"><span class='ocrx_word' id='word_1_293' title='bbox 551 3381 695 3438; x_wconf 89' lang='lat' dir='ltr'><strong>aliud</strong></span> <span class='ocrx_word' id='word_1_294' title='bbox 718 3390 801 3438; x_wconf 85' lang='lat' dir='ltr'><strong>est</strong></span> <span class='ocrx_word' id='word_1_295' title='bbox 830 3397 1021 3453; x_wconf 87' lang='lat' dir='ltr'><strong>quam,</strong></span> <span class='ocrx_word' id='word_1_296' title='bbox 1074 3379 1320 3436; x_wconf 85' lang='lat' dir='ltr'><strong>Dilexisti</strong></span> <span class='ocrx_word' id='word_1_297' title='bbox 1350 3394 1464 3444; x_wconf 91' lang='lat' dir='ltr'><strong>eos,</strong></span> <span class='ocrx_word' id='word_1_298' title='bbox 1504 3378 1752 3449; x_wconf 89' lang='lat' dir='ltr'><strong>quoniam</strong></span> <span class='ocrx_word' id='word_1_299' title='bbox 1792 3387 1848 3435; x_wconf 92' lang='lat' dir='ltr'><strong>et</strong></span> <span class='ocrx_word' id='word_1_300' title='bbox 1875 3395 1961 3435; x_wconf 89' lang='lat' dir='ltr'><strong>me</strong></span> <span class='ocrx_word' id='word_1_301' title='bbox 1994 3381 2131 3436; x_wconf 82' lang='lat' dir='ltr'><strong>dile-</strong></span> 
     </span>
    </p>
   </div>
   <div class='ocr_carea' id='block_1_35' title="bbox 550 3469 2131 3542">
    <p class='ocr_par' dir='ltr' id='par_1_35' title="bbox 550 3469 2131 3542">
     <span class='ocr_line' id='line_1_35' title="bbox 550 3469 2131 3542; baseline -0.004 -11"><span class='ocrx_word' id='word_1_302' title='bbox 550 3476 693 3531; x_wconf 89' lang='lat' dir='ltr'><strong>xisti.</strong></span> <span class='ocrx_word' id='word_1_303' title='bbox 721 3474 837 3531; x_wconf 81' lang='lat' dir='ltr'><strong>Non</strong></span> <span class='ocrx_word' id='word_1_304' title='bbox 862 3474 1005 3531; x_wconf 91' lang='lat' dir='ltr'><strong>enim</strong></span> <span class='ocrx_word' id='word_1_305' title='bbox 1038 3472 1275 3528; x_wconf 90' lang='lat' dir='ltr'><strong>membra</strong></span> <span class='ocrx_word' id='word_1_306' title='bbox 1303 3469 1425 3524; x_wconf 82' lang='lat' dir='ltr'><strong>Filii</strong></span> <span class='ocrx_word' id='word_1_307' title='bbox 1477 3484 1583 3525; x_wconf 90' lang='lat' dir='ltr'><strong>non</strong></span> <span class='ocrx_word' id='word_1_308' title='bbox 1624 3469 1868 3540; x_wconf 88' lang='lat' dir='ltr'><strong>diligeret</strong></span> <span class='ocrx_word' id='word_1_309' title='bbox 1889 3471 1978 3542; x_wconf 91' lang='lat' dir='ltr'><strong>qui</strong></span> <span class='ocrx_word' id='word_1_310' title='bbox 2007 3471 2131 3526; x_wconf 89' lang='lat' dir='ltr'><strong>dili-</strong></span> 
     </span>
    </p>
   </div>
   <div class='ocr_carea' id='block_1_36' title="bbox 545 3560 2131 3637">
    <p class='ocr_par' dir='ltr' id='par_1_36' title="bbox 545 3560 2131 3637">
     <span class='ocr_line' id='line_1_36' title="bbox 545 3560 2131 3637; baseline -0.002 -17"><span class='ocrx_word' id='word_1_311' title='bbox 545 3566 623 3637; x_wconf 89' lang='lat' dir='ltr'><strong>git</strong></span> <span class='ocrx_word' id='word_1_312' title='bbox 644 3564 865 3629; x_wconf 88' lang='lat' dir='ltr'><strong>Filium;</strong></span> <span class='ocrx_word' id='word_1_313' title='bbox 896 3563 1104 3619; x_wconf 89' lang='lat' dir='ltr'><strong>autalia</strong></span> <span class='ocrx_word' id='word_1_314' title='bbox 1124 3577 1282 3619; x_wconf 85' lang='lat' dir='ltr'><strong>causa</strong></span> <span class='ocrx_word' id='word_1_315' title='bbox 1319 3571 1403 3618; x_wconf 89' lang='lat' dir='ltr'><strong>est</strong></span> <span class='ocrx_word' id='word_1_316' title='bbox 1425 3560 1677 3631; x_wconf 86' lang='lat' dir='ltr'><strong>diligendi</strong></span> <span class='ocrx_word' id='word_1_317' title='bbox 1720 3561 1956 3617; x_wconf 88' lang='lat' dir='ltr'><strong>membra</strong></span> <span class='ocrx_word' id='word_1_318' title='bbox 1978 3562 2094 3633; x_wconf 82' lang='lat' dir='ltr'><strong>ejus</strong></span> <span class='ocrx_word' id='word_1_319' title='bbox 2112 3605 2131 3631; x_wconf 91' lang='lat'><strong>,</strong></span> 
     </span>
    </p>
   </div>
   <div class='ocr_carea' id='block_1_37' title="bbox 545 3649 2130 3728">
    <p class='ocr_par' dir='ltr' id='par_1_37' title="bbox 545 3649 2130 3728">
     <span class='ocr_line' id='line_1_37' title="bbox 545 3649 2130 3728; baseline -0.003 -16"><span class='ocrx_word' id='word_1_320' title='bbox 545 3657 648 3712; x_wconf 88' lang='lat' dir='ltr'><strong>nisi</strong></span> <span class='ocrx_word' id='word_1_321' title='bbox 672 3657 794 3728; x_wconf 90' lang='lat' dir='ltr'><strong>quia</strong></span> <span class='ocrx_word' id='word_1_322' title='bbox 821 3655 995 3727; x_wconf 87' lang='lat' dir='ltr'><strong>diligit</strong></span> <span class='ocrx_word' id='word_1_323' title='bbox 1029 3670 1172 3712; x_wconf 91' lang='lat' dir='ltr'><strong>eum.</strong></span> <span class='ocrx_word' id='word_1_324' title='bbox 1218 3651 1326 3711; x_wconf 85' lang='lat' dir='ltr'><strong>Sed</strong></span> <span class='ocrx_word' id='word_1_325' title='bbox 1380 3650 1555 3723; x_wconf 89' lang='lat' dir='ltr'><strong>diligit</strong></span> <span class='ocrx_word' id='word_1_326' title='bbox 1594 3649 1786 3708; x_wconf 88' lang='lat' dir='ltr'><strong>Filium</strong></span> <span class='ocrx_word' id='word_1_327' title='bbox 1838 3653 2130 3709; x_wconf 89' lang='lat' dir='ltr'><strong>secundum</strong></span> 
     </span>
    </p>
   </div>
   <div class='ocr_carea' id='block_1_38' title="bbox 547 3740 2131 3818">
    <p class='ocr_par' dir='ltr' id='par_1_38' title="bbox 547 3740 2131 3818">
     <span class='ocr_line' id='line_1_38' title="bbox 547 3740 2131 3818; baseline -0.003 -14"><span class='ocrx_word' id='word_1_328' title='bbox 547 3748 878 3805; x_wconf 82' lang='lat' dir='ltr'><strong>divinitatem</strong></span> <span class='ocrx_word' id='word_1_329' title='bbox 897 3786 915 3815; x_wconf 89' lang='lat'><strong>,</strong></span> <span class='ocrx_word' id='word_1_330' title='bbox 945 3747 1069 3818; x_wconf 84' lang='lat' dir='ltr'><strong>quia</strong></span> <span class='ocrx_word' id='word_1_331' title='bbox 1116 3740 1298 3817; x_wconf 88' lang='lat' dir='ltr'><strong>genuit</strong></span> <span class='ocrx_word' id='word_1_332' title='bbox 1326 3742 1473 3798; x_wconf 89' lang='lat' dir='ltr'><strong>illum</strong></span> <span class='ocrx_word' id='word_1_333' title='bbox 1512 3742 1769 3813; x_wconf 64' lang='lat' dir='ltr'><strong>aequalem</strong></span> <span class='ocrx_word' id='word_1_334' title='bbox 1802 3742 1933 3808; x_wconf 83' lang='lat' dir='ltr'><strong>sibi;</strong></span> <span class='ocrx_word' id='word_1_335' title='bbox 1963 3743 2131 3815; x_wconf 80' lang='lat' dir='ltr'><strong>diligit</strong></span> 
     </span>
    </p>
   </div>
   <div class='ocr_carea' id='block_1_39' title="bbox 426 3835 2129 3909">
    <p class='ocr_par' dir='ltr' id='par_1_39' title="bbox 426 3835 2129 3909">
     <span class='ocr_line' id='line_1_39' title="bbox 426 3835 2129 3909; baseline -0.005 -10"><span class='ocrx_word' id='word_1_336' title='bbox 426 3902 429 3905; x_wconf 62' lang='grc'><strong>,</strong></span> <span class='ocrx_word' id='word_1_337' title='bbox 544 3858 667 3898; x_wconf 84' lang='lat' dir='ltr'><strong>euut</strong></span> <span class='ocrx_word' id='word_1_338' title='bbox 694 3841 857 3899; x_wconf 85' lang='lat' dir='ltr'><strong>etiam</strong></span> <span class='ocrx_word' id='word_1_339' title='bbox 886 3839 1178 3896; x_wconf 90' lang='lat' dir='ltr'><strong>secundum</strong></span> <span class='ocrx_word' id='word_1_340' title='bbox 1205 3838 1256 3894; x_wconf 92' lang='lat' dir='ltr'><strong>id</strong></span> <span class='ocrx_word' id='word_1_341' title='bbox 1286 3835 1431 3909; x_wconf 91' lang='lat' dir='ltr'><strong>quod</strong></span> <span class='ocrx_word' id='word_1_342' title='bbox 1456 3835 1618 3893; x_wconf 89' lang='lat' dir='ltr'><strong>homo</strong></span> <span class='ocrx_word' id='word_1_343' title='bbox 1650 3845 1756 3904; x_wconf 89' lang='lat' dir='ltr'><strong>est,</strong></span> <span class='ocrx_word' id='word_1_344' title='bbox 1791 3835 1915 3907; x_wconf 87' lang='lat' dir='ltr'><strong>quia</strong></span> <span class='ocrx_word' id='word_1_345' title='bbox 1956 3836 2129 3908; x_wconf 88' lang='lat' dir='ltr'><strong>ipsum</strong></span> 
     </span>
    </p>
   </div>
   <div class='ocr_carea' id='block_1_40' title="bbox 545 3928 2131 4003">
    <p class='ocr_par' dir='ltr' id='par_1_40' title="bbox 545 3928 2131 4003">
     <span class='ocr_line' id='line_1_40' title="bbox 545 3928 2131 4003; baseline -0.003 -16"><span class='ocrx_word' id='word_1_346' title='bbox 545 3932 872 4003; x_wconf 90' lang='lat' dir='ltr'><strong>unigenitum</strong></span> <span class='ocrx_word' id='word_1_347' title='bbox 897 3930 1133 3987; x_wconf 85' lang='lat' dir='ltr'><strong>Verbum</strong></span> <span class='ocrx_word' id='word_1_348' title='bbox 1160 3944 1291 3985; x_wconf 89' lang='lat' dir='ltr'><strong>caro</strong></span> <span class='ocrx_word' id='word_1_349' title='bbox 1313 3928 1508 3985; x_wconf 79' lang='lat' dir='ltr'><strong>factum</strong></span> <span class='ocrx_word' id='word_1_350' title='bbox 1539 3937 1649 3997; x_wconf 85' lang='lat' dir='ltr'><strong>est,</strong></span> <span class='ocrx_word' id='word_1_351' title='bbox 1679 3936 1735 3984; x_wconf 91' lang='lat' dir='ltr'><strong>et</strong></span> <span class='ocrx_word' id='word_1_352' title='bbox 1761 3937 1978 3998; x_wconf 87' lang='lat' dir='ltr'><strong>propter</strong></span> <span class='ocrx_word' id='word_1_353' title='bbox 1998 3928 2131 3983; x_wconf 87' lang='lat' dir='ltr'><strong>Ver-</strong></span> 
     </span>
    </p>
   </div>
   <div class='ocr_carea' id='block_1_41' title="bbox 547 4018 2125 4091">
    <p class='ocr_par' dir='ltr' id='par_1_41' title="bbox 547 4018 2125 4091">
     <span class='ocr_line' id='line_1_41' title="bbox 547 4018 2125 4091; baseline -0.004 -12"><span class='ocrx_word' id='word_1_354' title='bbox 547 4023 674 4079; x_wconf 91' lang='lat' dir='ltr'><strong>bum</strong></span> <span class='ocrx_word' id='word_1_355' title='bbox 726 4029 811 4078; x_wconf 89' lang='lat' dir='ltr'><strong>est</strong></span> <span class='ocrx_word' id='word_1_356' title='bbox 836 4021 889 4079; x_wconf 89' lang='lat' dir='ltr'><strong>ei</strong></span> <span class='ocrx_word' id='word_1_357' title='bbox 933 4020 1095 4077; x_wconf 88' lang='lat' dir='ltr'><strong>chara</strong></span> <span class='ocrx_word' id='word_1_358' title='bbox 1125 4020 1283 4076; x_wconf 84' lang='lat' dir='ltr'><strong>Verbi</strong></span> <span class='ocrx_word' id='word_1_359' title='bbox 1310 4033 1440 4076; x_wconf 90' lang='lat' dir='ltr'><strong>caro</strong></span> <span class='ocrx_word' id='word_1_360' title='bbox 1482 4039 1495 4075; x_wconf 89' lang='lat'><strong>:</strong></span> <span class='ocrx_word' id='word_1_361' title='bbox 1546 4033 1644 4075; x_wconf 91' lang='lat' dir='ltr'><strong>nos</strong></span> <span class='ocrx_word' id='word_1_362' title='bbox 1691 4026 1867 4073; x_wconf 86' lang='lat' dir='ltr'><strong>autem</strong></span> <span class='ocrx_word' id='word_1_363' title='bbox 1921 4018 2125 4091; x_wconf 85' lang='lat' dir='ltr'><strong>diligit,</strong></span> 
     </span>
    </p>
   </div>
   <div class='ocr_carea' id='block_1_42' title="bbox 545 4109 2130 4186">
    <p class='ocr_par' dir='ltr' id='par_1_42' title="bbox 545 4109 2130 4186">
     <span class='ocr_line' id='line_1_42' title="bbox 545 4109 2130 4186; baseline -0.001 -17"><span class='ocrx_word' id='word_1_364' title='bbox 545 4113 792 4186; x_wconf 89' lang='lat' dir='ltr'><strong>quoniam</strong></span> <span class='ocrx_word' id='word_1_365' title='bbox 848 4126 1033 4168; x_wconf 87' lang='lat' dir='ltr'><strong>sumus</strong></span> <span class='ocrx_word' id='word_1_366' title='bbox 1103 4111 1221 4182; x_wconf 89' lang='lat' dir='ltr'><strong>ejus</strong></span> <span class='ocrx_word' id='word_1_367' title='bbox 1286 4114 1527 4169; x_wconf 85' lang='lat' dir='ltr'><strong>membra</strong></span> <span class='ocrx_word' id='word_1_368' title='bbox 1577 4124 1737 4181; x_wconf 89' lang='lat' dir='ltr'><strong>quem</strong></span> <span class='ocrx_word' id='word_1_369' title='bbox 1802 4109 2014 4181; x_wconf 89' lang='lat' dir='ltr'><strong>diligit;</strong></span> <span class='ocrx_word' id='word_1_370' title='bbox 2076 4120 2130 4167; x_wconf 92' lang='lat' dir='ltr'><strong>et</strong></span> 
     </span>
    </p>
   </div>
   <div class='ocr_carea' id='block_1_43' title="bbox 544 4200 2128 4274">
    <p class='ocr_par' dir='ltr' id='par_1_43' title="bbox 544 4200 2128 4274">
     <span class='ocr_line' id='line_1_43' title="bbox 544 4200 2128 4274; baseline -0.003 -12"><span class='ocrx_word' id='word_1_371' title='bbox 544 4206 648 4262; x_wconf 88' lang='lat' dir='ltr'><strong>hoc</strong></span> <span class='ocrx_word' id='word_1_372' title='bbox 682 4213 742 4261; x_wconf 92' lang='lat' dir='ltr'><strong>ut</strong></span> <span class='ocrx_word' id='word_1_373' title='bbox 781 4218 1058 4272; x_wconf 83' lang='lat' dir='ltr'><strong>essemus,</strong></span> <span class='ocrx_word' id='word_1_374' title='bbox 1117 4211 1338 4274; x_wconf 86' lang='lat' dir='ltr'><strong>propter</strong></span> <span class='ocrx_word' id='word_1_375' title='bbox 1375 4204 1477 4260; x_wconf 90' lang='lat' dir='ltr'><strong>hoc</strong></span> <span class='ocrx_word' id='word_1_376' title='bbox 1512 4218 1611 4259; x_wconf 87' lang='lat' dir='ltr'><strong>nos</strong></span> <span class='ocrx_word' id='word_1_377' title='bbox 1638 4200 1823 4260; x_wconf 79' lang='lat' dir='ltr'><strong>dilexit</strong></span> <span class='ocrx_word' id='word_1_378' title='bbox 1844 4210 2128 4273; x_wconf 88' lang='lat' dir='ltr'><strong>antequam</strong></span> 
     </span>
    </p>
   </div>
   <div class='ocr_carea' id='block_1_44' title="bbox 543 4311 1147 4361">
    <p class='ocr_par' dir='ltr' id='par_1_44' title="bbox 543 4311 1147 4361">
     <span class='ocr_line' id='line_1_44' title="bbox 543 4311 1147 4361; baseline 0.01 -6"><span class='ocrx_word' id='word_1_379' title='bbox 543 4311 803 4355; x_wconf 86' lang='lat' dir='ltr'><strong>essemus.</strong></span> <span class='ocrx_word' id='word_1_380' title='bbox 1144 4358 1147 4361; x_wconf 87' lang='lat'><strong>.</strong></span> 
     </span>
    </p>
   </div>
   <div class='ocr_carea' id='block_1_45' title="bbox 612 4384 2126 4458">
    <p class='ocr_par' dir='ltr' id='par_1_45' title="bbox 612 4384 2126 4458">
     <span class='ocr_line' id='line_1_45' title="bbox 612 4384 2126 4458; baseline -0.001 -15"><span class='ocrx_word' id='word_1_381' title='bbox 612 4387 667 4444; x_wconf 84' lang='lat'><strong>6.</strong></span> <span class='ocrx_word' id='word_1_382' title='bbox 695 4386 1028 4457; x_wconf 87' lang='lat' dir='ltr'><strong>Quapropter</strong></span> <span class='ocrx_word' id='word_1_383' title='bbox 1056 4384 1606 4458; x_wconf 84' lang='lat' dir='ltr'><strong>incomprehensibilis</strong></span> <span class='ocrx_word' id='word_1_384' title='bbox 1653 4396 1736 4443; x_wconf 85' lang='lat' dir='ltr'><strong>est</strong></span> <span class='ocrx_word' id='word_1_385' title='bbox 1778 4386 1997 4444; x_wconf 89' lang='lat' dir='ltr'><strong>dilectio</strong></span> <span class='ocrx_word' id='word_1_386' title='bbox 2025 4401 2126 4457; x_wconf 87' lang='lat' dir='ltr'><strong>qua</strong></span> 
     </span>
    </p>
   </div>
   <div class='ocr_carea' id='block_1_46' title="bbox 542 4476 2127 4550">
    <p class='ocr_par' dir='ltr' id='par_1_46' title="bbox 542 4476 2127 4550">
     <span class='ocr_line' id='line_1_46' title="bbox 542 4476 2127 4550; baseline -0.002 -14"><span class='ocrx_word' id='word_1_387' title='bbox 542 4479 713 4550; x_wconf 86' lang='lat' dir='ltr'><strong>diligit</strong></span> <span class='ocrx_word' id='word_1_388' title='bbox 761 4476 925 4543; x_wconf 87' lang='lat' dir='ltr'><strong>Deus,</strong></span> <span class='ocrx_word' id='word_1_389' title='bbox 975 4490 1150 4547; x_wconf 90' lang='lat' dir='ltr'><strong>neque</strong></span> <span class='ocrx_word' id='word_1_390' title='bbox 1183 4478 1469 4534; x_wconf 87' lang='lat' dir='ltr'><strong>mutabilis.</strong></span> <span class='ocrx_word' id='word_1_391' title='bbox 1501 4476 1615 4533; x_wconf 84' lang='lat' dir='ltr'><strong>Non</strong></span> <span class='ocrx_word' id='word_1_392' title='bbox 1666 4479 1808 4534; x_wconf 89' lang='lat' dir='ltr'><strong>enim</strong></span> <span class='ocrx_word' id='word_1_393' title='bbox 1836 4494 1902 4534; x_wconf 87' lang='lat' dir='ltr'><strong>ex</strong></span> <span class='ocrx_word' id='word_1_394' title='bbox 1946 4494 2051 4548; x_wconf 90' lang='lat' dir='ltr'><strong>quo</strong></span> <span class='ocrx_word' id='word_1_395' title='bbox 2075 4476 2127 4533; x_wconf 85' lang='lat' dir='ltr'><strong>ei</strong></span> 
     </span>
    </p>
   </div>
   <div class='ocr_carea' id='block_1_47' title="bbox 542 4557 2124 4643">
    <p class='ocr_par' dir='ltr' id='par_1_47' title="bbox 542 4557 2124 4643">
     <span class='ocr_line' id='line_1_47' title="bbox 542 4557 2124 4643; baseline -0.003 -13"><span class='ocrx_word' id='word_1_396' title='bbox 542 4570 868 4630; x_wconf 88' lang='lat' dir='ltr'><strong>reconciliati</strong></span> <span class='ocrx_word' id='word_1_397' title='bbox 888 4583 1073 4625; x_wconf 86' lang='lat' dir='ltr'><strong>sumus</strong></span> <span class='ocrx_word' id='word_1_398' title='bbox 1102 4586 1199 4640; x_wconf 90' lang='lat' dir='ltr'><strong>per</strong></span> <span class='ocrx_word' id='word_1_399' title='bbox 1226 4570 1538 4641; x_wconf 86' lang='lat' dir='ltr'><strong>sanguinem</strong></span> <span class='ocrx_word' id='word_1_400' title='bbox 1569 4569 1690 4626; x_wconf 88' lang='lat' dir='ltr'><strong>Filii</strong></span> <span class='ocrx_word' id='word_1_401' title='bbox 1720 4571 1856 4643; x_wconf 89' lang='lat' dir='ltr'><strong>ejus,</strong></span> <span class='ocrx_word' id='word_1_402' title='bbox 1885 4585 1986 4626; x_wconf 90' lang='lat' dir='ltr'><strong>nos</strong></span> <span class='ocrx_word' id='word_1_403' title='bbox 2010 4557 2124 4626; x_wconf 68' lang='lat' dir='ltr'><strong>cm-</strong></span> 
     </span>
    </p>
   </div>
   <div class='ocr_carea' id='block_1_48' title="bbox 540 4660 2128 4735">
    <p class='ocr_par' dir='ltr' id='par_1_48' title="bbox 540 4660 2128 4735">
     <span class='ocr_line' id='line_1_48' title="bbox 540 4660 2128 4735; baseline -0.003 -16"><span class='ocrx_word' id='word_1_404' title='bbox 540 4664 619 4734; x_wconf 91' lang='lat' dir='ltr'><strong>pit</strong></span> <span class='ocrx_word' id='word_1_405' title='bbox 657 4662 909 4735; x_wconf 88' lang='lat' dir='ltr'><strong>diligere;</strong></span> <span class='ocrx_word' id='word_1_406' title='bbox 953 4660 1049 4718; x_wconf 82' lang='lat' dir='ltr'><strong>sed</strong></span> <span class='ocrx_word' id='word_1_407' title='bbox 1080 4670 1204 4717; x_wconf 87' lang='lat' dir='ltr'><strong>ante</strong></span> <span class='ocrx_word' id='word_1_408' title='bbox 1255 4660 1437 4716; x_wconf 91' lang='lat' dir='ltr'><strong>mundi</strong></span> <span class='ocrx_word' id='word_1_409' title='bbox 1464 4660 1895 4717; x_wconf 88' lang='lat' dir='ltr'><strong>constitutionem</strong></span> <span class='ocrx_word' id='word_1_410' title='bbox 1942 4660 2128 4716; x_wconf 82' lang='lat' dir='ltr'><strong>dilexit</strong></span> 
     </span>
    </p>
   </div>
   <div class='ocr_carea' id='block_1_49' title="bbox 539 4751 2127 4824">
    <p class='ocr_par' dir='ltr' id='par_1_49' title="bbox 539 4751 2127 4824">
     <span class='ocr_line' id='line_1_49' title="bbox 539 4751 2127 4824; baseline 0.001 -16"><span class='ocrx_word' id='word_1_411' title='bbox 539 4768 663 4821; x_wconf 90' lang='lat' dir='ltr'><strong>nos,</strong></span> <span class='ocrx_word' id='word_1_412' title='bbox 684 4762 744 4808; x_wconf 92' lang='lat' dir='ltr'><strong>ut</strong></span> <span class='ocrx_word' id='word_1_413' title='bbox 783 4768 905 4808; x_wconf 90' lang='lat' dir='ltr'><strong>cum</strong></span> <span class='ocrx_word' id='word_1_414' title='bbox 936 4755 1055 4824; x_wconf 87' lang='lat' dir='ltr'><strong>ejus</strong></span> <span class='ocrx_word' id='word_1_415' title='bbox 1089 4751 1368 4823; x_wconf 87' lang='lat' dir='ltr'><strong>Unigenito</strong></span> <span class='ocrx_word' id='word_1_416' title='bbox 1393 4751 1552 4806; x_wconf 86' lang='lat' dir='ltr'><strong>etiam</strong></span> <span class='ocrx_word' id='word_1_417' title='bbox 1580 4767 1677 4807; x_wconf 90' lang='lat' dir='ltr'><strong>nos</strong></span> <span class='ocrx_word' id='word_1_418' title='bbox 1708 4751 1796 4806; x_wconf 81' lang='lat' dir='ltr'><strong>lilii</strong></span> <span class='ocrx_word' id='word_1_419' title='bbox 1843 4752 1958 4822; x_wconf 86' lang='lat' dir='ltr'><strong>ejus</strong></span> <span class='ocrx_word' id='word_1_420' title='bbox 1980 4766 2127 4809; x_wconf 90' lang='lat' dir='ltr'><strong>esse-</strong></span> 
     </span>
    </p>
   </div>
   <div class='ocr_carea' id='block_1_50' title="bbox 538 4841 2124 4915">
    <p class='ocr_par' dir='ltr' id='par_1_50' title="bbox 538 4841 2124 4915">
     <span class='ocr_line' id='line_1_50' title="bbox 538 4841 2124 4915; baseline 0 -15"><span class='ocrx_word' id='word_1_421' title='bbox 538 4859 682 4912; x_wconf 88' lang='lat' dir='ltr'><strong>mus,</strong></span> <span class='ocrx_word' id='word_1_422' title='bbox 710 4844 1016 4915; x_wconf 89' lang='lat' dir='ltr'><strong>priusquam</strong></span> <span class='ocrx_word' id='word_1_423' title='bbox 1042 4843 1262 4899; x_wconf 88' lang='lat' dir='ltr'><strong>omnino</strong></span> <span class='ocrx_word' id='word_1_424' title='bbox 1281 4841 1481 4913; x_wconf 86' lang='lat' dir='ltr'><strong>aliquid</strong></span> <span class='ocrx_word' id='word_1_425' title='bbox 1525 4857 1785 4898; x_wconf 88' lang='lat' dir='ltr'><strong>essemus.</strong></span> <span class='ocrx_word' id='word_1_426' title='bbox 1815 4843 1969 4913; x_wconf 90' lang='lat' dir='ltr'><strong>Quod</strong></span> <span class='ocrx_word' id='word_1_427' title='bbox 1997 4858 2124 4915; x_wconf 89' lang='lat' dir='ltr'><strong>ergo</strong></span> 
     </span>
    </p>
   </div>
   <div class='ocr_carea' id='block_1_51' title="bbox 537 4932 2122 5003">
    <p class='ocr_par' dir='ltr' id='par_1_51' title="bbox 537 4932 2122 5003">
     <span class='ocr_line' id='line_1_51' title="bbox 537 4932 2122 5003; baseline -0.003 -11"><span class='ocrx_word' id='word_1_428' title='bbox 537 4935 871 4992; x_wconf 86' lang='lat' dir='ltr'><strong>reconciliati</strong></span> <span class='ocrx_word' id='word_1_429' title='bbox 914 4949 1097 4991; x_wconf 89' lang='lat' dir='ltr'><strong>sumus</strong></span> <span class='ocrx_word' id='word_1_430' title='bbox 1144 4934 1256 4989; x_wconf 89' lang='lat' dir='ltr'><strong>Deo</strong></span> <span class='ocrx_word' id='word_1_431' title='bbox 1284 4946 1380 5003; x_wconf 90' lang='lat' dir='ltr'><strong>per</strong></span> <span class='ocrx_word' id='word_1_432' title='bbox 1403 4941 1631 4989; x_wconf 88' lang='lat' dir='ltr'><strong>mortem</strong></span> <span class='ocrx_word' id='word_1_433' title='bbox 1659 4932 1781 4987; x_wconf 87' lang='lat' dir='ltr'><strong>Filii</strong></span> <span class='ocrx_word' id='word_1_434' title='bbox 1829 4933 1963 5003; x_wconf 91' lang='lat' dir='ltr'><strong>ejus,</strong></span> <span class='ocrx_word' id='word_1_435' title='bbox 2016 4947 2122 4988; x_wconf 86' lang='lat' dir='ltr'><strong>non</strong></span> 
     </span>
    </p>
   </div>
   <div class='ocr_carea' id='block_1_52' title="bbox 536 5023 2126 5095">
    <p class='ocr_par' dir='ltr' id='par_1_52' title="bbox 536 5023 2126 5095">
     <span class='ocr_line' id='line_1_52' title="bbox 536 5023 2126 5095; baseline -0.002 -11"><span class='ocrx_word' id='word_1_436' title='bbox 536 5028 616 5084; x_wconf 86' lang='lat' dir='ltr'><strong>sic</strong></span> <span class='ocrx_word' id='word_1_437' title='bbox 643 5026 909 5093; x_wconf 86' lang='lat' dir='ltr'><strong>audiatur,</strong></span> <span class='ocrx_word' id='word_1_438' title='bbox 939 5040 1046 5081; x_wconf 91' lang='lat' dir='ltr'><strong>non</strong></span> <span class='ocrx_word' id='word_1_439' title='bbox 1072 5026 1152 5082; x_wconf 91' lang='lat' dir='ltr'><strong>sic</strong></span> <span class='ocrx_word' id='word_1_440' title='bbox 1180 5024 1484 5095; x_wconf 82' lang='lat' dir='ltr'><strong>accipiatur,</strong></span> <span class='ocrx_word' id='word_1_441' title='bbox 1516 5023 1667 5094; x_wconf 86' lang='lat' dir='ltr'><strong>quasi</strong></span> <span class='ocrx_word' id='word_1_442' title='bbox 1684 5023 1803 5080; x_wconf 89' lang='lat' dir='ltr'><strong>ideo</strong></span> <span class='ocrx_word' id='word_1_443' title='bbox 1824 5038 1927 5080; x_wconf 90' lang='lat' dir='ltr'><strong>nos</strong></span> <span class='ocrx_word' id='word_1_444' title='bbox 1942 5038 2126 5081; x_wconf 87' lang='lat' dir='ltr'><strong>recon-</strong></span> 
     </span>
    </p>
   </div>
   <div class='ocr_carea' id='block_1_53' title="bbox 536 5115 2121 5188">
    <p class='ocr_par' dir='ltr' id='par_1_53' title="bbox 536 5115 2121 5188">
     <span class='ocr_line' id='line_1_53' title="bbox 536 5115 2121 5188; baseline -0.003 -11"><span class='ocrx_word' id='word_1_445' title='bbox 536 5120 793 5177; x_wconf 89' lang='lat' dir='ltr'><strong>ciliavcrit</strong></span> <span class='ocrx_word' id='word_1_446' title='bbox 815 5119 867 5176; x_wconf 88' lang='lat' dir='ltr'><strong>ei</strong></span> <span class='ocrx_word' id='word_1_447' title='bbox 894 5118 1080 5185; x_wconf 86' lang='lat' dir='ltr'><strong>Filius,</strong></span> <span class='ocrx_word' id='word_1_448' title='bbox 1105 5125 1166 5173; x_wconf 92' lang='lat' dir='ltr'><strong>ut</strong></span> <span class='ocrx_word' id='word_1_449' title='bbox 1186 5116 1295 5187; x_wconf 89' lang='lat' dir='ltr'><strong>jam</strong></span> <span class='ocrx_word' id='word_1_450' title='bbox 1325 5115 1583 5186; x_wconf 90' lang='lat' dir='ltr'><strong>inciperet</strong></span> <span class='ocrx_word' id='word_1_451' title='bbox 1610 5129 1789 5172; x_wconf 88' lang='lat' dir='ltr'><strong>amare</strong></span> <span class='ocrx_word' id='word_1_452' title='bbox 1825 5131 1959 5188; x_wconf 88' lang='lat' dir='ltr'><strong>quos</strong></span> <span class='ocrx_word' id='word_1_453' title='bbox 1987 5115 2121 5173; x_wconf 89' lang='lat' dir='ltr'><strong>ode-</strong></span> 
     </span>
    </p>
   </div>
   <div class='ocr_carea' id='block_1_54' title="bbox 535 5205 2121 5276">
    <p class='ocr_par' dir='ltr' id='par_1_54' title="bbox 535 5205 2121 5276">
     <span class='ocr_line' id='line_1_54' title="bbox 535 5205 2121 5276; baseline 0.001 -11"><span class='ocrx_word' id='word_1_454' title='bbox 535 5221 651 5276; x_wconf 85' lang='lat' dir='ltr'><strong>rat;</strong></span> <span class='ocrx_word' id='word_1_455' title='bbox 682 5210 818 5265; x_wconf 89' lang='lat' dir='ltr'><strong>sicut</strong></span> <span class='ocrx_word' id='word_1_456' title='bbox 843 5208 1221 5265; x_wconf 89' lang='lat' dir='ltr'><strong>reconciliatur</strong></span> <span class='ocrx_word' id='word_1_457' title='bbox 1248 5206 1496 5262; x_wconf 88' lang='lat' dir='ltr'><strong>inimicus</strong></span> <span class='ocrx_word' id='word_1_458' title='bbox 1523 5205 1740 5262; x_wconf 90' lang='lat' dir='ltr'><strong>inimico</strong></span> <span class='ocrx_word' id='word_1_459' title='bbox 1762 5250 1777 5274; x_wconf 93' lang='lat'><strong>,</strong></span> <span class='ocrx_word' id='word_1_460' title='bbox 1819 5217 1879 5264; x_wconf 90' lang='lat' dir='ltr'><strong>ut</strong></span> <span class='ocrx_word' id='word_1_461' title='bbox 1927 5208 2121 5266; x_wconf 89' lang='lat' dir='ltr'><strong>deinde</strong></span> 
     </span>
    </p>
   </div>
   <div class='ocr_carea' id='block_1_55' title="bbox 536 5292 2116 5368">
    <p class='ocr_par' dir='ltr' id='par_1_55' title="bbox 536 5292 2116 5368">
     <span class='ocr_line' id='line_1_55' title="bbox 536 5292 2116 5368; baseline 0.001 -13"><span class='ocrx_word' id='word_1_462' title='bbox 536 5300 643 5355; x_wconf 88' lang='lat' dir='ltr'><strong>sint</strong></span> <span class='ocrx_word' id='word_1_463' title='bbox 676 5300 832 5355; x_wconf 84' lang='lat' dir='ltr'><strong>amici</strong></span> <span class='ocrx_word' id='word_1_464' title='bbox 853 5341 866 5363; x_wconf 88' lang='lat'><strong><em>.</em></strong></span> <span class='ocrx_word' id='word_1_465' title='bbox 898 5306 953 5354; x_wconf 89' lang='lat' dir='ltr'><strong>et</strong></span> <span class='ocrx_word' id='word_1_466' title='bbox 980 5299 1208 5354; x_wconf 84' lang='lat' dir='ltr'><strong>invicem</strong></span> <span class='ocrx_word' id='word_1_467' title='bbox 1231 5298 1453 5368; x_wconf 89' lang='lat' dir='ltr'><strong>diligant</strong></span> <span class='ocrx_word' id='word_1_468' title='bbox 1478 5292 1570 5368; x_wconf 86' lang='lat' dir='ltr'><strong>qui</strong></span> <span class='ocrx_word' id='word_1_469' title='bbox 1598 5298 1820 5353; x_wconf 87' lang='lat' dir='ltr'><strong>oderant</strong></span> <span class='ocrx_word' id='word_1_470' title='bbox 1849 5298 2073 5355; x_wconf 87' lang='lat' dir='ltr'><strong>invicem</strong></span> <span class='ocrx_word' id='word_1_471' title='bbox 2100 5318 2116 5358; x_wconf 88' lang='lat'><strong>:</strong></span> 
     </span>
    </p>
   </div>
   <div class='ocr_carea' id='block_1_56' title="bbox 536 5388 2119 5461">
    <p class='ocr_par' dir='ltr' id='par_1_56' title="bbox 536 5388 2119 5461">
     <span class='ocr_line' id='line_1_56' title="bbox 536 5388 2119 5461; baseline 0 -15"><span class='ocrx_word' id='word_1_472' title='bbox 536 5390 629 5446; x_wconf 87' lang='lat' dir='ltr'><strong>sed</strong></span> <span class='ocrx_word' id='word_1_473' title='bbox 646 5391 756 5461; x_wconf 88' lang='lat' dir='ltr'><strong>jam</strong></span> <span class='ocrx_word' id='word_1_474' title='bbox 784 5406 884 5446; x_wconf 90' lang='lat' dir='ltr'><strong>nos</strong></span> <span class='ocrx_word' id='word_1_475' title='bbox 908 5389 1145 5461; x_wconf 89' lang='lat' dir='ltr'><strong>diligenti</strong></span> <span class='ocrx_word' id='word_1_476' title='bbox 1173 5388 1501 5444; x_wconf 87' lang='lat' dir='ltr'><strong>reconciliati</strong></span> <span class='ocrx_word' id='word_1_477' title='bbox 1530 5401 1714 5443; x_wconf 90' lang='lat' dir='ltr'><strong>sumus</strong></span> <span class='ocrx_word' id='word_1_478' title='bbox 1742 5390 1790 5444; x_wconf 91' lang='lat' dir='ltr'><strong>ei</strong></span> <span class='ocrx_word' id='word_1_479' title='bbox 1811 5430 1828 5456; x_wconf 95' lang='lat'><strong>,</strong></span> <span class='ocrx_word' id='word_1_480' title='bbox 1863 5404 1983 5445; x_wconf 92' lang='lat' dir='ltr'><strong>cum</strong></span> <span class='ocrx_word' id='word_1_481' title='bbox 2013 5406 2119 5461; x_wconf 89' lang='lat' dir='ltr'><strong>quo</strong></span> 
     </span>
    </p>
   </div>
   <div class='ocr_carea' id='block_1_57' title="bbox 534 5480 2115 5552">
    <p class='ocr_par' dir='ltr' id='par_1_57' title="bbox 534 5480 2115 5552">
     <span class='ocr_line' id='line_1_57' title="bbox 534 5480 2115 5552; baseline 0.001 -16"><span class='ocrx_word' id='word_1_482' title='bbox 534 5490 753 5552; x_wconf 87' lang='lat' dir='ltr'><strong>propter</strong></span> <span class='ocrx_word' id='word_1_483' title='bbox 772 5491 1045 5552; x_wconf 88' lang='lat' dir='ltr'><strong>peccatum</strong></span> <span class='ocrx_word' id='word_1_484' title='bbox 1073 5480 1375 5536; x_wconf 89' lang='lat' dir='ltr'><strong>inimicitias</strong></span> <span class='ocrx_word' id='word_1_485' title='bbox 1396 5480 1741 5538; x_wconf 83' lang='lat' dir='ltr'><strong>habebamus.</strong></span> <span class='ocrx_word' id='word_1_486' title='bbox 1765 5480 1913 5551; x_wconf 88' lang='lat' dir='ltr'><strong>Quod</strong></span> <span class='ocrx_word' id='word_1_487' title='bbox 1940 5491 2115 5539; x_wconf 89' lang='lat' dir='ltr'><strong>utrum</strong></span> 
     </span>
    </p>
   </div>
   <div class='ocr_carea' id='block_1_58' title="bbox 535 5571 2113 5644">
    <p class='ocr_par' dir='ltr' id='par_1_58' title="bbox 535 5571 2113 5644">
     <span class='ocr_line' id='line_1_58' title="bbox 535 5571 2113 5644; baseline 0 -16"><span class='ocrx_word' id='word_1_488' title='bbox 535 5586 721 5630; x_wconf 89' lang='lat' dir='ltr'><strong>verum</strong></span> <span class='ocrx_word' id='word_1_489' title='bbox 770 5571 979 5640; x_wconf 87' lang='lat' dir='ltr'><strong>dicam,</strong></span> <span class='ocrx_word' id='word_1_490' title='bbox 1031 5579 1313 5628; x_wconf 76' lang='lat' dir='ltr'><strong>attestatur</strong></span> <span class='ocrx_word' id='word_1_491' title='bbox 1354 5571 1643 5644; x_wconf 83' lang='lat' dir='ltr'><strong>Apostolus</strong></span> <span class='ocrx_word' id='word_1_492' title='bbox 1691 5589 1705 5626; x_wconf 89' lang='lat'><strong>:</strong></span> <span class='ocrx_word' id='word_1_493' title='bbox 1749 5572 2113 5643; x_wconf 85' lang='lat' dir='ltr'><strong>Commendat,</strong></span> 
     </span>
    </p>
   </div>
   <div class='ocr_carea' id='block_1_59' title="bbox 602 5767 1805 5833">
    <p class='ocr_par' dir='ltr' id='par_1_59' title="bbox 602 5767 1805 5833">
     <span class='ocr_line' id='line_1_59' title="bbox 602 5767 1805 5833; baseline 0.002 -14"><span class='ocrx_word' id='word_1_494' title='bbox 602 5769 619 5802; x_wconf 76' lang='grc'>⁸</span> <span class='ocrx_word' id='word_1_495' title='bbox 643 5775 693 5820; x_wconf 84' lang='grc' dir='ltr'><strong>ιιι</strong></span> <span class='ocrx_word' id='word_1_496' title='bbox 716 5768 876 5832; x_wconf 81' lang='lat' dir='ltr'><strong>editis,</strong></span> <span class='ocrx_word' id='word_1_497' title='bbox 912 5767 1221 5823; x_wconf 71' lang='lat' dir='ltr'><strong>rcconcilidi.</strong></span> <span class='ocrx_word' id='word_1_498' title='bbox 1258 5776 1309 5824; x_wconf 75' lang='lat' dir='ltr'><strong>st</strong></span> <span class='ocrx_word' id='word_1_499' title='bbox 1439 5777 1554 5833; x_wconf 64' lang='grc' dir='ltr'>ιιι,</span> <span class='ocrx_word' id='word_1_500' title='bbox 1586 5773 1805 5822; x_wconf 69' lang='lat' dir='ltr'><strong>recreati.</strong></span> 
     </span>
    </p>
   </div>
   <div class='ocr_carea' id='block_1_60' title="bbox 1512 335 2901 412">
    <p class='ocr_par' dir='ltr' id='par_1_60' title="bbox 1512 335 2901 412">
     <span class='ocr_line' id='line_1_60' title="bbox 1512 335 2901 412; baseline 0.009 -13"><span class='ocrx_word' id='word_1_501' title='bbox 1512 341 1578 399; x_wconf 84' lang='lat' dir='ltr'><strong>IN</strong></span> <span class='ocrx_word' id='word_1_502' title='bbox 1614 340 1891 398; x_wconf 77' lang='lat' dir='ltr'><strong>JOANNIS</strong></span> <span class='ocrx_word' id='word_1_503' title='bbox 1927 335 2394 410; x_wconf 80' lang='lat' dir='ltr'><strong>EVANGELIUM,</strong></span> <span class='ocrx_word' id='word_1_504' title='bbox 2435 343 2494 403; x_wconf 87' lang='lat' dir='ltr'><strong>S.</strong></span> <span class='ocrx_word' id='word_1_505' title='bbox 2535 347 2901 412; x_wconf 81' lang='lat' dir='ltr'><strong>AUGUSTINI</strong></span> 
     </span>
    </p>
   </div>
   <div class='ocr_carea' id='block_1_61' title="bbox 3702 367 3843 427">
    <p class='ocr_par' dir='ltr' id='par_1_61' title="bbox 3702 367 3843 427">
     <span class='ocr_line' id='line_1_61' title="bbox 3702 367 3843 427; baseline 0.028 -4"><span class='ocrx_word' id='word_1_506' title='bbox 3702 367 3843 427; x_wconf 70' lang='grc'><strong>1924</strong></span> 
     </span>
    </p>
   </div>
   <div class='ocr_carea' id='block_1_62' title="bbox 2261 454 3840 547">
    <p class='ocr_par' dir='ltr' id='par_1_62' title="bbox 2261 454 3840 547">
     <span class='ocr_line' id='line_1_62' title="bbox 2261 454 3840 547; baseline 0.019 -39"><span class='ocrx_word' id='word_1_507' title='bbox 2261 454 2450 527; x_wconf 90' lang='lat' dir='ltr'><strong>inquit,</strong></span> <span class='ocrx_word' id='word_1_508' title='bbox 2478 460 2789 519; x_wconf 87' lang='lat' dir='ltr'><strong>dilectionem</strong></span> <span class='ocrx_word' id='word_1_509' title='bbox 2810 483 2955 522; x_wconf 88' lang='lat' dir='ltr'><strong>suam</strong></span> <span class='ocrx_word' id='word_1_510' title='bbox 2996 466 3133 525; x_wconf 86' lang='lat' dir='ltr'><strong>Deus</strong></span> <span class='ocrx_word' id='word_1_511' title='bbox 3159 469 3211 526; x_wconf 83' lang='lat' dir='ltr'><strong>in</strong></span> <span class='ocrx_word' id='word_1_512' title='bbox 3255 471 3416 540; x_wconf 80' lang='lat' dir='ltr'><strong>nobis,</strong></span> <span class='ocrx_word' id='word_1_513' title='bbox 3443 490 3683 547; x_wconf 84' lang='lat' dir='ltr'><strong>quamam</strong></span> <span class='ocrx_word' id='word_1_514' title='bbox 3723 497 3840 537; x_wconf 81' lang='lat' dir='ltr'><strong>cum</strong></span> 
     </span>
    </p>
   </div>
   <div class='ocr_carea' id='block_1_63' title="bbox 2257 544 3840 634">
    <p class='ocr_par' dir='ltr' id='par_1_63' title="bbox 2257 544 3840 634">
     <span class='ocr_line' id='line_1_63' title="bbox 2257 544 3840 634; baseline 0.019 -36"><span class='ocrx_word' id='word_1_515' title='bbox 2257 544 2425 601; x_wconf 83' lang='lat' dir='ltr'><strong>adhuc</strong></span> <span class='ocrx_word' id='word_1_516' title='bbox 2450 560 2731 617; x_wconf 85' lang='lat' dir='ltr'><strong>peccatores</strong></span> <span class='ocrx_word' id='word_1_517' title='bbox 2755 571 3003 625; x_wconf 77' lang='lat' dir='ltr'><strong>essemus,</strong></span> <span class='ocrx_word' id='word_1_518' title='bbox 3046 555 3276 616; x_wconf 78' lang='lat' dir='ltr'><strong>Christus</strong></span> <span class='ocrx_word' id='word_1_519' title='bbox 3316 579 3410 634; x_wconf 80' lang='lat' dir='ltr'><strong>pro</strong></span> <span class='ocrx_word' id='word_1_520' title='bbox 3435 544 3575 621; x_wconf 76' lang='lat' dir='ltr'><strong>nobis</strong></span> <span class='ocrx_word' id='word_1_521' title='bbox 3613 582 3840 628; x_wconf 81' lang='lat' dir='ltr'><strong>nwrtuus</strong></span> 
     </span>
    </p>
   </div>
   <div class='ocr_carea' id='block_1_64' title="bbox 2257 637 3843 728">
    <p class='ocr_par' dir='ltr' id='par_1_64' title="bbox 2257 637 3843 728">
     <span class='ocr_line' id='line_1_64' title="bbox 2257 637 3843 728; baseline 0.018 -38"><span class='ocrx_word' id='word_1_522' title='bbox 2257 645 2329 728; x_wconf 82' lang='lat' dir='ltr'><strong>est</strong></span> <span class='ocrx_word' id='word_1_523' title='bbox 2356 637 2376 708; x_wconf 93' lang='lat'>(</span> <span class='ocrx_word' id='word_1_524' title='bbox 2407 637 2559 694; x_wconf 80' lang='lat' dir='ltr'><strong>Rom.</strong></span> <span class='ocrx_word' id='word_1_525' title='bbox 2582 657 2638 710; x_wconf 88' lang='lat' dir='ltr'><strong>v,</strong></span> <span class='ocrx_word' id='word_1_526' title='bbox 2663 643 2718 713; x_wconf 89' lang='lat'><strong>8,</strong></span> <span class='ocrx_word' id='word_1_527' title='bbox 2748 644 2851 717; x_wconf 89' lang='lat'><strong>9).</strong></span> <span class='ocrx_word' id='word_1_528' title='bbox 2878 647 3117 705; x_wconf 82' lang='lat' dir='ltr'><strong>Habebat</strong></span> <span class='ocrx_word' id='word_1_529' title='bbox 3138 651 3313 722; x_wconf 88' lang='lat' dir='ltr'><strong>itaque</strong></span> <span class='ocrx_word' id='word_1_530' title='bbox 3341 655 3430 710; x_wconf 91' lang='lat' dir='ltr'><strong>ille</strong></span> <span class='ocrx_word' id='word_1_531' title='bbox 3452 671 3577 728; x_wconf 89' lang='lat' dir='ltr'><strong>erga</strong></span> <span class='ocrx_word' id='word_1_532' title='bbox 3603 674 3701 717; x_wconf 88' lang='lat' dir='ltr'><strong>nos</strong></span> <span class='ocrx_word' id='word_1_533' title='bbox 3719 661 3843 719; x_wconf 85' lang='lat' dir='ltr'><strong>cha-</strong></span> 
     </span>
    </p>
   </div>
   <div class='ocr_carea' id='block_1_65' title="bbox 2256 725 3842 808">
    <p class='ocr_par' dir='ltr' id='par_1_65' title="bbox 2256 725 3842 808">
     <span class='ocr_line' id='line_1_65' title="bbox 2256 725 3842 808; baseline 0.018 -28"><span class='ocrx_word' id='word_1_534' title='bbox 2256 725 2489 798; x_wconf 88' lang='lat' dir='ltr'><strong>ritatem,</strong></span> <span class='ocrx_word' id='word_1_535' title='bbox 2513 731 2673 787; x_wconf 88' lang='lat' dir='ltr'><strong>etiam</strong></span> <span class='ocrx_word' id='word_1_536' title='bbox 2702 751 2825 790; x_wconf 88' lang='lat' dir='ltr'><strong>cum</strong></span> <span class='ocrx_word' id='word_1_537' title='bbox 2856 736 3160 794; x_wconf 86' lang='lat' dir='ltr'><strong>inimicitias</strong></span> <span class='ocrx_word' id='word_1_538' title='bbox 3188 741 3469 800; x_wconf 89' lang='lat' dir='ltr'><strong>adversum</strong></span> <span class='ocrx_word' id='word_1_539' title='bbox 3509 725 3632 803; x_wconf 80' lang='lat' dir='ltr'><strong>eum</strong></span> <span class='ocrx_word' id='word_1_540' title='bbox 3682 765 3842 808; x_wconf 86' lang='lat' dir='ltr'><strong>exer-</strong></span> 
     </span>
    </p>
   </div>
   <div class='ocr_carea' id='block_1_66' title="bbox 2254 829 3843 903">
    <p class='ocr_par' dir='ltr' id='par_1_66' title="bbox 2254 829 3843 903">
     <span class='ocr_line' id='line_1_66' title="bbox 2254 829 3843 903; baseline 0.017 -29"><span class='ocrx_word' id='word_1_541' title='bbox 2254 830 2438 879; x_wconf 88' lang='lat' dir='ltr'><strong>centes</strong></span> <span class='ocrx_word' id='word_1_542' title='bbox 2459 838 2804 895; x_wconf 89' lang='lat' dir='ltr'><strong>operaremur</strong></span> <span class='ocrx_word' id='word_1_543' title='bbox 2833 829 3160 901; x_wconf 90' lang='lat' dir='ltr'><strong>iniquitatem</strong></span> <span class='ocrx_word' id='word_1_544' title='bbox 3186 844 3269 892; x_wconf 90' lang='lat' dir='ltr'><strong>:et</strong></span> <span class='ocrx_word' id='word_1_545' title='bbox 3296 843 3470 894; x_wconf 90' lang='lat' dir='ltr'><strong>tamen</strong></span> <span class='ocrx_word' id='word_1_546' title='bbox 3493 840 3542 895; x_wconf 90' lang='lat' dir='ltr'><strong>ei</strong></span> <span class='ocrx_word' id='word_1_547' title='bbox 3563 844 3843 903; x_wconf 83' lang='lat' dir='ltr'><strong>verissime</strong></span> 
     </span>
    </p>
   </div>
   <div class='ocr_carea' id='block_1_67' title="bbox 2256 911 3844 1003">
    <p class='ocr_par' dir='ltr' id='par_1_67' title="bbox 2256 911 3844 1003">
     <span class='ocr_line' id='line_1_67' title="bbox 2256 911 3844 1003; baseline 0.018 -36"><span class='ocrx_word' id='word_1_548' title='bbox 2256 911 2455 971; x_wconf 92' lang='lat' dir='ltr'><strong>dictum</strong></span> <span class='ocrx_word' id='word_1_549' title='bbox 2481 926 2584 983; x_wconf 89' lang='lat' dir='ltr'><strong>est,</strong></span> <span class='ocrx_word' id='word_1_550' title='bbox 2620 917 2808 989; x_wconf 84' lang='lat' dir='ltr'><strong>Odisti,</strong></span> <span class='ocrx_word' id='word_1_551' title='bbox 2840 921 3073 991; x_wconf 78' lang='lat' dir='ltr'><strong>Domine,</strong></span> <span class='ocrx_word' id='word_1_552' title='bbox 3107 942 3280 984; x_wconf 82' lang='lat' dir='ltr'><strong>omnes</strong></span> <span class='ocrx_word' id='word_1_553' title='bbox 3325 931 3415 1003; x_wconf 84' lang='lat' dir='ltr'><strong>qui</strong></span> <span class='ocrx_word' id='word_1_554' title='bbox 3440 946 3711 1003; x_wconf 79' lang='lat' dir='ltr'><strong>operantur</strong></span> <span class='ocrx_word' id='word_1_555' title='bbox 3742 939 3844 994; x_wconf 77' lang='lat' dir='ltr'><strong>ini-</strong></span> 
     </span>
    </p>
   </div>
   <div class='ocr_carea' id='block_1_68' title="bbox 2252 1006 3842 1088">
    <p class='ocr_par' dir='ltr' id='par_1_68' title="bbox 2252 1006 3842 1088">
     <span class='ocr_line' id='line_1_68' title="bbox 2252 1006 3842 1088; baseline 0.018 -29"><span class='ocrx_word' id='word_1_556' title='bbox 2252 1006 2494 1078; x_wconf 78' lang='lat' dir='ltr'><strong>quitatem</strong></span> <span class='ocrx_word' id='word_1_557' title='bbox 2547 1009 2729 1083; x_wconf 84' lang='lat' dir='ltr'><strong>(Psat.</strong></span> <span class='ocrx_word' id='word_1_558' title='bbox 2754 1029 2808 1080; x_wconf 91' lang='lat' dir='ltr'><strong>v,</strong></span> <span class='ocrx_word' id='word_1_559' title='bbox 2833 1015 2867 1070; x_wconf 89' lang='lat'><strong>7</strong></span> <span class='ocrx_word' id='word_1_560' title='bbox 2895 1015 2936 1087; x_wconf 92' lang='lat'><strong>).</strong></span> <span class='ocrx_word' id='word_1_561' title='bbox 2985 1017 3224 1077; x_wconf 82' lang='lat' dir='ltr'><strong>Proinde</strong></span> <span class='ocrx_word' id='word_1_562' title='bbox 3247 1022 3385 1079; x_wconf 90' lang='lat' dir='ltr'><strong>miro</strong></span> <span class='ocrx_word' id='word_1_563' title='bbox 3413 1033 3469 1081; x_wconf 90' lang='lat' dir='ltr'><strong>et</strong></span> <span class='ocrx_word' id='word_1_564' title='bbox 3494 1025 3676 1085; x_wconf 90' lang='lat' dir='ltr'><strong>divino</strong></span> <span class='ocrx_word' id='word_1_565' title='bbox 3720 1046 3842 1088; x_wconf 84' lang='lat' dir='ltr'><strong>mo-</strong></span> 
     </span>
    </p>
   </div>
   <div class='ocr_carea' id='block_1_69' title="bbox 2252 1094 3837 1193">
    <p class='ocr_par' dir='ltr' id='par_1_69' title="bbox 2252 1094 3837 1193">
     <span class='ocr_line' id='line_1_69' title="bbox 2252 1094 3837 1193; baseline 0.018 -42"><span class='ocrx_word' id='word_1_566' title='bbox 2252 1094 2325 1152; x_wconf 91' lang='lat' dir='ltr'><strong>do</strong></span> <span class='ocrx_word' id='word_1_567' title='bbox 2341 1105 2397 1153; x_wconf 91' lang='lat' dir='ltr'><strong>et</strong></span> <span class='ocrx_word' id='word_1_568' title='bbox 2421 1100 2634 1170; x_wconf 86' lang='lat' dir='ltr'><strong>quando</strong></span> <span class='ocrx_word' id='word_1_569' title='bbox 2658 1118 2757 1161; x_wconf 91' lang='lat' dir='ltr'><strong>uos</strong></span> <span class='ocrx_word' id='word_1_570' title='bbox 2777 1105 2985 1173; x_wconf 88' lang='lat' dir='ltr'><strong>oderat,</strong></span> <span class='ocrx_word' id='word_1_571' title='bbox 3012 1108 3267 1182; x_wconf 83' lang='lat' dir='ltr'><strong>diligebat</strong></span> <span class='ocrx_word' id='word_1_572' title='bbox 3295 1131 3310 1168; x_wconf 91' lang='lat'><strong>:</strong></span> <span class='ocrx_word' id='word_1_573' title='bbox 3333 1113 3518 1173; x_wconf 85' lang='lat' dir='ltr'><strong>oderat</strong></span> <span class='ocrx_word' id='word_1_574' title='bbox 3544 1120 3689 1176; x_wconf 84' lang='lat' dir='ltr'><strong>enim</strong></span> <span class='ocrx_word' id='word_1_575' title='bbox 3713 1137 3837 1193; x_wconf 82' lang='lat' dir='ltr'><strong>nos,</strong></span> 
     </span>
    </p>
   </div>
   <div class='ocr_carea' id='block_1_70' title="bbox 2252 1188 3839 1290">
    <p class='ocr_par' dir='ltr' id='par_1_70' title="bbox 2252 1188 3839 1283">
     <span class='ocr_line' id='line_1_70' title="bbox 2252 1188 3839 1283; baseline 0.02 -42"><span class='ocrx_word' id='word_1_576' title='bbox 2252 1188 2441 1257; x_wconf 83' lang='lat' dir='ltr'><strong>quales</strong></span> <span class='ocrx_word' id='word_1_577' title='bbox 2467 1190 2582 1261; x_wconf 88' lang='lat' dir='ltr'><strong>ipse</strong></span> <span class='ocrx_word' id='word_1_578' title='bbox 2600 1208 2708 1250; x_wconf 90' lang='lat' dir='ltr'><strong>non</strong></span> <span class='ocrx_word' id='word_1_579' title='bbox 2728 1194 2963 1266; x_wconf 79' lang='lat' dir='ltr'><strong>fecerat;</strong></span> <span class='ocrx_word' id='word_1_580' title='bbox 2980 1207 3037 1257; x_wconf 92' lang='lat' dir='ltr'><strong>et</strong></span> <span class='ocrx_word' id='word_1_581' title='bbox 3062 1203 3187 1272; x_wconf 88' lang='lat' dir='ltr'><strong>quia</strong></span> <span class='ocrx_word' id='word_1_582' title='bbox 3212 1204 3462 1277; x_wconf 88' lang='lat' dir='ltr'><strong>iniquitas</strong></span> <span class='ocrx_word' id='word_1_583' title='bbox 3489 1219 3671 1267; x_wconf 85' lang='lat' dir='ltr'><strong>nostra</strong></span> <span class='ocrx_word' id='word_1_584' title='bbox 3698 1188 3839 1283; x_wconf 62' lang='lat' dir='ltr'><strong>opuc</strong></span> 
     </span>
    </p>
   </div>
   <div class='ocr_carea' id='block_1_71' title="bbox 2251 1286 3838 1367">
    <p class='ocr_par' dir='ltr' id='par_1_71' title="bbox 2251 1286 3838 1367">
     <span class='ocr_line' id='line_1_71' title="bbox 2251 1286 3838 1367; baseline 0.021 -34"><span class='ocrx_word' id='word_1_585' title='bbox 2251 1286 2369 1349; x_wconf 84' lang='lat' dir='ltr'><strong>ejus</strong></span> <span class='ocrx_word' id='word_1_586' title='bbox 2395 1294 2503 1338; x_wconf 87' lang='lat' dir='ltr'><strong>non</strong></span> <span class='ocrx_word' id='word_1_587' title='bbox 2527 1286 2671 1341; x_wconf 87' lang='lat' dir='ltr'><strong>omni</strong></span> <span class='ocrx_word' id='word_1_588' title='bbox 2690 1303 2758 1344; x_wconf 86' lang='lat' dir='ltr'><strong>ex</strong></span> <span class='ocrx_word' id='word_1_589' title='bbox 2782 1298 2934 1359; x_wconf 90' lang='lat' dir='ltr'><strong>parte</strong></span> <span class='ocrx_word' id='word_1_590' title='bbox 2960 1305 3393 1367; x_wconf 86' lang='lat' dir='ltr'><strong>consumpserat,</strong></span> <span class='ocrx_word' id='word_1_591' title='bbox 3424 1311 3647 1359; x_wconf 86' lang='lat' dir='ltr'><strong>noverat</strong></span> <span class='ocrx_word' id='word_1_592' title='bbox 3673 1304 3838 1366; x_wconf 71' lang='grc' dir='ltr'>εἰιιιω</span> 
     </span>
    </p>
   </div>
   <div class='ocr_carea' id='block_1_72' title="bbox 2252 1365 3834 1465">
    <p class='ocr_par' dir='ltr' id='par_1_72' title="bbox 2252 1365 3834 1465">
     <span class='ocr_line' id='line_1_72' title="bbox 2252 1365 3834 1465; baseline 0.019 -43"><span class='ocrx_word' id='word_1_593' title='bbox 2252 1365 2308 1423; x_wconf 89' lang='lat' dir='ltr'><strong>in</strong></span> <span class='ocrx_word' id='word_1_594' title='bbox 2351 1385 2671 1445; x_wconf 90' lang='lat' dir='ltr'><strong>unoquoque</strong></span> <span class='ocrx_word' id='word_1_595' title='bbox 2720 1387 2965 1436; x_wconf 88' lang='lat' dir='ltr'><strong>nostrum</strong></span> <span class='ocrx_word' id='word_1_596' title='bbox 3007 1390 3064 1439; x_wconf 91' lang='lat' dir='ltr'><strong>et</strong></span> <span class='ocrx_word' id='word_1_597' title='bbox 3115 1365 3296 1443; x_wconf 84' lang='lat' dir='ltr'><strong>odisse</strong></span> <span class='ocrx_word' id='word_1_598' title='bbox 3323 1365 3465 1458; x_wconf 90' lang='lat' dir='ltr'><strong>quod</strong></span> <span class='ocrx_word' id='word_1_599' title='bbox 3506 1390 3834 1465; x_wconf 64' lang='lat' dir='ltr'><strong>lectitamus,</strong></span> 
     </span>
    </p>
   </div>
   <div class='ocr_carea' id='block_1_73' title="bbox 2249 1468 3838 1552">
    <p class='ocr_par' dir='ltr' id='par_1_73' title="bbox 2249 1468 3838 1552">
     <span class='ocr_line' id='line_1_73' title="bbox 2249 1468 3838 1552; baseline 0.02 -37"><span class='ocrx_word' id='word_1_600' title='bbox 2249 1468 2307 1552; x_wconf 85' lang='lat' dir='ltr'><strong>et</strong></span> <span class='ocrx_word' id='word_1_601' title='bbox 2331 1476 2515 1522; x_wconf 89' lang='lat' dir='ltr'><strong>amare</strong></span> <span class='ocrx_word' id='word_1_602' title='bbox 2536 1469 2677 1538; x_wconf 90' lang='lat' dir='ltr'><strong>quod</strong></span> <span class='ocrx_word' id='word_1_603' title='bbox 2719 1468 2942 1529; x_wconf 81' lang='lat' dir='ltr'><strong>fecerat.</strong></span> <span class='ocrx_word' id='word_1_604' title='bbox 2979 1474 3048 1531; x_wconf 86' lang='lat' dir='ltr'><strong>Et</strong></span> <span class='ocrx_word' id='word_1_605' title='bbox 3093 1476 3195 1535; x_wconf 91' lang='lat' dir='ltr'><strong>hoc</strong></span> <span class='ocrx_word' id='word_1_606' title='bbox 3216 1481 3431 1552; x_wconf 86' lang='lat' dir='ltr'><strong>quidem</strong></span> <span class='ocrx_word' id='word_1_607' title='bbox 3484 1484 3539 1541; x_wconf 88' lang='lat' dir='ltr'><strong>in</strong></span> <span class='ocrx_word' id='word_1_608' title='bbox 3586 1489 3838 1546; x_wconf 82' lang='lat' dir='ltr'><strong>omnibus</strong></span> 
     </span>
    </p>
   </div>
   <div class='ocr_carea' id='block_1_74' title="bbox 2249 1550 3836 1645">
    <p class='ocr_par' dir='ltr' id='par_1_74' title="bbox 2249 1550 3836 1645">
     <span class='ocr_line' id='line_1_74' title="bbox 2249 1550 3836 1645; baseline 0.021 -39"><span class='ocrx_word' id='word_1_609' title='bbox 2249 1550 2469 1626; x_wconf 89' lang='lat' dir='ltr'><strong>intelligi</strong></span> <span class='ocrx_word' id='word_1_610' title='bbox 2512 1566 2690 1628; x_wconf 89' lang='lat' dir='ltr'><strong>potest</strong></span> <span class='ocrx_word' id='word_1_611' title='bbox 2721 1562 2789 1619; x_wconf 89' lang='lat' dir='ltr'><strong>de</strong></span> <span class='ocrx_word' id='word_1_612' title='bbox 2840 1565 2963 1632; x_wconf 93' lang='lat' dir='ltr'><strong>illo,</strong></span> <span class='ocrx_word' id='word_1_613' title='bbox 3014 1568 3100 1623; x_wconf 93' lang='lat' dir='ltr'><strong>cui</strong></span> <span class='ocrx_word' id='word_1_614' title='bbox 3127 1550 3387 1628; x_wconf 83' lang='lat' dir='ltr'><strong>veraciter</strong></span> <span class='ocrx_word' id='word_1_615' title='bbox 3432 1575 3649 1645; x_wconf 90' lang='lat' dir='ltr'><strong>dicitur,</strong></span> <span class='ocrx_word' id='word_1_616' title='bbox 3680 1578 3836 1639; x_wconf 79' lang='lat' dir='ltr'><strong>Nihil</strong></span> 
     </span>
    </p>
   </div>
   <div class='ocr_carea' id='block_1_75' title="bbox 2247 1646 3836 1738">
    <p class='ocr_par' dir='ltr' id='par_1_75' title="bbox 2247 1646 3836 1738">
     <span class='ocr_line' id='line_1_75' title="bbox 2247 1646 3836 1738; baseline 0.02 -38"><span class='ocrx_word' id='word_1_617' title='bbox 2247 1646 2399 1702; x_wconf 84' lang='lat' dir='ltr'><strong>odisti</strong></span> <span class='ocrx_word' id='word_1_618' title='bbox 2425 1665 2597 1704; x_wconf 86' lang='lat' dir='ltr'><strong>eorum</strong></span> <span class='ocrx_word' id='word_1_619' title='bbox 2624 1669 2737 1723; x_wconf 77' lang='lat' dir='ltr'><strong>qua:</strong></span> <span class='ocrx_word' id='word_1_620' title='bbox 2754 1655 2915 1725; x_wconf 75' lang='lat' dir='ltr'><strong>fecisti</strong></span> <span class='ocrx_word' id='word_1_621' title='bbox 2987 1658 3167 1733; x_wconf 86' lang='lat' dir='ltr'><strong>(Sap.</strong></span> <span class='ocrx_word' id='word_1_622' title='bbox 3216 1680 3292 1733; x_wconf 86' lang='lat' dir='ltr'><strong>xi,</strong></span> <span class='ocrx_word' id='word_1_623' title='bbox 3327 1666 3459 1738; x_wconf 79' lang='lat'><strong>25).</strong></span> <span class='ocrx_word' id='word_1_624' title='bbox 3524 1668 3644 1726; x_wconf 80' lang='lat' dir='ltr'><strong>Non</strong></span> <span class='ocrx_word' id='word_1_625' title='bbox 3682 1673 3836 1731; x_wconf 82' lang='lat' dir='ltr'><strong>enim</strong></span> 
     </span>
    </p>
   </div>
   <div class='ocr_carea' id='block_1_76' title="bbox 2246 1739 3839 1825">
    <p class='ocr_par' dir='ltr' id='par_1_76' title="bbox 2246 1739 3839 1825">
     <span class='ocr_line' id='line_1_76' title="bbox 2246 1739 3839 1825; baseline 0.02 -33"><span class='ocrx_word' id='word_1_626' title='bbox 2246 1739 2616 1813; x_wconf 89' lang='lat' dir='ltr'><strong>quodcumque</strong></span> <span class='ocrx_word' id='word_1_627' title='bbox 2641 1746 2843 1805; x_wconf 88' lang='lat' dir='ltr'><strong>odisset</strong></span> <span class='ocrx_word' id='word_1_628' title='bbox 2866 1765 2987 1808; x_wconf 85' lang='lat' dir='ltr'><strong>esse</strong></span> <span class='ocrx_word' id='word_1_629' title='bbox 3005 1754 3293 1825; x_wconf 86' lang='lat' dir='ltr'><strong>voluisset,</strong></span> <span class='ocrx_word' id='word_1_630' title='bbox 3319 1768 3413 1815; x_wconf 86' lang='lat' dir='ltr'><strong>aut</strong></span> <span class='ocrx_word' id='word_1_631' title='bbox 3450 1764 3671 1821; x_wconf 87' lang='lat' dir='ltr'><strong>omnino</strong></span> <span class='ocrx_word' id='word_1_632' title='bbox 3689 1775 3839 1823; x_wconf 83' lang='lat' dir='ltr'><strong>esset</strong></span> 
     </span>
    </p>
   </div>
   <div class='ocr_carea' id='block_1_77' title="bbox 2246 1830 3835 1927">
    <p class='ocr_par' dir='ltr' id='par_1_77' title="bbox 2246 1830 3835 1927">
     <span class='ocr_line' id='line_1_77' title="bbox 2246 1830 3835 1927; baseline 0.02 -44"><span class='ocrx_word' id='word_1_633' title='bbox 2246 1830 2389 1927; x_wconf 76' lang='lat' dir='ltr'><strong>quod</strong></span> <span class='ocrx_word' id='word_1_634' title='bbox 2417 1836 2757 1905; x_wconf 88' lang='lat' dir='ltr'><strong>omnipotens</strong></span> <span class='ocrx_word' id='word_1_635' title='bbox 2781 1854 2903 1898; x_wconf 89' lang='lat' dir='ltr'><strong>esse</strong></span> <span class='ocrx_word' id='word_1_636' title='bbox 2944 1843 3226 1915; x_wconf 85' lang='lat' dir='ltr'><strong>noluisset,</strong></span> <span class='ocrx_word' id='word_1_637' title='bbox 3271 1849 3375 1905; x_wconf 89' lang='lat' dir='ltr'><strong>nisi</strong></span> <span class='ocrx_word' id='word_1_638' title='bbox 3411 1860 3468 1907; x_wconf 91' lang='lat' dir='ltr'><strong>et</strong></span> <span class='ocrx_word' id='word_1_639' title='bbox 3494 1853 3551 1909; x_wconf 88' lang='lat' dir='ltr'><strong>in</strong></span> <span class='ocrx_word' id='word_1_640' title='bbox 3595 1870 3663 1911; x_wconf 90' lang='lat' dir='ltr'><strong>eo</strong></span> <span class='ocrx_word' id='word_1_641' title='bbox 3686 1857 3835 1927; x_wconf 88' lang='lat' dir='ltr'><strong>quod</strong></span> 
     </span>
    </p>
   </div>
   <div class='ocr_carea' id='block_1_78' title="bbox 2245 1920 3837 2015">
    <p class='ocr_par' dir='ltr' id='par_1_78' title="bbox 2245 1920 3837 2015">
     <span class='ocr_line' id='line_1_78' title="bbox 2245 1920 3837 2015; baseline 0.018 -40"><span class='ocrx_word' id='word_1_642' title='bbox 2245 1920 2375 1988; x_wconf 91' lang='lat' dir='ltr'><strong>odit,</strong></span> <span class='ocrx_word' id='word_1_643' title='bbox 2407 1934 2547 1980; x_wconf 89' lang='lat' dir='ltr'><strong>esset</strong></span> <span class='ocrx_word' id='word_1_644' title='bbox 2570 1926 2729 1983; x_wconf 91' lang='lat' dir='ltr'><strong>etiam</strong></span> <span class='ocrx_word' id='word_1_645' title='bbox 2745 1930 2886 2001; x_wconf 90' lang='lat' dir='ltr'><strong>quod</strong></span> <span class='ocrx_word' id='word_1_646' title='bbox 2913 1944 3139 1991; x_wconf 84' lang='lat' dir='ltr'><strong>amaret.</strong></span> <span class='ocrx_word' id='word_1_647' title='bbox 3159 1936 3347 1995; x_wconf 69' lang='lat' dir='ltr'><strong>lerito</strong></span> <span class='ocrx_word' id='word_1_648' title='bbox 3364 1942 3563 2015; x_wconf 82' lang='lat' dir='ltr'><strong>quippe</strong></span> <span class='ocrx_word' id='word_1_649' title='bbox 3610 1920 3750 2015; x_wconf 70' lang='lat' dir='ltr'><strong>odii,</strong></span> <span class='ocrx_word' id='word_1_650' title='bbox 3779 1957 3837 2004; x_wconf 83' lang='lat' dir='ltr'><strong>et</strong></span> 
     </span>
    </p>
   </div>
   <div class='ocr_carea' id='block_1_79' title="bbox 2244 2012 3833 2103">
    <p class='ocr_par' dir='ltr' id='par_1_79' title="bbox 2244 2012 3833 2103">
     <span class='ocr_line' id='line_1_79' title="bbox 2244 2012 3833 2103; baseline 0.018 -37"><span class='ocrx_word' id='word_1_651' title='bbox 2244 2012 2391 2067; x_wconf 91' lang='lat' dir='ltr'><strong>velut</strong></span> <span class='ocrx_word' id='word_1_652' title='bbox 2413 2031 2443 2068; x_wconf 88' lang='lat' dir='ltr'><strong>a</strong></span> <span class='ocrx_word' id='word_1_653' title='bbox 2469 2018 2654 2088; x_wconf 82' lang='lat' dir='ltr'><strong>regula</strong></span> <span class='ocrx_word' id='word_1_654' title='bbox 2683 2034 2795 2076; x_wconf 78' lang='lat' dir='ltr'><strong>sua:</strong></span> <span class='ocrx_word' id='word_1_655' title='bbox 2841 2025 2973 2079; x_wconf 87' lang='lat' dir='ltr'><strong>artis</strong></span> <span class='ocrx_word' id='word_1_656' title='bbox 2999 2027 3233 2084; x_wconf 86' lang='lat' dir='ltr'><strong>alienum</strong></span> <span class='ocrx_word' id='word_1_657' title='bbox 3281 2012 3549 2103; x_wconf 72' lang='lat' dir='ltr'><strong>improbat</strong></span> <span class='ocrx_word' id='word_1_658' title='bbox 3590 2012 3785 2093; x_wconf 76' lang='lat' dir='ltr'><strong>vitium</strong></span> <span class='ocrx_word' id='word_1_659' title='bbox 3816 2055 3833 2093; x_wconf 91' lang='lat'><strong>:</strong></span> 
     </span>
    </p>
   </div>
   <div class='ocr_carea' id='block_1_80' title="bbox 2242 2111 3834 2185">
    <p class='ocr_par' dir='ltr' id='par_1_80' title="bbox 2242 2111 3834 2185">
     <span class='ocr_line' id='line_1_80' title="bbox 2242 2111 3834 2185; baseline 0.02 -31"><span class='ocrx_word' id='word_1_660' title='bbox 2242 2111 2387 2158; x_wconf 86' lang='lat' dir='ltr'><strong>amat</strong></span> <span class='ocrx_word' id='word_1_661' title='bbox 2415 2112 2591 2163; x_wconf 89' lang='lat' dir='ltr'><strong>tamen</strong></span> <span class='ocrx_word' id='word_1_662' title='bbox 2616 2123 2771 2167; x_wconf 89' lang='lat' dir='ltr'><strong>suum</strong></span> <span class='ocrx_word' id='word_1_663' title='bbox 2791 2113 2954 2170; x_wconf 82' lang='lat' dir='ltr'><strong>etiam</strong></span> <span class='ocrx_word' id='word_1_664' title='bbox 2984 2117 3039 2172; x_wconf 85' lang='lat' dir='ltr'><strong>in</strong></span> <span class='ocrx_word' id='word_1_665' title='bbox 3067 2117 3273 2177; x_wconf 89' lang='lat' dir='ltr'><strong>vitiosis</strong></span> <span class='ocrx_word' id='word_1_666' title='bbox 3302 2123 3386 2178; x_wconf 92' lang='lat' dir='ltr'><strong>vel</strong></span> <span class='ocrx_word' id='word_1_667' title='bbox 3405 2126 3683 2183; x_wconf 86' lang='lat' dir='ltr'><strong>sanatione</strong></span> <span class='ocrx_word' id='word_1_668' title='bbox 3728 2128 3834 2185; x_wconf 86' lang='lat' dir='ltr'><strong>be-</strong></span> 
     </span>
    </p>
   </div>
   <div class='ocr_carea' id='block_1_81' title="bbox 2242 2192 3836 2285">
    <p class='ocr_par' dir='ltr' id='par_1_81' title="bbox 2242 2192 3836 2285">
     <span class='ocr_line' id='line_1_81' title="bbox 2242 2192 3836 2285; baseline 0.019 -39"><span class='ocrx_word' id='word_1_669' title='bbox 2242 2192 2515 2285; x_wconf 82' lang='lat' dir='ltr'><strong>neﬁcium,</strong></span> <span class='ocrx_word' id='word_1_670' title='bbox 2542 2199 2627 2254; x_wconf 86' lang='lat' dir='ltr'><strong>vel</strong></span> <span class='ocrx_word' id='word_1_671' title='bbox 2650 2200 2991 2262; x_wconf 86' lang='lat' dir='ltr'><strong>damnatione</strong></span> <span class='ocrx_word' id='word_1_672' title='bbox 3004 2208 3260 2277; x_wconf 89' lang='lat' dir='ltr'><strong>judicium</strong></span> <span class='ocrx_word' id='word_1_673' title='bbox 3277 2212 3317 2269; x_wconf 70' lang='grc' dir='ltr'><strong>ί.</strong></span> <span class='ocrx_word' id='word_1_674' title='bbox 3347 2213 3425 2270; x_wconf 84' lang='lat' dir='ltr'><strong>Ita</strong></span> <span class='ocrx_word' id='word_1_675' title='bbox 3446 2215 3612 2285; x_wconf 85' lang='lat' dir='ltr'><strong>Deus,</strong></span> <span class='ocrx_word' id='word_1_676' title='bbox 3660 2229 3716 2276; x_wconf 90' lang='lat' dir='ltr'><strong>et</strong></span> <span class='ocrx_word' id='word_1_677' title='bbox 3744 2220 3836 2283; x_wconf 73' lang='grc' dir='ltr'><strong>υἰ-</strong></span> 
     </span>
    </p>
   </div>
   <div class='ocr_carea' id='block_1_82' title="bbox 2241 2282 3833 2376">
    <p class='ocr_par' dir='ltr' id='par_1_82' title="bbox 2241 2282 3833 2376">
     <span class='ocr_line' id='line_1_82' title="bbox 2241 2282 3833 2376; baseline 0.02 -38"><span class='ocrx_word' id='word_1_678' title='bbox 2241 2282 2319 2340; x_wconf 84' lang='lat' dir='ltr'><strong>hil</strong></span> <span class='ocrx_word' id='word_1_679' title='bbox 2346 2287 2458 2343; x_wconf 89' lang='lat' dir='ltr'><strong>odit</strong></span> <span class='ocrx_word' id='word_1_680' title='bbox 2477 2305 2665 2347; x_wconf 87' lang='lat' dir='ltr'><strong>eorum</strong></span> <span class='ocrx_word' id='word_1_681' title='bbox 2689 2308 2811 2365; x_wconf 69' lang='lat' dir='ltr'><strong>qua:</strong></span> <span class='ocrx_word' id='word_1_682' title='bbox 2838 2296 2962 2355; x_wconf 81' lang='lat' dir='ltr'><strong>fecit</strong></span> <span class='ocrx_word' id='word_1_683' title='bbox 2987 2312 3010 2355; x_wconf 90' lang='lat'><strong><em>:</em></strong></span> <span class='ocrx_word' id='word_1_684' title='bbox 3046 2310 3357 2360; x_wconf 86' lang='lat' dir='ltr'><strong>naturarum</strong></span> <span class='ocrx_word' id='word_1_685' title='bbox 3391 2308 3534 2363; x_wconf 90' lang='lat' dir='ltr'><strong>enim</strong></span> <span class='ocrx_word' id='word_1_686' title='bbox 3558 2351 3574 2376; x_wconf 95' lang='lat'><strong>,</strong></span> <span class='ocrx_word' id='word_1_687' title='bbox 3597 2282 3709 2366; x_wconf 85' lang='lat' dir='ltr'><strong>non</strong></span> <span class='ocrx_word' id='word_1_688' title='bbox 3744 2314 3833 2370; x_wconf 59' lang='lat' dir='ltr'><strong>vi-</strong></span> 
     </span>
    </p>
   </div>
   <div class='ocr_carea' id='block_1_83' title="bbox 2242 2378 3833 2468">
    <p class='ocr_par' dir='ltr' id='par_1_83' title="bbox 2242 2378 3833 2468">
     <span class='ocr_line' id='line_1_83' title="bbox 2242 2378 3833 2468; baseline 0.019 -36"><span class='ocrx_word' id='word_1_689' title='bbox 2242 2378 2435 2435; x_wconf 89' lang='lat' dir='ltr'><strong>tiorum</strong></span> <span class='ocrx_word' id='word_1_690' title='bbox 2456 2383 2720 2452; x_wconf 87' lang='lat' dir='ltr'><strong>conditor,</strong></span> <span class='ocrx_word' id='word_1_691' title='bbox 2746 2388 2884 2443; x_wconf 88' lang='lat' dir='ltr'><strong>mala</strong></span> <span class='ocrx_word' id='word_1_692' title='bbox 2905 2406 3025 2460; x_wconf 74' lang='lat' dir='ltr'><strong>qua:</strong></span> <span class='ocrx_word' id='word_1_693' title='bbox 3048 2392 3180 2461; x_wconf 90' lang='lat' dir='ltr'><strong>odit,</strong></span> <span class='ocrx_word' id='word_1_694' title='bbox 3228 2395 3341 2465; x_wconf 89' lang='lat' dir='ltr'><strong>ipse</strong></span> <span class='ocrx_word' id='word_1_695' title='bbox 3361 2412 3470 2454; x_wconf 90' lang='lat' dir='ltr'><strong>non</strong></span> <span class='ocrx_word' id='word_1_696' title='bbox 3490 2399 3650 2468; x_wconf 79' lang='lat' dir='ltr'><strong>fecit;</strong></span> <span class='ocrx_word' id='word_1_697' title='bbox 3676 2413 3733 2460; x_wconf 88' lang='lat' dir='ltr'><strong>et</strong></span> <span class='ocrx_word' id='word_1_698' title='bbox 3757 2404 3833 2462; x_wconf 84' lang='lat' dir='ltr'><strong>de</strong></span> 
     </span>
    </p>
   </div>
   <div class='ocr_carea' id='block_1_84' title="bbox 2240 2470 3831 2560">
    <p class='ocr_par' dir='ltr' id='par_1_84' title="bbox 2240 2470 3831 2560">
     <span class='ocr_line' id='line_1_84' title="bbox 2240 2470 3831 2560; baseline 0.019 -38"><span class='ocrx_word' id='word_1_699' title='bbox 2240 2470 2396 2526; x_wconf 85' lang='lat' dir='ltr'><strong>malis</strong></span> <span class='ocrx_word' id='word_1_700' title='bbox 2422 2473 2625 2530; x_wconf 87' lang='lat' dir='ltr'><strong>eisdem</strong></span> <span class='ocrx_word' id='word_1_701' title='bbox 2642 2477 2727 2533; x_wconf 78' lang='lat' dir='ltr'><strong>vel</strong></span> <span class='ocrx_word' id='word_1_702' title='bbox 2745 2481 2983 2537; x_wconf 84' lang='lat' dir='ltr'><strong>sanando</strong></span> <span class='ocrx_word' id='word_1_703' title='bbox 3002 2498 3063 2539; x_wconf 90' lang='lat' dir='ltr'><strong>ea</strong></span> <span class='ocrx_word' id='word_1_704' title='bbox 3100 2498 3199 2555; x_wconf 89' lang='lat' dir='ltr'><strong>per</strong></span> <span class='ocrx_word' id='word_1_705' title='bbox 3224 2488 3643 2548; x_wconf 88' lang='lat' dir='ltr'><strong>misericordiam</strong></span> <span class='ocrx_word' id='word_1_706' title='bbox 3663 2532 3679 2560; x_wconf 93' lang='lat'><strong>,</strong></span> <span class='ocrx_word' id='word_1_707' title='bbox 3741 2498 3831 2553; x_wconf 84' lang='lat' dir='ltr'><strong>vel</strong></span> 
     </span>
    </p>
   </div>
   <div class='ocr_carea' id='block_1_85' title="bbox 2239 2561 3827 2653">
    <p class='ocr_par' dir='ltr' id='par_1_85' title="bbox 2239 2561 3827 2653">
     <span class='ocr_line' id='line_1_85' title="bbox 2239 2561 3827 2653; baseline 0.018 -38"><span class='ocrx_word' id='word_1_708' title='bbox 2239 2561 2538 2653; x_wconf 73' lang='lat' dir='ltr'><strong>ordinando</strong></span> <span class='ocrx_word' id='word_1_709' title='bbox 2563 2581 2661 2636; x_wconf 83' lang='lat' dir='ltr'><strong>per</strong></span> <span class='ocrx_word' id='word_1_710' title='bbox 2699 2569 2996 2639; x_wconf 90' lang='lat' dir='ltr'><strong>judicium,</strong></span> <span class='ocrx_word' id='word_1_711' title='bbox 3044 2574 3182 2631; x_wconf 88' lang='lat' dir='ltr'><strong>bona</strong></span> <span class='ocrx_word' id='word_1_712' title='bbox 3218 2586 3343 2634; x_wconf 84' lang='lat' dir='ltr'><strong>sunt</strong></span> <span class='ocrx_word' id='word_1_713' title='bbox 3362 2578 3477 2650; x_wconf 88' lang='lat' dir='ltr'><strong>ipsa</strong></span> <span class='ocrx_word' id='word_1_714' title='bbox 3516 2597 3635 2653; x_wconf 68' lang='lat' dir='ltr'><strong>quia</strong></span> <span class='ocrx_word' id='word_1_715' title='bbox 3676 2586 3827 2643; x_wconf 76' lang='lat' dir='ltr'><strong>facit.</strong></span> 
     </span>
    </p>
   </div>
   <div class='ocr_carea' id='block_1_86' title="bbox 2237 2649 3834 2751">
    <p class='ocr_par' dir='ltr' id='par_1_86' title="bbox 2237 2649 3834 2751">
     <span class='ocr_line' id='line_1_86' title="bbox 2237 2649 3834 2751; baseline 0.019 -44"><span class='ocrx_word' id='word_1_716' title='bbox 2237 2649 2372 2708; x_wconf 88' lang='lat' dir='ltr'><strong>Cum</strong></span> <span class='ocrx_word' id='word_1_717' title='bbox 2397 2654 2557 2726; x_wconf 81' lang='lat' dir='ltr'><strong>igitur</strong></span> <span class='ocrx_word' id='word_1_718' title='bbox 2584 2673 2770 2716; x_wconf 90' lang='lat' dir='ltr'><strong>eorum</strong></span> <span class='ocrx_word' id='word_1_719' title='bbox 2795 2678 2914 2733; x_wconf 67' lang='lat' dir='ltr'><strong>qua:</strong></span> <span class='ocrx_word' id='word_1_720' title='bbox 2942 2663 3067 2721; x_wconf 80' lang='lat' dir='ltr'><strong>fecit</strong></span> <span class='ocrx_word' id='word_1_721' title='bbox 3101 2668 3233 2724; x_wconf 86' lang='lat' dir='ltr'><strong>nihil</strong></span> <span class='ocrx_word' id='word_1_722' title='bbox 3266 2649 3460 2739; x_wconf 81' lang='lat' dir='ltr'><strong>oderit,</strong></span> <span class='ocrx_word' id='word_1_723' title='bbox 3492 2649 3612 2745; x_wconf 82' lang='lat' dir='ltr'><strong>quis</strong></span> <span class='ocrx_word' id='word_1_724' title='bbox 3663 2677 3834 2751; x_wconf 86' lang='lat' dir='ltr'><strong>digne</strong></span> 
     </span>
    </p>
   </div>
   <div class='ocr_carea' id='block_1_87' title="bbox 2238 2746 3827 2837">
    <p class='ocr_par' dir='ltr' id='par_1_87' title="bbox 2238 2746 3827 2837">
     <span class='ocr_line' id='line_1_87' title="bbox 2238 2746 3827 2837; baseline 0.018 -39"><span class='ocrx_word' id='word_1_725' title='bbox 2238 2746 2409 2814; x_wconf 89' lang='lat' dir='ltr'><strong>possit</strong></span> <span class='ocrx_word' id='word_1_726' title='bbox 2434 2748 2650 2819; x_wconf 87' lang='lat' dir='ltr'><strong>eloqui,</strong></span> <span class='ocrx_word' id='word_1_727' title='bbox 2679 2763 2937 2821; x_wconf 83' lang='lat' dir='ltr'><strong>quantum</strong></span> <span class='ocrx_word' id='word_1_728' title='bbox 2957 2755 3138 2828; x_wconf 87' lang='lat' dir='ltr'><strong>diligat</strong></span> <span class='ocrx_word' id='word_1_729' title='bbox 3164 2761 3407 2818; x_wconf 90' lang='lat' dir='ltr'><strong>membra</strong></span> <span class='ocrx_word' id='word_1_730' title='bbox 3432 2762 3698 2837; x_wconf 88' lang='lat' dir='ltr'><strong>Unigeniti</strong></span> <span class='ocrx_word' id='word_1_731' title='bbox 3716 2746 3827 2835; x_wconf 72' lang='lat' dir='ltr'><strong>sui;</strong></span> 
     </span>
    </p>
   </div>
   <div class='ocr_carea' id='block_1_88' title="bbox 2237 2841 3833 2927">
    <p class='ocr_par' dir='ltr' id='par_1_88' title="bbox 2237 2841 3833 2927">
     <span class='ocr_line' id='line_1_88' title="bbox 2237 2841 3833 2927; baseline 0.018 -36"><span class='ocrx_word' id='word_1_732' title='bbox 2237 2843 2293 2891; x_wconf 91' lang='lat' dir='ltr'><strong>et</strong></span> <span class='ocrx_word' id='word_1_733' title='bbox 2316 2848 2516 2907; x_wconf 89' lang='lat' dir='ltr'><strong>quanto</strong></span> <span class='ocrx_word' id='word_1_734' title='bbox 2542 2841 2771 2911; x_wconf 87' lang='lat' dir='ltr'><strong>amplius</strong></span> <span class='ocrx_word' id='word_1_735' title='bbox 2797 2843 2970 2914; x_wconf 87' lang='lat' dir='ltr'><strong>ipsum</strong></span> <span class='ocrx_word' id='word_1_736' title='bbox 2998 2846 3340 2919; x_wconf 87' lang='lat' dir='ltr'><strong>Unigeuitum</strong></span> <span class='ocrx_word' id='word_1_737' title='bbox 3358 2894 3376 2921; x_wconf 91' lang='lat'><strong>,</strong></span> <span class='ocrx_word' id='word_1_738' title='bbox 3407 2854 3459 2911; x_wconf 92' lang='lat' dir='ltr'><strong>in</strong></span> <span class='ocrx_word' id='word_1_739' title='bbox 3480 2871 3587 2927; x_wconf 92' lang='lat' dir='ltr'><strong>quo</strong></span> <span class='ocrx_word' id='word_1_740' title='bbox 3608 2861 3833 2918; x_wconf 81' lang='lat' dir='ltr'><strong>condita</strong></span> 
     </span>
    </p>
   </div>
   <div class='ocr_carea' id='block_1_89' title="bbox 2237 2929 3836 3021">
    <p class='ocr_par' dir='ltr' id='par_1_89' title="bbox 2237 2929 3836 3021">
     <span class='ocr_line' id='line_1_89' title="bbox 2237 2929 3836 3021; baseline 0.018 -41"><span class='ocrx_word' id='word_1_741' title='bbox 2237 2934 2363 2982; x_wconf 90' lang='lat' dir='ltr'><strong>sunt</strong></span> <span class='ocrx_word' id='word_1_742' title='bbox 2389 2929 2570 2985; x_wconf 88' lang='lat' dir='ltr'><strong>omnia</strong></span> <span class='ocrx_word' id='word_1_743' title='bbox 2596 2931 2826 2989; x_wconf 88' lang='lat' dir='ltr'><strong>visibilia</strong></span> <span class='ocrx_word' id='word_1_744' title='bbox 2849 2943 2905 2991; x_wconf 91' lang='lat' dir='ltr'><strong>et</strong></span> <span class='ocrx_word' id='word_1_745' title='bbox 2942 2936 3255 3008; x_wconf 88' lang='lat' dir='ltr'><strong>invisibilia,</strong></span> <span class='ocrx_word' id='word_1_746' title='bbox 3280 2958 3400 3013; x_wconf 66' lang='lat' dir='ltr'><strong>qua:</strong></span> <span class='ocrx_word' id='word_1_747' title='bbox 3425 2944 3479 3001; x_wconf 91' lang='lat' dir='ltr'><strong>in</strong></span> <span class='ocrx_word' id='word_1_748' title='bbox 3504 2948 3617 3004; x_wconf 87' lang='lat' dir='ltr'><strong>suis</strong></span> <span class='ocrx_word' id='word_1_749' title='bbox 3660 2963 3836 3021; x_wconf 85' lang='lat' dir='ltr'><strong>gene-</strong></span> 
     </span>
    </p>
   </div>
   <div class='ocr_carea' id='block_1_90' title="bbox 2236 3017 3832 3114">
    <p class='ocr_par' dir='ltr' id='par_1_90' title="bbox 2236 3017 3832 3114">
     <span class='ocr_line' id='line_1_90' title="bbox 2236 3017 3832 3114; baseline 0.019 -43"><span class='ocrx_word' id='word_1_750' title='bbox 2236 3017 2385 3076; x_wconf 89' lang='lat' dir='ltr'><strong>ribus</strong></span> <span class='ocrx_word' id='word_1_751' title='bbox 2409 3020 2649 3077; x_wconf 86' lang='lat' dir='ltr'><strong>ordinata</strong></span> <span class='ocrx_word' id='word_1_752' title='bbox 2676 3024 3073 3086; x_wconf 73' lang='lat' dir='ltr'><strong>ordinatissime</strong></span> <span class='ocrx_word' id='word_1_753' title='bbox 3108 3030 3315 3103; x_wconf 80' lang='lat' dir='ltr'><strong>diligit?</strong></span> <span class='ocrx_word' id='word_1_754' title='bbox 3358 3034 3597 3094; x_wconf 69' lang='lat' dir='ltr'><strong>Membra</strong></span> <span class='ocrx_word' id='word_1_755' title='bbox 3623 3017 3832 3114; x_wconf 78' lang='lat' dir='ltr'><strong>quippe</strong></span> 
     </span>
    </p>
   </div>
   <div class='ocr_carea' id='block_1_91' title="bbox 2241 3109 3835 3206">
    <p class='ocr_par' dir='ltr' id='par_1_91' title="bbox 2241 3109 3835 3206">
     <span class='ocr_line' id='line_1_91' title="bbox 2241 3109 3835 3206; baseline 0.015 -39"><span class='ocrx_word' id='word_1_756' title='bbox 2241 3109 2504 3183; x_wconf 89' lang='lat' dir='ltr'><strong>Unigeniti</strong></span> <span class='ocrx_word' id='word_1_757' title='bbox 2540 3114 2609 3171; x_wconf 89' lang='lat' dir='ltr'><strong>ad</strong></span> <span class='ocrx_word' id='word_1_758' title='bbox 2637 3116 2961 3188; x_wconf 82' lang='lat' dir='ltr'><strong>Angelorum</strong></span> <span class='ocrx_word' id='word_1_759' title='bbox 2994 3131 3301 3181; x_wconf 85' lang='lat' dir='ltr'><strong>sanctorum</strong></span> <span class='ocrx_word' id='word_1_760' title='bbox 3318 3109 3675 3200; x_wconf 66' lang='lat' dir='ltr'><strong>aequalitatem</strong></span> <span class='ocrx_word' id='word_1_761' title='bbox 3702 3109 3835 3206; x_wconf 61' lang='lat' dir='ltr'><strong>gra-</strong></span> 
     </span>
    </p>
   </div>
   <div class='ocr_carea' id='block_1_92' title="bbox 2237 3291 3828 3389">
    <p class='ocr_par' dir='ltr' id='par_1_92' title="bbox 2237 3291 3828 3389">
     <span class='ocr_line' id='line_1_92' title="bbox 2237 3291 3828 3389; baseline 0.019 -43"><span class='ocrx_word' id='word_1_762' title='bbox 2237 3291 2493 3350; x_wconf 88' lang='lat' dir='ltr'><strong>Dominus</strong></span> <span class='ocrx_word' id='word_1_763' title='bbox 2520 3299 2761 3355; x_wconf 88' lang='lat' dir='ltr'><strong>omnium</strong></span> <span class='ocrx_word' id='word_1_764' title='bbox 2783 3340 2801 3368; x_wconf 93' lang='lat'><strong>,</strong></span> <span class='ocrx_word' id='word_1_765' title='bbox 2823 3304 3009 3371; x_wconf 83' lang='lat' dir='ltr'><strong>procul</strong></span> <span class='ocrx_word' id='word_1_766' title='bbox 3037 3305 3202 3365; x_wconf 89' lang='lat' dir='ltr'><strong>dubio</strong></span> <span class='ocrx_word' id='word_1_767' title='bbox 3236 3319 3320 3367; x_wconf 84' lang='lat' dir='ltr'><strong>est</strong></span> <span class='ocrx_word' id='word_1_768' title='bbox 3338 3311 3599 3372; x_wconf 85' lang='lat' dir='ltr'><strong>Dominus</strong></span> <span class='ocrx_word' id='word_1_769' title='bbox 3629 3316 3828 3389; x_wconf 79' lang='lat' dir='ltr'><strong>Ange-</strong></span> 
     </span>
    </p>
   </div>
   <div class='ocr_carea' id='block_1_93' title="bbox 2237 3384 3830 3477">
    <p class='ocr_par' dir='ltr' id='par_1_93' title="bbox 2237 3384 3830 3477">
     <span class='ocr_line' id='line_1_93' title="bbox 2237 3384 3830 3477; baseline 0.019 -39"><span class='ocrx_word' id='word_1_770' title='bbox 2237 3384 2407 3440; x_wconf 91' lang='lat' dir='ltr'><strong>lorum</strong></span> <span class='ocrx_word' id='word_1_771' title='bbox 2425 3426 2443 3455; x_wconf 87' lang='lat'><strong>,</strong></span> <span class='ocrx_word' id='word_1_772' title='bbox 2465 3398 2650 3446; x_wconf 90' lang='lat' dir='ltr'><strong>natura</strong></span> <span class='ocrx_word' id='word_1_773' title='bbox 2680 3407 2784 3464; x_wconf 86' lang='lat' dir='ltr'><strong>qua</strong></span> <span class='ocrx_word' id='word_1_774' title='bbox 2816 3394 2960 3453; x_wconf 87' lang='lat' dir='ltr'><strong>Deus</strong></span> <span class='ocrx_word' id='word_1_775' title='bbox 3005 3407 3114 3469; x_wconf 84' lang='lat' dir='ltr'><strong>est,</strong></span> <span class='ocrx_word' id='word_1_776' title='bbox 3148 3415 3258 3459; x_wconf 90' lang='lat' dir='ltr'><strong>non</strong></span> <span class='ocrx_word' id='word_1_777' title='bbox 3285 3405 3526 3477; x_wconf 81' lang='lat' dir='ltr'><strong>Angelis,</strong></span> <span class='ocrx_word' id='word_1_778' title='bbox 3555 3409 3651 3466; x_wconf 87' lang='lat' dir='ltr'><strong>sed</strong></span> <span class='ocrx_word' id='word_1_779' title='bbox 3677 3384 3830 3468; x_wconf 64' lang='lat' dir='ltr'><strong>Patri</strong></span> 
     </span>
    </p>
   </div>
   <div class='ocr_carea' id='block_1_94' title="bbox 2235 3478 3830 3573">
    <p class='ocr_par' dir='ltr' id='par_1_94' title="bbox 2235 3478 3830 3573">
     <span class='ocr_line' id='line_1_94' title="bbox 2235 3478 3830 3573; baseline 0.019 -42"><span class='ocrx_word' id='word_1_780' title='bbox 2235 3478 2412 3547; x_wconf 88' lang='lat' dir='ltr'><strong>potius</strong></span> <span class='ocrx_word' id='word_1_781' title='bbox 2454 3483 2709 3563; x_wconf 80' lang='lat' dir='ltr'><strong>aequalis;</strong></span> <span class='ocrx_word' id='word_1_782' title='bbox 2742 3488 2915 3558; x_wconf 86' lang='lat' dir='ltr'><strong>gratia</strong></span> <span class='ocrx_word' id='word_1_783' title='bbox 2938 3504 3069 3549; x_wconf 85' lang='lat' dir='ltr'><strong>vero</strong></span> <span class='ocrx_word' id='word_1_784' title='bbox 3092 3508 3197 3565; x_wconf 89' lang='lat' dir='ltr'><strong>qua</strong></span> <span class='ocrx_word' id='word_1_785' title='bbox 3224 3495 3389 3553; x_wconf 87' lang='lat' dir='ltr'><strong>homo</strong></span> <span class='ocrx_word' id='word_1_786' title='bbox 3414 3508 3517 3567; x_wconf 89' lang='lat' dir='ltr'><strong>est,</strong></span> <span class='ocrx_word' id='word_1_787' title='bbox 3548 3502 3830 3573; x_wconf 88' lang='lat' dir='ltr'><strong>quomodo</strong></span> 
     </span>
    </p>
   </div>
   <div class='ocr_carea' id='block_1_95' title="bbox 2235 3575 3831 3663">
    <p class='ocr_par' dir='ltr' id='par_1_95' title="bbox 2235 3575 3831 3663">
     <span class='ocr_line' id='line_1_95' title="bbox 2235 3575 3831 3663; baseline 0.018 -38"><span class='ocrx_word' id='word_1_788' title='bbox 2235 3584 2341 3627; x_wconf 90' lang='lat' dir='ltr'><strong>non</strong></span> <span class='ocrx_word' id='word_1_789' title='bbox 2368 3575 2575 3631; x_wconf 83' lang='lat' dir='ltr'><strong>excedit</strong></span> <span class='ocrx_word' id='word_1_790' title='bbox 2619 3579 2989 3639; x_wconf 86' lang='lat' dir='ltr'><strong>excellentiam</strong></span> <span class='ocrx_word' id='word_1_791' title='bbox 3034 3584 3320 3656; x_wconf 83' lang='lat' dir='ltr'><strong>cujuslibet</strong></span> <span class='ocrx_word' id='word_1_792' title='bbox 3341 3590 3545 3663; x_wconf 88' lang='lat' dir='ltr'><strong>angeli,</strong></span> <span class='ocrx_word' id='word_1_793' title='bbox 3574 3608 3700 3650; x_wconf 91' lang='lat' dir='ltr'><strong>cum</strong></span> <span class='ocrx_word' id='word_1_794' title='bbox 3754 3597 3831 3653; x_wconf 79' lang='lat' dir='ltr'><strong>sit</strong></span> 
     </span>
    </p>
   </div>
   <div class='ocr_carea' id='block_1_96' title="bbox 2234 3670 3098 3735">
    <p class='ocr_par' dir='ltr' id='par_1_96' title="bbox 2234 3670 3098 3735">
     <span class='ocr_line' id='line_1_96' title="bbox 2234 3670 3098 3735; baseline 0.019 -19"><span class='ocrx_word' id='word_1_795' title='bbox 2234 3677 2338 3717; x_wconf 90' lang='lat' dir='ltr'><strong>una</strong></span> <span class='ocrx_word' id='word_1_796' title='bbox 2371 3679 2598 3735; x_wconf 90' lang='lat' dir='ltr'><strong>persona</strong></span> <span class='ocrx_word' id='word_1_797' title='bbox 2625 3670 2803 3727; x_wconf 88' lang='lat' dir='ltr'><strong>carnis</strong></span> <span class='ocrx_word' id='word_1_798' title='bbox 2825 3681 2881 3728; x_wconf 88' lang='lat' dir='ltr'><strong>et</strong></span> <span class='ocrx_word' id='word_1_799' title='bbox 2898 3671 3098 3732; x_wconf 84' lang='lat' dir='ltr'><strong>Verbi?</strong></span> 
     </span>
    </p>
   </div>
   <div class='ocr_carea' id='block_1_97' title="bbox 2307 3753 3829 3843">
    <p class='ocr_par' dir='ltr' id='par_1_97' title="bbox 2307 3753 3829 3843">
     <span class='ocr_line' id='line_1_97' title="bbox 2307 3753 3829 3843; baseline 0.016 -35"><span class='ocrx_word' id='word_1_800' title='bbox 2307 3753 2361 3808; x_wconf 88' lang='lat'><strong>7.</strong></span> <span class='ocrx_word' id='word_1_801' title='bbox 2417 3753 2734 3829; x_wconf 83' lang='lat' dir='ltr'><strong>Quanquam</strong></span> <span class='ocrx_word' id='word_1_802' title='bbox 2781 3777 2887 3818; x_wconf 91' lang='lat' dir='ltr'><strong>non</strong></span> <span class='ocrx_word' id='word_1_803' title='bbox 2930 3762 3108 3821; x_wconf 90' lang='lat' dir='ltr'><strong>desint</strong></span> <span class='ocrx_word' id='word_1_804' title='bbox 3142 3767 3233 3838; x_wconf 86' lang='lat' dir='ltr'><strong>qui</strong></span> <span class='ocrx_word' id='word_1_805' title='bbox 3264 3769 3426 3827; x_wconf 87' lang='lat' dir='ltr'><strong>etiam</strong></span> <span class='ocrx_word' id='word_1_806' title='bbox 3456 3786 3556 3829; x_wconf 84' lang='lat' dir='ltr'><strong>nos</strong></span> <span class='ocrx_word' id='word_1_807' title='bbox 3601 3774 3829 3843; x_wconf 79' lang='lat' dir='ltr'><strong>Angelis</strong></span> 
     </span>
    </p>
   </div>
   <div class='ocr_carea' id='block_1_98' title="bbox 2232 3844 3827 3936">
    <p class='ocr_par' dir='ltr' id='par_1_98' title="bbox 2232 3844 3827 3936">
     <span class='ocr_line' id='line_1_98' title="bbox 2232 3844 3827 3936; baseline 0.015 -38"><span class='ocrx_word' id='word_1_808' title='bbox 2232 3844 2514 3915; x_wconf 71' lang='lat' dir='ltr'><strong>prieterant</strong></span> <span class='ocrx_word' id='word_1_809' title='bbox 2533 3861 2549 3912; x_wconf 92' lang='lat'><strong>;</strong></span> <span class='ocrx_word' id='word_1_810' title='bbox 2570 3848 2691 3918; x_wconf 91' lang='lat' dir='ltr'><strong>quia</strong></span> <span class='ocrx_word' id='word_1_811' title='bbox 2712 3863 2810 3920; x_wconf 92' lang='lat' dir='ltr'><strong>pro</strong></span> <span class='ocrx_word' id='word_1_812' title='bbox 2834 3851 3007 3921; x_wconf 90' lang='lat' dir='ltr'><strong>nobis,</strong></span> <span class='ocrx_word' id='word_1_813' title='bbox 3038 3854 3319 3927; x_wconf 84' lang='lat' dir='ltr'><strong>inquiunt,</strong></span> <span class='ocrx_word' id='word_1_814' title='bbox 3348 3875 3453 3916; x_wconf 91' lang='lat' dir='ltr'><strong>non</strong></span> <span class='ocrx_word' id='word_1_815' title='bbox 3477 3877 3575 3933; x_wconf 84' lang='lat' dir='ltr'><strong>pro</strong></span> <span class='ocrx_word' id='word_1_816' title='bbox 3597 3864 3827 3936; x_wconf 79' lang='lat' dir='ltr'><strong>Angelis</strong></span> 
     </span>
    </p>
   </div>
   <div class='ocr_carea' id='block_1_99' title="bbox 2232 3938 3828 4023">
    <p class='ocr_par' dir='ltr' id='par_1_99' title="bbox 2232 3938 3828 4023">
     <span class='ocr_line' id='line_1_99' title="bbox 2232 3938 3828 4023; baseline 0.015 -34"><span class='ocrx_word' id='word_1_817' title='bbox 2232 3943 2474 3993; x_wconf 89' lang='lat' dir='ltr'><strong>mortuus</strong></span> <span class='ocrx_word' id='word_1_818' title='bbox 2496 3947 2580 3994; x_wconf 90' lang='lat' dir='ltr'><strong>est</strong></span> <span class='ocrx_word' id='word_1_819' title='bbox 2597 3938 2860 3998; x_wconf 83' lang='lat' dir='ltr'><strong>Christus.</strong></span> <span class='ocrx_word' id='word_1_820' title='bbox 2890 3943 2949 3999; x_wconf 88' lang='lat' dir='ltr'><strong>Id</strong></span> <span class='ocrx_word' id='word_1_821' title='bbox 2975 3945 3103 4015; x_wconf 89' lang='lat' dir='ltr'><strong>quid</strong></span> <span class='ocrx_word' id='word_1_822' title='bbox 3130 3955 3213 4004; x_wconf 88' lang='lat' dir='ltr'><strong>est</strong></span> <span class='ocrx_word' id='word_1_823' title='bbox 3234 3948 3375 4005; x_wconf 82' lang='lat' dir='ltr'><strong>aliud</strong></span> <span class='ocrx_word' id='word_1_824' title='bbox 3398 3991 3416 4019; x_wconf 93' lang='lat'><strong>,</strong></span> <span class='ocrx_word' id='word_1_825' title='bbox 3440 3968 3600 4023; x_wconf 86' lang='lat' dir='ltr'><strong>quam</strong></span> <span class='ocrx_word' id='word_1_826' title='bbox 3626 3954 3696 4012; x_wconf 84' lang='lat' dir='ltr'><strong>de</strong></span> <span class='ocrx_word' id='word_1_827' title='bbox 3711 3956 3828 4012; x_wconf 85' lang='lat' dir='ltr'><strong>im-</strong></span> 
     </span>
    </p>
   </div>
   <div class='ocr_carea' id='block_1_100' title="bbox 2232 4027 3828 4110">
    <p class='ocr_par' dir='ltr' id='par_1_100' title="bbox 2232 4027 3828 4110">
     <span class='ocr_line' id='line_1_100' title="bbox 2232 4027 3828 4110; baseline 0.014 -29"><span class='ocrx_word' id='word_1_828' title='bbox 2232 4027 2428 4098; x_wconf 78' lang='lat' dir='ltr'><strong>pietate</strong></span> <span class='ocrx_word' id='word_1_829' title='bbox 2474 4030 2610 4087; x_wconf 87' lang='lat' dir='ltr'><strong>velle</strong></span> <span class='ocrx_word' id='word_1_830' title='bbox 2671 4032 2928 4104; x_wconf 78' lang='lat' dir='ltr'><strong>gloriari?</strong></span> <span class='ocrx_word' id='word_1_831' title='bbox 2968 4035 3178 4093; x_wconf 87' lang='lat' dir='ltr'><strong>Etenim</strong></span> <span class='ocrx_word' id='word_1_832' title='bbox 3229 4039 3460 4099; x_wconf 78' lang='lat' dir='ltr'><strong>Christus</strong></span> <span class='ocrx_word' id='word_1_833' title='bbox 3482 4083 3499 4110; x_wconf 89' lang='lat'><strong>,</strong></span> <span class='ocrx_word' id='word_1_834' title='bbox 3546 4044 3686 4102; x_wconf 87' lang='lat' dir='ltr'><strong>sicut</strong></span> <span class='ocrx_word' id='word_1_835' title='bbox 3744 4048 3828 4104; x_wconf 81' lang='lat' dir='ltr'><strong>ait</strong></span> 
     </span>
    </p>
   </div>
   <div class='ocr_carea' id='block_1_101' title="bbox 2231 4117 3816 4207">
    <p class='ocr_par' dir='ltr' id='par_1_101' title="bbox 2231 4117 3816 4207">
     <span class='ocr_line' id='line_1_101' title="bbox 2231 4117 3816 4207; baseline 0.015 -36"><span class='ocrx_word' id='word_1_836' title='bbox 2231 4117 2539 4207; x_wconf 85' lang='lat' dir='ltr'><strong>Apostolus,</strong></span> <span class='ocrx_word' id='word_1_837' title='bbox 2558 4120 2715 4192; x_wconf 72' lang='lat' dir='ltr'><strong>juxta</strong></span> <span class='ocrx_word' id='word_1_838' title='bbox 2733 4131 2929 4196; x_wconf 86' lang='lat' dir='ltr'><strong>tempus</strong></span> <span class='ocrx_word' id='word_1_839' title='bbox 2955 4143 3049 4198; x_wconf 85' lang='lat' dir='ltr'><strong>pro</strong></span> <span class='ocrx_word' id='word_1_840' title='bbox 3069 4128 3238 4199; x_wconf 82' lang='lat' dir='ltr'><strong>impiis</strong></span> <span class='ocrx_word' id='word_1_841' title='bbox 3249 4142 3479 4190; x_wconf 86' lang='lat' dir='ltr'><strong>mortuus</strong></span> <span class='ocrx_word' id='word_1_842' title='bbox 3499 4143 3571 4190; x_wconf 84' lang='lat' dir='ltr'><strong>est</strong></span> <span class='ocrx_word' id='word_1_843' title='bbox 3623 4137 3816 4207; x_wconf 75' lang='lat' dir='ltr'><strong>(Rom.</strong></span> 
     </span>
    </p>
   </div>
   <div class='ocr_carea' id='block_1_102' title="bbox 2231 4204 3825 4290">
    <p class='ocr_par' dir='ltr' id='par_1_102' title="bbox 2231 4204 3825 4290">
     <span class='ocr_line' id='line_1_102' title="bbox 2231 4204 3825 4290; baseline 0.015 -29"><span class='ocrx_word' id='word_1_844' title='bbox 2231 4220 2287 4273; x_wconf 87' lang='lat' dir='ltr'><strong>v,</strong></span> <span class='ocrx_word' id='word_1_845' title='bbox 2312 4206 2345 4263; x_wconf 88' lang='lat'><strong>6</strong></span> <span class='ocrx_word' id='word_1_846' title='bbox 2363 4204 2407 4282; x_wconf 92' lang='lat'><strong>).</strong></span> <span class='ocrx_word' id='word_1_847' title='bbox 2432 4208 2529 4264; x_wconf 85' lang='lat' dir='ltr'><strong>llic</strong></span> <span class='ocrx_word' id='word_1_848' title='bbox 2565 4225 2694 4281; x_wconf 89' lang='lat' dir='ltr'><strong>ergo</strong></span> <span class='ocrx_word' id='word_1_849' title='bbox 2717 4228 2824 4269; x_wconf 91' lang='lat' dir='ltr'><strong>non</strong></span> <span class='ocrx_word' id='word_1_850' title='bbox 2849 4217 3096 4272; x_wconf 90' lang='lat' dir='ltr'><strong>meritum</strong></span> <span class='ocrx_word' id='word_1_851' title='bbox 3116 4228 3380 4290; x_wconf 90' lang='lat' dir='ltr'><strong>nostrum,</strong></span> <span class='ocrx_word' id='word_1_852' title='bbox 3408 4223 3503 4280; x_wconf 87' lang='lat' dir='ltr'><strong>sed</strong></span> <span class='ocrx_word' id='word_1_853' title='bbox 3530 4204 3825 4284; x_wconf 25' lang='lat' dir='ltr'><strong>Dei‘mise~</strong></span> 
     </span>
    </p>
   </div>
   <div class='ocr_carea' id='block_1_103' title="bbox 2230 4297 3824 4382">
    <p class='ocr_par' dir='ltr' id='par_1_103' title="bbox 2230 4297 3824 4382">
     <span class='ocr_line' id='line_1_103' title="bbox 2230 4297 3824 4382; baseline 0.016 -30"><span class='ocrx_word' id='word_1_854' title='bbox 2230 4297 2459 4355; x_wconf 87' lang='lat' dir='ltr'><strong>ricordia</strong></span> <span class='ocrx_word' id='word_1_855' title='bbox 2506 4304 2932 4361; x_wconf 90' lang='lat' dir='ltr'><strong>commendatur.</strong></span> <span class='ocrx_word' id='word_1_856' title='bbox 2977 4306 3109 4364; x_wconf 86' lang='lat' dir='ltr'><strong>Nam</strong></span> <span class='ocrx_word' id='word_1_857' title='bbox 3137 4311 3295 4382; x_wconf 88' lang='lat' dir='ltr'><strong>quale</strong></span> <span class='ocrx_word' id='word_1_858' title='bbox 3317 4324 3402 4371; x_wconf 89' lang='lat' dir='ltr'><strong>est</strong></span> <span class='ocrx_word' id='word_1_859' title='bbox 3420 4315 3541 4373; x_wconf 89' lang='lat' dir='ltr'><strong>ideo</strong></span> <span class='ocrx_word' id='word_1_860' title='bbox 3565 4331 3626 4374; x_wconf 86' lang='lat' dir='ltr'><strong>se</strong></span> <span class='ocrx_word' id='word_1_861' title='bbox 3670 4319 3824 4378; x_wconf 82' lang='lat' dir='ltr'><strong>velle</strong></span> 
     </span>
    </p>
   </div>
   <div class='ocr_carea' id='block_1_104' title="bbox 2232 4386 3822 4480">
    <p class='ocr_par' dir='ltr' id='par_1_104' title="bbox 2232 4386 3822 4480">
     <span class='ocr_line' id='line_1_104' title="bbox 2232 4386 3822 4480; baseline 0.016 -38"><span class='ocrx_word' id='word_1_862' title='bbox 2232 4386 2469 4457; x_wconf 86' lang='lat' dir='ltr'><strong>laudari,</strong></span> <span class='ocrx_word' id='word_1_863' title='bbox 2494 4393 2617 4461; x_wconf 89' lang='lat' dir='ltr'><strong>quia</strong></span> <span class='ocrx_word' id='word_1_864' title='bbox 2640 4394 2768 4449; x_wconf 87' lang='lat' dir='ltr'><strong>vitio</strong></span> <span class='ocrx_word' id='word_1_865' title='bbox 2813 4411 2913 4453; x_wconf 92' lang='lat' dir='ltr'><strong>suo</strong></span> <span class='ocrx_word' id='word_1_866' title='bbox 2959 4406 3063 4455; x_wconf 88' lang='lat' dir='ltr'><strong>tam</strong></span> <span class='ocrx_word' id='word_1_867' title='bbox 3089 4399 3476 4463; x_wconf 90' lang='lat' dir='ltr'><strong>detestabiliter</strong></span> <span class='ocrx_word' id='word_1_868' title='bbox 3495 4412 3783 4479; x_wconf 68' lang='lat' dir='ltr'><strong>mgrotavit</strong></span> <span class='ocrx_word' id='word_1_869' title='bbox 3801 4452 3822 4480; x_wconf 93' lang='lat'><strong>,</strong></span> 
     </span>
    </p>
   </div>
   <div class='ocr_carea' id='block_1_105' title="bbox 2232 4486 3823 4560">
    <p class='ocr_par' dir='ltr' id='par_1_105' title="bbox 2232 4486 3823 4560">
     <span class='ocr_line' id='line_1_105' title="bbox 2232 4486 3823 4560; baseline 0.016 -25"><span class='ocrx_word' id='word_1_870' title='bbox 2232 4487 2290 4535; x_wconf 90' lang='lat' dir='ltr'><strong>ut</strong></span> <span class='ocrx_word' id='word_1_871' title='bbox 2313 4495 2417 4535; x_wconf 86' lang='lat' dir='ltr'><strong>non</strong></span> <span class='ocrx_word' id='word_1_872' title='bbox 2441 4492 2621 4552; x_wconf 90' lang='lat' dir='ltr'><strong>posset</strong></span> <span class='ocrx_word' id='word_1_873' title='bbox 2645 4486 2802 4542; x_wconf 87' lang='lat' dir='ltr'><strong>aliter</strong></span> <span class='ocrx_word' id='word_1_874' title='bbox 2821 4503 2978 4557; x_wconf 90' lang='lat' dir='ltr'><strong>quam</strong></span> <span class='ocrx_word' id='word_1_875' title='bbox 3012 4491 3205 4550; x_wconf 84' lang='lat' dir='ltr'><strong>medici</strong></span> <span class='ocrx_word' id='word_1_876' title='bbox 3240 4505 3415 4554; x_wconf 86' lang='lat' dir='ltr'><strong>morte</strong></span> <span class='ocrx_word' id='word_1_877' title='bbox 3443 4500 3656 4556; x_wconf 77' lang='lat' dir='ltr'><strong>sanari?</strong></span> <span class='ocrx_word' id='word_1_878' title='bbox 3694 4501 3823 4560; x_wconf 81' lang='lat' dir='ltr'><strong>Non</strong></span> 
     </span>
    </p>
   </div>
   <div class='ocr_carea' id='block_1_106' title="bbox 2229 4568 3819 4655">
    <p class='ocr_par' dir='ltr' id='par_1_106' title="bbox 2229 4568 3819 4655">
     <span class='ocr_line' id='line_1_106' title="bbox 2229 4568 3819 4655; baseline 0.017 -31"><span class='ocrx_word' id='word_1_879' title='bbox 2229 4577 2315 4625; x_wconf 89' lang='lat' dir='ltr'><strong>est</strong></span> <span class='ocrx_word' id='word_1_880' title='bbox 2355 4568 2471 4627; x_wconf 60' lang='lat' dir='ltr'><strong>haec</strong></span> <span class='ocrx_word' id='word_1_881' title='bbox 2498 4582 2800 4631; x_wconf 91' lang='lat' dir='ltr'><strong>nostrorum</strong></span> <span class='ocrx_word' id='word_1_882' title='bbox 2829 4578 2996 4649; x_wconf 84' lang='lat' dir='ltr'><strong>gloria</strong></span> <span class='ocrx_word' id='word_1_883' title='bbox 3039 4583 3384 4655; x_wconf 89' lang='lat' dir='ltr'><strong>meritorum,</strong></span> <span class='ocrx_word' id='word_1_884' title='bbox 3411 4588 3505 4645; x_wconf 83' lang='lat' dir='ltr'><strong>sed</strong></span> <span class='ocrx_word' id='word_1_885' title='bbox 3545 4592 3819 4652; x_wconf 83' lang='lat' dir='ltr'><strong>medicina</strong></span> 
     </span>
    </p>
   </div>
   <div class='ocr_carea' id='block_1_107' title="bbox 2229 4664 3821 4758">
    <p class='ocr_par' dir='ltr' id='par_1_107' title="bbox 2229 4664 3821 4758">
     <span class='ocr_line' id='line_1_107' title="bbox 2229 4664 3821 4758; baseline 0.016 -41"><span class='ocrx_word' id='word_1_886' title='bbox 2229 4664 2555 4727; x_wconf 80' lang='lat' dir='ltr'><strong>morborum.</strong></span> <span class='ocrx_word' id='word_1_887' title='bbox 2604 4668 2689 4723; x_wconf 86' lang='lat' dir='ltr'><strong>An</strong></span> <span class='ocrx_word' id='word_1_888' title='bbox 2746 4669 2868 4726; x_wconf 92' lang='lat' dir='ltr'><strong>idco</strong></span> <span class='ocrx_word' id='word_1_889' title='bbox 2904 4688 3016 4731; x_wconf 83' lang='lat' dir='ltr'><strong>.nos</strong></span> <span class='ocrx_word' id='word_1_890' title='bbox 3056 4676 3387 4745; x_wconf 77' lang='lat' dir='ltr'><strong>prielerimus</strong></span> <span class='ocrx_word' id='word_1_891' title='bbox 3416 4681 3655 4754; x_wconf 86' lang='lat' dir='ltr'><strong>Angelis,</strong></span> <span class='ocrx_word' id='word_1_892' title='bbox 3688 4689 3821 4758; x_wconf 86' lang='lat' dir='ltr'><strong>quia</strong></span> 
     </span>
    </p>
   </div>
   <div class='ocr_carea' id='block_1_108' title="bbox 2228 4758 3817 4835">
    <p class='ocr_par' dir='ltr' id='par_1_108' title="bbox 2228 4758 3817 4835">
     <span class='ocr_line' id='line_1_108' title="bbox 2228 4758 3817 4835; baseline 0.018 -26"><span class='ocrx_word' id='word_1_893' title='bbox 2228 4768 2349 4810; x_wconf 89' lang='lat' dir='ltr'><strong>cum</strong></span> <span class='ocrx_word' id='word_1_894' title='bbox 2380 4758 2626 4830; x_wconf 88' lang='lat' dir='ltr'><strong>ctangeli</strong></span> <span class='ocrx_word' id='word_1_895' title='bbox 2675 4766 3031 4832; x_wconf 86' lang='lat' dir='ltr'><strong>peccaverint,</strong></span> <span class='ocrx_word' id='word_1_896' title='bbox 3062 4768 3195 4826; x_wconf 88' lang='lat' dir='ltr'><strong>nihil</strong></span> <span class='ocrx_word' id='word_1_897' title='bbox 3213 4772 3293 4827; x_wconf 91' lang='lat' dir='ltr'><strong>eis</strong></span> <span class='ocrx_word' id='word_1_898' title='bbox 3318 4772 3424 4830; x_wconf 86' lang='lat' dir='ltr'><strong>tale</strong></span> <span class='ocrx_word' id='word_1_899' title='bbox 3462 4775 3603 4833; x_wconf 89' lang='lat' dir='ltr'><strong>unde</strong></span> <span class='ocrx_word' id='word_1_900' title='bbox 3645 4791 3817 4835; x_wconf 78' lang='lat' dir='ltr'><strong>sana-</strong></span> 
     </span>
    </p>
   </div>
   <div class='ocr_carea' id='block_1_109' title="bbox 2226 4851 3818 4941">
    <p class='ocr_par' dir='ltr' id='par_1_109' title="bbox 2226 4851 3818 4941">
     <span class='ocr_line' id='line_1_109' title="bbox 2226 4851 3818 4941; baseline 0.017 -38"><span class='ocrx_word' id='word_1_901' title='bbox 2226 4859 2412 4905; x_wconf 90' lang='lat' dir='ltr'><strong>rentur</strong></span> <span class='ocrx_word' id='word_1_902' title='bbox 2462 4851 2760 4941; x_wconf 60' lang='lat' dir='ltr'><strong>iuipensum</strong></span> <span class='ocrx_word' id='word_1_903' title='bbox 2788 4858 2907 4913; x_wconf 83' lang='lat' dir='ltr'><strong>est?</strong></span> <span class='ocrx_word' id='word_1_904' title='bbox 2933 4858 3093 4927; x_wconf 88' lang='lat' dir='ltr'><strong>Quasi</strong></span> <span class='ocrx_word' id='word_1_905' title='bbox 3119 4862 3316 4934; x_wconf 87' lang='lat' dir='ltr'><strong>aliquid</strong></span> <span class='ocrx_word' id='word_1_906' title='bbox 3343 4867 3427 4923; x_wconf 87' lang='lat' dir='ltr'><strong>eis</strong></span> <span class='ocrx_word' id='word_1_907' title='bbox 3453 4868 3537 4924; x_wconf 89' lang='lat' dir='ltr'><strong>vel</strong></span> <span class='ocrx_word' id='word_1_908' title='bbox 3585 4884 3818 4941; x_wconf 87' lang='lat' dir='ltr'><strong>parvum</strong></span> 
     </span>
    </p>
   </div>
   <div class='ocr_carea' id='block_1_110' title="bbox 2229 4936 3819 5024">
    <p class='ocr_par' dir='ltr' id='par_1_110' title="bbox 2229 4936 3819 5024">
     <span class='ocr_line' id='line_1_110' title="bbox 2229 4936 3819 5024; baseline 0.017 -31"><span class='ocrx_word' id='word_1_909' title='bbox 2229 4936 2387 4997; x_wconf 77' lang='lat' dir='ltr'><strong>fuerit</strong></span> <span class='ocrx_word' id='word_1_910' title='bbox 2426 4936 2757 5013; x_wconf 83' lang='lat' dir='ltr'><strong>impensum,</strong></span> <span class='ocrx_word' id='word_1_911' title='bbox 2783 4957 2838 5003; x_wconf 90' lang='lat' dir='ltr'><strong>et</strong></span> <span class='ocrx_word' id='word_1_912' title='bbox 2867 4951 3020 5006; x_wconf 88' lang='lat' dir='ltr'><strong>nobis</strong></span> <span class='ocrx_word' id='word_1_913' title='bbox 3058 4954 3306 5023; x_wconf 88' lang='lat' dir='ltr'><strong>amplius.</strong></span> <span class='ocrx_word' id='word_1_914' title='bbox 3339 4956 3491 5024; x_wconf 88' lang='lat' dir='ltr'><strong>Quod</strong></span> <span class='ocrx_word' id='word_1_915' title='bbox 3531 4936 3660 5018; x_wconf 61' lang='lat' dir='ltr'><strong>siet</strong></span> <span class='ocrx_word' id='word_1_916' title='bbox 3709 4961 3819 5020; x_wconf 80' lang='lat' dir='ltr'><strong>hoc</strong></span> 
     </span>
    </p>
   </div>
   <div class='ocr_carea' id='block_1_111' title="bbox 2227 5027 3819 5111">
    <p class='ocr_par' dir='ltr' id='par_1_111' title="bbox 2227 5027 3819 5111">
     <span class='ocr_line' id='line_1_111' title="bbox 2227 5027 3819 5111; baseline 0.017 -28"><span class='ocrx_word' id='word_1_917' title='bbox 2227 5027 2422 5086; x_wconf 78' lang='lat' dir='ltr'><strong>factum</strong></span> <span class='ocrx_word' id='word_1_918' title='bbox 2447 5042 2609 5099; x_wconf 89' lang='lat' dir='ltr'><strong>esset,</strong></span> <span class='ocrx_word' id='word_1_919' title='bbox 2649 5034 2827 5092; x_wconf 88' lang='lat' dir='ltr'><strong>adhuc</strong></span> <span class='ocrx_word' id='word_1_920' title='bbox 2847 5041 3012 5108; x_wconf 72' lang='lat' dir='ltr'><strong>qumri</strong></span> <span class='ocrx_word' id='word_1_921' title='bbox 3033 5053 3212 5111; x_wconf 88' lang='lat' dir='ltr'><strong>posset</strong></span> <span class='ocrx_word' id='word_1_922' title='bbox 3238 5054 3415 5102; x_wconf 87' lang='lat' dir='ltr'><strong>utrum</strong></span> <span class='ocrx_word' id='word_1_923' title='bbox 3465 5049 3589 5106; x_wconf 86' lang='lat' dir='ltr'><strong>ideo</strong></span> <span class='ocrx_word' id='word_1_924' title='bbox 3624 5051 3819 5110; x_wconf 77' lang='lat' dir='ltr'><strong>fuisset</strong></span> 
     </span>
    </p>
   </div>
   <div class='ocr_carea' id='block_1_112' title="bbox 2226 5120 3817 5212">
    <p class='ocr_par' dir='ltr' id='par_1_112' title="bbox 2226 5120 3817 5212">
     <span class='ocr_line' id='line_1_112' title="bbox 2226 5120 3817 5212; baseline 0.016 -37"><span class='ocrx_word' id='word_1_925' title='bbox 2226 5120 2423 5177; x_wconf 81' lang='lat' dir='ltr'><strong>factum</strong></span> <span class='ocrx_word' id='word_1_926' title='bbox 2466 5162 2482 5190; x_wconf 93' lang='lat'><strong>,</strong></span> <span class='ocrx_word' id='word_1_927' title='bbox 2521 5124 2663 5196; x_wconf 92' lang='lat' dir='ltr'><strong>quod</strong></span> <span class='ocrx_word' id='word_1_928' title='bbox 2686 5134 3415 5203; x_wconf 86' lang='lat' dir='ltr'><strong>steteramusexcellentius,</strong></span> <span class='ocrx_word' id='word_1_929' title='bbox 3437 5154 3505 5195; x_wconf 90' lang='lat' dir='ltr'><strong>an</strong></span> <span class='ocrx_word' id='word_1_930' title='bbox 3541 5142 3687 5212; x_wconf 89' lang='lat' dir='ltr'><strong>quod</strong></span> <span class='ocrx_word' id='word_1_931' title='bbox 3715 5142 3817 5199; x_wconf 84' lang='lat' dir='ltr'><strong>de-</strong></span> 
     </span>
    </p>
   </div>
   <div class='ocr_carea' id='block_1_113' title="bbox 2226 5213 3816 5290">
    <p class='ocr_par' dir='ltr' id='par_1_113' title="bbox 2226 5213 3816 5290">
     <span class='ocr_line' id='line_1_113' title="bbox 2226 5213 3816 5290; baseline 0.016 -24"><span class='ocrx_word' id='word_1_932' title='bbox 2226 5213 2489 5282; x_wconf 87' lang='lat' dir='ltr'><strong>speratius</strong></span> <span class='ocrx_word' id='word_1_933' title='bbox 2524 5214 2857 5285; x_wconf 86' lang='lat' dir='ltr'><strong>jacebamus.</strong></span> <span class='ocrx_word' id='word_1_934' title='bbox 2897 5218 3031 5279; x_wconf 86' lang='lat' dir='ltr'><strong>Cum</strong></span> <span class='ocrx_word' id='word_1_935' title='bbox 3055 5238 3186 5280; x_wconf 86' lang='lat' dir='ltr'><strong>vero</strong></span> <span class='ocrx_word' id='word_1_936' title='bbox 3222 5230 3529 5287; x_wconf 88' lang='lat' dir='ltr'><strong>noverimus</strong></span> <span class='ocrx_word' id='word_1_937' title='bbox 3549 5232 3816 5290; x_wconf 84' lang='lat' dir='ltr'><strong>bonorum</strong></span> 
     </span>
    </p>
   </div>
   <div class='ocr_carea' id='block_1_114' title="bbox 2225 5304 3816 5389">
    <p class='ocr_par' dir='ltr' id='par_1_114' title="bbox 2225 5304 3816 5389">
     <span class='ocr_line' id='line_1_114' title="bbox 2225 5304 3816 5389; baseline 0.016 -33"><span class='ocrx_word' id='word_1_938' title='bbox 2225 5304 2461 5358; x_wconf 89' lang='lat' dir='ltr'><strong>omnium</strong></span> <span class='ocrx_word' id='word_1_939' title='bbox 2512 5305 2818 5364; x_wconf 89' lang='lat' dir='ltr'><strong>Creatorem</strong></span> <span class='ocrx_word' id='word_1_940' title='bbox 2859 5314 3171 5382; x_wconf 87' lang='lat' dir='ltr'><strong>reparandis</strong></span> <span class='ocrx_word' id='word_1_941' title='bbox 3209 5319 3415 5389; x_wconf 88' lang='lat' dir='ltr'><strong>angelis</strong></span> <span class='ocrx_word' id='word_1_942' title='bbox 3463 5323 3618 5381; x_wconf 80' lang='lat' dir='ltr'><strong>malis</strong></span> <span class='ocrx_word' id='word_1_943' title='bbox 3677 5325 3816 5381; x_wconf 82' lang='lat' dir='ltr'><strong>nihil</strong></span> 
     </span>
    </p>
   </div>
   <div class='ocr_carea' id='block_1_115' title="bbox 2222 5396 3815 5489">
    <p class='ocr_par' dir='ltr' id='par_1_115' title="bbox 2222 5396 3815 5489">
     <span class='ocr_line' id='line_1_115' title="bbox 2222 5396 3815 5489; baseline 0.018 -42"><span class='ocrx_word' id='word_1_944' title='bbox 2222 5396 2407 5465; x_wconf 72' lang='lat' dir='ltr'><strong>gratia:</strong></span> <span class='ocrx_word' id='word_1_945' title='bbox 2443 5398 2770 5467; x_wconf 91' lang='lat' dir='ltr'><strong>contulisse,</strong></span> <span class='ocrx_word' id='word_1_946' title='bbox 2798 5416 2896 5459; x_wconf 90' lang='lat' dir='ltr'><strong>cur</strong></span> <span class='ocrx_word' id='word_1_947' title='bbox 2927 5420 3034 5461; x_wconf 91' lang='lat' dir='ltr'><strong>non</strong></span> <span class='ocrx_word' id='word_1_948' title='bbox 3060 5410 3239 5478; x_wconf 88' lang='lat' dir='ltr'><strong>potius</strong></span> <span class='ocrx_word' id='word_1_949' title='bbox 3280 5412 3626 5486; x_wconf 86' lang='lat' dir='ltr'><strong>intelligimus</strong></span> <span class='ocrx_word' id='word_1_950' title='bbox 3662 5419 3815 5489; x_wconf 84' lang='lat' dir='ltr'><strong>quod</strong></span> 
     </span>
    </p>
   </div>
   <div class='ocr_carea' id='block_1_116' title="bbox 2225 5488 3813 5581">
    <p class='ocr_par' dir='ltr' id='par_1_116' title="bbox 2225 5488 3813 5581">
     <span class='ocr_line' id='line_1_116' title="bbox 2225 5488 3813 5581; baseline 0.017 -41"><span class='ocrx_word' id='word_1_951' title='bbox 2225 5496 2372 5543; x_wconf 88' lang='lat' dir='ltr'><strong>tanto</strong></span> <span class='ocrx_word' id='word_1_952' title='bbox 2398 5488 2752 5548; x_wconf 87' lang='lat' dir='ltr'><strong>damnabilior</strong></span> <span class='ocrx_word' id='word_1_953' title='bbox 2789 5510 2975 5552; x_wconf 89' lang='lat' dir='ltr'><strong>eorum</strong></span> <span class='ocrx_word' id='word_1_954' title='bbox 3010 5497 3245 5570; x_wconf 89' lang='lat' dir='ltr'><strong>judicata</strong></span> <span class='ocrx_word' id='word_1_955' title='bbox 3283 5504 3353 5561; x_wconf 92' lang='lat' dir='ltr'><strong>sit</strong></span> <span class='ocrx_word' id='word_1_956' title='bbox 3377 5507 3563 5578; x_wconf 86' lang='lat' dir='ltr'><strong>culpa,</strong></span> <span class='ocrx_word' id='word_1_957' title='bbox 3607 5488 3813 5581; x_wconf 83' lang='lat' dir='ltr'><strong>quanto</strong></span> 
     </span>
    </p>
   </div>
   <div class='ocr_carea' id='block_1_117' title="bbox 2223 5584 3813 5673">
    <p class='ocr_par' dir='ltr' id='par_1_117' title="bbox 2223 5584 3813 5673">
     <span class='ocr_line' id='line_1_117' title="bbox 2223 5584 3813 5673; baseline 0.014 -35"><span class='ocrx_word' id='word_1_958' title='bbox 2223 5588 2340 5638; x_wconf 88' lang='lat' dir='ltr'><strong>erat</strong></span> <span class='ocrx_word' id='word_1_959' title='bbox 2367 5591 2554 5640; x_wconf 87' lang='lat' dir='ltr'><strong>natura</strong></span> <span class='ocrx_word' id='word_1_960' title='bbox 2604 5584 3120 5662; x_wconf 48' lang='lat' dir='ltr'><strong>sublimiorLTanto</strong></span> <span class='ocrx_word' id='word_1_961' title='bbox 3138 5595 3281 5651; x_wconf 87' lang='lat' dir='ltr'><strong>enim</strong></span> <span class='ocrx_word' id='word_1_962' title='bbox 3311 5598 3487 5657; x_wconf 82' lang='lat' dir='ltr'><strong>minus</strong></span> <span class='ocrx_word' id='word_1_963' title='bbox 3518 5616 3678 5673; x_wconf 80' lang='lat' dir='ltr'><strong>quam</strong></span> <span class='ocrx_word' id='word_1_964' title='bbox 3709 5616 3813 5658; x_wconf 87' lang='lat' dir='ltr'><strong>nos</strong></span> 
     </span>
    </p>
   </div>
   <div class='ocr_carea' id='block_1_118' title="bbox 2222 5717 3815 5841">
    <p class='ocr_par' dir='ltr' id='par_1_118' title="bbox 2222 5717 3815 5841">
     <span class='ocr_line' id='line_1_118' title="bbox 2250 5717 3815 5797; baseline 0.018 -34"><span class='ocrx_word' id='word_1_965' title='bbox 2250 5777 2260 5788; x_wconf 38' lang='lat'><strong><em>.</em></strong></span> <span class='ocrx_word' id='word_1_966' title='bbox 2285 5719 2309 5750; x_wconf 67' lang='grc' dir='ltr'><strong>ε</strong></span> <span class='ocrx_word' id='word_1_967' title='bbox 2328 5717 2403 5788; x_wconf 79' lang='lat' dir='ltr'><strong>sic</strong></span> <span class='ocrx_word' id='word_1_968' title='bbox 2560 5718 2681 5773; x_wconf 70' lang='lat' dir='ltr'><strong>miti</strong></span> <span class='ocrx_word' id='word_1_969' title='bbox 2712 5734 2832 5775; x_wconf 89' lang='lat' dir='ltr'><strong>vero</strong></span> <span class='ocrx_word' id='word_1_970' title='bbox 2855 5736 2869 5774; x_wconf 88' lang='lat'><strong>:</strong></span> <span class='ocrx_word' id='word_1_971' title='bbox 2893 5724 3157 5781; x_wconf 84' lang='lat' dir='ltr'><strong>sanationis</strong></span> <span class='ocrx_word' id='word_1_972' title='bbox 3193 5728 3492 5797; x_wconf 78' lang='lat' dir='ltr'><strong>beneﬁcium,</strong></span> <span class='ocrx_word' id='word_1_973' title='bbox 3515 5734 3591 5788; x_wconf 78' lang='lat' dir='ltr'><strong>ret</strong></span> <span class='ocrx_word' id='word_1_974' title='bbox 3612 5734 3815 5790; x_wconf 77' lang='lat' dir='ltr'><strong>damna-</strong></span> 
     </span>
     <span class='ocr_line' id='line_1_119' title="bbox 2222 5779 2635 5841; baseline -0.002 -10"><span class='ocrx_word' id='word_1_975' title='bbox 2222 5779 2362 5832; x_wconf 70' lang='lat' dir='ltr'><strong>tionis</strong></span> <span class='ocrx_word' id='word_1_976' title='bbox 2380 5781 2635 5841; x_wconf 68' lang='lat' dir='ltr'><strong>)udtcumt.</strong></span> 
     </span>
    </p>
   </div>
  </div>
