4076 6468
328 305 462 363 1925

320 431 543 490 peccare
573 415 889 479 debuerunt,
938 422 1137 485 quanto
1186 415 1437 472 meliores
1474 415 1628 471 nobis
1673 412 1907 469 t‘ucrunt.

320 508 469 564 Nunc
489 518 667 562 autem
697 507 751 562 in
778 506 1093 562 otl‘eudendo
1119 506 1428 563 Creatorem
1458 516 1606 562 tanto
1651 520 1905 562 exsecra-

322 601 483 654 bitius
503 599 762 654 beneﬁcio
796 597 912 667 ejus
934 597 1122 669 ingrati
1147 599 1484 665 exstiterunt,
1512 595 1709 669 quanto
1734 597 1900 652 bene-

323 693 572 748 ﬁcentius
600 700 723 746 sunt
751 690 912 745 creati
939 706 955 756 ;
983 705 1080 745 nec
1109 690 1189 745 eis
1214 690 1341 745 satis
1376 690 1469 745 fuit
1491 690 1793 745 desertores
1820 703 1907 743 es-

324 799 386 839 se
408 785 577 846 illius,
606 783 705 838 nisi
728 792 781 837 et
810 783 979 837 nostri
1003 781 1193 838 fierent
1211 782 1546 853 deceptores.
1570 782 1681 837 Hoc
1728 782 1904 853 itaque

317 875 479 930 nobis
501 889 751 945 magnum
768 875 965 930 bonum
990 874 1248 940 conferet,
1279 876 1368 945 qui
1398 875 1586 931 dilexit
1613 890 1711 929 nos
1763 875 1901 929 sicut

316 964 506 1020 dilexit
527 964 826 1031 Christum,
851 974 910 1020 ut
937 974 1154 1035 propter
1184 965 1354 1035 ipsum
1383 966 1532 1037 cujus
1559 965 1796 1020 membra
1814 979 1910 1019 nos

318 1069 442 1111 esse
471 1056 658 1123 voluit,
683 1057 914 1127 :equales
935 1056 1153 1127 Angelis
1177 1056 1374 1112 sanctis
1421 1056 1588 1111 simus
1631 1054 1783 1129 (Luc.
1802 1072 1871 1110 xx
1889 1097 1905 1123 ,

322 1145 466 1217 36),
501 1148 693 1217 quibus
733 1155 789 1202 et
829 1156 1015 1202 natura
1037 1147 1319 1204 inferiores
1368 1148 1568 1203 conditi
1598 1163 1802 1215 sumus,
1856 1157 1909 1203 et

322 1245 545 1305 peccato
567 1236 892 1308 indigniores
912 1236 1067 1306 facti,
1089 1236 1181 1308 qui
1205 1250 1393 1292 eorum
1421 1236 1535 1293 ﬁeri
1573 1238 1909 1309 qualescum-

318 1340 424 1397 que
448 1327 581 1382 socii
600 1327 946 1383 deberemus.

812 1437 1225 1497 TRACTATUS
1269 1438 1405 1497 CXI.

314 1547 395 1602 De
422 1565 479 1602 eo
504 1549 643 1623 quod
680 1548 926 1606 Dominus
954 1552 1110 1619 dicit,
1144 1551 1304 1609 Pater
1325 1594 1340 1619 ,
1371 1566 1504 1623 quos
1532 1551 1723 1608 dedisti
1751 1552 1902 1618 mihi,

381 1643 505 1695 volo
527 1649 583 1695 ut
600 1641 687 1696 ubi
715 1657 814 1713 ego
834 1658 972 1711 sum,
998 1652 1053 1699 et
1070 1645 1144 1699 illi
1170 1645 1275 1699 sint
1295 1660 1499 1701 mecum
1520 1660 1535 1711 ;
1562 1661 1718 1715 usque
1736 1646 1804 1699 ad
1826 1645 1902 1712 id,

384 1732 453 1787 Ut
476 1733 689 1788 dilectio
719 1749 819 1804 qua
845 1734 1073 1791 dilexisti
1106 1752 1191 1793 me
1214 1778 1228 1804 ,
1260 1736 1312 1791 in
1344 1736 1472 1808 ipsis
1510 1738 1610 1805 sit,
1642 1745 1697 1794 et
1722 1752 1822 1808 ego
1850 1738 1902 1791 in

379 1824 531 1893 ipsis.
564 1823 693 1894 Cap.
720 1841 854 1889 xvu,
891 1827 929 1898 ᾖ
953 1866 967 1881 .
993 1827 1189 1884 24ο26.

385 1915 438 1969 ί.
474 1915 531 1970 ln
559 1932 801 1988 magnam
832 1932 981 1987 spem
1012 1919 1266 1974 Dominus
1280 1919 1435 1975 Jesus
1464 1934 1587 1976 suos
1603 1920 1773 1990 erigit,
1797 1938 1900 1992 qua

306 2005 478 2075 major
499 2008 720 2062 omnino
759 2022 879 2063 esse
919 2024 1026 2063 non
1058 2011 1244 2079 possit.
1287 2011 1481 2067 Audite
1504 2052 1520 2078 ,
1551 2020 1606 2067 et
1644 2022 1814 2069 estote
1844 2015 1897 2069 in

305 2108 400 2165 spe
426 2096 717 2166 gaudentes
740 2138 757 2165 ,
791 2108 1007 2169 propter
1028 2100 1168 2170 quod
1201 2101 1303 2155 vita
1350 2102 1449 2156 ista
1491 2116 1594 2156 non
1636 2103 1896 2169 amanda,

304 2187 398 2242 sed
430 2189 705 2244 toleranda
729 2192 796 2245 sit
821 2229 837 2257 ,
871 2200 927 2245 ut
951 2205 1071 2247 esse
1100 2192 1311 2260 possitis
1342 2193 1392 2246 in
1419 2192 1534 2262 ejus
1560 2192 1899 2248 tribulatione

302 2280 564 2348 patientes
590 2280 762 2353 (Rom.
792 2298 885 2348 xu,
915 2282 1024 2353 l3).
1056 2284 1268 2351 Audite,
1303 2285 1540 2354 inquam,
1564 2294 1617 2340 et
1644 2301 1748 2356 quo
1771 2302 1893 2355 spes

303 2380 483 2425 nostra
516 2372 721 2428 levetur
757 2374 1033 2430 attendite.
1062 2374 1305 2430 Christus
1342 2375 1498 2431 Jesus
1525 2372 1691 2441 dicit,
1724 2377 1895 2433 Filius

303 2463 399 2519 Dei
444 2465 745 2535 unigenitus
782 2465 874 2536 qui
916 2466 1059 2522 Patri
1094 2477 1393 2523 cozeternus
1432 2474 1488 2523 et
1524 2468 1743 2539 aqualis
1790 2477 1893 2534 est,

300 2552 465 2620 dicit;
513 2554 604 2624 qui
645 2565 862 2625 propter
901 2571 1000 2611 nos
1046 2556 1206 2612 homo
1250 2556 1421 2613 factus
1468 2566 1588 2625 est,
1620 2559 1713 2613 sed
1753 2559 1893 2613 sicut

301 2645 477 2698 omnis
497 2643 659 2700 homo
676 2645 900 2701 mendax
927 2644 1095 2720 (Psat.
1116 2663 1241 2716 cxv,
1266 2662 1289 2703 ι
1304 2648 1353 2719 l)
1373 2664 1475 2703 non
1498 2648 1661 2703 factus
1689 2660 1791 2715 est,
1811 2650 1892 2705 di-

301 2734 408 2799 cit;
432 2735 537 2799 via,
563 2736 687 2804 vita,
707 2738 904 2795 veritas
924 2738 1052 2793 dicit
1078 2736 1254 2812 (Joan.
1277 2756 1387 2799 xlv.
1410 2741 1502 2808 6);
1530 2742 1617 2811 qui
1638 2742 1892 2797 mundum

302 2826 426 2881 vicit
455 2825 568 2896 (Id.
599 2843 711 2891 xvr,
742 2827 856 2900 33),
888 2829 955 2884 de
984 2829 1069 2884 his
1100 2830 1290 2902 quibus
1316 2831 1458 2894 vicit,
1492 2831 1642 2887 dicit.
1674 2832 1888 2900 Audite,

300 2919 523 2984 credite,
548 2929 775 2991 sperate,
799 2920 1095 2976 desiderate
1123 2922 1262 2992 quod
1295 2922 1421 2977 dicit
1452 2941 1463 2977 :
1500 2922 1670 2989 Pater,
1697 2924 1888 2995 inquit,

300 3025 423 3080 quos
452 3011 635 3065 dedisti
661 3011 821 3079 mihi,
848 3012 960 3067 volo
990 3021 1043 3065 ut
1071 3012 1156 3066 ubi
1184 3030 1275 3084 ego
1304 3029 1415 3067 sum
1440 3054 1455 3081 ,
1484 3024 1527 3067 et
1557 3012 1633 3068 illi
1658 3015 1757 3068 sint
1784 3032 1889 3070 me-

302 3118 436 3155 rum.
470 3102 571 3171 Qui
600 3112 723 3157 sunt
749 3104 833 3158 isti
859 3119 991 3174 quos
1019 3104 1093 3159 ait
1120 3119 1150 3158 a
1177 3105 1332 3159 Patre
1358 3105 1509 3160 datos
1534 3105 1676 3161 sibi?
1704 3105 1892 3163 Nonne

302 3191 373 3247 illi
403 3191 471 3248 de
498 3193 690 3263 quibus
714 3193 820 3250 alio
848 3194 965 3251 loco
993 3193 1158 3263 dicit,
1195 3193 1356 3250 Nemo
1383 3196 1513 3250 venit
1541 3195 1610 3249 ad
1649 3213 1729 3251 me
1751 3238 1764 3261 ,
1795 3198 1893 3252 nisi

302 3280 461 3337 Pater
477 3284 563 3353 qui
582 3283 715 3337 misit
739 3300 832 3350 me,
861 3285 1067 3339 traxerit
1091 3301 1206 3339 eum
1227 3284 1336 3357 (Id.
1365 3302 1437 3353 vr,
1463 3286 1595 3358 ΗΠ
1617 3286 1732 3343 Jam
1760 3303 1893 3359 quo-

301 3373 462 3428 modo
500 3389 563 3429 ea
591 3389 707 3446 quae
738 3375 850 3431 ﬁeri
897 3375 1025 3431 dicit
1053 3391 1083 3430 a
1113 3375 1269 3432 Patre
1299 3416 1314 3442 ,
1346 3377 1502 3433 iaciat
1528 3386 1580 3433 et
1615 3379 1728 3448 ipse
1767 3395 1889 3435 cum

302 3465 483 3533 Patre,
508 3468 551 3521 si
580 3467 703 3538 quid
730 3468 782 3522 in
806 3469 907 3524 hoc
930 3468 1220 3539 Evangelio
1249 3469 1592 3538 profecimus,
1624 3472 1886 3527 novimus.

300 3555 404 3625 Ipsi
431 3566 555 3611 sunt
584 3573 710 3629 ergo
737 3574 872 3629 quos
897 3575 926 3613 a
953 3559 1109 3615 Patre
1136 3560 1364 3629 accepit,
1394 3574 1528 3630 quos
1558 3568 1612 3615 et
1639 3560 1752 3631 ipse
1776 3562 1888 3616 ele-

300 3651 376 3719 git
395 3648 462 3705 de
492 3650 708 3718 mundo,
732 3660 889 3721 atque
912 3651 1073 3721 elegit
1098 3659 1155 3705 ut
1175 3653 1283 3721 jam
1310 3666 1415 3705 non
1446 3651 1553 3705 sint
1572 3650 1641 3707 de
1668 3652 1886 3719 mundo,

299 3741 440 3795 sicut
469 3756 575 3795 non
604 3751 687 3797 est
711 3750 765 3797 et
793 3742 905 3811 ipse
931 3741 997 3797 de
1026 3741 1222 3797 mundo
1252 3760 1268 3795 :
1302 3750 1359 3796 ut
1383 3742 1490 3796 sint
1518 3749 1697 3797 tamen
1727 3743 1887 3797 etiam

302 3832 403 3902 ipsi
430 3832 659 3888 mundus
701 3833 926 3888 credens
954 3843 1006 3889 et
1041 3846 1372 3903 cognoscens
1408 3831 1549 3903 quod
1580 3832 1823 3887 Christus
1857 3847 1887 3887 a

302 3922 417 3979 Deo
440 3922 599 3980 Patre
626 3924 695 3979 sit
725 3925 939 3990 missus,
973 3933 1031 3979 ut
1057 3924 1283 3980 mundus
1308 3939 1371 3978 cx
1402 3924 1600 3979 mundo
1630 3925 1887 3980 liberare-

299 4021 409 4078 tur,
443 4029 511 4069 ne
534 4015 762 4068 mundus
792 4015 903 4070 Deo
933 4013 1353 4069 reconciliandus
1381 4029 1501 4068 cum
1547 4014 1747 4069 mundo
1782 4013 1888 4069 ini-

297 4105 596 4160 micissimo
615 4105 974 4161 damnaretur.
996 4105 1083 4160 Sic
1104 4105 1245 4159 enim
1266 4104 1339 4158 ait
1360 4106 1413 4158 in
1440 4104 1595 4174 hujus
1632 4104 1886 4161 orationis

297 4198 522 4252 exordio
563 4215 576 4252 :
618 4197 809 4253 Dedisti
847 4200 892 4251 ei
935 4206 1225 4268 potestatem
1266 4198 1427 4251 omnis
1467 4198 1634 4251 carnis
1660 4239 1674 4263 ,
1722 4197 1774 4252 id
1804 4207 1887 4254 est

296 4288 476 4343 omnis
496 4287 723 4343 hominis
744 4330 757 4354 ,
788 4298 841 4342 ut
871 4305 1016 4342 omne
1039 4287 1173 4358 quod
1200 4287 1381 4343 dedisti
1406 4287 1451 4340 ei
1474 4328 1488 4353 ,
1517 4286 1600 4341 det
1627 4287 1699 4341 eis
1728 4288 1881 4341 vitam

294 4391 538 4435 veternum
589 4379 695 4451 (Id.
743 4396 871 4445 xvu,
919 4379 999 4451 2).
1044 4380 1144 4436 Ubi
1189 4379 1421 4434 ostendit
1462 4387 1778 4448 potestatem
1824 4394 1883 4434 se

294 4471 515 4542 quidem
543 4473 718 4527 omnis
744 4472 973 4527 hominis
1002 4472 1293 4541 accepisse,
1324 4480 1381 4525 ut
1411 4470 1598 4534 liberet
1625 4486 1758 4540 quos
1790 4486 1883 4525 vo-

296 4561 476 4629 luerit,
502 4561 717 4617 damuet
738 4578 871 4631 quos
900 4562 1143 4627 voluerit,
1170 4562 1259 4632 qui
1286 4561 1434 4616 vivos
1457 4568 1511 4615 et
1534 4570 1773 4616 mortuos
1792 4561 1879 4631 ju-

293 4652 526 4719 dicabit;
556 4653 649 4710 sed
678 4667 771 4709 eos
811 4653 912 4708 sibi
947 4668 1067 4709 esse
1094 4653 1267 4720 datos,
1300 4652 1492 4723 quibus
1520 4654 1766 4709 omnibus
1795 4653 1885 4710 det

292 4745 460 4799 vitam
501 4752 775 4800 aeternam.
820 4744 908 4800 Sic
935 4744 1076 4800 enim
1115 4743 1231 4799 ait:
1267 4742 1333 4800 Ut
1371 4760 1517 4821 omne
1544 4743 1678 4813 quod
1703 4744 1883 4799 dedisti

292 4835 342 4890 ei
370 4876 385 4899 ,
412 4835 495 4889 det
533 4835 604 4890 cis
630 4835 781 4889 vitam
808 4844 1065 4890 cateruam.
1107 4834 1338 4890 Proinde
1367 4848 1472 4889 non
1500 4834 1548 4889 ei
1580 4834 1689 4889 dati
1718 4844 1839 4889 sunt
1863 4876 1880 4902 ,

292 4926 489 4993 quibus
512 4926 673 4980 vitam
700 4940 807 4980 non
826 4924 972 4981 dabit
992 4933 1243 4980 mternam
1270 4942 1283 4979 :
1306 4924 1546 4994 quamvis
1568 4934 1620 4979 et
1645 4924 1880 4994 ipsorum

293 5026 533 5085 potestas
557 5015 681 5071 data
707 5017 806 5082 sit,
833 5016 916 5071 cui
960 5024 1192 5086 potestas
1217 5014 1336 5069 data
1368 5021 1448 5069 est
1478 5013 1653 5068 omnis
1680 5015 1873 5080 carnis,

293 5106 347 5163 id
375 5117 456 5162 est
470 5107 646 5162 omnis
662 5107 906 5163 hominis.
939 5106 1013 5163 lta
1035 5107 1263 5163 mundus
1286 5104 1660 5161 reconciliatus
1689 5120 1752 5160 ex
1781 5106 1879 5161 ini-

293 5198 437 5255 mico
470 5197 780 5253 liberabitur
823 5197 1052 5264 mundo,
1089 5214 1209 5253 cum
1254 5198 1305 5252 in
1351 5197 1496 5251 illum
1542 5197 1741 5253 exserit
1785 5211 1880 5266 po-

295 5298 543 5345 testatem
569 5304 720 5345 suam
742 5331 759 5355 ,
791 5298 845 5344 ut
880 5304 1001 5343 cum
1033 5290 1083 5344 in
1109 5298 1334 5343 mortem
1367 5288 1541 5342 mittat
1568 5297 1822 5341 aeternam
1860 5306 1874 5342 :

297 5381 440 5436 hunc
477 5390 655 5435 autem
686 5378 809 5435 facit
848 5396 1036 5447 suum,
1063 5381 1146 5434 cui
1194 5380 1356 5434 vitam
1400 5378 1565 5433 donet
1592 5388 1873 5433 mternam.

294 5472 629 5541 Quapropter
667 5470 912 5525 omnibus
946 5486 1160 5541 prorsus
1203 5470 1391 5525 ovibus
1431 5470 1545 5524 suis
1582 5468 1753 5524 bonus
1780 5483 1876 5538 pa-

294 5576 407 5619 stor
434 5606 449 5625 ,
480 5563 727 5619 omnibus
756 5563 1009 5618 membris
1041 5562 1152 5618 suis
1178 5578 1421 5633 magnum
1448 5569 1606 5631 caput
1632 5561 1877 5630 promisit

299 5654 399 5709 hoc
424 5654 721 5724 pmmium,
753 5661 810 5707 ut
833 5654 920 5710 ubi
948 5654 1058 5722 ipse
1084 5662 1185 5719 est,
1215 5662 1268 5709 ct
1289 5667 1385 5706 nos
1409 5667 1530 5707 eum
1554 5652 1643 5706 illo
1669 5650 1835 5705 simus
1859 5669 1872 5705 :

298 5759 395 5799 nec
422 5745 613 5815 poterit
642 5745 738 5802 nisi
768 5746 879 5800 lien
903 5746 1043 5815 quod
1073 5744 1417 5814 omnipotenti
1464 5742 1605 5797 Patri
1648 5756 1706 5798 se
1734 5741 1873 5797 velle

1352 300 1759 359 TRACTATUS
1798 298 1935 356 CXI.
1973 299 2198 359 CAPUT
2237 302 2396 361 XVII.

3457 317 3601 376 i926

2021 414 2154 469 dixit
2178 418 2512 487 omnipotens
2542 417 2724 476 Filius.
2757 419 2834 477 lbi
2860 430 2942 478 est
2966 422 3106 481 enim
3131 432 3189 482 et
3218 424 3446 497 Spiritus
3472 446 3568 487 san

2016 515 2133 561 etus
2180 510 2375 578 pariter
2420 520 2673 579 aeternus,
2730 515 2925 584 pariter
2967 515 3130 582 Deus,
3178 515 3408 588 Spiritus
3461 537 3595 578 unus

2016 597 2262 670 duorum,
2295 612 2348 657 et
2371 604 2663 661 substantia
2685 606 2968 663 voluntatis
2986 609 3285 665 amborum.
3307 612 3439 668 Nam
3463 615 3592 671 illud

2015 690 2155 758 quod
2197 691 2393 749 dixisse
2437 695 2627 767 legitur
2656 699 3041 769 propinquante
3070 702 3314 771 passione
3347 747 3361 771 ,
3417 706 3595 764 Verum

2015 798 2114 835 non
2150 785 2283 851 quod
2324 803 2413 856 ego
2450 788 2580 855 volo,
2629 791 2717 843 sed
2761 791 2898 861 quod
2951 802 3003 845 tu
3037 794 3128 859 vis,
3182 793 3336 850 Pater
3374 797 3589 869 (Matth.

2014 888 2157 939 xxvr,
2189 875 2303 947 '59),
2335 878 2483 947 quasi
2508 880 2607 933 alia
2635 881 2825 947 Patris,
2856 882 2958 937 alia
2980 882 3097 938 Filii
3126 886 3193 940 sit
3221 888 3469 944 voluntas
3498 901 3590 946 aut

2013 964 2189 1033 luerit,
2222 982 2384 1024 sonus
2409 979 2489 1024 est
2513 982 2708 1026 nostra:
2749 973 3091 1043 inﬁrmitatis,
3122 979 3363 1047 quamvis
3398 981 3591 1047 fidelis,

2013 1073 2168 1129 quam
2217 1060 2272 1115 in
2314 1077 2372 1117 se
2419 1072 2574 1132 caput
2628 1074 2864 1120 nostrum
2912 1068 3321 1140 transfiguravit,
3373 1075 3588 1144 quando

2010 1150 2168 1205 etiam
2199 1163 2409 1222 peccata
2440 1165 2618 1210 nostra
2646 1163 2890 1227 portavit.
2919 1158 3091 1217 Unam
3118 1178 3245 1219 vero
3269 1181 3388 1221 esse
3414 1167 3583 1225 Patris

2011 1248 2063 1293 et
2093 1239 2207 1294 Filii
2231 1244 2554 1299 voluntatem
2580 1286 2596 1313 ,
2628 1263 2852 1317 quorum
2883 1250 3040 1306 etiam
3070 1252 3298 1324 Spiritus
3323 1272 3459 1314 unus
3485 1268 3583 1327 est,

2009 1343 2113 1399 quo
2141 1331 2388 1402 adjuncto
2411 1336 2780 1407 cognoscimus
2805 1338 3139 1409 Trinitatem,
3160 1346 3257 1401 etsi
3286 1346 3592 1421 intelligere

2010 1422 2244 1477 nondum
2274 1426 2529 1494 puunittit
2557 1426 2857 1497 infirmitas,
2889 1432 3068 1488 credat
3089 1434 3278 1505 pietas.

2077 1513 2131 1567 2.
2173 1514 2280 1570 Sed
2308 1518 2558 1587 quoniam
2596 1520 2787 1590 quibus
2812 1524 3119 1593 promiserit
3154 1536 3209 1582 et
3246 1543 3403 1599 quam
3435 1532 3586 1590 firma

2008 1603 2076 1659 sit
2116 1604 2227 1675 ipsa
2257 1608 2568 1678 promissio,
2600 1626 2694 1680 pro
2723 1614 2986 1670 sermonis
3024 1616 3281 1675 brevitate
3312 1620 3421 1691 jam
3446 1622 3587 1679 dixi-

2008 1710 2153 1762 mus;
2184 1696 2284 1752 hoc
2311 1698 2483 1768 ipsum
2512 1710 2765 1771 quantum
2791 1705 3027 1761 valemus
3051 1748 3067 1775 ,
3096 1709 3219 1779 quid
3248 1711 3317 1766 sit
3340 1714 3479 1784 quod
3506 1715 3587 1771 di-

2004 1796 2194 1855 gnatus
2219 1799 2300 1845 est
2321 1792 2630 1860 promittere
2650 1795 2943 1866 videamus,
2967 1814 3090 1870 quos
3125 1801 3306 1857 dedisti
3330 1805 3475 1873 mihi,
3504 1808 3586 1863 in-

2003 1878 2136 1947 quit,
2168 1880 2277 1934 volo
2297 1891 2351 1936 ut
2374 1882 2458 1935 ubi
2477 1900 2565 1955 ego
2589 1901 2735 1949 sum,
2761 1897 2809 1941 et
2834 1888 2933 1958 ipsi
2955 1892 3056 1944 sint
3080 1908 3292 1947 mecum.
3316 1895 3582 1963 Quantum

2003 1970 2190 2026 attinet
2214 1973 2280 2027 ad
2305 1984 2601 2031 creaturam
2636 1978 2687 2032 in
2717 1996 2817 2050 qua
2846 1980 3016 2038 factus
3042 1994 3125 2039 est
3148 2001 3215 2041 ex
3241 1988 3446 2045 semine
3476 1991 3586 2047 Da-

2008 2062 2088 2117 vid
2109 2065 2399 2122 secundum
2414 2083 2628 2125 carnem
2652 2070 2825 2145 (Rom.
2854 2090 2891 2142 ι,
2917 2075 2995 2146 5),
3021 2092 3120 2133 nec
3144 2078 3259 2148 ipse
3279 2081 3453 2139 adhuc
3467 2094 3587 2143 erat

2005 2151 2093 2207 ubi
2116 2152 2321 2211 futurus
2358 2168 2473 2213 erat
2504 2177 2517 2212 :
2545 2159 2637 2215 sed
2663 2176 2729 2217 eo
2757 2162 2915 2220 modo
2941 2164 3118 2224 dicere
3147 2171 3358 2239 potuit,
3385 2172 3473 2227 ubi
3490 2191 3584 2247 ego

2001 2261 2112 2298 sum
2138 2288 2152 2307 .
2181 2262 2287 2316 quo
2315 2248 2725 2320 intelligercmus
2752 2254 2891 2325 quod
2920 2258 3025 2312 cito
3051 2258 3223 2316 fuerat
3264 2256 3583 2323 ascensurus

2001 2333 2053 2388 in
2083 2336 2278 2391 cmlum
2299 2379 2315 2404 ,
2340 2347 2397 2392 ut
2429 2339 2540 2408 jam
2572 2342 2643 2396 ibi
2670 2359 2790 2399 esse
2832 2360 2890 2399 se
2918 2346 3120 2404 diceret
3147 2349 3233 2406 ubi
3265 2354 3432 2409 fuerat
3461 2372 3585 2413 mox

2000 2424 2226 2482 futurus.
2260 2428 2437 2485 Potuit
2460 2440 2514 2485 et
2538 2432 2592 2488 in
2622 2434 2713 2489 illo
2738 2435 2917 2503 modo,
2948 2453 3059 2507 quo
3081 2447 3206 2496 ante
3225 2442 3336 2512 jam
3374 2444 3584 2504 dixerat

2000 2516 2221 2589 loquens
2242 2521 2309 2576 ad
2335 2521 2698 2593 Nicodemum,
2732 2527 2896 2583 Nemo
2927 2532 3150 2586 ascendit
3179 2534 3455 2603 incretum,
3483 2540 3584 2595 nisi

1998 2612 2085 2680 qui
2107 2612 2359 2668 descendit
2379 2615 2443 2669 de
2477 2617 2621 2683 creto,
2649 2617 2813 2675 Filius
2853 2623 3070 2677 hominis
3093 2665 3109 2690 ,
3139 2627 3226 2695 qui
3265 2628 3318 2682 in
3345 2632 3470 2685 creto
3508 2641 3583 2687 est

1999 2703 2178 2774 (Joan.
2209 2719 2265 2760 nr
2292 2743 2308 2771 ,
2340 2706 2451 2776 15).
2478 2706 2608 2762 Nam
2633 2717 2688 2764 et
2715 2710 2785 2765 ibi
2815 2726 2919 2766 non
2949 2712 3118 2781 dixit,
3150 2714 3302 2783 Erit;
3329 2719 3458 2787 sed,
3485 2731 3580 2789 est,

1998 2806 2218 2867 propter
2236 2798 2489 2855 unitatem
2521 2813 2759 2869 personae
2782 2842 2799 2869 ,
2831 2804 2883 2858 in
2903 2820 3005 2875 qua
3028 2815 3082 2861 et
3110 2806 3252 2864 Deus
3276 2808 3437 2867 homo
3458 2822 3539 2869 est
3559 2856 3577 2882 ,

1996 2899 2050 2945 et
2067 2888 2226 2945 homo
2247 2890 2408 2946 Deus.
2436 2892 2493 2948 ln
2512 2894 2648 2948 cmlo
2668 2909 2800 2965 ergo
2817 2911 2913 2951 nos
2934 2896 3137 2955 futuros
3159 2915 3281 2958 esse
3300 2906 3539 2971 promisit
3562 2927 3577 2963 :

1996 2980 2089 3035 illo
2108 2981 2248 3036 enim
2275 2980 2443 3037 forma
2464 2985 2600 3039 servi
2628 2984 2798 3041 levata
2819 2996 2920 3052 est,
2948 3004 3105 3059 quam
3129 2994 3355 3062 sumpsit
3372 3011 3439 3051 ex
3461 2996 3581 3054 Vir-

1994 3072 2116 3143 gine
2134 3116 2149 3137 ,
2180 3082 2233 3127 et
2259 3073 2327 3129 ad
2356 3075 2528 3131 Patris
2552 3076 2824 3133 dexteram
2853 3081 3128 3138 collocata.
3170 3084 3397 3156 Propter
3424 3104 3575 3159 spem

1995 3164 2127 3218 tanti
2154 3164 2313 3235 hujus
2338 3166 2462 3221 boni
2486 3176 2541 3222 et
2565 3167 2853 3239 Apostolus
2881 3172 2956 3226 ait
2981 3188 2995 3226 :
3024 3170 3165 3229 Deus
3187 3186 3354 3231 autem
3381 3181 3468 3248 qui
3490 3182 3576 3235 di-

1995 3270 2078 3311 ves
2103 3267 2173 3311 est
2196 3259 2248 3312 in
2274 3259 2615 3315 misericordia
2632 3303 2647 3327 ,
2676 3274 2878 3334 prapter
2904 3267 3116 3321 multam
3140 3268 3456 3327 dilectione»:
3480 3290 3581 3344 qua

1995 3347 2170 3403 dilexit
2199 3366 2309 3414 nos,
2344 3359 2391 3404 et
2416 3366 2531 3405 cum
2557 3368 2773 3407 essemus
2800 3358 2983 3409 mortui
3002 3359 3236 3427 peccatis,
3260 3363 3581 3431 convivi/ica-

1994 3440 2063 3493 vit
2086 3457 2176 3495 nos
2202 3438 2421 3509 Christo,
2453 3444 2598 3514 cujus
2623 3446 2788 3515 gratia
2818 3462 2991 3500 sumus
3019 3447 3147 3502 salvi
3172 3451 3331 3521 facti;
3363 3462 3407 3506 et
3430 3454 3582 3508 simul

1994 3534 2262 3600 excitavit,
2289 3542 2333 3587 et
2356 3535 2507 3589 simul
2527 3535 2699 3591 sedere
2726 3537 2840 3605 fecit
2880 3538 2935 3592 in
2978 3540 3255 3596 caelestibus
3294 3544 3347 3597 in
3378 3544 3578 3602 Christo

1992 3620 2117 3676 Jesu
2145 3623 2356 3693 (ΕρΙιεε.
2386 3641 2444 3693 n,
2470 3624 2615 3698 4-6).
2648 3627 2759 3681 Hoc
2784 3642 2913 3697 ergo
2934 3637 3107 3695 potest
3131 3632 3350 3703 intelligi
3376 3634 3575 3693 dixisse

1994 3714 2250 3771 Dominus
2273 3756 2287 3782 ,
2325 3716 2392 3772 Ut
2419 3718 2503 3771 ubi
2527 3735 2617 3787 ego
2642 3735 2755 3772 sum
2776 3761 2791 3784 ,
2822 3728 2868 3774 et
2895 3721 2974 3774 illi
3000 3722 3098 3775 sint
3123 3740 3333 3779 mecunt.
3370 3725 3433 3779 Et
3463 3726 3578 3796 ipse

1992 3807 2203 3877 quidem
2234 3807 2301 3861 de
2341 3822 2399 3864 se
2425 3807 2559 3862 dixit
2585 3808 2725 3879 quod
2756 3810 2826 3863 ibi
2848 3809 2957 3879 jam
2984 3820 3159 3877 esset;
3192 3813 3260 3868 de
3298 3814 3450 3870 nobis
3475 3832 3577 3871 au-

1994 3909 2097 3955 tem
2127 3899 2263 3953 velle
2292 3913 2351 3953 se
2377 3899 2509 3953 dixit
2536 3907 2592 3953 ut
2630 3915 2870 3955 essemus
2893 3901 2963 3957 ibi
2990 3918 3112 3958 cum
3139 3904 3267 3968 illo,
3299 3922 3402 3961 non
3429 3908 3571 3977 quod

1989 3990 2097 4059 jam
2126 4004 2366 4044 essemus
2393 3990 2645 4045 ostendit.
2678 3992 2964 4061 Apostolus
3004 4002 3181 4049 autem
3221 3996 3359 4066 quod
3387 3997 3573 4053 Domi-

1987 4096 2092 4137 nus
2119 4082 2253 4137 velle
2277 4096 2335 4136 se
2358 4081 2491 4136 dixit
2514 4092 2573 4137 ut
2604 4083 2774 4150 fieret,
2804 4091 3051 4154 tanquam
3083 4084 3278 4141 factum
3306 4086 3466 4143 fuerit
3491 4100 3574 4144 est

1991 4174 2216 4230 locutus.
2244 4174 2358 4229 Non
2387 4176 2531 4231 enim
2558 4176 2651 4238 ait,
2685 4176 3021 4232 Excitaturus
3050 4186 3151 4244 est,
3175 4189 3227 4234 et
3257 4179 3310 4234 in
3338 4182 3573 4238 caelesti-

1987 4268 2088 4325 bus
2114 4269 2303 4324 sedere
2332 4268 2597 4333 facturus;
2624 4269 2719 4324 sed
2740 4309 2756 4336 ,
2780 4270 3045 4336 excitavit,
3074 4280 3121 4324 et
3149 4271 3321 4327 sedere
3342 4274 3394 4326 in
3424 4275 3571 4329 ciete-

1988 4361 2145 4416 stibus
2165 4362 2281 4432 fecit
2308 4378 2326 4415 :
2348 4361 2466 4431 quia
2490 4376 2594 4416 non
2612 4361 2839 4416 inaniter
2862 4362 2954 4418 sed
2981 4363 3208 4419 ﬁdeliter
3223 4365 3331 4436 jam
3352 4366 3570 4437 deputat

1990 4453 2183 4508 factum
2215 4454 2354 4523 quod
2395 4453 2628 4509 futurum
2673 4468 2948 4509 essenon
2986 4454 3209 4510 dubitat.
3251 4455 3403 4527 Quod
3439 4476 3569 4516 vero

1986 4545 2175 4598 attinet
2201 4544 2264 4597 ad
2293 4543 2512 4598 formam
2543 4544 2634 4597 Dei
2656 4544 2709 4597 in
2736 4558 2838 4611 qua
2869 4544 3085 4613 aequalis
3112 4554 3194 4600 est
3218 4545 3380 4613 Patri,
3414 4548 3456 4601 si
3480 4563 3566 4602 se-

1985 4635 2215 4690 cundum
2238 4649 2353 4687 eam
2376 4633 2597 4688 velimus
2615 4632 2907 4703 intelligere
2925 4635 3066 4704 quod
3087 4635 3284 4690 dictum
3304 4645 3405 4701 est,
3439 4638 3565 4695 γοιο

1986 4736 2039 4779 ut
2067 4725 2149 4779 ubi
2174 4742 2265 4797 ego
2292 4741 2422 4787 sum,
2452 4734 2498 4778 et
2522 4723 2600 4777 illi
2627 4725 2728 4778 sint
2752 4741 2984 4791 mecstm;
3013 4725 3262 4781 abscedat
3290 4727 3358 4781 ab
3384 4728 3563 4783 animo

1986 4818 2159 4872 omnis
2209 4815 2494 4885 imaginum
2538 4815 2891 4884 corporalium
2944 4817 3193 4887 cogitatio
3246 4834 3261 4870 :
3309 4817 3564 4888 quidquid

1986 4907 2150 4964 menti
2178 4908 2466 4962 occurrerit
2495 4906 2707 4979 longum
2735 4947 2750 4975 ,
2783 4907 2949 4962 latum
2976 4948 2993 4975 ,
3022 4921 3257 4963 crassum
3284 4950 3300 4975 ,
3331 4910 3566 4979 qualibet

1984 5000 2101 5055 luce
2126 5014 2382 5068 corporea
2414 4999 2705 5055 coloratum
2728 5040 2745 5067 ,
2774 5013 2871 5070 per
2897 4998 3146 5068 quaelibet
3173 4999 3408 5054 locorum
3436 5017 3563 5070 spa-

1988 5091 2057 5148 tia
2084 5090 2169 5147 vel
2198 5091 2340 5144 ﬁnita
2365 5130 2380 5157 ,
2412 5091 2494 5146 vel
2524 5091 2726 5145 inﬁnita
2765 5088 3047 5154 diti‘usum,
3076 5090 3143 5144 ab
3178 5088 3261 5145 his
3288 5090 3559 5159 omnibus,

1984 5193 2234 5256 quantum
2264 5191 2476 5253 potest,
2505 5184 2669 5236 aciem
2722 5195 2831 5236 suae
2868 5180 3333 5251 contemplationis
3366 5182 3449 5238 vel
3476 5184 3564 5239 in-

1984 5276 2235 5333 tentionis
2258 5285 2483 5331 avertat.
2509 5274 2576 5328 Et
2605 5290 2707 5328 non
2736 5274 3031 5344 inquiratur
3055 5273 3273 5343 aequalis
3303 5274 3444 5330 Patri
3470 5275 3563 5332 Fi-

1984 5370 2085 5424 lius
2113 5368 2201 5422 ubi
2233 5368 2338 5432 sit,
2373 5365 2619 5437 quoniam
2646 5380 2803 5419 nemo
2833 5364 3030 5419 invenit
3070 5364 3156 5418 ubi
3186 5379 3290 5419 non
3320 5346 3408 5421 sit.
3450 5365 3558 5423 Sed

1980 5460 2071 5531 qui
2096 5459 2205 5512 vult
2229 5471 2466 5528 quaerere
2488 5497 2504 5523 ,
2536 5465 2737 5526 qurerat
2764 5455 2934 5525 potius
2962 5462 3018 5509 ut
3058 5469 3177 5510 cum
3206 5456 3299 5511 illo
3320 5457 3421 5524 sit;
3453 5473 3559 5513 non

1982 5550 2177 5620 ubique
2206 5550 2339 5604 sicut
2364 5546 2476 5612 ille,
2509 5544 2601 5601 sed
2643 5544 2962 5617 ubicumque
2999 5560 3118 5601 esse
3159 5548 3419 5615 potuerit.
3455 5548 3558 5618 Qui

1980 5644 2121 5700 enim
2147 5641 2344 5697 homini
2373 5638 2648 5708 pmnalitcr
2678 5636 2924 5707 pendenti
2946 5678 2959 5704 ,
2992 5649 3044 5694 et
3071 5639 3359 5697 salubriter
3382 5642 3559 5699 conti-

1985 5741 2111 5796 tenti
2131 5741 2220 5803 ait,
2247 5736 2408 5791 Hodie
2425 5750 2613 5789 mecum
2634 5732 2733 5787 eris
2752 5731 2804 5785 in
2821 5732 3058 5802 paradiso
3076 5733 3228 5793 (Luc.
3258 5750 3415 5800 xxm,
3436 5734 3555 5800 ιδῃ
