4028 6478
541 336 668 393 ³927

531 446 820 502 secundum
851 445 900 500 id
929 444 1064 515 quod
1093 445 1252 499 homo
1274 453 1406 510 crat,
1433 444 1603 496 anima
1633 441 1749 511 ejus
1775 441 1888 512 ipso
1912 441 1996 496 die
2023 441 2104 496 fu-

533 545 648 591 tura
678 537 846 591 fuerat
886 536 937 589 in
965 535 1170 589 inferno
1195 576 1210 601 ,
1245 549 1368 588 caro
1411 533 1463 587 in
1504 533 1781 600 sepulcro;
1811 531 2098 587 secundum

531 635 709 681 autem
735 625 784 680 id
814 624 952 695 quod
981 625 1122 680 Deus
1147 632 1261 677 erat
1283 663 1297 686 ,
1331 623 1509 692 utique
1536 631 1589 677 et
1617 623 1666 675 in
1697 622 1940 691 paradiso
1965 631 2099 676 erat.

534 718 604 772 Et
622 717 740 772 ideo
758 716 977 771 latronis
991 715 1163 770 anima
1185 730 1214 768 a
1237 714 1470 783 pristinis
1496 714 1818 768 facinoribus
1837 713 2099 782 absoluta,

533 818 588 862 et
616 808 756 862 illius
783 821 1005 862 munere
1024 805 1132 876 jam
1163 805 1336 870 beata,
1368 804 1610 874 quamvis
1638 804 1830 874 ubique
1857 805 1991 858 sicut
2016 804 2104 859 ille

534 914 655 955 esse
680 914 785 952 non
831 905 1074 967 poterat;
1105 905 1278 950 tamen
1323 896 1482 950 etiam
1523 897 1638 966 ipso
1674 895 1758 950 die
1786 910 1906 951 cum
1934 896 2023 951 illo
2049 897 2103 952 in

534 990 776 1060 paradiso
809 1003 928 1044 esse
970 995 1212 1057 poterat,
1245 986 1386 1043 unde
1428 987 1515 1042 ille
1541 987 1632 1056 qui
1672 987 1866 1058 ubique
1893 1003 2105 1057 semper

534 1089 617 1135 est
642 1122 656 1145 ,
686 1094 787 1134 non
813 1085 1128 1133 recesserat.
1158 1077 1446 1147 Propterea
1477 1075 1721 1130 nimirum
1752 1091 1858 1131 non
1899 1077 1947 1132 ei
1976 1078 2105 1131 satis

536 1170 632 1226 fuit
656 1171 852 1236 dicere,
890 1167 1014 1223 Volo
1039 1179 1090 1222 ut
1119 1168 1203 1222 ubi
1227 1185 1316 1239 ego
1345 1185 1477 1235 sum,
1506 1178 1553 1222 et
1577 1167 1654 1221 illi
1677 1168 1814 1232 sint;
1837 1167 1930 1222 scd
1956 1167 2105 1222 addi-

534 1261 630 1328 dit,
662 1277 869 1314 mecum.
894 1259 1026 1314 Esse
1046 1259 1186 1314 cnim
1217 1273 1337 1312 cum
1366 1257 1474 1321 illo,
1504 1272 1748 1325 magnum
1775 1257 1970 1311 bonum
1998 1265 2102 1311 est.

533 1350 662 1405 Nam
689 1359 742 1404 et
768 1349 947 1404 miseri
976 1363 1094 1404 esse
1123 1357 1342 1418 possunt
1366 1346 1453 1400 ubi
1484 1354 1564 1400 est
1588 1345 1693 1409 ille,
1717 1346 1963 1414 quoniam
1988 1345 2106 1415 qni-

533 1455 758 1510 cumque
781 1439 1100 1507 ubicumque
1135 1435 1345 1502 fuerint,
1377 1444 1458 1490 est
1483 1444 1533 1490 et
1560 1436 1646 1490 ille
1677 1452 1690 1488 :
1720 1435 1812 1489 sed
1838 1435 1979 1489 beati
2005 1435 2104 1488 soli

533 1537 656 1584 sunt
683 1544 800 1583 cum
832 1529 920 1582 illo
944 1569 958 1594 ,
989 1528 1108 1598 quia
1156 1526 1292 1581 beati
1323 1541 1440 1580 esse
1475 1540 1577 1579 non
1620 1533 1866 1595 poterunt
1908 1525 2006 1578 nisi
2037 1539 2103 1580 ex

534 1621 644 1676 illo.
673 1623 862 1674 Annon
893 1620 1002 1674 Deo
1025 1618 1282 1673 veraciter
1311 1617 1506 1672 dictum
1539 1626 1640 1684 est,
1671 1615 1732 1672 Si
1758 1617 2027 1671 ascendero
2052 1619 2105 1672 in

532 1713 730 1778 caelum,
770 1721 823 1764 tu
863 1712 932 1764 ibi
969 1727 1057 1775 es;
1086 1719 1132 1764 et
1168 1711 1210 1765 si
1248 1709 1544 1764 descendere
1585 1709 1638 1761 in
1679 1706 1954 1775 infernum,
1985 1708 2104 1761 ades

533 1800 701 1872 (Psal.
748 1815 1013 1867 cxxxvm,
1045 1797 1137 1872 8)?
1178 1809 1265 1853 aut
1308 1812 1432 1853 vero
1473 1796 1714 1852 Christus
1753 1812 1857 1850 non
1900 1806 1981 1852 est
2011 1797 2105 1851 Dei

531 1889 818 1960 Sapientia,
847 1905 963 1960 qum
987 1891 1188 1960 attingit
1215 1890 1393 1959 ubique
1419 1897 1618 1957 prapter
1643 1903 1787 1941 suam
1809 1888 2104 1942 munditiam

533 1979 687 2050 (Sap.
719 1995 814 2046 vn,
839 1979 971 2051 24)?
998 1979 1105 2035 Sed
1126 1980 1211 2033 lux
1237 1979 1378 2032 lucet
1401 1979 1454 2032 in
1486 1977 1736 2044 tenebris,
1767 1992 1864 2032 nec
1888 1993 2005 2033 eam
2038 1989 2107 2034 te-

527 2070 707 2124 nebrae
725 2068 1180 2140 comprehendunt
1209 2066 1383 2141 (Joan.
1417 2083 1453 2136 1,
1477 2068 1555 2141 5).
1587 2068 1665 2122 Ac
1690 2082 1785 2138 per
1811 2066 1933 2132 hoc,
1963 2079 2017 2122 ut
2038 2069 2106 2126 de

526 2176 585 2217 re
611 2162 804 2218 visibili
826 2202 841 2228 ,
871 2162 1109 2232 quamvis
1133 2161 1285 2232 longe
1308 2160 1545 2216 dissimili
1570 2201 1586 2228 ,
1611 2160 1991 2232 qualecumque
2016 2178 2106 2216 su-

525 2266 732 2306 mamus
755 2251 1053 2320 exemplum
1072 2292 1086 2316 ,
1116 2251 1254 2305 sicut
1277 2265 1450 2306 catcus
1473 2251 1676 2306 etiamsi
1704 2250 1773 2305 ibi
1805 2251 1872 2306 sit
1899 2252 1986 2308 ubi
2016 2253 2105 2307 lux

525 2351 608 2396 est
630 2383 646 2408 ,
677 2356 782 2395 non
811 2349 891 2394 est
925 2348 1101 2394 tamen
1142 2339 1253 2408 ipse
1279 2353 1397 2393 cum
1425 2338 1541 2393 luce
1562 2378 1577 2402 ,
1606 2339 1698 2393 sed
1730 2339 1923 2394 absens
1961 2350 2042 2394 est
2069 2355 2099 2395 a

525 2439 822 2502 praesente;
845 2431 915 2484 ita
937 2429 1164 2484 inﬁdelis
1181 2439 1336 2498 atque
1357 2428 1572 2497 impius,
1596 2437 1687 2483 aut
1704 2428 1911 2484 etiamsi
1933 2430 2104 2486 ﬁdelis

525 2534 579 2580 et
605 2525 755 2594 pius,
781 2521 1014 2578 nondum
1045 2531 1219 2576 tamen
1253 2520 1320 2575 ad
1347 2520 1654 2576 intuendum
1682 2520 1858 2576 lumen
1895 2521 2105 2591 sapic--

524 2614 612 2670 tite
642 2613 859 2668 idoneus
879 2655 893 2677 ,
921 2611 1127 2667 etiamsi
1157 2625 1274 2666 esse
1303 2626 1561 2681 nusquam
1592 2611 1757 2681 possit
1785 2611 1869 2667 ubi
1899 2628 2002 2666 non
2033 2612 2105 2668 sit

524 2713 580 2760 et
601 2703 865 2767 Christus,
886 2717 988 2756 non
1009 2710 1090 2756 est
1114 2710 1288 2756 tamen
1316 2701 1427 2771 ipse
1447 2716 1567 2756 cum
1591 2701 1826 2768 Christo,
1847 2701 2103 2758 duntaxat

525 2809 623 2864 per
649 2793 901 2864 speciem.
928 2791 1058 2846 Nam
1089 2791 1354 2846 hominem
1386 2790 1471 2860 pie
1501 2791 1728 2856 ﬁdelem,
1763 2806 1865 2846 non
1893 2801 1974 2846 est
2001 2792 2099 2846 du-

523 2883 796 2940 bitandum
823 2898 942 2938 cum
981 2880 1190 2937 Christo
1219 2896 1337 2936 esse
1365 2896 1460 2952 per
1485 2881 1640 2937 ﬁdem
1671 2900 1685 2937 :
1717 2891 1932 2953 propter
1959 2882 2100 2953 quod

522 2974 670 3041 dicit,
701 2974 799 3042 Qui
827 2991 927 3028 non
971 2983 1044 3028 est
1084 2989 1295 3039 mecum,
1341 2973 1607 3027 adversum
1648 2990 1727 3027 me
1767 2983 1838 3027 est
1881 2975 2094 3043 (Matth.

521 3082 618 3132 ιιι,
639 3064 750 3137 ⁸50).
778 3064 882 3121 Sed
902 3079 1022 3119 eum
1046 3063 1184 3118 Patri
1206 3063 1312 3118 Deo
1331 3063 1560 3131 dicebat,
1581 3063 1718 3130 Quos
1743 3064 1927 3118 dedisti
1949 3067 2094 3133 mihi,

521 3157 634 3211 volo
659 3164 711 3209 ut
739 3155 822 3209 ubi
851 3171 938 3225 ego
962 3170 1092 3221 sum,
1121 3162 1167 3207 et
1192 3153 1289 3224 ipsi
1316 3153 1416 3208 sint
1444 3171 1677 3221 mecum;
1703 3153 1770 3210 de
1795 3157 1976 3224 specie
2007 3158 2096 3212 illa

521 3248 738 3301 omnino
782 3244 1010 3310 dicebat,
1059 3245 1111 3299 in
1157 3259 1260 3314 qua
1308 3243 1604 3300 videbimus
1649 3260 1772 3300 eum
1822 3245 1974 3301 sicuti
2015 3255 2099 3304 est

522 3336 568 3406 (l
586 3335 740 3391 Joan.
765 3333 936 3405 111,2).

590 3429 644 3483 5.
684 3427 850 3482 Nemo
891 3425 1285 3481 serenissimum
1332 3439 1544 3481 sensum
1590 3425 1834 3482 nubilosa
1872 3437 2095 3484 contra-

519 3517 750 3572 dictione
776 3516 1080 3586 perturbet;
1110 3515 1482 3583 consequentia
1512 3515 1826 3584 perhibeant
1854 3517 2095 3572 testimo-

519 3609 662 3662 nium
687 3605 1106 3678 praecedentibus
1124 3605 1320 3660 verbis.
1342 3603 1540 3674 Nempe
1558 3620 1677 3660 cum
1694 3605 1933 3673 dixisset,
1967 3606 2094 3662 Volo

517 3708 574 3753 ut
597 3699 682 3752 ubi
708 3714 798 3769 ego
833 3713 944 3752 sum
964 3737 979 3762 ,
1007 3705 1055 3750 et
1083 3697 1182 3765 ipsi
1208 3696 1307 3752 sint
1335 3712 1527 3749 mecum
1551 3735 1566 3762 ,
1598 3697 1850 3751 continuo
1877 3705 2092 3753 secutus

517 3789 774 3860 adjunxit,
801 3787 866 3843 Ut
887 3787 1083 3842 videant
1103 3787 1380 3842 claritatem
1401 3803 1562 3840 meam
1574 3803 1723 3857 quam
1748 3787 1927 3842 dedisti
1943 3789 2081 3854 mihi,

516 3881 635 3950 quia
661 3879 878 3933 dilexisti
901 3894 977 3932 me
998 3885 1114 3931 ante
1131 3877 1531 3931 constitutionem
1554 3877 1747 3932 mundi.
1780 3877 1846 3932 Ut
1866 3879 2085 3946 videant,

517 3969 684 4033 dixit;
712 3983 838 4033 non,
868 3975 926 4021 ut
955 3966 1189 4021 credant.
1220 3965 1368 4021 Fidei
1391 3981 1596 4021 merces
1623 3975 1708 4022 est
1733 3967 1851 4035 ista,
1894 3984 1996 4023 non
2026 3969 2090 4024 ﬁ-

515 4060 632 4114 des.
659 4059 716 4113 Si
740 4058 879 4113 enim
910 4056 1040 4110 ﬁdes
1076 4057 1127 4110 in
1167 4057 1399 4124 Epistola
1426 4057 1492 4111 ad
1527 4057 1780 4112 Hebraeos
1818 4067 1966 4113 recte
1993 4059 2086 4114 de-

517 4149 662 4202 ﬁnita
691 4156 808 4211 est,
847 4145 1098 4200 Convictio
1145 4163 1314 4199 rerum
1355 4161 1468 4216 qum
1510 4164 1610 4201 non
1646 4149 1876 4202 videntur
1901 4149 2085 4220 (Hebr.

516 4253 590 4300 111,
624 4237 710 4308 1);
736 4251 831 4291 cur
860 4252 963 4289 non
1005 4252 1208 4290 merces
1253 4237 1372 4290 ﬁdei
1400 4237 1703 4304 deﬁniatur,
1735 4239 1880 4296 Visio
1908 4257 2086 4296 rerum

515 4341 635 4394 qua:
662 4325 875 4380 credita:
901 4325 1284 4394 sperabantur?
1325 4323 1458 4380 Cum
1487 4325 1775 4382 viderimus
1807 4331 1946 4384 enim
1973 4332 2085 4386 cla-

514 4415 724 4469 ritatem
749 4430 906 4485 quam
931 4415 1075 4469 dedit
1105 4415 1256 4470 Pater
1283 4414 1416 4469 Filio
1436 4457 1453 4482 ,
1482 4417 1687 4472 etiamsi
1714 4434 1831 4473 eam
1856 4420 1957 4475 dici
1986 4421 2086 4478 hoc

514 4506 635 4560 loco
651 4505 1023 4574 intelligamus,
1043 4519 1145 4558 non
1165 4521 1320 4575 quam
1344 4505 1499 4560 Pater
1513 4508 1699 4577 mquali
1717 4509 1850 4566 Filio
1868 4512 2086 4582 gignens

512 4613 634 4653 eum
659 4597 824 4661 dedit,
851 4597 942 4652 sed
965 4615 1122 4668 quam
1147 4599 1281 4654 facto
1302 4598 1530 4656 hominis
1560 4600 1665 4656 ﬁlio
1690 4603 1707 4635 ί
1728 4603 1875 4660 dedit
1897 4606 1944 4660 ei
1969 4615 2085 4676 post

511 4698 737 4745 mortem
775 4689 949 4744 crucis
987 4705 1001 4744 :
1044 4690 1255 4758 quando
1283 4705 1410 4761 ergo
1445 4691 1740 4749 videbimus
1783 4695 1926 4751 illam
1965 4697 2084 4753 Filii

511 4779 824 4844 claritatem,
854 4777 1090 4848 profecto
1120 4788 1245 4834 tunc
1269 4781 1357 4836 fiet
1379 4780 1636 4851 judicium
1659 4783 1898 4840 vivorum
1925 4795 2083 4858 atque

510 4879 860 4933 mortuorum,
891 4878 1015 4924 tunc
1038 4868 1250 4924 tolletur
1272 4869 1486 4939 impius,
1505 4887 1572 4927 ne
1591 4871 1766 4928 videat
1788 4875 2079 4932 claritatem

511 4959 719 5014 Domini
745 4957 894 5029 (Isai.
935 4975 1057 5014 xxvi
1083 5000 1098 5025 ,
1130 4959 1250 5030 10);
1277 4975 1434 5030 quam
1461 5003 1477 5030 ,
1505 4963 1605 5019 nisi
1636 4962 1776 5018 illam
1807 4981 1908 5035 qua
1942 4967 2082 5023 Deus

508 5049 630 5104 est?
658 5049 803 5104 Beati
829 5050 969 5103 enim
995 5049 1382 5117 mundicordes,
1413 5053 1662 5122 quoniam
1688 5055 1787 5124 ipsi
1816 5055 1978 5112 Deum
2005 5059 2082 5113 vi-

509 5140 708 5194 debunt
733 5139 942 5211 (Matth.
972 5156 1028 5206 v,
1071 5139 1130 5212 8)
1163 5158 1177 5194 :
1216 5156 1315 5197 nec
1353 5143 1727 5198 mundicordes
1754 5155 1878 5200 sunt
1907 5147 2074 5216 impii,

510 5241 787 5300 propterea
828 5245 934 5286 non
975 5231 1246 5286 videbunt.
1295 5232 1440 5286 Tunc
1481 5232 1628 5286 ilnmt
1657 5235 1754 5303 ipsi
1801 5237 1850 5289 in
1879 5239 2078 5307 suppli-

508 5320 646 5374 cium
684 5329 972 5385 mternum;
1012 5321 1089 5374 sic
1130 5321 1269 5375 enim
1317 5321 1532 5376 tolletur
1561 5324 1752 5392 impius
1798 5341 1863 5378 ne
1905 5327 2078 5382 videat

507 5409 800 5464 claritatem
829 5411 1030 5465 Domini
1061 5429 1073 5464 :
1101 5411 1226 5480 justi
1257 5422 1430 5466 autem
1461 5414 1612 5467 ibunt
1638 5415 1690 5467 in
1724 5416 1880 5468 vitam
1913 5427 2073 5472 teter-

508 5514 630 5554 nam
655 5498 764 5569 (Id.
808 5516 931 5565 xxv,
962 5500 1074 5565 46).
1111 5503 1173 5555 Et
1211 5518 1328 5570 qua:
1371 5503 1584 5557 estvita
1610 5505 1847 5559 teterna?
1878 5505 1946 5560 Ut
1985 5524 2072 5561 co-

507 5597 746 5655 gnoscant
768 5627 782 5653 ,
813 5588 1014 5658 inquit,
1043 5599 1088 5644 te
1113 5590 1275 5644 solum
1305 5607 1474 5645 verum
1505 5592 1665 5647 Deum
1688 5635 1704 5662 ,
1736 5604 1780 5648 et
1803 5611 1950 5654 quem
1977 5599 2073 5651 nti-

571 5700 586 5731 ι
610 5705 681 5746 Er.
702 5699 843 5762 Lugd.
871 5707 922 5750 et
945 5709 1077 5759 \‘en.,
1106 5703 1233 5764 facta
1252 5701 1430 5754 homini
1445 5701 1561 5768 ﬁlio.
1619 5713 1674 5754 Μ.

1451 333 1515 388 ΙΝ
1567 331 1841 388 ,ΙΟᾹΝΝΖΞ
1881 331 2340 402 EVANGELIUM,
2381 336 2437 393 S.
2480 339 2841 400 AUGUSTINI

3622 358 3758 419 i928

2205 444 2314 498 sisti
2335 445 2509 503 Iesum
2534 450 2784 508 Christum
2811 457 2983 529 (Joan.
3017 476 3145 526 xvu,
3167 463 3221 535 5)
3251 482 3264 518 :
3295 480 3398 522 non
3429 470 3608 540 utique
3633 475 3766 533 sicut

2205 551 2326 592 eum
2354 555 2716 610 cognoverunt
2741 552 2829 618 qui
2869 550 2989 605 licet
3017 568 3120 608 non
3159 556 3561 628 mundicordes,
3591 573 3762 622 tamen

2207 626 2441 696 informa
2462 634 2600 688 servi
2616 636 2896 694 clariﬁcata
2913 641 3234 710 judicantem
3252 647 3430 704 videre
3450 663 3763 724 potuerunt;

2205 717 2298 772 sed
2319 720 2454 776 sicut
2472 728 2864 793 cognoscendus
2885 741 2966 786 est
2987 747 3016 786 a
3038 735 3244 792 mundis
3265 739 3424 795 corde
3448 717 3595 799 solus
3611 760 3764 802 verus

2207 808 2372 875 Deus,
2404 827 2526 869 cum
2555 815 2712 873 Patre
2738 829 2790 874 et
2827 819 3023 891 Spiritu
3061 835 3242 881 sancto
3274 827 3464 898 Filius,
3500 834 3620 902 quia
3652 835 3762 905 ipsa

2205 899 2434 958 Trinitas
2459 915 2541 960 est
2567 907 2710 964 solus
2749 926 2904 967 verus
2934 914 3091 970 Deus.
3133 917 3189 972 Si
3231 934 3356 990 ergo
3394 899 3688 980 secundum
3716 927 3763 982 id

2205 991 2345 1060 quod
2368 993 2532 1049 Filius
2557 996 2648 1052 Dei
2675 999 2811 1054 Deus
2837 1010 2920 1056 est
2944 1002 3086 1058 Patri
3114 1008 3332 1076 aequalis
3360 1019 3517 1081 atque
3543 1023 3765 1071 coaeter-

2205 1095 2343 1147 nus;
2365 1085 2681 1153 accipiamus
2725 1090 2824 1145 hoc
2867 1092 3084 1159 dictum,
3120 1094 3241 1151 Volo
3262 1107 3316 1151 ut
3339 1098 3424 1153 ubi
3446 1117 3536 1171 ego
3561 1120 3694 1169 sum,
3723 1116 3769 1160 et

2205 1170 2304 1240 ipsi
2326 1174 2424 1226 sint
2447 1191 2655 1243 mecum,
2686 1179 2736 1232 in
2766 1181 2918 1236 Patre
2938 1198 3055 1238 cum
3077 1185 3286 1242 Christo
3309 1170 3539 1258 erimus;
3565 1196 3660 1250 sed
3681 1197 3768 1253 ille

2206 1261 2342 1316 sicut
2368 1264 2477 1330 ille,
2508 1282 2604 1321 nos
2627 1269 2760 1324 sicut
2783 1287 2900 1337 nos,
2925 1275 3238 1348 ubicumque
3253 1296 3474 1352 corpore
3495 1284 3765 1343 fuerimus.

2206 1348 2262 1404 Si
2287 1354 2426 1408 enim
2477 1356 2590 1411 loca
2636 1358 2855 1415 dicenda
2895 1373 3052 1433 sunt,
3081 1378 3135 1422 et
3174 1348 3365 1439 quibus
3403 1386 3508 1429 non
3547 1391 3768 1446 corpora

2205 1441 2541 1498 continentur
2563 1486 2576 1510 ,
2609 1455 2664 1501 et
2702 1449 2851 1506 locus
2890 1461 2973 1508 est
3012 1457 3203 1527 cuique
3231 1461 3306 1515 rei
3347 1462 3436 1517 ubi
3473 1474 3590 1531 est;
3621 1441 3768 1525 locus

2206 1527 2398 1584 Christi
2428 1541 2656 1591 aeternus
2685 1538 2770 1594 ubi
2798 1554 3007 1610 semper
3031 1554 3132 1611 est,
3163 1547 3274 1616 ipse
3297 1549 3456 1607 Pater
3477 1527 3587 1619 est,
3611 1565 3666 1611 et
3689 1557 3770 1613 lo-

2204 1632 2299 1674 cus
2328 1620 2494 1677 Patris
2524 1624 2684 1682 Filius
2713 1638 2829 1696 est;
2861 1633 3002 1701 quia,
3034 1633 3165 1706 Ego,
3198 1639 3386 1708 inquit,
3426 1643 3486 1696 in-
3506 1642 3680 1710 Patre,
3725 1656 3768 1702 et

2210 1706 2364 1764 Pater
2385 1712 2438 1765 in
2465 1729 2541 1767 me
2555 1724 2626 1769 est
2655 1715 2763 1790 (Id.
2787 1735 2895 1788 xw,
2921 1723 3010 1792 10)
3033 1741 3045 1790 ;
3065 1734 3119 1779 et
3145 1727 3196 1780 in
3217 1706 3316 1784 hac
3338 1706 3596 1798 oratione,
3623 1706 3768 1792 Sicut

2205 1808 2259 1852 tu
2291 1798 2442 1856 Pater
2461 1843 2475 1869 ,
2507 1805 2700 1876 inquit,
2731 1809 2782 1863 in
2809 1827 2888 1865 me
2908 1852 2924 1877 ,
2953 1823 3000 1867 et
3029 1831 3118 1886 ego
3144 1818 3196 1870 in
3224 1827 3270 1872 te
3295 1836 3314 1874 :
3339 1832 3392 1886 et
3419 1823 3563 1880 locus
3589 1838 3771 1884 noster

2205 1889 2304 1959 ipsi
2325 1901 2446 1947 sunt
2467 1933 2483 1960 ,
2513 1896 2633 1965 quia
2659 1899 2894 1968 sequitur
2915 1942 2930 1968 ,
2961 1901 3030 1958 Ut
3056 1915 3102 1958 et
3131 1906 3226 1977 ipsi
3255 1909 3305 1963 in
3331 1911 3470 1966 nobis
3491 1931 3647 1970 unum
3672 1919 3770 1972 sint

2206 1978 2315 2052 (Id.
2337 1998 2464 2049 xvn,
2490 1983 2584 2056 21)
2612 2003 2626 2039 :
2659 1996 2713 2042 et
2738 2004 2832 2045 nos
2853 1991 2999 2048 locus
3022 1994 3116 2050 Dei
3142 2012 3343 2067 sumus,
3366 2005 3613 2071 quoniam
3641 2015 3772 2062 tem-

2204 2071 2349 2141 plum
2377 2073 2494 2144 ejus
2521 2090 2740 2146 sumus;
2768 2081 2903 2136 sicut
2938 2093 3056 2139 orat
3092 2101 3187 2156 pro
3225 2091 3378 2144 nobis
3413 2093 3502 2162 qui
3531 2105 3772 2152 mortuus

2205 2170 2286 2216 est
2312 2176 2407 2231 pro
2432 2165 2606 2233 nobis,
2635 2169 2863 2240 vivitque
2882 2187 2977 2241 pro
2999 2175 3172 2243 nobis,
3203 2186 3258 2232 ut
3283 2179 3337 2232 in
3366 2179 3491 2250 ipsis
3512 2199 3676 2239 unum
3706 2186 3774 2240 si-

2205 2267 2356 2318 mus;
2381 2255 2500 2324 quia
2521 2261 2682 2326 factus
2703 2269 2774 2314 est
2800 2262 2852 2315 in
2876 2280 2998 2333 pace
3016 2265 3152 2322 locus
3174 2269 3303 2338 eius,
3325 2281 3372 2325 et
3398 2273 3638 2330 habitatio
3663 2279 3772 2349 ejus

2204 2341 2257 2394 in
2278 2339 2403 2396 Sion
2425 2341 2594 2416 (Psal.
2622 2362 2778 2415 sxxv,
2804 2349 2878 2421 5),
2905 2368 3022 2422 quae
3050 2369 3145 2412 nos
3167 2371 3370 2415 sumus.
3393 2361 3499 2417 Sed
3519 2366 3638 2434 quis
3657 2339 3774 2423 ido—

2204 2447 2335 2487 neus
2363 2433 2476 2489 loca
2503 2435 2601 2491 ista
2623 2479 2639 2504 ,
2667 2440 2752 2494 vel
2781 2455 2898 2512 quas
2925 2453 3047 2498 sunt
3073 2445 3124 2500 in
3167 2446 3298 2504 locis
3323 2451 3458 2519 istis,
3489 2433 3604 2510 sine
3644 2471 3773 2526 spa-

2203 2523 2353 2579 tiosis
2371 2527 2745 2596 capacitatibus
2762 2540 2814 2586 et
2827 2532 2944 2588 sine
2955 2538 3224 2605 corporeis
3257 2542 3480 2598 molibus
3500 2523 3772 2616 cogitare?

2201 2611 2317 2668 Non
2343 2629 2526 2684 parum
2556 2626 2728 2675 tamen
2756 2621 3025 2690 proﬁcitur
3045 2667 3062 2694 ,
3097 2628 3142 2684 si
3168 2631 3353 2686 saltem
3389 2611 3643 2706 quidquid
3674 2640 3775 2696 tale

2203 2704 2358 2758 oculo
2377 2706 2551 2762 cordis
2571 2712 2820 2779 occurrit,
2842 2725 3079 2785 negatur,
3099 2720 3385 2791 respuitur,
3407 2704 3737 2796 improbatur
3757 2749 3770 2784 :

2203 2803 2257 2848 et
2278 2793 2366 2848 lux
2392 2796 2630 2865 quaedam
2658 2799 2712 2855 in
2737 2817 2841 2872 qua
2875 2803 2974 2860 ista
3001 2809 3235 2878 neganda
3258 2851 3275 2878 ,
3304 2793 3599 2884 respuenda
3629 2859 3644 2883 ,
3677 2821 3774 2875 im-

2203 2883 2472 2952 probanda
2493 2899 2796 2959 cernuntur,
2819 2891 2955 2948 sicut
2971 2899 3217 2965 potuerit,
3231 2883 3518 2972 cogitatur;
3539 2916 3596 2961 et
3615 2923 3774 2978 quam

2201 2975 2271 3030 sit
2297 2985 2439 3032 certa
2468 2981 2820 3051 cognoscitur,
2848 2994 2901 3040 et
2922 2996 3148 3058 amatur,
3171 3000 3227 3046 ut
3256 2993 3379 3050 inde
3402 2975 3669 3068 surgatur,
3698 3012 3778 3056 at.

2201 3081 2305 3137 que
2331 3069 2397 3124 ad
2427 3069 2678 3128 interiora
2717 3075 2960 3132 tendatur
2986 3095 2999 3132 :
3027 3095 3145 3150 quae
3171 3097 3292 3139 cum
3316 3096 3595 3155 penetrare
3623 3107 3774 3148 mens

2201 3155 2448 3224 invalida,
2480 3166 2535 3215 et
2562 3161 2737 3218 minus
2769 3179 2926 3234 quam
2968 3167 3056 3222 illa
3081 3180 3222 3237 sunt,
3253 3188 3402 3242 pura,
3434 3180 3772 3247 nequiverit;

2199 3261 2304 3302 non
2329 3247 2444 3304 sine
2463 3251 2661 3306 amoris
2679 3254 2876 3324 gemitu
2899 3265 2954 3312 et
2972 3256 3217 3316 desiderii
3246 3264 3491 3336 lacrymis
3512 3269 3640 3325 inde
3665 3272 3776 3342 pel-

2197 3337 2368 3405 latur;
2397 3348 2452 3395 et
2475 3340 2734 3410 patienter
2758 3341 2894 3400 ferat
2919 3350 3168 3416 quamdiu
3202 3351 3302 3409 ﬁde
3330 3357 3616 3413 mundatur
3644 3337 3775 3426 ,⁷111-

2186 3410 2301 3498 ’ῳιθ
2340 3438 2392 3484 111
2443 3430 2550 3487 illic
2583 3431 2819 3490 habitare
2865 3437 3036 3494 valeat
3059 3481 3085 3510 ,,
3112 3443 3308 3500 sanctis
3353 3447 3592 3504 moribus
3629 3466 3773 3520 prae-

2196 3527 2412 3590 paratur
2439 3522 2478 3576 ¹.

2265 3611 2318 3666 4.
2350 3611 2624 3679 Quomodo
2652 3632 2778 3690 ergo
2797 3635 2903 3676 non
2928 3621 3124 3678 erimus
3149 3639 3267 3680 cum
3294 3623 3502 3683 Christo
3530 3630 3623 3686 ubi
3654 3642 3770 3701 est,

2194 3704 2405 3772 quando
2433 3705 2486 3760 in
2514 3707 2667 3764 Patre
2695 3726 2815 3766 cum
2842 3713 2933 3769 illo
2967 3717 3161 3772 erimus
3193 3718 3245 3773 in
3288 3735 3392 3790 quo
3422 3722 3540 3776 est?
3582 3724 3778 3796 Neque

2195 3795 2318 3850 hinc
2341 3796 2626 3866 Apostolus
2649 3802 2822 3868 nobis,
2863 3808 3104 3875 quamvis
3132 3810 3360 3864 nondum
3388 3828 3498 3868 rem
3530 3795 3774 3872 tenenti-

2193 3882 2324 3950 bus,
2366 3888 2458 3942 sed
2489 3897 2662 3944 tamen
2703 3907 2849 3962 spem
2887 3897 3224 3964 gerentibus,
3258 3902 3434 3955 tacuit.
3465 3903 3551 3958 Ait
3581 3908 3775 3964 enim:

2194 3975 2256 4030 Si
2282 3980 2620 4035 resurrexistis
2640 3997 2752 4035 cum
2779 3983 2994 4050 Christo,
3021 4003 3135 4057 qua:
3161 4005 3356 4044 sursum
3380 4003 3495 4046 sunt
3516 3999 3740 4064 quaerite
3758 4040 3775 4066 ,

2193 4065 2274 4119 ubi
2295 4064 2519 4123 Christus
2545 4081 2619 4124 est
2637 4071 2689 4124 in
2713 4073 2914 4128 dextera
2938 4074 3034 4129 Dei
3054 4077 3266 4142 sedens;
3290 4097 3403 4150 qua:
3425 4098 3633 4139 sursum
3655 4064 3778 4141 sunt

2191 4158 2367 4227 sapite,
2390 4176 2489 4213 non
2511 4177 2624 4229 qua:
2639 4179 2791 4232 super
2811 4175 3014 4220 terram.
3044 4166 3234 4222 Mortui
3252 4172 3382 4224 enim
3409 4173 3544 4241 estis,
3572 4176 3777 4248 inquit,

2191 4258 2238 4301 et
2266 4249 2366 4302 vita
2390 4259 2549 4304 vestra
2575 4252 2862 4309 abscondita
2893 4266 2963 4310 est
3001 4274 3114 4312 cum
3157 4259 3353 4315 Christo
3381 4263 3434 4318 in
3464 4264 3596 4321 Deo.
3631 4268 3779 4326 Ecce

2191 4338 2399 4394 interim
2427 4340 2528 4396 ﬁde
2556 4357 2617 4397 ac
2641 4359 2736 4413 spe
2762 4345 2866 4399 vita
2896 4356 3071 4402 nostra
3100 4348 3187 4403 ubi
3231 4351 3470 4410 Christus
3495 4365 3612 4424 est,
3649 4373 3779 4414 cum

2191 4430 2282 4484 illo
2305 4441 2414 4498 est;
2445 4434 2566 4503 quia
2591 4449 2710 4489 cum
2736 4436 2942 4491 Christo
2973 4439 3022 4492 in
3053 4439 3161 4494 Deo
3190 4451 3289 4496 est.
3319 4442 3454 4499 Ecce
3482 4446 3635 4500 velut
3660 4449 3777 4517 jam

2191 4519 2384 4576 factum
2411 4533 2492 4579 est
2529 4525 2667 4595 quod
2706 4527 2872 4581 oravit
2896 4535 2952 4582 ut
2980 4528 3160 4593 ﬁeret,
3193 4531 3373 4587 dicens
3393 4574 3407 4599 ,
3445 4532 3574 4590 Volo
3604 4547 3664 4590 ut
3690 4539 3781 4591 ubi

2187 4627 2280 4680 ego
2319 4629 2457 4679 sum,
2497 4621 2542 4666 et
2581 4615 2681 4681 ipsi
2717 4615 2815 4669 sint
2853 4632 3038 4671 mecum
3068 4633 3088 4671 :
3116 4621 3208 4674 sed
3253 4637 3393 4677 nunc
3435 4637 3530 4692 per
3576 4625 3774 4680 ﬁdem.

2189 4702 2408 4769 Quando
2428 4712 2604 4757 autem
2631 4705 2720 4759 liet
2742 4721 2832 4774 per
2854 4709 3122 4776 speciem?
3150 4710 3275 4765 Cum
3297 4711 3540 4780 Christus,
3567 4715 3777 4786 inquit,
3839 4763 3846 4768 .

2189 4791 2479 4862 apparuerit
2514 4792 2612 4845 vita
2640 4804 2827 4861 vestra,
2858 4805 2974 4850 tunc
3000 4808 3044 4850 et
3071 4813 3155 4851 vos
3179 4801 3481 4868 apparebitis
3507 4819 3633 4858 cum
3656 4808 3779 4876 ipso

2187 4880 2238 4934 in
2265 4881 2428 4951 gloria
2458 4879 2679 4954 (Coloss.
2713 4899 2802 4950 111,
2832 4884 2976 4952 1-4).
3011 4886 3160 4943 Tunc
3201 4891 3575 4959 apparebimus
3623 4898 3779 4967 quod

2190 4979 2313 5025 tunc
2335 4971 2562 5037 erimus;
2591 4973 2709 5042 quia
2741 4982 2864 5028 tunc
2891 4976 3162 5045 apparebit
3193 4995 3296 5032 non
3326 4981 3550 5037 inaniter
3580 5000 3693 5039 nos
3723 4988 3777 5041 id

2186 5062 2475 5118 credidisse
2502 5079 2564 5119 ac
2591 5078 2832 5133 sperasse
2857 5076 3134 5136 antequam
3161 5083 3399 5126 essemus
3444 5073 3637 5129 Faciet
3670 5077 3784 5134 hoc

2185 5154 2270 5209 cui
2299 5154 2460 5209 Filius
2501 5169 2621 5210 cum
2647 5155 2927 5224 dixisset‘,
2963 5137 3030 5214 Ut
3066 5159 3263 5215 videant
3287 5166 3564 5219 claritatem
3600 5184 3782 5222 meam

2183 5261 2336 5315 quam
2364 5245 2544 5298 dedisti
2571 5247 2720 5308 mihi,
2774 5249 3024 5304 continuo
3049 5249 3346 5320 subjunxit,
3377 5254 3505 5320 Quia
3532 5257 3784 5316 dilexisti

2184 5350 2262 5388 me
2297 5343 2413 5387 ante
2438 5337 2834 5392 constitutionem
2874 5339 3068 5392 mundi.
3109 5339 3166 5394 In
3192 5341 3284 5397 illo
3311 5344 3449 5398 enim
3485 5345 3695 5406 dilexit
3726 5363 3786 5408 et

2248 5470 2266 5542 ξ
2292 5469 2866 5542 ρηερατειωςτηξιξτςωήετ.
2891 5471 3036 5542 Lugd.
3063 5479 3182 5522 Ven.
3200 5479 3334 5542 Lov.‘
3366 5485 3422 5542 at.

2245 5533 2266 5562 ²
2291 5529 2518 5604 Plerique
2537 5529 2653 5580 editi
2671 5531 2752 5602 hic
2775 5533 2901 5604 inter
2917 5529 3276 5604 discrepant.
3293 5538 3363 5587 sic
3384 5539 3505 5602 legit
3524 5546 3612 5591 Er.
3635 5558 3652 5594 :
3690 5555 3788 5596 Fa-

2181 5588 2393 5663 9i“‘--"°c
2427 5588 2576 5663 Ῡῖίίέέξ
2597 5591 2682 5651 συί
2713 5593 3059 5663 εαηιλίὲΐίδεει-
3098 5588 3225 5663 Lor.
3264 5588 3513 5663 manus

2179 5651 2294 5714 facti
2320 5663 2338 5702 :
2360 5653 2440 5704 cui
2477 5652 2630 5727 titius
2663 5667 2773 5727 cum
2802 5654 3018 5727 dixisset.
3042 5660 3188 5727 Lugd:
3210 5651 3276 5727 ’ξι
3299 5651 3436 5721 νεά,
3460 5651 3790 5727 111103⁷13ἶεῖ

2181 5728 2322 5775 quam
2343 5728 2564 5766 essemus.
2597 5715 2722 5767 [fecit
2742 5715 2822 5768 cvi
2843 5717 2994 5770 t-‘ilius
3010 5715 3350 5773 cum'dixissct.
3407 5715 3461 5773 at.
