4076 6464
278 291 409 348 1929

272 420 366 457 ltus
391 408 514 454 ante
540 392 970 453 constitutionem
1001 388 1199 456 mundi,
1230 397 1283 447 et
1302 396 1427 445 tunc
1455 382 1852 459 prmdestinavit

271 491 407 563 quod
432 490 482 544 in
516 488 617 542 llne
646 487 880 540 facturus
908 492 989 538 est
1016 482 1218 536 mundi.

341 587 391 639 5.
450 583 623 647 Pater,
672 580 870 649 inquit,
910 579 1095 648 juste,»
1121 575 1338 629 mundus
1379 584 1424 628 te
1464 591 1561 627 non
1602 572 1848 642 cognovit.

268 680 397 745 Quia
426 676 601 743 justus
627 687 685 726 es
705 715 719 735 ,
754 671 871 725 ideo
900 679 952 724 te
982 685 1085 722 non
1117 668 1381 739 cognovit.
1410 666 1631 720 Mundus
1660 664 1852 734 quippe

268 771 356 824 ille
385 765 711 823 damnationi
758 763 1158 832 praedestinatus
1202 761 1389 814 merito
1418 768 1533 812 non‘
1561 756 1806 827 cognovit
1834 774 1846 808 :

270 861 499 915 tumidus
533 873 660 912 vero
702 873 856 926 quem
902 870 993 923 per
1020 853 1286 906 Christum
1318 850 1683 907 reconciliavit
1709 849 1845 912 sibi,

272 968 375 1005 non
416 951 636 1015 merito,
671 948 761 1001 sed
798 947 962 1015 gratia
990 944 1254 1015 cognovit.
1285 941 1419 1010 Quid
1454 949 1537 997 est
1560 942 1699 995 enim
1728 956 1848 993 eum

267 1056 587 1111 cognoscere
606 1082 619 1104 ,
664 1040 764 1092 nisi
798 1039 899 1091 vita
926 1036 1163 1090 (eterna?
1193 1050 1348 1104 quam
1380 1033 1576 1087 mundo
1601 1032 1850 1087 damnato

268 1134 449 1200 utique
480 1146 584 1184 non
618 1129 782 1191 dedit,
814 1127 1153 1183 reconciliato
1176 1124 1338 1180 dedit.
1369 1124 1651 1192 Propterea
1677 1122 1851 1190 itaque

268 1222 500 1275 tumulus
532 1236 635 1275 non
664 1219 928 1287 Cognovit,
958 1217 1078 1286 quia
1100 1217 1277 1285 justus
1301 1230 1377 1279 es,
1410 1222 1463 1268 et
1488 1205 1688 1267 meritis
1713 1212 1845 1280 ejus,

267 1322 320 1365 ut
346 1329 456 1366 non
497 1318 868 1381 cognosceret,
915 1308 1179 1362 tribuisti:
1208 1317 1262 1362 et
1300 1313 1577 1375 propterea
1624 1300 1850 1357 inundus

263 1406 640 1459 reconciliatus
666 1402 947 1470 cognovit,
980 1400 1102 1469 quia
1149 1398 1451 1452 misericors
1476 1412 1563 1457 es,
1596 1405 1649 1451 et
1676 1403 1730 1449 ut
1756 1409 1850 1448 eo-

263 1505 550 1563 gl]0:('el‘(,‘l
573 1508 677 1546 non
703 1492 752 1547 ei
784 1491 991 1551 merito,
1024 1487 1114 1542 sed
1151 1487 1316 1558 gratia
1348 1483 1656 1541 subvenisti.
1693 1484 1852 1538 Deni-

262 1601 367 1653 que
398 1588 653 1651 sequitur,
700 1582 807 1653 Ego
836 1589 999 1632 autem
1028 1586 1073 1632 te
1100 1578 1325 1648 cognovi.
1366 1576 1484 1645 Ipse
1522 1574 1640 1631 fons
1669 1574 1852 1644 gratiae

263 1686 344 1727 est
374 1671 515 1727 Deus
556 1682 773 1734 natura,
824 1670 984 1725 homo
1026 1678 1201 1722 autem
1233 1668 1299 1722 de
1339 1666 1538 1737 Spiritu
1580 1676 1764 1721 sancto
1800 1675 1853 1720 et

267 1764 481 1831 Virgine
508 1761 755 1816 inelTabili
781 1760 946 1831 gratia
970 1778 981 1813 :
1014 1759 1242 1829 denique
1266 1766 1479 1829 propter
1508 1760 1701 1828 ipsum,
1730 1758 1850 1828 quia

262 1856 429 1922 gratia
484 1853 575 1907 Dei
625 1867 720 1922 per
765 1852 943 1907 Jesum
991 1851 1258 1907 Christum
1304 1860 1385 1907 est
1427 1850 1711 1906 Dominum
1759 1866 1855 1905 no-

262 1952 435 1995 strum
456 1984 469 2003 ,
520 1941 586 1994 Et
612 1942 664 1994 Ιιὶ
693 1950 1025 2011 cognoverunt
1047 1983 1061 2008 ,
1096 1941 1298 2011 inquit,
1326 1941 1444 2011 quia
1467 1950 1520 1995 tu
1550 1957 1626 1995 me
1652 1940 1849 1995 misisti.

265 2033 381 2100 Ipse
414 2043 491 2086 cst
520 2032 750 2086 mundus
775 2032 1161 2086 recimciliatus.
1188 2031 1292 2086 Sed
1313 2032 1434 2101 quia
1456 2040 1512 2086 tu
1534 2047 1618 2085 me
1639 2031 1847 2096 misisti,

264 2124 385 2177 ideo
413 2131 773 2192 cognoverunt
800 2140 812 2175 :
842 2138 967 2192 ergo
993 2123 1159 2192 gratia
1189 2132 1567 2192 cognoverunt.

334 2215 387 2267 6.
424 2214 490 2266 Et
522 2224 695 2268 notum
730 2215 825 2283 feci
853 2215 942 2278 eis,
973 2215 1159 2283 inquit,
1192 2230 1369 2268 nomen
1403 2223 1573 2278 tuum,
1607 2223 1652 2268 et
1682 2224 1852 2268 notum

269 2308 474 2359 'iiciam.
506 2305 695 2359 Notum
726 2304 825 2359 feci
858 2321 951 2374 per
977 2305 1155 2371 iidem,
1186 2314 1366 2359 notum
1395 2304 1579 2358 faciam
1612 2320 1706 2375 per
1729 2320 1852 2374 spe-

264 2397 404 2450 ciem
438 2415 448 2449 :
484 2406 665 2449 uotum
697 2394 796 2450 feci
833 2410 953 2449 cum
994 2394 1099 2451 line
1138 2395 1625 2465 peregrinantibus,
1673 2405 1853 2450 uotum

266 2486 456 2540 faciam
489 2488 604 2540 sine
627 2489 728 2540 line
750 2486 1110 2556 regnantibus.
1141 2485 1207 2540 Ut
1237 2486 1455 2550 dilectio,
1490 2480 1676 2557 inquit,
1704 2501 1852 2557 quam

265 2578 490 2629 dilexisti
518 2592 616 2642 me,
648 2577 700 2630 in
725 2577 848 2647 ipsis
871 2577 953 2639 sit,
984 2584 1031 2630 et
1054 2593 1142 2647 ego
1172 2578 1223 2629 iu
1248 2577 1389 2647 ipsis.
1416 2577 1530 2631 Non
1556 2587 1638 2632 est
1667 2578 1853 2632 usitata

265 2668 489 2731 locutio,
522 2666 722 2720 dilectio
750 2683 899 2736 quam
929 2666 1148 2721 dilexisti
1178 2684 1287 2733 me,
1318 2667 1368 2720 in
1409 2668 1531 2737 ipsis
1570 2670 1661 2733 sit,
1695 2678 1739 2721 et
1767 2685 1854 2738 ego

265 2759 317 2810 in
344 2759 473 2826 ipsis
494 2773 513 2812 :
542 2763 731 2813 usitate
754 2758 945 2828 quippe
967 2758 1250 2825 diceretur,
1274 2759 1484 2812 dilectio
1504 2775 1603 2829 qua
1625 2760 1853 2813 dilexisti

266 2866 375 2906 me.
414 2850 489 2904 De
518 2865 692 2920 graico
714 2851 927 2921 quidem
955 2851 1051 2905 ista
1081 2852 1331 2905 translata
1363 2861 1444 2906 est
1469 2870 1479 2905 :
1512 2852 1604 2907 sed
1635 2863 1759 2907 sunt
1784 2853 1855 2905 si-

268 2943 428 2997 miles
457 2952 513 2997 et
556 2944 763 3008 latins);
811 2944 949 2998 sicut
985 2944 1240 3011 dicimus,
1274 2944 1505 2999 Fidelem
1547 2948 1853 2999 servitutem

268 3032 520 3098 servivit,
550 3041 819 3087 strenuam
870 3034 1109 3088 militiam
1157 3034 1430 3101 militavit;
1478 3052 1596 3090 cum
1627 3036 1729 3089 dici
1759 3036 1855 3090 de-

270 3124 452 3176 buisse
478 3124 734 3188 videatur,
769 3124 933 3178 Fideli
960 3125 1213 3179 servitute
1233 3125 1446 3179 servivit
1466 3167 1481 3191 ,
1509 3134 1721 3179 strenua
1754 3127 1855 3179 mi-

271 3214 386 3267 litia
428 3214 690 3269 militavit.
720 3214 899 3282 Qualis
936 3226 1109 3269 autem
1154 3215 1252 3269 ista
1293 3216 1486 3269 locutio
1513 3224 1627 3278 est,
1658 3216 1856 3269 dilectio

269 3320 423 3370 quam
454 3306 674 3359 dilexisti
701 3321 810 3369 me;
838 3306 925 3359 tali
961 3314 1015 3361 et
1045 3306 1332 3376 Apostolus
1363 3321 1489 3361 usus
1513 3316 1588 3360 est
1612 3348 1627 3370 ,
1661 3306 1856 3360 Bonum

269 3406 525 3449 certamen
550 3398 727 3449 certavi
761 3396 825 3469 (ll
855 3396 983 3449 Tim.
1019 3413 1089 3460 tv,
1121 3396 1213 3468 7):
1244 3414 1346 3452 non
1374 3399 1479 3465 ait,
1515 3399 1653 3453 bono
1688 3400 1858 3455 ceria-

269 3485 448 3551 mine,
484 3489 622 3557 quod
667 3489 907 3543 usitatius
946 3499 999 3544 et
1041 3500 1286 3559 tanquam
1329 3492 1527 3547 rectius
1569 3493 1852 3546 diceretur.

268 3578 553 3644 Quomodo
583 3588 756 3633 autem
794 3580 1009 3633 dilectio
1045 3595 1201 3648 quam
1231 3580 1417 3635 dilexit
1445 3581 1600 3635 Pater
1630 3582 1852 3645 Filium,

267 3680 348 3721 est
380 3680 435 3720 et
467 3670 519 3721 in
558 3669 739 3735 nobis,
773 3669 870 3723 nisi
910 3671 1032 3739 quia
1063 3670 1298 3725 membra
1323 3671 1438 3740 ejus
1466 3687 1651 3725 sumus
1673 3714 1686 3737 ,
1719 3682 1772 3726 et
1802 3673 1855 3726 in

268 3760 358 3811 illo
383 3758 675 3827 diiigimur,
706 3776 825 3813 cum
857 3761 968 3829 ipse
988 3760 1223 3830 diligitur
1245 3770 1405 3827 totus,
1435 3762 1486 3816 id
1516 3772 1598 3816 est
1623 3773 1779 3831 caput
1802 3772 1857 3816 et

266 3850 509 3918 corpus?
542 3850 663 3904 ideo
692 3852 997 3921 subjunxit,
1029 3862 1074 3905 et
1108 3870 1197 3923 ego
1222 3854 1274 3905 in
1304 3854 1463 3921 ipsis;
1495 3864 1741 3923 tanquam
1771 3854 1852 3907 di-

265 3952 437 4004 ceret,
471 3944 721 4011 quoniam
742 3958 841 4013 ego
866 3959 982 3997 sum
1010 3953 1063 3998 et
1083 3944 1135 3997 in
1158 3946 1302 4013 ipsis.
1330 3946 1498 3999 Aliter
1522 3947 1661 3999 enim
1692 3955 1773 3999 est
1801 3946 1851 3998 in

267 4034 427 4088 inibis
470 4042 717 4103 tanquam
751 4035 801 4088 in
835 4036 1030 4105 templo
1060 4051 1185 4100 suo;
1232 4037 1385 4090 aliter
1424 4047 1602 4090 autem
1642 4039 1763 4107 quia
1801 4047 1856 4092 et

266 4140 369 4179 nos
396 4127 510 4195 ipse
539 4142 721 4183 sumus
740 4170 755 4194 ,
783 4143 905 4182 cum
930 4129 1216 4182 secundum
1243 4129 1292 4183 id
1323 4130 1460 4198 quod
1491 4139 1549 4183 ut
1573 4138 1728 4198 caput
1754 4146 1851 4183 no-

266 4225 440 4269 strum
469 4226 631 4282 esset,
662 4217 821 4272 homo
847 4216 1017 4272 factus
1042 4233 1142 4285 εει,
1171 4234 1364 4288 corpus
1390 4220 1505 4288 ejus
1529 4235 1731 4273 sumus.
1762 4220 1852 4273 Fi-

268 4306 378 4358 nita
408 4317 492 4360 est
520 4305 810 4362 Salvatoris
834 4309 1024 4375 oratio,
1070 4309 1253 4379 incipit
1280 4311 1452 4379 passio
1476 4327 1487 4362 :
1517 4324 1644 4379 ergo
1673 4320 1725 4364 et
1754 4311 1878 4376 iste,

266 4411 449 4450 sermo
480 4397 709 4463 ﬁniatur,
750 4409 810 4454 ut
846 4400 911 4455 de
941 4403 1188 4470 passione
1226 4402 1364 4472 quod
1394 4402 1504 4471 ipse
1543 4402 1849 4467 donaverit,

266 4486 385 4540 aliis
415 4490 751 4545 sermonibus
776 4490 1096 4562 disputetur.

764 4649 1169 4709 TRACTATUS
1207 4651 1363 4709 CXII.

268 4753 333 4807 In
368 4756 422 4808 id
451 4757 586 4823 quod
605 4762 843 4830 sequitur,
874 4762 996 4817 11ωο
1020 4779 1139 4818 cum
1162 4764 1379 4821 dixisset
1406 4766 1581 4833 Jesus,
1608 4781 1855 4836 egressus

338 4854 426 4899 est
453 4863 571 4901 cum
600 4849 868 4919 discipulis
898 4854 1037 4919 suis,
1062 4866 1153 4908 etc.
1164 4874 1183 4922 ;
1213 4874 1366 4924 usque
1390 4858 1457 4911 ad
1481 4860 1564 4923 id,
1592 4858 1849 4929 Compre-

341 4937 647 4994 henderunt
672 4941 889 5011 Jesum,
924 4954 977 4999 et
1017 4946 1307 5015 ligaverunt
1339 4965 1480 5004 eum.
1521 4951 1647 5021 Cap.
1691 4968 1851 5019 XVIII,

356 5028 430 5095 ᾗ.
466 5031 618 5085 1-19..

342 5139 397 5205 1.
449 5140 757 5199 Terminato
808 5162 999 5218 magno
1041 5150 1352 5222 prolixoque
1401 5169 1646 5210 sermone
1695 5171 1854 5226 quem

269 5236 393 5295 post
422 5244 629 5286 casuum
662 5233 951 5303 Dominus,
982 5239 1246 5295 fundendo
1272 5259 1367 5311 pro
1394 5246 1543 5299 nobis
1582 5249 1855 5314 proximus

267 5320 536 5389 sanguini,
560 5323 627 5377 ad
652 5325 938 5397 discipulos
962 5330 1143 5386 habuit
1169 5334 1256 5402 qui
1279 5349 1396 5389 cum
1421 5336 1508 5389 illo
1531 5347 1654 5392 tunc
1678 5348 1850 5405 erant,

266 5410 523 5477 adjuncta
548 5417 790 5474 oratione
819 5436 976 5489 quam
1005 5422 1197 5477 direxit
1226 5425 1291 5478 ad
1329 5426 1536 5481 Patrem
1557 5470 1570 5494 ,
1604 5428 1853 5498 deinceps

267 5502 390 5571 ejus
428 5508 731 5575 passionem
775 5510 1006 5567 Joannes
1052 5516 1370 5585 evangelista
1416 5519 1493 5572 sic
1535 5534 1688 5573 orsus
1733 5529 1851 5574 est:

274 5609 295 5641 ε
329 5592 455 5649 [hcc
474 5611 594 5650 cum
619 5598 839 5655 dixisset
862 5601 1037 5670 Jesus,
1068 5619 1313 5674 egressus
1338 5615 1417 5660 est
1443 5622 1560 5661 cum
1584 5608 1855 5677 discipulis

269 5684 388 5739 suis
406 5695 555 5741 trans
580 5698 866 5746 torrentem
887 5694 1117 5759 Cedron,
1143 5697 1230 5752 ubi
1254 5707 1368 5752 erat
1388 5698 1591 5765 hortus,
1623 5702 1671 5755 in
1697 5719 1852 5773 quem

558 5780 782 5843 Sacr.
818 5788 1093 5848 Acot'sr.
1144 5788 1231 5851 111

1358 270 1763 331 TRACTATUS
1799 267 1954 324 CXII.
1994 271 2218 329 CAPUT
2260 267 2439 330 XVIII.

3393 277 3529 334 1930

1957 381 2188 437 introivit
2210 386 2319 454 ipse
2345 394 2396 440 ct
2420 385 2658 454 discipuli
2682 385 2814 457 ejus.
2837 385 3050 442 Sciebat
3069 396 3244 442 autem
3268 400 3319 442 et
3342 390 3526 450 ludas.

1957 474 2042 542 qui
2070 475 2307 530 tradebat
2334 494 2471 542 eum,
2508 477 2712 541 locum;
2741 479 2860 547 quia
2891 477 3191 547 frequenter
3220 480 3374 535 Jesus
3402 496 3537 535 con-

1956 576 2172 618 venerat
2212 568 2334 623 illuc
2372 584 2491 621 eum
2530 570 2799 639 discipulis
2826 571 2953 624 suis.
2984 590 3002 622 ι
3038 571 3147 625 lloc
3173 572 3311 641 quod
3354 585 3538 628 narrat

1956 654 2254 723 ingressum
2288 657 2723 715 Dominum'cum
2758 660 3029 730 discipulis
3066 660 3179 717 suis
3204 663 3255 715 in
3284 661 3535 731 hortum,

1957 760 2061 798 non
2107 748 2358 800 continuo
2384 748 2578 803 factum
2622 760 2738 816 est,
2783 765 2901 805 cum
2928 751 3044 821 ejus
3088 752 3171 807 illa
3220 751 3363 807 linita
3392 765 3535 811 esset

1955 836 2144 899 oratio,
2174 837 2238 890 de
2266 838 2415 905 cujus
2447 840 2619 895 verbis
2647 843 2747 906 ait,
2794 842 2918 897 Hcce
2944 860 3060 897 cum
3098 844 3302 900 dixisset
3338 844 3492 901 Iesus
3520 862 3538 899 :
3566 894 3573 897 ε

1958 928 2052 983 sed
2076 929 2176 982 alia
2206 930 2443 999 quaedam
2472 942 2593 986 sunt
2619 935 2920 1004 interposita
2947 951 3064 1005 qua:
3083 937 3150 992 ab
3179 937 3281 991 isto
3311 946 3530 1006 prarter-

1955 1020 2115 1073 missa
2147 1021 2283 1089 apud
2329 1022 2460 1075 alios
2504 1026 2852 1094 evangelistas
2894 1028 3173 1096 leguntur;
3221 1028 3358 1083 sicut
3395 1028 3536 1098 apud

1957 1112 2097 1165 hunc
2125 1113 2459 1167 inveniuntur
2489 1116 2647 1168 multa
2680 1130 2796 1186 qme
2828 1118 2898 1171 illi
2929 1120 3171 1174 similiter
3198 1120 3249 1174 in
3280 1134 3373 1176 sua
3410 1135 3535 1175 nar-

1956 1203 2159 1257 ratione
2197 1214 2488 1259 tacuerunt.
2538 1206 2813 1274 Quomodo
2859 1221 3032 1263 autem
3080 1211 3216 1265 inter
3255 1226 3312 1266 se
3350 1223 3540 1267 omnes

1955 1295 2299 1360 conveniant,
2332 1312 2428 1351 nec
2459 1299 2662 1351 veritati
2695 1314 2810 1366 quae
2842 1314 2936 1369 per
2965 1300 3123 1355 alium
3158 1302 3439 1370 promitUr,
3471 1304 3540 1356 ab

1954 1383 2057 1437 alio
2083 1394 2421 1455 repugnetnr,
2451 1385 2686 1456 quisquis
2720 1406 2875 1443 nosse
2902 1390 3203 1456 desiderat,
3243 1407 3345 1446 non
3377 1394 3425 1446 in
3458 1394 3537 1447 his

1955 1475 2308 1539 sermonibus,
2335 1478 2426 1531 sed
2459 1478 2509 1530 in
2537 1479 2652 1531 aliis
2676 1479 2951 1533 laboriosis
2975 1482 3159 1535 litteris
3191 1492 3393 1552 qumrat
3421 1481 3532 1553 (a);

1956 1578 2053 1618 nec
2083 1564 2271 1619 stando
2310 1574 2363 1620 et
2403 1568 2691 1633 audiendo,
2740 1571 2830 1623 sed
2879 1572 3051 1639 potius
3091 1572 3327 1627 sedendo
3366 1584 3419 1629 et
3464 1574 3539 1628 le-

1955 1656 2146 1725 gendo,
2183 1658 2265 1712 vel
2293 1659 2483 1729 legenti
2529 1677 2709 1715 aurem
2755 1672 3088 1734 mentemque
3132 1667 3537 1721 intentissimam

1956 1748 2271 1818 prmbendo,
2323 1751 2407 1804 illa
2454 1752 2744 1805 condiscat.
2794 1753 2991 1807 Credat
3038 1764 3211 1809 tamen
3259 1766 3540 1827 antequam

1957 1840 2118 1905 sciat,
2151 1841 2260 1895 sive
2292 1841 2340 1895 id
2372 1843 2529 1896 etiam
2562 1844 2697 1897 scire
2742 1845 2792 1897 in
2824 1845 2921 1899 hac
2955 1846 3058 1898 vita
3088 1847 3275 1916 possit,
3309 1847 3419 1901 sive
3448 1862 3543 1918 per

1958 1934 2133 2003 aliqua
2163 1935 2536 2004 impedimenta
2571 1953 2673 1990 non
2706 1938 2863 2005 pos$it
2887 1979 2898 2001 ,
2930 1938 3057 1992 nihil
3084 1940 3151 1993 ab
3178 1939 3354 2009 aliquo
3379 1956 3531 1993 evan-

1957 2025 2143 2093 gelista
2173 2041 2289 2079 esse
2311 2029 2689 2097 conscriptum,
2716 2040 2969 2098 quantum
2998 2030 3061 2083 ad
3089 2030 3184 2084 hos
3204 2032 3388 2085 attinet
3410 2046 3539 2101 (plus

1958 2115 2009 2168 in
2040 2118 2407 2171 auctoritatem
2435 2120 2742 2172 canonicam
2770 2120 2969 2187 recepit
2992 2121 3225 2176 Ecclesia
3246 2165 3259 2187 ,
3293 2123 3430 2191 quod
3462 2125 3541 2176 vel

1958 2205 2121 2273 ipsius
2152 2207 2233 2260 vel
2260 2208 2477 2262 alterius
2509 2225 2612 2261 non
2646 2211 2819 2263 minus
2845 2212 3017 2264 veraci
3047 2212 3335 2265 narrationi
3380 2212 3545 2280 possit

1957 2312 2076 2350 esse
2101 2299 2443 2351 contrarium.
2468 2298 2615 2352 Nunc
2648 2301 2821 2369 itaque
2844 2300 2997 2366 hujus
3023 2302 3159 2355 beati
3185 2302 3402 2357 Joannis
3424 2318 3545 2356 nar-

1958 2390 2252 2451 rationem,
2300 2396 2357 2441 ut
2400 2391 2731 2458 susrepimus
2774 2389 3122 2452 tractandam,
3156 2391 3270 2444 sine
3318 2390 3544 2444 aliorum

1958 2478 2356 2549 comparatione
2396 2480 2695 2543 videamus,
2730 2480 2779 2532 in
2820 2482 2897 2534 eis
2936 2497 3054 2549 quin
3102 2483 3373 2534 manifesta
3420 2494 3546 2535 sunt

1960 2587 2064 2623 non
2093 2572 2463 2633 itumorautes;
2500 2579 2555 2624 ut
2584 2571 2683 2624 hoc
2716 2571 2802 2623 ubi
2826 2586 2958 2639 opUs
2986 2580 3082 2634 est,
3109 2587 3263 2624 causa
3295 2582 3548 2641 poscente

1958 2661 2229 2714 faciamus.
2260 2660 2371 2713 Non
2397 2676 2522 2729 ergo
2553 2661 2629 2713 sic
2654 2663 2973 2728 accipiamus
2994 2661 3132 2729 quod
3163 2661 3252 2723 ait,
3289 2660 3413 2715 Utve
3432 2674 3544 2715 τινι

1960 2750 2165 2803 dixisset
2196 2750 2365 2813 Jcsus,
2396 2767 2621 2820 egressus
2642 2761 2711 2802 est
2734 2766 2845 2801 cum
2874 2751 3135 2819 discipulis
3157 2751 3261 2803 suis
3284 2760 3422 2804 trans
3443 2763 3543 2804 tor-

1959 2844 2145 2893 rentem
2173 2840 2387 2902 Cedron,
2418 2841 2499 2892 ubi
2527 2852 2631 2893 erat
2661 2847 2854 2901 hortus,
2881 2841 2930 2893 in
2952 2856 3095 2909 quem
3117 2841 3334 2893 introivit
3360 2842 3466 2911 ipse
3496 2852 3543 2894 et

1959 2931 2195 3002 discipuli
2224 2934 2358 3002 ejus,
2390 2941 2633 3000 tanquam
2662 2932 2913 2984 continuo
2944 2940 3061 3000 post
3088 2932 3171 2985 illa
3204 2933 3359 2986 verba
3394 2934 3443 2986 iu
3473 2934 3538 2987 ilo

1960 3023 2068 3078 lum
2120 3023 2328 3076 hortum
2384 3022 2539 3075 fuerit
2585 3024 2901 3090 ingressus:
2952 3022 3044 3076 sed
3098 3023 3161 3076 ad
3215 3023 3316 3078 hoc
3372 3024 3545 3079 valeat

1960 3114 2099 3183 quod
2139 3115 2334 3168 dictUm
2376 3122 2491 3176 cst,
2542 3112 2665 3165 llwc
2706 3130 2821 3166 cum
2864 3114 3071 3168 dixisset
3116 3113 3297 3181 Jesus,
3343 3125 3397 3169 ut
3437 3130 3542 3170 non

1961 3222 2082 3259 eum
2113 3214 2234 3259 ante
2273 3205 2553 3274 Opinemur
2597 3205 2922 3274 ingresmm,
2968 3220 3124 3273 quam
3156 3206 3242 3260 illa
3288 3206 3441 3261 verba
3482 3208 3544 3260 ﬁ-

1964 3297 2117 3350 nirct.

2031 3387 2081 3440 2.
2121 3388 2342 3454 Sciebat,
2377 3388 2577 3457 inquit,
2607 3400 2651 3441 et
2686 3386 2719 3441 .1
2727 3388 2855 3443 udas
2876 3432 2888 3451 ,
2921 3390 3007 3458 qui
3035 3388 3259 3442 tradebat
3290 3407 3431 3452 eum,
3469 3390 3546 3444 lo-

1961 3497 2094 3532 cum.
2128 3480 2269 3534 Ordo
2300 3480 2581 3534 verborum
2623 3490 2701 3534 cst
2723 3522 2736 3545 ,
2772 3479 2970 3535 Sciebat
3001 3482 3162 3533 locum
3192 3480 3275 3549 qui
3321 3481 3547 3535 tradebat

1960 3588 2090 3624 eum.
2127 3571 2260 3638 Quia
2299 3576 2606 3642 frequenter,
2663 3573 2854 3641 inquit,
2904 3572 3054 3625 Jesus
3098 3583 3391 3626 convenerat
3422 3575 3546 3628 illuc

1960 3678 2073 3714 cum
2101 3663 2365 3732 discipulis
2405 3664 2527 3715 suis.
2565 3662 2637 3714 lbi
2666 3677 2792 3731 ergo
2825 3663 2978 3730 lupus
3009 3663 3162 3715 oviua
3195 3663 3329 3731 pelle
3356 3672 3542 3717 conte-

1958 3760 2094 3815 ctus,
2125 3761 2177 3805 et
2205 3752 2343 3805 inter
2372 3767 2497 3805 oves
2521 3752 3050 3822 alto‘Patristamilias
3087 3752 3313 3807 consilio
3351 3754 3544 3808 tolera-

1962 3852 2080 3908 tus,
2141 3842 2323 3895 didicit
2380 3843 2465 3894 ubi
2526 3842 2591 3895 ad
2655 3852 2863 3910 tempus
2914 3842 3159 3910 exiguum
3210 3843 3541 3912 dispergeret

1959 3949 2194 4003 gregem,
2216 3934 2417 3987 insidiis
2454 3933 2753 4001 appetendo
2787 3943 3070 4002 pastorem.
3090 3932 3254 3988 ludus
3278 3951 3423 4004 ergo,
3455 3936 3539 3988 iti-

1959 4026 2091 4094 quit,
2121 4040 2231 4077 cum
2260 4025 2526 4093 accepisset
2556 4025 2833 4089 cohortem,
2857 4036 2900 4077 et
2930 4041 2961 4076 a
2989 4025 3298 4096 principibus
3326 4038 3369 4079 et
3400 4026 3542 4080 Plia-

1958 4116 2117 4168 ristvis
2144 4115 2419 4179 ministros,
2449 4115 2578 4167 venit
2626 4114 2747 4167 illuc
2786 4132 2899 4168 cum
2943 4115 3149 4169 [uternis
3184 4128 3228 4169 et
3274 4118 3469 4188 facibus
3494 4128 3542 4172 et

1958 4206 2130 4257 armis.
2175 4204 2380 4258 Cohors
2425 4219 2529 4257 non
2572 4204 2905 4270 Judzeorum,
2950 4204 3041 4258 sed
3086 4206 3307 4260 militum
3354 4210 3467 4262 luit.
3498 4210 3542 4263 A

1961 4294 2187 4363 praeside
2216 4295 2390 4364 itaque
2419 4292 2743 4364 intelligatur
2770 4303 2982 4364 accepta
3010 4334 3023 4359 ,
3058 4305 3303 4364 tauquam
3350 4298 3421 4351 ad
3461 4308 3537 4352 te-

1960 4384 2190 4439 nendum
2221 4399 2391 4450 reum,
2423 4394 2634 4438 servato
2660 4385 2847 4439 ordine
2876 4385 3123 4454 legitinne
3156 4388 3449 4454 potestatis,
3491 4400 3546 4443 ut

1960 4481 2135 4535 nullus
2183 4481 2483 4543 tenentibus
2526 4479 2744 4534 auderet
2791 4479 3051 4534 obsistere
3092 4498 3105 4531 :
3150 4496 3445 4549 quanquam
3494 4495 3539 4535 e'

1961 4585 2150 4624 manus
2182 4579 2324 4623 tanta
2355 4570 2523 4624 fuerat
2552 4578 2867 4639 congregata
2889 4609 2902 4634 ,
2934 4578 2985 4623 et
3019 4569 3095 4623 sic
3125 4579 3325 4623 armata
3359 4572 3539 4623 venio.

1960 4663 2068 4729 bat,
2095 4672 2151 4715 ut
2170 4663 2253 4717 vel
2282 4670 2505 4716 terreret
2533 4661 2612 4716 vel
2634 4662 2789 4714 etiam
2823 4669 3162 4731 repugnaret,
3195 4661 3239 4714 si
3261 4662 3538 4729 quisquau.

1960 4753 2226 4808 Christum
2272 4752 2559 4806 defendere
2585 4752 2823 4806 auderet.
2860 4753 2932 4805 Ita
2962 4754 3153 4821 quippe
3178 4751 3292 4821 ejus
3317 4751 3545 4805 abscon-

1960 4845 2182 4901 debatur
2210 4852 2462 4915 potestas,
2490 4854 2545 4898 et
2571 4844 2957 4898 obtendebatur
2999 4845 3302 4906 iulirmitas,
3331 4851 3387 4896 ut
3437 4842 3533 4896 hau

1962 4938 2186 4993 inimicis
2215 4937 2510 4992 necessaria
2543 4937 2845 4990 viderentur
2866 4937 3116 4989 adversus
3142 4953 3281 4999 eum,
3308 4935 3357 4987 iu
3380 4948 3541 5004 quem

1962 5032 2092 5083 nihil
2122 5031 2371 5083 valuisset
2418 5029 2515 5081 nisi
2561 5028 2700 5097 quod
2748 5031 2856 5097 ipse
2898 5029 3176 5085 voluisset;
3211 5029 3342 5081 bene
3387 5037 3539 5083 utens

1965 5122 2133 5175 bonus
2163 5121 2334 5185 malis,
2386 5128 2438 5172 et
2473 5116 2671 5173 faciens
2698 5119 2831 5173 bona
2862 5118 2929 5172 de
2958 5119 3139 5178 malis,
3172 5115 3235 5169 ad
3270 5116 3535 5173 faciendus

1964 5213 2133 5266 bonos
2157 5227 2218 5265 ex
2250 5212 2400 5264 malis
2425 5219 2479 5263 et
2501 5209 2881 5264 discernendos
2908 5208 3073 5261 bonos
3105 5222 3133 5259 a
3158 5206 3331 5260 malis.

2036 5304 2086 5357 5.
2117 5322 2133 5353 ι
2145 5302 2299 5356 Jesus
2314 5303 2508 5371 itaque,
2524 5320 2542 5353 ›
2560 5302 2694 5355 sicut
2709 5298 3041 5369 Evangelista
3060 5306 3270 5352 secutus
3280 5297 3543 5369 adjungit,

1970 5412 1989 5445 ι
2018 5394 2190 5447 sciens
2218 5393 2393 5447 omnia
2424 5407 2540 5461 quae
2568 5401 2783 5445 ventura
2823 5401 2973 5442 erant
3019 5403 3180 5457 super
3215 5404 3333 5441 eum
3358 5430 3372 5455 ,
3421 5405 3543 5458 pro-

1964 5484 2144 5548 cessit,
2174 5494 2228 5537 et
2248 5483 2373 5537 dicit
2398 5484 2474 5537 eis
2499 5500 2511 5535 :
2534 5482 2699 5550 Quem
2727 5479 2995 5549 quaeritis?
3019 5479 3424 5549 Responderunt
3450 5482 3497 5535 ei
3525 5500 3541 5536 :

1965 5576 2145 5632 Jesum
2171 5574 2520 5630 Nazarenam.
2554 5574 2689 5628 Dicit
2717 5574 2794 5628 eis
2820 5572 2975 5627 Jesus
3007 5590 3018 5624 :
3050 5572 3159 5642 Ego
3188 5588 3325 5626 sum.
3358 5573 3542 5628 Stabat

2028 5715 2100 5778 (ιι)
2133 5715 2267 5764 Mittit
2289 5713 2344 5762 ad
2371 5727 2482 5762 suos
2504 5711 2650 5760 libros
2672 5709 2736 5759 de
2759 5716 2997 5764 consensu
3023 5703 3446 5770 Evangelistarum.

2732 5788 3281 5860 {Scimuntemna}
