4076 6470
551 263 677 320 1⁸331

547 391 722 441 autem
746 389 798 438 et
824 378 1006 444 ludas,
1029 377 1116 448 qui
1148 380 1384 430 lraoeoat
1405 386 1546 436 eum,
1575 384 1694 425 cum
1723 367 1871 436 ipsis.
1893 362 1961 420 Ut
1987 373 2112 430 ergo

551 473 680 530 dixit
701 472 802 537 eis,
833 470 942 539 Ego
969 483 1108 534 sum,
1135 465 1378 519 abierunt
1403 456 1788 522 retrorsum,'et
1810 451 2116 508 ceciderunt

555 571 614 624 in
641 573 896 619 terram.»
931 559 1030 616 Ubi
1073 570 1214 612 nunc
1257 553 1481 607 militum
1527 549 1749 612 cohors,
1792 553 1846 600 ct
1886 541 2114 598 ministri

549 655 840 730 principum
877 666 940 705 ac
983 643 1403 704 Pharisaeorum?
1431 641 1516 695 ubi
1549 647 1720 694 terror
1757 645 1810 692 et
1843 634 2113 689 munimen

543 727 1068 808 armoruthempe
1095 751 1202 791 una
1229 747 1326 788 vox
1356 730 1600 794 dicentis,
1627 727 1736 798 Ego
1755 743 1886 788 sum,
1915 731 2112 778 tantam

541 836 746 890 turbam
787 830 920 888 odiis
945 829 1172 884 ferocem
1213 823 1479 892 armisque
1517 817 1836 882 terribilem,
1865 815 1980 868 sine
2010 811 2115 866 telo

541 927 648 980 ullo
673 921 960 994 percussit,
985 917 1212 988 repulit,
1240 913 1444 969 stravit.
1487 911 1624 966 Deus
1654 908 1792 962 cnim
1837 905 2031 960 latebat
2059 903 2112 958 in

539 1029 734 1078 carne;
760 1019 814 1067 et
852 1009 1206 1077 sempiternus
1234 1003 1350 1059 dies
1375 1002 1445 1056 ita
1476 999 1726 1055 membris
1753 995 2116 1052 occultabatur

477 1167 484 1174 _
539 1103 884 1168 humanis,ut
913 1097 1129 1154 lnternis
1154 1105 1207 1152 ct
1237 1093 1780 1161 facibusquicreretur
1795 1083 2115 1146 occidendus

485 1205 488 1212 ‘
535 1213 564 1250 -ι
596 1195 847 1256 tenebris.
881 1191 992 1262 Ego
1030 1207 1172 1256 sum,
1210 1187 1374 1251 dicit;
1413 1192 1468 1241 et
1510 1183 1700 1252 impios
1744 1180 1940 1250 dejicit.
1978 1175 2114 1243 Quid

537 1287 864 1355 judicaturus
893 1281 1078 1345 hiciet,
1107 1280 1194 1350 qui
1217 1277 1532 1349 judicandus
1561 1274 1662 1328 hoc
1687 1269 1846 1328 fecit?
1869 1268 2004 1336 Quid
2033 1282 2116 1321 re-

537 1385 792 1446 gnaturus
817 1373 1042 1444 poterit,
1077 1371 1164 1441 qui
1207 1369 1494 1423 moriturus
1523 1365 1623 1419 hoc
1651 1361 1855 1433 potuit?
1887 1361 1950 1413 Et
1977 1371 2116 1412 nunc

541 1465 738 1535 ubique
775 1479 866 1533 per
894 1460 1230 1531 Evangelium
1249 1500 1264 1526 ,
1293 1455 1406 1526 Ego
1425 1471 1540 1510 sum
1561 1495 1574 1522 ,
1607 1452 1735 1507 dicit
1761 1448 2035 1512 Christus;
2063 1454 2118 1500 et

539 1573 570 1611 ιι
621 1555 818 1612 Judwis
867 1558 1200 1622 exspectatur
1247 1545 1604 1602 Antichristus
1639 1583 1652 1608 ,
1709 1550 1768 1596 ut
1821 1547 1962 1592 retro
2019 1550 2115 1590 re-

541 1648 734 1712 deant,
775 1655 828 1700 ct
856 1645 908 1698 in
937 1652 1130 1698 terram
1168 1639 1380 1704 cadant,
1402 1637 1652 1706 quoniam
1675 1633 1980 1687 deserentes
2005 1642 2114 1682 etn-

543 1738 696 1794 lcstia
719 1779 736 1806 ,
767 1746 974 1792 terrena
1001 1732 1323 1788 desiderant.
1353 1726 1508 1783 Certe
1551 1724 1616 1780 ad
1664 1718 2117 1791 comprehenden-

541 1831 670 1886 dum
713 1829 896 1886 Jesum
939 1833 1306 1897 persecutores
1353 1837 1474 1877 eum
1517 1818 1770 1874 traditore
1821 1821 2114 1878 venerunt,

541 1936 700 1992 quem
747 1918 1054 1990 quaerebant
1093 1918 1438 1992 invenerunt,
1487 1909 1771 1966 audierunt
1819 1905 1926 1977 Ego
1959 1921 2113 1959 sum:

541 1991 706 2081 quare
731 2027 837 2066 non
865 1991 1382 2078 comprehenderunt
1401 2045 1414 2066 ,
1453 2002 1545 2057 sed
1583 2000 1832 2054 abierunt
1855 2005 2000 2050 retro
2021 2037 2036 2058 ,
2067 2004 2120 2048 et

541 2101 878 2168 ceciderunt,
911 2099 1010 2154 nisi
1033 2099 1154 2168 quia
1181 2097 1280 2152 hoc
1307 2095 1504 2159 voluit,
1537 2091 1624 2162 qui
1657 2089 1828 2160 potuit
1869 2085 2120 2157 quidquid

543 2190 742 2247 voluit?
775 2190 968 2246 Verum
1017 2189 1064 2243 si
1093 2201 1358 2257 nunquam
1387 2200 1444 2239 se
1471 2185 1538 2238 ab
1571 2184 1648 2238 eis
1670 2181 1998 2251 permitteret
2029 2194 2122 2247 ap-

543 2281 831 2351 prehendi,
858 2295 964 2336 non
991 2279 1208 2351 quidem
1241 2279 1312 2332 illi
1351 2277 1586 2332 facerent
1615 2282 1832 2344 propter
1859 2271 2001 2342 quod
2027 2286 2112 2324 ve-

542 2381 761 2438 nerant,
793 2372 888 2427 scd
918 2386 1014 2426 nec
1057 2371 1168 2440 ipse
1211 2368 1407 2422 laceret
1449 2374 1666 2437 prOpter
1709 2363 1850 2434 quod
1885 2369 2118 2418 venerat.

541 2465 676 2520 Eum
717 2463 912 2533 quippe
957 2461 1031 2516 illi
1073 2458 1418 2516 occidendum
1465 2456 1771 2526 quatrebant
1821 2450 2119 2512 steviendo;

541 2553 637 2609 sed
675 2551 948 2622 quaerebat
995 2565 1091 2605 nos
1137 2558 1191 2604 et
1234 2548 1348 2617 ipse
1395 2543 1690 2601 moriendo.
1723 2541 1953 2596 Proinde
1999 2541 2120 2610 quia

541 2653 726 2700 tenere
749 2641 1067 2708 volentibus,
1093 2655 1190 2694 nec
1211 2639 1526 2702 valentibus,
1551 2635 1784 2691 ostendit
1809 2641 2120 2703 potestatem

539 2748 690 2788 suam
711 2751 724 2800 ;
748 2735 856 2802 jam
889 2739 1102 2787 teneant
1121 2745 1267 2796 eum,
1296 2738 1352 2783 ut
1375 2728 1529 2783 faciat
1555 2727 1622 2782 de
1645 2725 2000 2782 nescientibus
2025 2739 2122 2779 vo-

541 2825 792 2880 luntatem
823 2839 994 2880 suam.

609 2917 664 2970 4.
712 2934 730 2966 ι
761 2914 956 2972 lterum
986 2928 1111 2984 ergo
1137 2927 1232 2968 eos
1255 2910 1627 2979 interrogavit:
1661 2909 1826 2976 Quem
1853 2907 2122 2978 quaeritis?

541 3007 624 3062 llll
669 3015 848 3062 autem
887 3005 1179 3060 dixerunt:
1211 3003 1390 3059 Jesum
1433 3001 1784 3057 Nazarcnum.
1835 3000 2124 3068 Respondit

539 3097 695 3154 Jesus
721 3119 733 3153 :
765 3097 883 3152 Dixi
907 3095 1056 3150 vobis
1087 3095 1204 3166 quia
1228 3110 1326 3166 ego
1349 3109 1487 3148 sum.
1518 3093 1574 3149 Si
1603 3107 1729 3164 ergo
1754 3107 1840 3146 me
1865 3092 2120 3162 quaeritis,

541 3191 698 3244 sinite
739 3189 836 3244 hos
877 3188 1044 3244 abire.
1091 3187 1157 3242 Ut
1189 3187 1497 3256 impleretur
1533 3201 1710 3240 sermo
1757 3199 1914 3255 quem
1953 3183 2118 3248 dixit,

543 3281 672 3348 Quia
693 3295 826 3351 quos
850 3279 1042 3334 dedisti
1065 3278 1212 3340 mihi,
1241 3293 1345 3332 non
1369 3276 1569 3346 perdidi
1591 3292 1656 3331 ex
1679 3276 1758 3330 eis
1783 3291 2118 3346 quemquam.

543 3371 600 3428 Si
630 3387 732 3438 me,
775 3390 793 3422 ι
825 3371 1012 3441 inquit,
1047 3388 1064 3422 ι
1098 3368 1352 3439 quaeritis,
1383 3368 1538 3422 sinite
1563 3367 1660 3422 hos
1687 3367 1854 3422 abire.
1883 3384 1904 3419 ι
1940 3367 2121 3420 Inimi-

543 3479 635 3518 cos
678 3463 886 3531 videt‘,
933 3472 987 3518 ct
1029 3461 1131 3516 hoc
1173 3461 1368 3517 faciunt
1411 3459 1554 3531 quod
1588 3460 1770 3530 jubet;
1816 3460 1996 3514 sinunt
2031 3475 2123 3514 cos

543 3556 726 3622 abire,
774 3570 906 3625 quos
949 3569 1052 3608 non
1099 3553 1210 3608 vult
1253 3553 1444 3623 perire.
1483 3551 1748 3622 Numquid
1793 3563 1968 3606 autem
2019 3567 2120 3606 non

531 3655 695 3702 erant
725 3655 906 3716 postea
933 3644 1213 3700 morituri?
1248 3643 1353 3699 Cur
1391 3657 1518 3713 ergo
1548 3643 1591 3698 si
1620 3651 1742 3696 tunc
1767 3653 2119 3709 morerentur,

545 3737 794 3806 perderet
820 3751 933 3801 eos,
957 3735 1056 3790 nisi
1084 3735 1207 3804 quia
1241 3733 1473 3788 nondum
1497 3733 1574 3788 sic
1597 3733 1650 3786 in
1673 3748 1794 3787 eum
1814 3732 2120 3798 credebant,

541 3828 810 3898 quomodo
835 3827 1056 3882 credunt
1083 3825 1400 3895 quicumque
1420 3839 1524 3878 non
1547 3823 1805 3893 pereunt?

617 3919 670 3975 5.
713 3917 894 3974 Simon
922 3934 1040 3990 ergo
1078 3915 1260 3972 Petrus
1299 3914 1485 3970 habens
1509 3914 1757 3986 gladium,
1785 3915 1957 3968 eduxit
1986 3931 2120 3982 eum,

545 4022 592 4067 et
619 4011 860 4081 percussit
889 4025 1082 4064 seruum
1099 4007 1340 4079 principis
1358 4007 1693 4070 sacerdotum,
1725 4016 1771 4060 et
1789 4007 1998 4060 abscidit
2016 4009 2124 4076 ejus

545 4099 824 4154 auriculam
850 4099 1124 4152 dexteram.
1161 4097 1286 4150 Erat
1311 4105 1477 4150 autem
1501 4111 1680 4150 nomen
1707 4111 1846 4150 servo
1867 4094 2121 4150 Malchus.

547 4189 704 4246 Solus
725 4189 810 4243 hic
831 4189 1154 4258 evangelista
1175 4188 1332 4242 etiam
1358 4201 1551 4240 nomen
1574 4186 1731 4256 hujus
1751 4188 1888 4242 scrvi
1909 4202 2125 4256 expres-

545 4279 616 4334 sit
644 4296 658 4332 :
691 4279 826 4332 sicut
862 4277 1033 4332 Lucas
1061 4277 1223 4340 Solus,
1249 4274 1390 4344 quod
1417 4273 1533 4344 ejus
1558 4275 1846 4330 auriculam
1873 4276 2124 4330 Dominus

549 4369 781 4439 tetigerit
799 4407 815 4433 ,
861 4375 916 4422 et
947 4367 1212 4420 sanaverit
1243 4379 1368 4421 cum
1395 4362 1558 4438 (Luc.
1585 4380 1714 4432 χιιι,
1739 4364 1864 4437 51).
1891 4366 2124 4420 lllalchus

549 4471 726 4514 autem
757 4460 1135 4530 interpretatur
1164 4455 1520 4526 chnaturus.
1549 4455 1684 4522 Quid
1707 4471 1834 4527 ergo
1858 4457 2002 4512 auris
2031 4473 2124 4528 pro

549 4551 775 4606 Domino
801 4557 1066 4619 amputata
1110 4558 1163 4604 et
1190 4563 1221 4602 a
1251 4548 1474 4602 Domino
1498 4555 1678 4602 sanata
1713 4547 1993 4618 signiﬁcat,
2024 4550 2124 4604 nisi

547 4643 786 4696 auditum
815 4648 1083 4710 amputata
1120 4645 1380 4694 vetustate
1403 4647 1738 4706 renovatum,
1771 4650 1822 4694 ut
1852 4640 1922 4694 sit
1946 4641 1996 4694 in
2025 4657 2124 4696 no-

551 4737 712 4792 vitate
737 4735 970 4805 spiritus,
1001 4742 1056 4790 ct
1085 4749 1190 4789 non
1221 4733 1273 4787 in
1307 4743 1568 4789 vetustate
1594 4733 1784 4790 littera:
1815 4731 2002 4808 (Rom.
2030 4751 2122 4800 vn,

513 4885 530 4898 ,
547 4825 646 4900 6)?
671 4825 824 4894 Quod
849 4826 932 4882 cui
963 4825 1258 4895 praestitum
1283 4821 1446 4879 fuerit
1464 4837 1494 4878 a
1519 4823 1751 4891 Christo,
1782 4825 1900 4895 quis
1922 4825 2126 4882 dubitet

547 4925 886 4986 regnaturum
925 4931 1042 4971 esse
1084 4929 1206 4972 eum
1244 4911 1492 4972 Christo?
1533 4913 1684 4983 Quod
1725 4926 1899 4971 autem
1939 4931 2125 4972 servus

548 5008 796 5062 inventus
823 5015 927 5073 est,
959 5017 1012 5061 et
1039 5007 1142 5062 hoc
1163 5006 1230 5061 ad
1259 5006 1401 5062 illam
1423 5007 1650 5076 pertinet
1669 5017 1980 5064 vetustatem
2006 5025 2124 5079 qua:

548 5100 600 5152 in
635 5100 941 5156 servitutem
971 5106 1210 5169 generat,
1241 5097 1383 5168 quod
1409 5105 1492 5153 est
1513 5099 1656 5168 Agar
1681 5096 1873 5168 (Galat.
1903 5116 1976 5166 tv,
2005 5101 2121 5170 24).

547 5189 652 5246 Sed
675 5206 794 5246 cum
821 5190 1043 5246 accessit
1067 5188 1282 5256 sanitas,
1327 5189 1548 5260 ﬁgurata
1576 5199 1658 5244 est
1683 5199 1738 5246 et
1759 5189 1992 5248 libertas.
2019 5191 2124 5247 Fa-

549 5292 696 5336 ctum
726 5293 900 5338 tamen
947 5282 1086 5336 Petri
1119 5282 1370 5336 Dominus
1407 5283 1755 5351 improbavit,
1794 5292 1848 5338 et
1883 5285 2122 5355 pregredi

551 5371 687 5424 ultra
721 5371 984 5438 prohibuit
1005 5369 1191 5426 dicens
1217 5387 1232 5424 :
1259 5367 1408 5426 Mitte
1430 5369 1654 5442 gladium
1675 5372 1726 5426 in
1749 5373 1998 5442 vaginam.
2029 5373 2126 5429 Ca-

553 5461 697 5514 licent
721 5477 868 5533 quem
893 5462 1031 5516 dedit
1053 5461 1178 5516 mihi
1207 5459 1380 5530 Pater,
1411 5477 1510 5516 non
1535 5461 1698 5516 bibant
1723 5463 1908 5518 illum?
1933 5463 1992 5519 in
2027 5479 2126 5522 suo

617 5591 861 5668 {Thomas
897 5590 1179 5668 Aquinasln
1201 5601 1374 5668 Catena
1423 5595 1539 5660 legit
1577 5597 1672 5657 hic,
1717 5593 1930 5650 inimicos
1957 5597 2123 5663 jubet,

555 5666 647 5703 nec
669 5654 918 5704 admodum
941 5654 1237 5706 inconcinne.
1303 5665 1358 5705 Μ.

1475 253 1540 308 lN
1579 248 1854 308 JOANNIS
1893 239 2350 308 EVANGELIUM,
2395 242 2450 298 S.
2495 239 2859 300 AUGUSTI.“

3653 243 3676 300 l
3687 238 3796 302 932

2220 358 2414 428 quippe
2457 357 2592 414 facto
2619 359 2708 414 illc
2736 357 3023 428 discipulus
3049 357 3359 428 magistrum
3389 356 3674 416 defendere
3705 379 3800 418 vo-

2221 451 2336 518 luit,
2366 469 2469 506 non
2499 453 2639 523 quod
2669 451 3066 522 signiﬁcandum
3097 461 3178 506 cst
3206 454 3471 522 cogitavit.
3495 454 3561 508 Et
3587 455 3674 509 ille
3697 455 3802 525 igi-

2221 552 2305 596 tur
2331 543 2394 597 ad
2423 544 2730 613 patientiam
2757 543 3172 600 commonendus
3197 541 3314 610 fuit,
3345 552 3398 598 ct
3427 544 3524 598 hoc
3549 545 3615 598 ad
3645 545 3802 600 Ξιιιρισ

2220 634 2486 704 ligentiam
2528 635 2992 691 eonscribeudum.
3035 635 3184 702 Quod
3227 645 3404 691 autem
3441 652 3474 692 a
3517 639 3674 693 Patre
3701 640 3802 694 sibi

2221 726 2344 781 dicit
2369 727 2547 782 datum
2579 728 2798 784 calicem
2825 727 3103 796 passionis,
3133 727 3370 796 profecto
3399 729 3526 784 illud
3548 741 3626 784 est
3661 732 3802 800 quod

2219 817 2292 870 ait
2321 817 2602 886 Apostolus
2631 835 2644 871 :
2675 816 2891 872 SiDcus
2922 834 3010 886 pro
3029 817 3188 882 nobis,
3217 819 3327 888 quis
3353 829 3527 872 contra
3547 821 3680 874 nos?
3703 820 3804 884 Qui

2223 906 2358 962 Filio
2393 909 2598 978 proprio
2633 925 2732 962 non
2763 909 3012 976 pepercit,
3043 908 3131 962 sed
3160 926 3250 978 pro
3275 909 3414 963 nobis
3442 911 3668 964 onmibus
3695 921 3804 964 tra-

2219 997 2346 1050 didit
2374 1013 2487 1052 eum
2533 995 2722 1068 (Rom.
2753 1013 2861 1062 vni,
2905 998 2992 1062 51,
3025 997 3094 1052 52
3119 997 3160 1068 ).
3195 997 3390 1052 Verum
3419 1007 3601 1053 auctor
3621 1000 3806 1054 calicis

2222 1088 2378 1156 hujus
2406 1097 2487 1142 est
2520 1090 2676 1144 etiam
2711 1089 2820 1159 ipse
2859 1091 2945 1157 qui
2978 1088 3127 1143 bibit.
3161 1087 3311 1144 Unde
3355 1089 3493 1144 idem
3533 1090 3804 1159 apostolus

2223 1179 2348 1232 item
2376 1178 2500 1232 dicit
2534 1197 2546 1233 :
2576 1179 2803 1233 Christus
2830 1178 3004 1232 dilexit
3033 1195 3145 1244 nos,
3173 1188 3217 1232 et
3247 1179 3452 1232 tradidit
3479 1181 3802 1252 semetipsum

2221 1284 2312 1338 pro
2333 1269 2478 1322 nobis
2498 1269 2795 1322 oblationem
2823 1277 2869 1322 et
2896 1269 3112 1322 hostiam
3141 1267 3250 1322 Deo
3275 1270 3328 1322 in
3353 1271 3556 1323 odorem
3583 1271 3806 1324 suavita-

2222 1361 2282 1414 tis
2309 1360 2521 1430 (Ephes.
2557 1377 2606 1425 v,
2638 1359 2715 1432 2).

2292 1452 2344 1506 6.
2385 1451 2577 1506 Cohors
2615 1462 2782 1504 autem
2823 1460 2868 1504 et
2903 1450 3131 1506 tribunus
3171 1458 3219 1504 et
3251 1450 3467 1504 ministri
3503 1449 3806 1505 Judworum

2221 1544 2700 1614 comprehenderunt
2737 1543 2944 1608 Jesum,
2986 1551 3030 1596 et
3061 1543 3340 1612 ligaverunt
3379 1558 3510 1594 eum.
3545 1541 3806 1610 Compre-

2223 1635 2522 1688 henderunt
2555 1634 2618 1687 ad
2663 1649 2820 1703 quem
2857 1648 2964 1686 non
2989 1639 3330 1688 accesserunt
3361 1649 3374 1686 :
3409 1632 3656 1701 queniam
3689 1633 3808 1688 dies

2225 1725 2332 1790 ille,
2363 1725 2434 1778 illi
2463 1740 2588 1778 vero
2620 1725 2850 1778 tenebrat
2893 1732 3330 1792 permanserunt;
3363 1737 3460 1776 nec
3487 1721 3804 1788 audierunt,

2225 1816 2455 1870 Accedite
2493 1818 2558 1870 ad
2579 1833 2692 1869 cum
2719 1826 2766 1870 et
2801 1815 3158 1869 illuminamini
3185 1815 3204 1887 (
3231 1813 3373 1870 Psal.
3404 1831 3598 1881 χχχιιι,
3623 1817 3655 1870 6
3675 1817 3716 1888 ).
3749 1815 3808 1870 Si

2224 1908 2363 1962 enim
2391 1908 2464 1962 sic
2494 1907 2836 1970 accederent,
2869 1923 2972 1960 non
2999 1922 3119 1976 eum
3152 1907 3392 1960 tnauibus
3417 1905 3764 1960 occidendum
3787 1947 3806 1974 ,

2223 2001 2318 2055 sed
2346 2001 2702 2068 recipiendum
2721 1999 2880 2054 corde
2905 1999 3438 2068 comprehenderent.
3457 1997 3608 2052 Nunc
3623 2008 3804 2052 autem

2224 2089 2434 2159 quando
2465 2105 2582 2144 eum
2613 2090 2702 2144 illo
2729 2090 2886 2142 modo
2906 2087 3442 2158 comprehenderunt,
3475 2097 3598 2142 tunc
3619 2085 3686 2140 ab
3711 2085 3802 2140 illo

2227 2184 2430 2253 longius
2472 2190 2804 2238 recesserunt
2833 2201 2844 2236 :
2873 2189 2925 2236 et
2966 2181 3258 2250 ligaverunt
3285 2194 3406 2234 eum
3451 2195 3482 2233 a
3525 2195 3630 2252 quo
3671 2179 3810 2234 solvi

2229 2275 2400 2342 potius
2429 2274 2566 2328 velle
2595 2273 2909 2328 debuerunt.
2941 2272 3008 2326 Et
3031 2281 3181 2326 erant
3223 2270 3458 2323 fortassis
3497 2270 3548 2322 in
3591 2269 3670 2323 eis
3713 2268 3808 2338 qui

2229 2374 2352 2418 tunc
2387 2366 2756 2434 imposuerunt
2797 2363 3009 2418 Christo
3051 2361 3256 2415 vincula
3287 2375 3410 2427 sua,
3455 2369 3612 2430 atque
3639 2359 3704 2414 ab
3741 2373 3812 2412 co

2228 2465 2406 2527 postea
2438 2455 2640 2512 liberati
2669 2456 2930 2519 dixerunt,
2961 2451 3236 2523 Disrupisti
3272 2451 3468 2504 vincula
3493 2467 3600 2503 mea
3631 2449 3807 2520 (Psal.

2228 2563 2350 2612 cxv,
2383 2547 2444 2602 16
2463 2548 2499 2618 ).
2528 2547 2650 2600 lla-c
2679 2546 2834 2600 hodie
2860 2545 2990 2598 satis
3009 2545 3142 2608 sint;
3168 2542 3550 2605 tractabuntur,
3579 2539 3692 2594 Deo
3717 2554 3810 2592 vo-

2229 2640 2388 2706 lente,
2421 2653 2666 2694 sermone
2693 2637 2798 2691 alio
2823 2653 2939 2706 qua:
2969 2643 3283 2704 sequuntur.

2701 2768 3110 2826 TRACTATUS
3145 2764 3328 2822 CXIII.

2229 2903 2302 2958 Ab
2328 2920 2384 2957 eo
2404 2902 2536 2974 quod
2560 2901 2757 2972 legitur,
2787 2900 2854 2954 Et
2874 2898 3207 2952 adduxerunt
3233 2911 3352 2950 eum
3377 2887 3440 2949 ad
3466 2897 3668 2948 Annam
3695 2909 3812 2966 prt-

2299 3010 2472 3058 mum;
2505 3009 2657 3061 usque
2685 2992 2750 3044 ad
2779 2991 2847 3056 id,
2881 2990 3074 3043 lterum
3107 3002 3233 3058 ergo
3259 2986 3470 3056 negavit
3498 2985 3683 3040 Petrus
3703 3025 3718 3051 ,
3751 2991 3810 3039 et

2297 3088 2472 3146 statim
2498 3085 2664 3155 gallus
2689 3084 2935 3138 cantavit.
2970 3079 3095 3150 Cap.
3123 3095 3266 3146 .wm,
3287 3079 3322 3149 Ῡ
3350 3117 3362 3131 .
3390 3077 3576 3132 15-27.

2299 3199 2351 3252 1.
2375 3199 2720 3266 Posteaquam
2749 3203 3112 3264 persecutores
3138 3190 3378 3245 tradente
3403 3188 3536 3244 Juda
3556 3203 3808 3258 compre-

2228 3290 2450 3344 hensum
2481 3288 2764 3342 Dominum
2805 3286 3116 3354 ligaverunt,
3151 3282 3239 3352 qui
3269 3281 3454 3335 dilexit
3483 3295 3580 3334 nos
3607 3289 3660 3334 et
3689 3289 3812 3333 tra-

2227 3381 2358 3436 didit
2385 3380 2728 3446 semetipsum
2759 3392 2852 3446 pro
2875 3374 3026 3429 nobis
3051 3372 3264 3444 (Ephes.
3287 3387 3340 3436 v,
3366 3369 3443 3442 2),
3471 3379 3523 3424 et
3541 3371 3626 3424 cui
3651 3369 3816 3424 Pater

2228 3487 2332 3526 non
2371 3469 2639 3542 pepercit,
2681 3469 2773 3524 sed
2813 3482 2908 3536 pro
2953 3465 3105 3520 nobis
3148 3463 3392 3518 omnibus
3430 3461 3646 3533 tradidit
3683 3475 3809 3514 eum

2229 3563 2402 3635 (Rom.
2435 3579 2544 3630 vni,
2573 3562 2695 3632 '52);
2743 3571 2798 3614 ut
2825 3558 3150 3626 intelligatur
3174 3555 3368 3621 Judas,
3397 3569 3502 3608 non
3531 3551 3812 3606 laudabilis

2230 3655 2454 3710 utilitate
2495 3650 2792 3706 traditionis
2833 3649 3012 3717 hujus,
3045 3646 3136 3701 scd
3167 3644 3382 3700 sceleris
3417 3644 3688 3697 voluntate
3711 3642 3812 3696 da-

2227 3747 2474 3802 mirabilis
2503 3763 2516 3798 :
2548 3745 2880 3798 Adduxerunt
2909 3758 3043 3805 etun,
3070 3739 3206 3794 sicut
3226 3737 3458 3792 Joannes
3485 3733 3810 3804 evangelista

2229 3847 2428 3904 narrat,
2447 3837 2513 3891 ad
2533 3837 2730 3890 Annam
2749 3835 2982 3905 primum.
3004 3831 3110 3886 Nec
3129 3837 3262 3886 tacet
3279 3844 3494 3884 causam
3519 3843 3614 3882 cur
3637 3828 3706 3881 ita
3737 3827 3814 3881 fa-

2227 3940 2370 3984 ctum
2399 3929 2470 3982 sit
2503 3925 2673 3984 :Erat
2711 3925 2871 3986 enim,
2901 3923 3102 3993 inquit,
3148 3937 3288 3976 socer
3325 3918 3551 3989 Cuiplttlt’,
3591 3919 3816 3990 quierat

2227 4023 2452 4092 pontifex
2491 4019 2611 4072 anni
2645 4018 2801 4070 illius.
2843 4015 2968 4068 Erat
3001 4025 3195 4079 autent,
3243 4011 3430 4080 inquit,
3463 4007 3682 4080 Caiphas
3723 4009 3814 4078 qui

2225 4111 2492 4170 consilium
2519 4110 2654 4164 dedit
2696 4107 2928 4174 Juda’is,
2961 4106 3088 4172 Quia
3128 4105 3325 4174 expedit
3365 4118 3520 4156 unum
3561 4100 3818 4154 hominem

2229 4206 2357 4259 mori
2389 4221 2477 4274 pro
2517 4201 2723 4270 papula.
2751 4199 2936 4252 Merito
2967 4205 3020 4250 et
3061 4194 3338 4249 MattlnL-us
3365 4207 3488 4247 cum
3518 4190 3569 4245 id
3599 4190 3814 4244 brevius

2229 4311 2446 4352 narrare
2485 4295 2776 4359 voluisset,
2823 4307 2942 4344 cum
2987 4290 3052 4343 ad
3099 4287 3351 4356 Caipham
3395 4285 3606 4340 ductum
3649 4283 3816 4338 fuisse

2227 4395 2606 4444 commemorat
2625 4383 2984 4456 (Matt/nm],
3011 4380 3102 4450 57)
3119 4397 3131 4440 ;
3155 4379 3274 4448 quia
3293 4386 3342 4432 et
3361 4375 3427 4431 ad
3443 4377 3648 4428 Annam
3667 4373 3818 4444 prius

2231 4479 2350 4533 ideo
2378 4479 2568 4531 ductus
2611 4483 2720 4537 est,
2753 4472 2890 4541 quod
2932 4485 3083 4524 socer
3105 4469 3220 4537 ejus
3257 4467 3412 4520 fuerit
3438 4481 3453 4518 :
3483 4465 3570 4518 ubi
3611 4463 3816 4518 intelli-

2228 4569 2456 4640 gendum
2479 4577 2560 4622 est
2586 4567 2687 4620 hoc
2714 4563 2957 4618 eumdem
2987 4560 3238 4628 Caipbam
3263 4558 3375 4612 ﬁeri
3403 4557 3652 4611 voluisse.

2296 4658 2352 4714 2.
2396 4657 2707 4728 Sequebatur
2733 4661 2918 4717 autem,
2951 4649 3154 4718 inquit,
3187 4646 3364 4702 Jcsum
3394 4647 3572 4700 Simon
3603 4643 3810 4708 Petrus,

2229 4759 2276 4804 et
2317 4749 2448 4802 alius
2487 4743 2780 4813 discipulus.
2811 4741 3064 4808 Quisnam
3105 4739 3203 4794 iste
3242 4738 3310 4791 sit
3337 4736 3662 4804 discipulus,
3703 4749 3812 4786 non

2232 4849 2430 4896 temere
2465 4833 2830 4889 alﬁrmandum
2863 4839 2976 4896 est,
3009 4829 3128 4898 quia
3174 4839 3405 4883 tacetur.
3447 4827 3594 4881 Solet
3632 4833 3814 4878 autem

2228 4945 2288 4984 se
2311 4929 2450 4983 idem
2473 4925 2706 4982 Joannes
2744 4924 2812 4976 ita
2861 4918 3188 4987 signiﬁcare,
3225 4925 3279 4970 et
3301 4915 3496 4970 addere
3515 4957 3528 4979 ,
3559 4929 3706 4984 quem
3735 4912 3818 4965 di-

2230 5022 2408 5093 ligebat
2435 5017 2585 5072 Iesus
2607 5015 2782 5087 (Joan.
2809 5029 2920 5074 xm,
2938 5011 3032 5070 23.
3053 5020 3099 5064 et
3127 5026 3232 5074 XIX,
3397 5004 3659 5060 Fortassis
3683 5017 3818 5074 ergo

2228 5124 2281 5168 et
2309 5111 2395 5165 hic
2419 5111 2531 5178 ipse
2565 5113 2648 5160 est
2677 5123 2690 5160 :
2721 5104 2958 5176 quisquis
2989 5111 3162 5154 tamen
3195 5100 3297 5165 sit,
3332 5096 3604 5168 sequentia
3628 5093 3814 5148 vidca-

2229 5215 2365 5255 mus.
2397 5218 2417 5250 ι
2453 5196 2753 5266 Discipulus
2795 5203 2970 5248 autem
3005 5192 3113 5256 ille,
3154 5209 3174 5242 ι
3225 5190 3414 5260 inquit,
3452 5207 3470 5240 ι
3503 5194 3616 5242 crat
3655 5193 3815 5240 notus

2232 5290 2481 5361 pontiﬁci,
2530 5299 2584 5343 et
2609 5287 2843 5342 introivit
2877 5299 2999 5340 cum
3041 5283 3166 5338 Jesu
3195 5283 3245 5336 in
3285 5283 3476 5336 atrium
3505 5279 3811 5348 pontilicis:

2231 5383 2415 5437 Petrus
2444 5390 2617 5434 autem
2653 5377 2828 5432 stabat
2854 5375 2919 5430 ad
2950 5375 3142 5428 ostium
3174 5371 3318 5427 foris.
3355 5371 3496 5424 Exiit
3522 5385 3648 5438 ergo
3677 5369 3812 5422 aliut

2229 5471 2516 5541 discipulus
2541 5470 2627 5539 qui
2654 5477 2764 5523 erat
2793 5473 2948 5522 notus
2975 5463 3232 5534 pontiﬁci,
3269 5469 3324 5520 et
3347 5461 3476 5515 dixit
3499 5459 3730 5514 ostiaria:
3759 5466 3812 5512 et

2231 5561 2517 5620 introduxit
2545 5561 2782 5616 Petrum.
2811 5555 2950 5614 Dicit
2991 5569 3118 5626 ergo
3155 5553 3314 5608 Petro
3341 5551 3522 5606 ancilla
3551 5549 3763 5602 ostiaria
3793 5563 3810 5602 :

2237 5655 2496 5726 Numquid
2524 5661 2576 5707 et
2605 5660 2659 5706 tu
2693 5666 2756 5705 ex
2788 5645 3062 5717 discipulis
3092 5661 3150 5700 es
3194 5643 3420 5702 hominis
3451 5639 3644 5695 istius?
3675 5637 3808 5692 Dicit
