4076 6514
363 301 500 363 1933

357 424 447 478 ille
476 439 491 476 :
517 418 634 476 Non
670 433 809 476 sum.
846 437 865 472 ι
898 418 1037 474 Ecce
1074 416 1318 474 columna
1358 417 1658 474 firmissima
1693 417 1758 472 ad
1787 418 1938 473 unius

354 527 500 568 aura:
528 512 815 582 impulsum
845 518 948 565 tota
970 511 1307 564 contremuit.
1340 509 1464 564 Ubi'
1502 521 1583 564 est
1609 510 1692 564 illa
1724 512 1940 580 promit-

356 605 522 660 tentis
556 603 804 670 audacia,
833 612 886 659 et
925 602 990 657 de
1035 617 1092 657 se
1134 602 1413 671 plurimum
1445 602 1806 672 prielidentis?
1836 602 1936 658 Ubi

354 705 481 751 sunt
508 696 671 752 νει-ιιι
700 695 808 757 illa,
835 692 1046 764 quando
1067 694 1159 758 ait,
1193 693 1360 758 Quare
1378 711 1477 747 non
1503 710 1703 764 possunt
1731 703 1776 747 te
1799 694 1939 763 sequi

350 787 503 840 modo
515 787 542 840 .9
552 787 770 839 animam
789 801 948 837 meam
961 801 1052 854 pro
1071 794 1118 837 te
1129 801 1310 854 ponam
1331 783 1507 854 (Joan.
1523 801 1634 850 xm,
1657 782 1780 854 37)?
1801 785 1939 838 ani-

349 880 472 933 cine
502 886 584 932 est
613 878 762 946 sequi
786 878 1112 946 magistrum,
1149 890 1208 930 se
1236 890 1429 945 negare
1449 876 1798 944 discipulum?
1828 875 1934 929 sic-

346 972 469 1025 cine
502 985 599 1040 pro
628 970 853 1024 Domino
890 971 1065 1022 anima
1099 968 1329 1038 ponitur,
1363 977 1420 1022 ut
1448 967 1548 1022 hoc
1578 983 1644 1022 ne
1677 965 1801 1034 ﬁat,
1835 983 1932 1022 vox

346 1063 557 1116 ancilla:
580 1060 929 1116 formidetur?
951 1060 1052 1115 Sed
1080 1059 1206 1130 quid
1228 1060 1417 1113 mirum
1434 1059 1478 1114 si
1498 1058 1643 1112 Deus
1659 1073 1780 1113 vera
1798 1074 1934 1129 pra:-

343 1154 498 1218 dixit,
533 1155 691 1207 homo
712 1162 886 1207 autem
907 1153 1034 1206 falsa
1062 1149 1428 1221 praasumpsit?
1457 1148 1595 1205 Sane
1617 1151 1669 1203 in
1695 1149 1795 1204 ista
1816 1164 1934 1218 qua:

339 1243 452 1313 jam
479 1253 652 1314 empta
681 1251 764 1298 est
801 1243 1081 1312 negatione
1109 1240 1336 1310 apostoli
1361 1240 1521 1304 Petri,
1553 1239 1809 1296 debemus
1834 1240 1930 1294 ad-

341 1344 557 1389 vertere
585 1350 690 1388 non
723 1334 895 1387 solum
941 1332 1010 1386 ab
1038 1347 1103 1386 eo
1132 1331 1313 1402 negari
1357 1331 1647 1399 Christum,
1688 1330 1777 1400 qui
1803 1330 1932 1385 dicit

338 1439 468 1479 eum
519 1441 627 1480 non
671 1440 791 1480 esse
828 1425 1130 1487 Christum;
1172 1422 1265 1477 sed
1293 1422 1359 1476 ab
1387 1423 1480 1476 illo
1506 1423 1662 1476 etiam
1690 1422 1780 1492 qui
1809 1437 1928 1476 cum

339 1518 433 1580 sit,
465 1527 620 1587 negat
649 1533 707 1573 se
731 1533 849 1572 esse
877 1516 1246 1572 christianum.
1281 1515 1536 1570 Dominus
1565 1515 1706 1569 enim
1736 1530 1841 1568 non
1858 1514 1931 1568 ait

339 1608 523 1674 Petro,
551 1609 878 1678 Discipulum
905 1621 1078 1662 meum
1114 1615 1164 1661 te
1189 1607 1435 1675 negabis;
1467 1605 1580 1669 sed,
1623 1622 1700 1658 me
1727 1605 1928 1675 negabis

340 1696 560 1766 (Matth.
585 1714 726 1763 xxvi,
755 1696 864 1764 54).
894 1696 1113 1766 Negavit
1138 1711 1265 1764 ergo
1288 1696 1481 1764 ipsum,
1503 1710 1622 1750 cum
1643 1709 1699 1749 se
1721 1693 1928 1763 negavit

336 1787 460 1854 ejus
503 1803 622 1842 esse
665 1787 1004 1856 discipulum.
1052 1785 1186 1853 Quid
1235 1794 1411 1840 autem
1454 1785 1596 1839 aliud
1638 1786 1739 1840 isto
1769 1784 1926 1839 modo

333 1895 499 1949 quam
527 1893 585 1933 se
612 1878 817 1948 negavit
844 1893 962 1934 esse
983 1876 1380 1932 Christianum?
1406 1875 1655 1943 Quamvis
1680 1876 1821 1930 enim
1847 1875 1924 1929 dis

333 1972 530 2042 seipnli
567 1971 767 2026 Christi
807 1969 1042 2024 nondum
1078 1969 1476 2038 appellarentur
1520 1967 1621 2022 hoc
1662 1967 1878 2022 nomine
1903 1986 1920 2021 :

333 2072 460 2132 post
496 2062 866 2116 ascensionem
912 2061 1104 2130 quippe
1146 2059 1260 2129 ejus
1289 2059 1340 2113 in
1372 2058 1649 2113 Antiochia
1695 2058 1920 2128 primum

332 2159 617 2222 coeperunt
644 2150 897 2225 appellari
921 2150 1169 2220 discipuli
1210 2149 1493 2204 Christiani
1521 2149 1653 2221 (Act.
1687 2165 1757 2211 χι,
1789 2148 1880 2219 26)
1907 2167 1919 2203 :

327 2242 442 2312 jam
473 2251 646 2296 tamen
675 2250 791 2297 erat
833 2257 921 2297 res
946 2241 1058 2311 ipsa
1095 2241 1184 2294 illo
1213 2249 1395 2310 postea
1425 2240 1680 2295 vocabulo
1716 2256 1921 2295 nuncu-

331 2334 532 2403 panda,
574 2334 684 2404 jam
714 2342 866 2388 erant
893 2333 1133 2403 discipuli
1163 2333 1250 2403 qui
1295 2341 1477 2402 postea
1507 2333 1752 2402 appellati
1796 2340 1923 2387 sunt

329 2427 656 2490 Christiani;
680 2434 733 2480 et
752 2425 856 2480 hec
876 2439 1158 2480 commune
1180 2438 1395 2489 nomen,
1422 2423 1558 2478 sicut
1581 2438 1920 2478 communem

330 2518 517 2585 fidem,
545 2519 704 2573 etiam
734 2518 799 2572 ad
841 2528 1082 2588 posteros
1113 2518 1536 2573 transmiserunt.
1578 2517 1676 2584 Qui
1706 2533 1832 2588 ergo
1861 2532 1920 2573 se

327 2608 531 2664 Christi
578 2611 787 2679 negavit
814 2625 934 2666 esse
962 2610 1295 2679 discipulum,
1326 2610 1491 2680 ipsam
1533 2625 1644 2663 rem
1675 2610 1915 2680 negavit,

328 2702 484 2771 cujus
528 2719 720 2758 nomen
761 2711 846 2758 est
886 2703 1064 2758 vocari
1121 2703 1486 2757 christianum.
1553 2701 1720 2770 Quam
1768 2702 1917 2756 nmlti

328 2805 551 2863 postea,
586 2811 689 2850 non
717 2795 836 2850 dico
860 2811 1019 2851 senes
1053 2805 1108 2850 et
1132 2811 1285 2862 anus,
1316 2796 1367 2849 in
1399 2795 1590 2864 quibus
1621 2795 1778 2864 hujus
1799 2796 1917 2849 vita:

327 2887 548 2941 Satietas
578 2886 781 2942 facilius
801 2889 972 2958 potuit
997 2897 1222 2942 mortem
1246 2903 1342 2956 pro
1361 2885 1557 2941 Christi
1582 2886 1916 2942 confessione

327 2986 704 3043 contemnere;
737 2995 834 3034 nec
863 2980 1036 3033 solum
1070 2979 1325 3048 juventus
1347 2979 1619 3048 utriusque
1645 2993 1825 3045 sexus,
1849 2979 1916 3034 de

325 3083 431 3138 qua
459 3078 616 3125 :etate
644 3071 1024 3126 convenienter
1065 3069 1276 3124 videtur
1305 3070 1442 3140 exigi
1484 3069 1770 3133 fortitudo;
1820 3070 1913 3123 sed

325 3159 492 3215 etiam
533 3162 681 3230 pueri
730 3161 1022 3231 puellarquc
1063 3169 1369 3230 potuerunt,
1417 3167 1471 3214 et
1515 3159 1914 3214 innumerabilis

325 3252 558 3306 societas
580 3262 881 3306 sanctorum
901 3258 1190 3322 martyrum
1214 3250 1265 3304 in
1289 3265 1508 3320 regnum
1534 3250 1788 3305 caelorum
1812 3250 1914 3304 for—

327 3343 454 3396 titer
480 3353 535 3398 et
562 3343 823 3398 violenter
853 3342 1087 3408 intravit,
1129 3341 1270 3411 quod
1303 3350 1426 3395 tunc
1456 3342 1554 3395 iste
1582 3355 1686 3394 non
1715 3341 1910 3410 potuit,

326 3433 418 3504 qui
448 3434 626 3489 claves
653 3435 799 3504 regni
829 3433 943 3502 ejus
972 3433 1174 3502 accepit
1201 3433 1218 3502 (
1243 3431 1428 3486 Matth.
1466 3448 1573 3496 xvt,
1611 3432 1749 3501 i9)?
1777 3433 1915 3486 Ecce

328 3527 472 3582 unde
497 3527 693 3582 dictum
717 3536 818 3593 est,
850 3527 1013 3582 Sinite
1034 3525 1122 3579 hos
1142 3525 1297 3588 abire,
1323 3523 1530 3594 quando
1552 3537 1609 3578 se
1636 3537 1734 3594 pro
1760 3523 1913 3577 nobis

329 3619 569 3686 tradidit,
600 3621 689 3690 qui
719 3635 816 3674 suo
838 3620 1094 3689 sanguine
1115 3633 1211 3672 nos
1237 3617 1496 3680 redemit;
1522 3624 1578 3670 ut
1603 3615 1914 3685 impleretur

327 3725 509 3765 sermo
537 3726 696 3780 quem
725 3710 876 3771 dixit,
911 3709 1045 3774 Quia
1079 3723 1203 3778 quos
1219 3705 1397 3759 dedisti
1422 3705 1563 3770 mihi,
1596 3720 1696 3758 non
1719 3703 1913 3774 perdidi

326 3819 394 3856 ea:
417 3804 488 3857 eis
505 3819 817 3874 quemquam.
851 3801 1044 3870 Utique
1072 3800 1210 3856 enim
1237 3799 1424 3854 Petrus
1453 3798 1496 3852 si
1527 3806 1717 3868 negato
1754 3795 1912 3852 Chri-

325 3904 414 3946 sto
444 3893 566 3947 hinc
591 3893 710 3957 iret,
741 3892 862 3962 quid
894 3891 1038 3946 aliud
1063 3907 1220 3960 quam
1251 3889 1488 3960 periret?

400 3984 454 4037 3.
497 3983 710 4037 Stabant
737 3995 900 4036 autem
925 3983 1053 4036 servi
1067 3991 1113 4035 et
1133 3982 1349 4036 ministri
1363 3982 1430 4035 ad
1451 3999 1658 4052 prunas,
1683 3984 1801 4054 quia
1820 3983 1915 4052 [ri-

327 4091 423 4144 gus
443 4084 569 4140 erat,
591 4083 638 4127 et
658 4073 1013 4144 calefaciebant
1031 4089 1102 4127 se.
1127 4073 1241 4127 Non
1269 4073 1439 4128 hiems
1459 4083 1594 4141 erat,
1622 4075 1714 4129 sed
1737 4083 1910 4130 tamen

330 4167 494 4236 frigus
535 4174 650 4219 erat
682 4184 694 4219 :
735 4165 875 4235 quod
905 4165 1040 4220 solet
1079 4166 1239 4220 etiam
1278 4165 1594 4234 aequinoctio
1629 4167 1911 4226 verno.ali-

327 4259 540 4326 quando
583 4259 910 4328 contingere.
973 4276 992 4309 ι
1029 4259 1154 4312 Erat
1191 4265 1366 4312 autem
1393 4272 1512 4310 cum
1547 4257 1624 4312 eis
1648 4266 1700 4311 et
1727 4257 1911 4312 Petrus

327 4359 510 4414 stans,
558 4359 612 4404 et
653 4351 965 4405 calcfaciens
1003 4366 1082 4405 se.
1126 4349 1365 4404 Pontifex
1410 4366 1536 4419 ergo
1572 4350 1913 4420 interrogavit

327 4440 508 4495 .lt-sum
533 4440 600 4494 de
625 4441 893 4509 discipulis
919 4441 1053 4509 ejus,
1082 4441 1223 4494 etde
1249 4440 1487 4494 doctrina
1514 4441 1647 4510 ejus.
1673 4441 1912 4510 ReSpono

328 4533 404 4586 dit
430 4535 478 4586 ei
500 4533 688 4587 Jesus:
720 4533 832 4602 Ego
854 4534 1022 4602 palam
1049 4533 1255 4587 locutus
1275 4547 1392 4586 sum
1415 4532 1632 4594 mundo,
1657 4548 1754 4602 ego
1771 4548 1914 4588 sem-

330 4638 423 4690 per
448 4623 607 4677 docni
638 4623 688 4676 in
717 4624 1013 4694 synagoga'
1041 4630 1096 4676 ct
1121 4623 1171 4676 in
1203 4622 1400 4690 templo
1419 4663 1434 4688 ,
1463 4637 1569 4692 quo
1592 4638 1780 4676 otnncs
1814 4622 1910 4691 Ju-

330 4714 427 4766 dazi
456 4714 800 4778 conveniunt,
823 4722 876 4767 et
903 4713 954 4766 in
978 4713 1187 4767 occulto
1211 4712 1418 4766 locutus
1445 4727 1562 4766 sum
1588 4713 1718 4768 nihil
1742 4731 1758 4764 :
1787 4714 1910 4783 quid

332 4822 415 4860 me
439 4807 766 4876 interrogas?
795 4807 1062 4875 Interroga
1085 4820 1177 4859 eos
1198 4805 1287 4873 qui
1305 4805 1591 4860 audierunt
1614 4806 1739 4875 quid
1764 4805 1910 4860 loeu-

333 4905 414 4950 tus
443 4911 561 4950 sum
585 4897 713 4965 ipsis
742 4913 755 4948 :
789 4911 915 4950 ecce
945 4895 996 4949 hi
1021 4895 1194 4950 sciunt
1213 4910 1330 4963 qua:
1352 4895 1574 4949 dixerim
1596 4911 1714 4965 ego.
1749 4914 1767 4946 ι
1796 4895 1911 4950 Νοιι

333 4986 699 5056 praetereunda
732 4987 965 5041 nascitur
989 4987 1214 5056 quarstio
1235 5027 1249 5051 ,
1279 4987 1546 5057 quomodo
1583 4988 1779 5042 dixerit
1809 4989 1914 5041 Do-

332 5082 504 5136 minus
532 5080 705 5144 Jesus,
742 5079 850 5148 Ego
870 5079 1039 5149 palam
1062 5075 1260 5134 locutus
1287 5095 1396 5134 sum
1422 5079 1642 5144 mundo;
1669 5089 1723 5135 et
1749 5080 1915 5134 maxi-

336 5184 421 5224 me
448 5170 578 5224 illud
604 5169 746 5239 quod
773 5172 866 5235 ait,
899 5167 962 5221 In
987 5171 1181 5222 occulto
1209 5169 1402 5223 locutus
1422 5187 1533 5224 sum
1550 5169 1698 5224 nihil.
1730 5170 1916 5226 Nonne

336 5263 388 5317 in
420 5263 520 5317 hoc
559 5263 676 5332 ipso
716 5262 1010 5316 recentiore
1055 5277 1321 5324 sermone,
1367 5277 1524 5330 quem
1553 5272 1671 5331 post
1708 5278 1916 5317 ccenam

336 5352 616 5422 discipulis
639 5361 722 5407 est
749 5352 955 5408 locutus
975 5391 989 5418 ,
1022 5352 1094 5405 ait
1125 5351 1228 5404 illis
1258 5368 1269 5402 :
1307 5350 1432 5404 Ηωε
1461 5353 1512 5404 in
1545 5352 1812 5421 proverbiis
1839 5353 1917 5406 to-

335 5457 476 5500 cutus
498 5463 613 5500 sum
641 5445 775 5499 vobis
805 5460 824 5498 :
848 5445 975 5498 venit
1002 5444 1128 5497 hora
1161 5459 1274 5496 cum
1302 5444 1415 5511 jam
1443 5460 1542 5496 non
1568 5444 1620 5496 in
1648 5445 1919 5514 proverbiis

399 5584 414 5614 ¹
442 5590 550 5654 [nec
571 5584 740 5654 verba,
762 5581 988 5654 colunma
1016 5580 1294 5654 ﬁrmissima
1316 5581 1382 5654 ad
1406 5581 1547 5654 unius
1584 5594 1720 5632 aura:
1743 5580 1919 5646 impul-

338 5656 437 5692 sum
454 5651 549 5694 tota
573 5646 1119 5707 cmttremuit._Lbi,non
1145 5651 1337 5694 exstant
1361 5646 1409 5692 in
1432 5650 1536 5693 Mss.

398 5708 416 5735 ¹
441 5713 568 5764 Mss”
590 5707 637 5756 in
661 5703 931 5771 synagogt's.

1443 295 1848 361 TRACTATUS
1884 301 2062 360 CXIII.
2108 301 2329 368 ΕΔΗ,ῖῖ
2371 305 2550 392 XVIII.

3490 331 3618 388 I95l

2046 415 2224 488 loquar
2251 422 2404 488 vobis,
2431 424 2520 477 sed
2551 425 2722 494 palam
2750 428 2812 482 de
2843 427 2994 484 Patre
3021 447 3129 486 meo
3153 439 3457 491 annuntiabo
3488 441 3626 494 vobis

2049 505 2220 598 (Joan.
2247 526 2348 576 XVI,
2375 511 2506 584 25)?
2534 514 2586 568 Si
2618 531 2746 586 ergo
2768 518 2894 586 ipsis
2920 521 3370 588 conjunctioribus
3393 506 3632 598 discipn-i

2042 595 2108 651 lis
2127 599 2236 653 suis
2267 616 2367 655 non
2397 603 2711 673 loquebatur
2739 610 2930 677 palam,
2955 613 3044 666 sed
3073 613 3256 669 horam
3285 595 3624 684 promittebat

2041 687 2254 754 quando
2280 691 2450 758 palam
2480 703 2595 748 erat
2636 696 2940 767 locuturus,
2971 704 3237 770 quomodo
3268 707 3439 774 palam
3471 709 3622 765 locu-

2042 785 2124 831 tus
2152 788 2235 833 est
2256 782 2490 836 mundo?
2521 786 2718 841 Deinde
2749 789 2849 844 illis
2890 792 3017 860 ipsis
3059 795 3188 860 suis,
3221 796 3354 851 sicut
3391 799 3618 855 aliorum

2037 883 2247 939 quoque
2282 875 2718 946 evangelistarum
2759 889 2979 936 testatur
3006 887 3320 952 auctoritas,
3355 888 3406 942 in
3429 904 3619 946 eorum

2037 964 2435 1027 comparatione
2457 967 2546 1034 qui
2570 968 2810 1038 discipuli
2835 973 2948 1042 ejus
2977 990 3080 1029 non
3109 986 3279 1045 erant,
3313 981 3481 1037 multo
3511 985 3617 1037 uti-

2039 1065 2141 1119 que
2180 1054 2504 1110 manifestius
2537 1058 2878 1129 loquebatur,
2908 1067 3120 1135 quando
3163 1085 3282 1125 cum
3317 1073 3445 1128 solis
3473 1085 3616 1141 erat,

2040 1152 2276 1236 remotus
2301 1161 2330 1198 a
2361 1147 2525 1201 turbis
2561 1168 2574 1203 :
2606 1159 2726 1207 tune
2749 1156 2888 1208 enim
2920 1158 2996 1212 eis
3025 1166 3080 1212 et
3107 1161 3386 1229 parabolas
3408 1169 3618 1236 aperie-

2036 1231 2142 1329 bat,
2173 1248 2303 1302 quas
2337 1236 2544 1292 clausas
2577 1242 2878 1308 proferebat
2907 1247 2972 1300 ad
3014 1249 3164 1304 alios.
3188 1251 3321 1320 Quid
3349 1266 3428 1310 est
3444 1231 3616 1329 ergo,

2039 1321 2098 1377 In
2127 1326 2317 1379 occulto
2339 1328 2529 1383 locutus
2555 1336 2852 1389 suntnihil?
2879 1336 2984 1393 Sed
3013 1340 3410 1412 intelligendum
3441 1321 3530 1404 esi
3545 1321 3617 1404 ita

2038 1429 2156 1509 eum
2177 1415 2394 1485 dixisse,
2420 1418 2601 1474 Palam
2625 1424 2817 1479 locutus
2842 1444 2954 1481 sum
2977 1434 3162 1486 mundo
3177 1449 3196 1497 ;
3217 1449 3278 1489 ac
3299 1436 3343 1490 si
3369 1438 3610 1509 dixisset,

2033 1502 2177 1600 hlulti
2207 1522 2291 1562 me
2317 1510 2620 1566 audierunt.
2655 1514 2830 1584 Ipsum
2864 1527 3042 1575 autem
3074 1524 3244 1592 palam
3288 1529 3444 1582 modo
3480 1502 3614 1600 quo;

2031 1593 2152 1648 dam
2180 1601 2502 1667 eratpalam,
2526 1604 2876 1662 modoantem
2904 1611 3127 1678 quodam
3149 1630 3250 1668 non
3277 1626 3391 1672 erat
3417 1593 3610 1687 palam.

2032 1685 2210 1740 Palam
2245 1690 2439 1759 quippe
2474 1703 2607 1759 erat,
2637 1697 2756 1764 quia
2794 1699 2940 1752 multi
2981 1702 3298 1772 audiebant;
3327 1717 3379 1762 et
3404 1685 3612 1765 rursum

2032 1791 2134 1829 non
2175 1789 2288 1832 erat
2324 1781 2528 1850 palam,
2561 1787 2680 1854 quia
2707 1801 2811 1841 non
2853 1789 3225 1861 intelligehant.
3265 1796 3326 1850 Et
3356 1799 3495 1866 quod
3524 1818 3612 1857 se-

2029 1881 2210 1922 orsum
2253 1871 2526 1940 discipulis
2569 1877 2889 1946 loquebatur
2914 1921 2928 1947 ,
2971 1898 3073 1937 non
3107 1888 3156 1938 in
3189 1889 3396 1943 occulto
3430 1893 3612 1963 utique

2027 1957 2360 2028 loquebatur.
2393 1964 2522 2032 Quis
2554 1983 2781 2039 namque
2804 1971 2855 2025 in
2886 1974 3091 2027 occulto
3123 1976 3371 2047 loquitur,
3402 1983 3492 2051 qui
3522 1957 3615 2038 co-

2028 2065 2140 2102 ram
2172 2060 2248 2105 tot
2269 2053 2571 2110 hominibus
2597 2058 2860 2128 loquitur;
2897 2078 3012 2117 cum
3041 2067 3291 2135 scriptum
3314 2071 3402 2136 sit,
3433 2070 3499 2126 In
3525 2089 3613 2129 ore

2027 2142 2239 2196 duorum
2261 2147 2334 2198 vel
2355 2150 2503 2200 trium
2529 2149 2725 2203 testium
2744 2151 2888 2206 stabit
2915 2171 3060 2209 onme
3079 2157 3278 2211 verbum
3301 2159 3470 2231 (Deut.
3498 2179 3609 2230 xu,

2028 2234 2094 2287 15
2123 2233 2176 2304 );
2211 2239 2501 2302 przesertim
2529 2239 2572 2292 si
2596 2239 2697 2294 hoc
2731 2236 2962 2312 loquitur
2992 2248 3190 2315 paucis,
3223 2251 3362 2319 quod
3393 2267 3490 2321 per
3518 2270 3612 2310 eos

2026 2326 2150 2380 velit
2172 2328 2504 2387 innotescere
2533 2334 2713 2388 amitis
2739 2352 2752 2400 ;
2785 2338 2920 2392 sicut
2949 2337 3060 2406 ipse
3090 2340 3348 2398 Dominus
3368 2347 3442 2399 ait
3472 2338 3608 2415 illis,

2024 2433 2158 2488 quos
2188 2421 2360 2476 adhuc
2391 2439 2586 2492 paucos
2616 2427 2874 2494 habebat,
2912 2429 3058 2497 Quod
3086 2431 3197 2486 diro
3226 2436 3360 2489 vobis
3384 2437 3437 2490 in
3475 2447 3607 2493 tene-

2025 2511 2144 2574 bris,
2171 2512 2318 2567 dicite
2346 2515 2397 2568 in
2421 2516 2609 2571 lumine
2619 2535 2638 2582 ;
2659 2529 2706 2571 et
2730 2520 2864 2590 quod
2887 2522 2940 2575 in
2965 2540 3086 2576 aure
3106 2525 3311 2591 auditis,
3343 2531 3613 2598 prwdicate

2021 2619 2172 2672 super
2197 2614 2323 2660 tecta
2355 2607 2567 2676 (Matth.
2593 2627 2648 2676 Χ,
2665 2610 2794 2682 27γῖ
2823 2614 2958 2684 Ergo
2985 2624 3034 2670 et
3060 2616 3158 2671 hoc
3181 2618 3352 2686 ipsum
3383 2623 3521 2688 quod
3543 2623 3610 2676 ab

2023 2695 2138 2764 ipso
2166 2697 2270 2752 dici
2296 2699 2571 2755 videbatur
2593 2705 2819 2771 occulte,
2850 2707 3244 2776 quodammodo
3267 2726 3368 2764 non
3393 2712 3609 2768 dicebao

2023 2795 2108 2840 tur
2134 2787 2184 2841 in
2212 2790 2418 2844 occulto
2447 2808 2460 2842 :
2493 2793 2613 2862 quia
2640 2809 2744 2848 non
2779 2795 2847 2849 ita
2879 2796 3176 2865 dicebatur,
3212 2809 3268 2854 ut
3294 2801 3361 2854 ab
3381 2803 3460 2856 eis
3492 2805 3610 2872 qui-

2020 2881 2118 2936 bus
2145 2883 2346 2938 dielum
2377 2884 2566 2950 fuerat,
2599 2895 2892 2954 taceretur;
2919 2891 3011 2944 sed
3032 2892 3098 2946 ita
3117 2894 3311 2963 potius,
3333 2905 3387 2948 ut
3413 2911 3610 2964 usque-

2019 2989 2227 3043 quaque
2258 2976 2650 3045 prmdicaretur.
2683 2979 2770 3034 Sic
2807 2997 2932 3050 ergo
2969 2982 3070 3038 dici
3102 2994 3275 3053 potest
3317 2987 3515 3056 aliquid
3553 2999 3606 3044 et

2021 3063 2192 3133 palam
2239 3065 2396 3120 simul
2434 3075 2484 3122 et
2527 3084 2631 3123 non
2661 3071 2866 3139 palam,
2897 3075 2978 3127 vel
3009 3075 3059 3127 in
3105 3078 3312 3130 occulto
3351 3079 3508 3133 simul
3550 3090 3606 3137 et

2018 3169 2124 3213 non
2166 3156 2217 3211 in
2254 3159 2490 3226 occulto,
2523 3162 2788 3230 quomodo
2811 3165 3009 3219 dictum
3035 3175 3140 3234 est,
3183 3167 3251 3223 Ut
3280 3171 3496 3226 videntes
3529 3175 3604 3226 vi-

2018 3244 2195 3312 deant,
2239 3257 2289 3302 et
2321 3266 2420 3304 non
2448 3251 2644 3304 videant
2678 3251 2864 3323 (Marc.
2898 3271 2974 3320 Iv,
3011 3256 3120 3324 12).
3153 3257 3430 3326 Quomodo
3460 3263 3602 3317 enim

2017 3338 2236 3405 videant,
2263 3341 2364 3395 nisi
2398 3341 2516 3412 quia
2545 3343 2738 3412 palam,
2773 3360 2877 3398 non
2907 3346 2957 3399 in
2989 3349 3230 3412 occulto;
3264 3359 3316 3404 et
3337 3352 3605 3420 quomodo

2019 3426 2157 3482 idem
2183 3429 2277 3497 ipsi
2301 3445 2483 3484 rursus
2504 3448 2604 3485 non
2633 3431 2850 3499 videant,
2873 3435 2969 3488 nisi
2992 3436 3114 3504 quia
3150 3451 3254 3491 non
3288 3439 3481 3507 palam,
3510 3441 3601 3495 sed

2019 3516 2070 3571 in
2101 3521 2342 3573 occulto?
2371 3521 2443 3574 Ea
2471 3531 2646 3576 tamen
2671 3524 2780 3592 ipsa
2803 3541 2919 3593 qua:
2945 3526 3221 3582 audierant
3241 3538 3294 3584 ct
3325 3546 3426 3586 non
3446 3531 3604 3586 intel—

2019 3608 2277 3672 lexerant,
2313 3610 2433 3664 talia
2461 3621 2633 3678 erant,
2667 3624 2720 3666 ut
2752 3629 2858 3667 non
2889 3626 3100 3684 possent
3128 3617 3273 3685 juste
3303 3635 3365 3673 ac
3398 3622 3602 3677 veraci-

2020 3707 2099 3752 tcr
2124 3701 2391 3754 criminari
2423 3720 2436 3752 :
2468 3713 2521 3756 et
2547 3705 2985 3774 quotiescumque
3024 3706 3401 3777 interrogando
3429 3718 3600 3764 tenta-

2017 3799 2161 3850 runt,
2193 3798 2248 3842 ut
2289 3790 2588 3845 invenirent
2615 3792 2752 3845 unde
2781 3804 3092 3848 accusarent
3121 3811 3260 3856 etun.
3296 3798 3372 3851 sic
3393 3798 3471 3852 eis
3510 3815 3599 3854 re-

2017 3879 2248 3946 5p0ndit,
2269 3888 2323 3932 ut
2344 3895 2531 3934 omnes
2550 3896 2732 3934 eorum
2757 3883 3166 3944 retundercntur
3200 3885 3329 3951 doli,
3357 3898 3410 3942 et
3446 3890 3562 3944 calu
3581 3919 3596 3930 -

2018 3969 2173 4022 mnim
2205 3969 2608 4024 frustrarentur.
2639 3970 2762 4025 Ideo
2783 3972 3008 4036 dicebat,
3037 3973 3172 4040 Quid
3189 3992 3264 4027 me
3278 3977 3600 4046 interrogas?

2015 4057 2280 4129 Interroga
2305 4076 2386 4112 eos
2415 4061 2498 4129 qui
2521 4061 2785 4115 audierunt
2810 4063 2932 4133 quid
2959 4062 3151 4116 locutus
3171 4083 3280 4118 sum
3304 4066 3426 4134 ipsis
3444 4084 3463 4121 :
3488 4084 3600 4122 ecce

2016 4149 2069 4202 hi
2090 4151 2247 4202 sciunt
2271 4166 2382 4219 qua:
2407 4151 2618 4204 dixerim
2639 4168 2748 4221 ego.

2086 4241 2139 4295 4.
2175 4239 2294 4294 Utve
2316 4250 2480 4295 autem
2509 4258 2623 4294 cum
2648 4242 2884 4306 dixisset,
2912 4261 3040 4298 unus
3067 4246 3304 4299 assistens
3335 4247 3593 4302 ministro-

2016 4348 2128 4384 rum
2159 4330 2295 4384 dedit
2321 4332 2526 4399 alapam
2551 4331 2679 4385 Jesu
2705 4371 2721 4397 ,
2759 4333 2929 4387 dicens
2960 4349 2978 4386 :
3005 4333 3093 4388 Sic
3128 4336 3398 4405 respondes
3428 4340 3597 4406 ponti-

2017 4421 2142 4489 ﬁci?
2193 4422 2470 4491 Respondit
2495 4423 2541 4475 ei
2573 4421 2724 4476 Iesus
2754 4438 2772 4475 .'
2802 4423 2861 4477 Si
2891 4425 3020 4477 male
3061 4426 3256 4480 locutus
3285 4443 3397 4480 sum
3422 4469 3437 4492 ,
3465 4429 3603 4482 testi-

2018 4511 2238 4564 monium
2286 4511 2488 4580 perhibe
2536 4510 2600 4563 de
2646 4512 2819 4577 malo;
2863 4513 2907 4565 si
2953 4523 3119 4566 autem
3164 4513 3315 4580 bene,
3362 4517 3485 4584 quid
3525 4532 3603 4571 me

2017 4599 2210 4653 mdis?
2257 4599 2392 4665 Quid
2440 4600 2540 4652 ista
2588 4600 2935 4668 responsione
2977 4603 3194 4669 verius,
3248 4605 3596 4665 mansuetius.

2015 4693 2249 4764 justius?
2282 4692 2408 4760 Ejus
2428 4699 2511 4746 est
2537 4691 2676 4745 enim
2705 4690 2772 4745 de
2796 4707 2901 4761 quo
2925 4693 3228 4763 prephetica
3254 4709 3352 4748 vox
3376 4710 3602 4763 praeces-

2018 4793 2182 4849 serat,
2216 4781 2448 4846 lntende,
2482 4790 2529 4835 et
2562 4797 2800 4852 prospere
2828 4782 3037 4851 procede
3057 4824 3071 4847 ,
3099 4793 3144 4836 et
3172 4799 3364 4854 regna;
3398 4792 3600 4855 propter

2018 4877 2302 4939 veritatem,
2341 4883 2387 4926 et
2420 4873 2871 4939 mansuetudinem,
2904 4881 2949 4926 et
2966 4874 3222 4943 justitiam
3254 4872 3420 4946 (Psal.
3452 4889 3594 4938 κων,

2019 4968 2094 5038 5).
2123 4967 2177 5020 Si
2208 4965 2499 5035 cogitemus
2533 4963 2650 5033 quis
2674 4965 2938 5033 acceperit
2962 4969 3165 5033 alapam
3187 5006 3201 5029 ,
3233 4979 3408 5018 nonne
3439 4965 3598 5020 velle.

2021 5073 2139 5114 mus
2167 5073 2288 5113 eum
2318 5058 2406 5127 qui
2458 5057 2752 5126 percussit,
2794 5065 2886 5110 aut
2927 5056 3130 5110 caelesti
3174 5057 3292 5124 igne
3334 5057 3596 5120 consumi,

2020 5158 2112 5204 aut
2145 5157 2286 5202 terra
2319 5146 2626 5200 dehiscente
2672 5144 2907 5209 sorberi,
2953 5153 3043 5198 aut
3070 5154 3369 5214 correptum
3400 5143 3598 5199 daemo-

2021 5240 2110 5294 nio
2137 5237 2394 5302 volutari,
2422 5245 2511 5290 aut
2531 5236 2700 5304 aliqua
2729 5235 3028 5306 hujusmodi
3057 5235 3287 5304 qualibet
3312 5250 3491 5307 pinna,
3519 5239 3600 5291 vel

2023 5331 2180 5384 etiam
2225 5327 2465 5398 graviore
2494 5327 2710 5396 puniri?
2741 5326 2874 5393 Quid
2903 5326 3043 5380 enim
3071 5326 3258 5380 horum
3287 5342 3380 5396 per
3412 5341 3600 5398 pOten-

2029 5421 2151 5475 tiam
2181 5420 2368 5488 jubere
2398 5434 2501 5471 non
2540 5417 2792 5486 potuisset
2820 5432 2912 5486 per
2939 5432 3096 5487 quem
3140 5417 3308 5475 factus
3339 5426 3420 5474 est
3448 5436 3572 5475 mnu

2024 5509 2124 5563 dus
2147 5549 2161 5572 ,
2207 5509 2306 5562 nisi
2333 5507 2635 5576 patientiam
2667 5522 2762 5561 nos
2788 5506 2977 5561 docere
3007 5507 3279 5562 maluisset
3307 5523 3408 5579 qua
3435 5511 3602 5566 vinci-

2027 5612 2112 5656 tur
2158 5597 2424 5652 mundus?
2475 5596 2567 5648 llic
2609 5596 2748 5648 dicet
2786 5596 2974 5664 aliquis
3004 5615 3014 5645 τ
3048 5598 3154 5650 Cur
3181 5614 3281 5651 non
3310 5600 3431 5654 fecit
3463 5604 3602 5671 quod

2030 5697 2141 5764 ipse
2174 5688 2421 5762 pr32CCpiI.
2455 5686 2661 5757 (Matth.
2693 5702 2724 5739 γ
2746 5728 2759 5749 ,
2790 5685 2926 5757 59)?
2970 5689 3280 5756 percutienti
3321 5692 3462 5746 enim
3498 5710 3600 5745 non
