4076 6464
519 291 654 350 1935

509 406 586 460 sic
629 403 990 474 respondere:
1031 403 1126 461 sed
1167 403 1430 458 maxillam
1469 403 1648 460 debuit
1685 405 1901 458 alteram
1947 419 2080 473 prm-

511 507 636 552 ἰετο
666 497 704 548 ¹.
751 495 887 562 Quid
917 497 1056 566 quod
1083 506 1134 550 et
1178 497 1434 551 veraciter
1457 539 1472 564 ,
1505 506 1779 550 mansuete
1799 539 1812 558 ,
1841 498 2084 567 justeque

505 588 821 658 respondit,
874 599 928 644 et
967 604 1071 642 non
1113 589 1284 642 solum
1330 589 1550 644 alteram
1593 591 1858 644 maxillam
1891 591 2081 645 itermn

509 681 826 748 percussuro
850 722 863 744 ,
911 679 1004 734 sed
1045 686 1210 732 totum
1255 694 1446 750 corpus
1475 681 1738 746 ﬁgendum
1770 684 2084 752 praeparavit

507 774 559 828 in
591 773 765 844 ligno?
799 773 863 828 Et
897 773 1015 827 hinc
1043 775 1218 842 potius
1246 773 1663 840 demonstravit,
1693 775 1832 846 quod
1857 777 2080 856 deumn-

504 863 778 918 strandnm
823 863 938 929 fuit,
986 879 1077 917 sua
1123 865 1326 918 scilicet
1369 880 1556 934 magna
1597 867 1684 919 illa
1715 876 1974 937 praecepta
2000 884 2080 938 pa-

505 953 701 1009 tientim
745 967 848 1010 non
897 957 1251 1010 ostentatione
1293 957 1530 1026 corporis
1555 998 1570 1024 ,
1621 959 1715 1014 sed
1741 959 1916 1014 cordis
1945 977 2078 1031 pra:-

503 1047 779 1113 paratione
833 1045 1091 1100 facienda.
1147 1045 1286 1100 Fieri
1340 1048 1483 1102 enim
1540 1059 1714 1116 potest
1760 1059 1812 1103 lli.
1857 1050 2076 1106 alteram

501 1135 764 1190 maxillam
792 1135 1067 1191 visibiliter
1111 1137 1344 1205 pra'bcat
1370 1138 1530 1192 homo
1569 1149 1622 1193 et
1656 1140 1842 1195 iratus.
1873 1139 2078 1208 Quanto

501 1241 630 1296 ergo
658 1227 844 1280 melius
871 1235 924 1280 et
972 1213 1260 1297 rCSpomlet
1303 1245 1424 1282 vera
1469 1231 1700 1299 placatus
1725 1274 1739 1299 ,
1771 1241 1820 1286 et
1860 1233 1924 1287 ad
1953 1249 2076 1302 per-

499 1313 713 1370 ferenda
758 1316 999 1384 graviora
1053 1318 1336 1388 tranquillo
1367 1319 1544 1372 animo
1576 1318 1633 1373 lit
1661 1322 1910 1389 paratus?
1947 1323 2078 1378 Bea-

493 1417 581 1462 tus
610 1414 692 1461 est
728 1408 868 1461 enim
895 1408 984 1478 qui
1014 1409 1064 1462 in
1091 1410 1336 1464 omnibus
1374 1426 1489 1479 qu:e
1521 1411 1713 1479 injuste
1757 1427 1852 1481 pro
1873 1413 2075 1482 justilia

497 1498 691 1567 patitur
709 1540 724 1566 ,
765 1508 938 1568 potest
979 1500 1237 1555 veraciter
1261 1500 1440 1554 dicere
1459 1542 1473 1562 ,
1507 1499 1754 1554 Paratum
1780 1519 1866 1554 cor
1890 1520 2072 1568 meum,

498 1588 654 1654 Dens,
690 1599 922 1658 paratum
943 1605 1029 1643 cor
1054 1606 1218 1642 meum
1247 1605 1266 1644 :
1295 1589 1418 1644 hinc
1447 1591 1502 1643 tit
1528 1592 1720 1660 quippe
1733 1592 1878 1661 quod
1903 1595 2076 1662 sequi-

497 1690 581 1734 tur
601 1722 615 1744 ,
649 1679 870 1735 Cantabo
898 1689 944 1733 et
984 1681 1198 1749 psallam
1227 1679 1396 1750 (Psal.
1429 1697 1510 1734 Lvt
1529 1724 1543 1747 ,
1572 1682 1666 1752 8);
1714 1683 1852 1752 quod
1881 1683 2074 1738 Paulus

493 1771 829 1828 etBarnabas
842 1771 916 1846 (a)
929 1771 1151 1848 etiamin
1171 1770 1394 1826 vinculis
1431 1769 1727 1826 durissimis
1768 1771 1942 1828 facere
1972 1791 2072 1844 po-

491 1867 724 1914 tuerunt.

559 1951 614 2005 5.
659 1948 764 2006 Sed
791 1949 856 2006 ad
891 1951 1208 2006 narrationis
1237 1951 1556 2021 evangelica:
1590 1955 1858 2024 sequentia
1887 1955 2070 2011 redea-

489 2056 626 2094 mus.
661 2041 726 2095 Et
759 2042 891 2096 misit
917 2057 1028 2096 eum
1057 2043 1232 2096 Annas
1267 2043 1477 2112 ligatum
1506 2045 1574 2097 ad
1598 2043 1842 2116 Caipham
1867 2050 2071 2116 pontiﬁ-

487 2147 613 2184 cem.
647 2131 726 2186 Ad
764 2131 908 2186 illum
936 2173 951 2197 ,
983 2133 1119 2187 sicut
1141 2133 1420 2188 Mattha-ns
1445 2135 1607 2200 dicit,
1637 2138 1704 2190 ab
1735 2138 1881 2192 initio
1906 2139 2069 2194 duce-

489 2221 662 2286 batur,
685 2223 936 2290 quoniant
964 2223 1077 2292 ipse
1099 2235 1211 2278 erat
1240 2225 1378 2278 illius
1405 2225 1526 2278 anni
1555 2226 1803 2296 princeps
1822 2229 2070 2283 sacerdo-

481 2321 618 2366 tum.
664 2315 914 2368 Atternos
944 2315 1140 2383 quippe
1181 2314 1508 2384 intelligendi
1547 2325 1670 2369 sunt
1709 2332 1865 2386 agere
1895 2320 2068 2374 solere

485 2420 652 2460 annos
681 2403 839 2458 ambo
869 2405 1168 2474 pontiﬁces,
1212 2404 1262 2458 id
1295 2417 1374 2459 est
1405 2407 1668 2475 principes
1702 2409 2062 2476 sacerdotum,

483 2497 571 2565 qui
603 2505 756 2551 erant
777 2495 869 2552 illo
901 2505 1140 2566 tempore
1171 2499 1354 2550 Annas
1384 2506 1438 2552 et
1462 2497 1714 2566 Caiphas,
1741 2514 1874 2569 quos
1897 2501 2066 2556 Lucas

477 2587 804 2656 evangelista
825 2597 1226 2650 commemorat,
1259 2603 1481 2642 narrans
1507 2603 1612 2658 quo
1635 2600 1869 2659 tempore
1889 2607 2067 2660 corpe-

479 2677 550 2730 rit
594 2676 802 2730 Domini
857 2689 1158 2745 prazcursor
1207 2677 1441 2731 Joannes
1499 2679 1788 2746 praedicare
1843 2696 2060 2750 regnum

478 2767 736 2822 caelorum
758 2805 773 2831 ,
814 2775 867 2821 et
896 2780 1223 2836 congregare
1252 2767 1562 2835 discipulos.
1611 2765 1698 2823 Sic
1727 2769 1867 2824 enim
1895 2771 2020 2825 dicit
2045 2789 2057 2824 :

477 2859 585 2914 Sub
612 2858 919 2930 principibus
947 2859 1262 2911 sacerdotum
1285 2857 1430 2910 Anna
1458 2867 1504 2912 et
1525 2857 1747 2929 Caiplta,
1777 2862 1962 2930 factum
1991 2873 2062 2916 est

473 2953 674 3003 rei-bum
699 2947 904 3002 Domini
922 2965 1070 3020 super
1079 2948 1108 3002 J
1117 2965 1327 3002 oaunem
1341 2947 1606 3003 Zachariae
1624 2950 1660 3018 ﬁ
1665 2951 1787 3003 lium
1807 2952 1858 3004 in
1869 2953 2060 3007 deserto

480 3041 627 3110 (an.
663 3058 739 3108 tn,
771 3041 858 3110 2),
886 3049 938 3096 et
969 3049 1184 3096 caetera.
1232 3041 1460 3096 Proinde
1490 3041 1574 3095 isti
1599 3041 1757 3096 ambo
1785 3044 2058 3112 pontiﬁces

473 3132 708 3185 vicissim
757 3147 884 3186 suos
920 3147 1088 3186 annos
1123 3132 1348 3202 agebant
1375 3149 1388 3183 :
1421 3141 1472 3186 et
1500 3141 1614 3187 erat
1642 3147 1813 3188 annus
1843 3134 2056 3204 Caiphm

471 3225 685 3290 quando
712 3237 896 3292 passus
909 3231 990 3276 est
1009 3223 1273 3276 Christus.
1303 3223 1427 3276 ideo
1449 3223 1736 3277 secundum
1754 3225 2052 3280 Matthaaum

469 3328 590 3366 eum
633 3313 1050 3381 comprehensus
1081 3322 1266 3377 esset,
1313 3313 1377 3365 ad
1417 3327 1538 3366 eum
1579 3313 1769 3368 ductus
1799 3323 1879 3369 est
1913 3333 1926 3368 :
1959 3318 2052 3371 sed

470 3403 618 3470 prius
646 3401 710 3455 ad
752 3404 957 3454 Annam
1001 3401 1292 3454 secundum
1335 3399 1593 3455 Joannem
1636 3413 1892 3458 venerunt
1931 3421 2050 3460 cum

468 3495 594 3558 illo;
645 3509 748 3547 non
801 3494 930 3562 quia
971 3493 1206 3563 collega,
1260 3492 1353 3546 sed
1400 3495 1519 3562 quia
1566 3508 1719 3548 socer
1761 3495 1877 3564 ejus
1915 3507 2045 3552 erat.

469 3583 538 3638 Et
587 3583 912 3639 credendum
966 3593 1048 3638 est
1097 3585 1388 3638 secundum
1448 3585 1777 3640 voluntatem
1831 3587 2048 3656 Caiplne

467 3677 518 3730 id
563 3691 682 3732 esse
729 3676 959 3739 factum,
1009 3676 1089 3730 vel
1131 3675 1288 3728 etiam
1333 3675 1523 3731 domos
1549 3692 1730 3731 eorum
1771 3679 1842 3732 ita
1886 3679 2048 3736 fuisse

465 3769 664 3840 positas
685 3809 701 3837 ,
747 3777 806 3823 ut
833 3783 938 3822 non
969 3767 1188 3823 deberet
1216 3768 1397 3824 Annas
1427 3785 1455 3823 a
1484 3771 1880 3827 transeuntibus
1910 3788 2044 3842 pra:-

463 3861 631 3916 teriri.

525 3951 586 4006 6.
617 3950 722 4006 Sed
749 3966 869 4006 cum
897 3951 1114 4005 dixisset
1141 3951 1474 4022 Evangelista
1504 3952 1642 4022 quod
1675 3969 1794 4007 ettm
1821 3954 2036 4024 ligatum

457 4043 669 4096 miserit
688 4043 867 4096 Annas
887 4041 952 4096 ad
973 4043 1248 4111 Caipbam,
1275 4059 1520 4099 reversus
1545 4046 1706 4100 estad
1726 4047 1895 4102 locum
1920 4064 2042 4101 nar-

450 4133 716 4196 rationis,
747 4132 835 4187 ubi
879 4132 1168 4202 reliquerat
1210 4133 1456 4200 Petrum,
1503 4145 1559 4188 ut
1583 4137 1868 4205 explicaret
1897 4139 2036 4208 quod

455 4225 512 4276 in
543 4223 702 4276 domo
743 4223 910 4276 Anna:
955 4223 1021 4278 de
1060 4223 1195 4276 trina
1233 4228 1350 4292 ejus
1397 4226 1678 4295 negatione
1721 4229 2032 4298 contigerat.

455 4315 590 4368 Erat
617 4323 786 4367 autem
805 4355 820 4382 ,
849 4313 1052 4383 inquit,
1082 4313 1262 4368 Simon
1293 4313 1475 4369 Petrus
1508 4328 1646 4370 stans
1669 4328 1713 4370 et
1739 4320 2036 4388 calcfaciens

457 4424 532 4460 se.
593 4406 702 4459 lloc
737 4403 1046 4474 recapitulat
1081 4405 1220 4474 quod
1259 4415 1379 4460 ante
1417 4407 1526 4474 jam
1565 4407 1809 4462 dixerat:
1842 4411 2033 4465 deinde

455 4513 575 4567 qua:
601 4503 780 4550 secuta
807 4505 930 4548 sunt
962 4495 1153 4566 jungit.
1207 4495 1456 4551 Dixerunt
1495 4515 1610 4570 ergo
1651 4500 1696 4554 ei
1723 4517 1740 4553 :
1767 4499 2032 4573 Numquid

453 4599 497 4642 et
524 4598 576 4640 tu
601 4585 942 4656 exdiscipu-lis
972 4587 1078 4656 ejus
1105 4603 1155 4640 es
1173 4587 1198 4639 Ρ
1247 4587 1463 4658 Negavit
1481 4589 1572 4642 ille
1593 4631 1608 4655 ,
1638 4600 1683 4642 et
1706 4591 1831 4644 dixit
1863 4607 1882 4644 :
1913 4591 2029 4646 Non

451 4695 582 4734 sum.
622 4676 738 4732 Jam
765 4675 928 4730 Semel
961 4690 1279 4746 negaverat;
1315 4695 1438 4733 ecce
1477 4679 1684 4732 iterum.
1736 4681 1934 4736 Deinde
1973 4695 2029 4736 ut

451 4771 606 4824 tertia
629 4768 838 4838 negatio
861 4767 1220 4837 compleatur,
1255 4767 1390 4821 Dicit
1413 4786 1539 4822 unus
1563 4787 1623 4823 ea:
1643 4773 1797 4824 servis
1823 4775 2026 4841 ponti/i-

447 4863 553 4926 cis,
586 4869 829 4932 cognatus
871 4861 979 4930 ejus
1025 4859 1167 4928 cujus
1216 4859 1426 4913 abscidit
1471 4861 1652 4916 Petrus
1699 4863 2024 4920 auriculam:

452 4951 636 5004 Nonne
663 4967 754 5020 ego
781 4959 826 5003 te
845 4950 946 5003 ridi
973 4950 1026 5004 in
1047 4951 1192 5004 horto
1218 4968 1329 5005 cum
1349 4953 1437 5005 illo
1458 4953 1484 5005 .9
1511 4951 1703 5006 Iterum
1728 4972 1844 5026 ergo
1867 4975 2022 5028 nega-

448 5043 513 5094 rit
543 5039 744 5104 Petrus,
775 5048 820 5094 et
853 5041 1023 5095 statim
1046 5043 1210 5112 gallus
1236 5045 1471 5096 cantavit.
1503 5045 1636 5099 Ecce
1660 5047 1846 5100 medici
1876 5063 2022 5101 com-

449 5133 587 5201 pleta
615 5139 695 5186 est
719 5131 1010 5200 pra'dictio,
1043 5133 1225 5201 aegroti
1247 5135 1484 5186 convicta
1516 5137 1874 5204 praesumptio.
1905 5137 2018 5194 Non

442 5223 585 5274 enim
614 5220 812 5275 factum
840 5228 922 5275 est
945 5221 1084 5290 quod
1109 5221 1207 5276 iste
1230 5221 1457 5285 dixerat,
1486 5223 1720 5277 Animam
1748 5243 1905 5280 meam
1928 5245 2020 5296 pro

443 5325 490 5366 t:
516 5329 740 5382 ponam,-
784 5311 876 5366 sed
919 5310 1109 5365 factum
1134 5321 1214 5365 est
1249 5311 1386 5380 quod
1417 5313 1500 5367 ille
1539 5315 1891 5382 praedixerat,
1921 5317 2020 5371 Ter

445 5419 523 5456 me
547 5401 747 5472 negabis
777 5399 952 5473 (Joan.
977 5417 1072 5456 xm
1092 5441 1106 5465 ,
1134 5401 1244 5469 58).
1273 5401 1376 5460 Sed
1404 5403 1534 5456 trina
1569 5401 1708 5458 Petri
1739 5407 2016 5475 negatione

447 5493 726 5562 completa,
749 5493 858 5564 jam
895 5500 949 5547 et
975 5495 1073 5548 iste
1100 5506 1277 5547 sermo
1301 5494 1646 5564 compleatur,
1681 5505 1732 5549 ut
1766 5497 2014 5568 deinceps

515 5645 532 5676 ί
561 5643 744 5692 Decem
770 5641 904 5700 Msa,
929 5653 1228 5704 prteparare.

515 5706 590 5767 (τι)
619 5703 843 5754 Fortasse
863 5703 1121 5766 legendum
1147 5703 1294 5767 Silus,
1331 5719 1388 5752 ex
1419 5707 1520 5756 Art.
1552 5721 1647 5768 xvi,
1676 5709 1753 5760 25.

1454 291 1518 347 ΙΝ
1549 289 1825 348 JOANNIS
1862 289 2320 362 EVANGELIUM,
2363 297 2418 352 S.
2461 299 2822 358 AUGlISTINl

3633 321 3658 375 i
3669 321 3770 379 956

2190 424 2310 478 qua:
2347 412 2414 466 de
2463 415 2682 471 Domino
2735 423 2872 491 apud
2927 425 3170 484 Pontium
3216 431 3439 488 Pilatum
3489 437 3768 504 praesidem

2188 510 2334 568 gesta
2364 513 2508 570 sunt,
2533 507 2600 559 ab
2628 509 2731 562 alio
2756 513 3154 573 consideremus
3176 522 3413 576 exordio.
3455 513 3459 516 ’

2661 643 3063 708 TRACTATUS
3108 655 3288 710 CXIV.

2187 746 2260 798 Ab
2303 765 2360 802 eo
2407 751 2554 819 loco,
2604 755 2881 814 Adducunt
2925 778 3051 832 ergo
3089 766 3270 821 Jesum
3317 770 3382 824 ad
3417 770 3670 842 Caipltatn
3705 779 3756 832 in

2257 843 2594 928 praetorium;
2627 864 2780 918 usque
2803 852 2870 904 ad
2897 855 2968 921 id,
3006 857 3074 912 Ut
3095 875 3274 914 sermo
3295 861 3422 916 Jesu
3455 865 3760 934 impleretur

2255 925 2412 998 quem
2435 934 2592 996 dixit.
2627 939 2930 1007 signiﬁcans
2957 963 3059 1015 qua
3093 961 3262 1006 morte
3285 965 3427 1009 esset
3453 970 3766 1018 monturus.

2254 1020 2379 1092 Cap.
2413 1040 2572 1091 xvm,
2617 1029 2906 1098 ᾓη28-52.

2255 1135 2306 1188 i.
2340 1135 2466 1204 Qum
2510 1155 2630 1194 cum
2671 1143 2900 1202 Domino
2939 1151 3019 1206 vel
3060 1151 3126 1208 de
3149 1155 3373 1212 Domino
3415 1171 3600 1217 nostro
3637 1164 3767 1223 Jcsn

2181 1222 2394 1280 Christo
2421 1231 2558 1298 apud
2589 1232 2831 1298 Pontium
2863 1239 3088 1296 Pilatum
3117 1243 3396 1314 prtesidem
3439 1263 3592 1321 gesta
3632 1258 3762 1320 sint,

2180 1327 2433 1384 quantum
2460 1321 2695 1379 Joannes
2721 1332 3048 1400 evangelista
3089 1337 3316 1406 indicat,
3365 1341 3558 1398 deinde
3585 1346 3767 1400 videa-

2181 1423 2316 1462 mus.
2360 1410 2517 1466 ltedit
2545 1415 2685 1470 enim
2713 1419 2776 1474 ad
2823 1422 2997 1478 locum
3045 1431 3362 1484 narrationis
3389 1447 3499 1487 sua:
3523 1437 3612 1490 ubi
3643 1453 3674 1492 e
3695 1455 3764 1490 nn

2179 1501 2484 1570 reliquerat,
2516 1515 2570 1560 nt
2591 1510 2878 1578 explicaret
2896 1515 3035 1570 Petri
3060 1521 3411 1589 negationem.
3431 1525 3545 1579 Jam
3569 1530 3767 1597 quippe

2181 1591 2417 1658 dixerat,
2451 1595 2516 1650 Et
2551 1599 2682 1654 misit
2710 1617 2824 1655 eum
2851 1603 3022 1660 Aunus
3050 1609 3257 1679 ligatum
3277 1613 3346 1664 ad
3363 1591 3607 1685 Caipham
3637 1591 3765 1688 pon-

2182 1684 2367 1749 (ilicem
2401 1686 2574 1759 (Joan.
2606 1707 2752 1758 ιιι-ιιι,
2778 1695 2868 1764 24)
2901 1713 2915 1749 :
2943 1707 3103 1769 atque
3125 1702 3248 1757 inde
3279 1684 3548 1774 regressus
3577 1711 3662 1763 ubi
3683 1713 3755 1764 di-

2177 1776 2395 1833 miserat
2441 1780 2652 1836 Petrum
2684 1786 3077 1846 calefacientem
3109 1808 3166 1848 sc
3205 1795 3271 1849 ad
3315 1798 3486 1866 ignem
3517 1801 3568 1854 in
3595 1803 3758 1870 atrio,

2177 1876 2515 1939 posteaquam
2537 1881 2698 1928 totam
2726 1877 2841 1946 ejus
2869 1883 3223 1950 negationem,
3254 1902 3370 1955 qua:
3393 1897 3474 1942 ter
3491 1889 3625 1946 facta
3651 1904 3758 1958 est,

2177 1959 2496 2025 terminavit,
2527 1963 2794 2019 Adducunt
2817 1985 2932 2039 ergo
2946 1969 3144 2039 Iesum,
3176 1975 3358 2044 inquit,
3386 1977 3453 2030 ad
3474 1978 3760 2050 Caipltam1

2173 2048 2224 2100 in
2275 2053 2585 2118 prwtorimn.
2637 2058 2716 2110 Ad
2761 2057 3015 2130 Caipbam
3057 2066 3250 2136 quippe
3279 2069 3346 2123 ab
3375 2071 3522 2123 Anna
3555 2048 3762 2142 collega

2173 2147 2228 2192 et
2265 2155 2450 2196 socero
2487 2145 2602 2212 ejus
2629 2146 2837 2202 dixerat
2876 2151 3116 2206 missum.
3165 2157 3270 2210 Sed
3301 2159 3344 2210 si
3375 2159 3440 2211 ad
3473 2161 3758 2230 Caipham,

2172 2246 2267 2284 cur
2297 2233 2348 2284 in
2393 2237 2734 2301 pr:rtorium?
2787 2240 2938 2306 Quod
2987 2243 3119 2297 nihil
3165 2246 3309 2301 aiiud
3355 2249 3464 2302 vult
3513 2249 3754 2322 intvlligi,

2171 2334 2327 2388 quam
2356 2322 2442 2376 ttbi
2471 2340 2670 2392 praeses
2699 2327 2898 2383 Pilatus
2929 2331 3221 2390 habitabat.
3272 2337 3376 2391 Ant
3399 2340 3554 2409 igitur
3578 2342 3756 2412 aliqua

2173 2421 2392 2481 urgente
2438 2431 2594 2468 causa
2637 2418 2703 2472 de
2745 2419 2904 2474 domo
2947 2423 3144 2489 Annze,
3191 2441 3296 2495 quo
3325 2427 3390 2480 ad
3431 2431 3756 2487 audiendum

2169 2501 2347 2558 Jesmn
2398 2508 2556 2562 ambo
2608 2523 2998 2579 convenerant,
3051 2513 3282 2584 Caiphas
3327 2531 3636 2588 perrexerat
3684 2523 3754 2577 ad

2169 2599 2472 2666 praetorium
2508 2603 2748 2670 prmsidis
2772 2647 2786 2672 ,
2837 2614 2890 2660 et
2933 2621 3121 2662 socero
3161 2623 3257 2663 suo
3294 2610 3474 2664 Jesntn
3519 2613 3752 2684 relique-

2167 2697 2249 2741 rat
2297 2691 2614 2746 audiendum
2661 2713 2673 2748 :
2712 2704 2804 2750 ant
2858 2697 2910 2750 in
2964 2698 3125 2750 domo
3169 2699 3384 2770 Caiphae
3436 2705 3746 2772 prmtot‘ium

2167 2779 2368 2834 Pilatus
2409 2795 2720 2854 acceperat,
2773 2797 2825 2841 et
2873 2798 3016 2842 tanta
3057 2791 3248 2846 domus
3289 2803 3440 2858 erat,
3489 2803 3547 2848 ut
3595 2811 3750 2850 seor-

2166 2885 2283 2924 sum
2321 2871 2642 2928 habitantem
2679 2876 2950 2932 dominum
3003 2895 3190 2948 suum,
3228 2897 3465 2938 seorsum
3503 2886 3738 2954 judicent

2163 2959 2344 3016 ferret.

2233 3053 2286 3106 2.
2319 3053 2443 3107 Erat
2470 3066 2633 3108 autent
2660 3073 2806 3113 mane
2828 3101 2842 3124 ,
2880 3069 2924 3112 et
2959 3063 3056 3130 ipsi
3079 3103 3094 3126 ,
3147 3065 3197 3116 td
3240 3073 3322 3119 est
3349 3066 3438 3134 qui
3475 3065 3742 3125 ducebant

2159 3143 2340 3198 Jesnm
2372 3163 2384 3198 :
2412 3163 2510 3200 non
2537 3149 2836 3204 introierunt
2867 3154 2916 3204 in
2939 3155 3230 3222 primarium
3253 3199 3266 3219 ,
3301 3157 3403 3211 hoc
3425 3167 3508 3213 est
3537 3163 3590 3212 in
3617 3176 3738 3214 eam

2160 3248 2362 3305 partem
2413 3239 2602 3296 domus
2643 3259 2799 3311 qnam
2842 3245 3040 3300 Pilatus
3083 3248 3333 3315 tenebat,
3383 3249 3428 3304 si
3473 3251 3584 3321 ipsa
3625 3263 3742 3307 erat

2158 3325 2347 3382 do'mus
2375 3329 2610 3401 Caiphm.
2653 3333 2760 3386 Cur
2779 3343 2954 3389 autem
2985 3351 3088 3390 non
3115 3339 3433 3394 introierunt
3461 3342 3516 3395 in
3547 3353 3742 3412 prteto—

2157 3420 2314 3487 rium,
2346 3437 2615 3491 exponens
2643 3439 2855 3498 causam
2875 3469 2888 3494 ,
2932 3427 2998 3482 Ut
3028 3445 3127 3482 non
3147 3433 3622 3496 contaminarentur,
3653 3437 3737 3487 in—

2155 3513 2304 3582 quit,
2357 3515 2443 3568 scd
2473 3525 2528 3568 ut
2573 3517 2932 3572 manducet-ent
2961 3518 3186 3576 Pascha.
3235 3523 3361 3577 Dies
3395 3525 3540 3579 enim
3578 3541 3737 3595 agere

2154 3615 2429 3672 cmrerant
2475 3623 2780 3678 azymorum
2827 3627 2838 3662 :
2881 3611 3071 3679 quibus
3120 3612 3308 3668 diebus
3356 3617 3736 3670 eontaminatio

2153 3695 2258 3750 illis
2279 3707 2394 3749 erat
2423 3697 2472 3750 in
2501 3699 2806 3768 alienigena'
2855 3701 3208 3758 habitacolum
3254 3704 3471 3760 intrare.
3503 3707 3548 3772 0
3573 3707 3732 3776 itnpia

2151 3787 2360 3840 accitas
2381 3787 2393 3840 !
2426 3787 2734 3842 ilabitaculo
2759 3791 3008 3845 videlicet
3024 3794 3514 3850 contaminarentur
3533 3798 3730 3862 alieno,

2148 3884 2202 3928 et
2226 3891 2330 3929 non
2359 3879 2848 3934 contaminarentur
2881 3883 3084 3937 scelere
3117 3887 3372 3954 preprio?
3403 3887 3731 3958 Alienigenm

2142 3965 2336 4036 judicis
2372 3971 2623 4039 prtetorio
2648 3975 2997 4028 contaminari
3024 3977 3278 4031 timebant
3301 4019 3316 4044 ,
3354 3987 3408 4034 et
3436 3979 3616 4036 fratris
3648 3983 3730 4034 in-

2146 4061 2386 4114 nocentis
2431 4064 2688 4132 sanguine
2733 4081 2836 4119 non
2881 4067 3176 4122 timebant:
3210 4079 3265 4124 ut
3298 4072 3400 4126 hoc
3439 4075 3606 4128 solum
3645 4076 3730 4129 in-

2149 4151 2303 4204 terim
2335 4151 2532 4216 dicam,
2560 4153 2646 4207 ubi
2676 4169 2762 4208 rea
2789 4156 3047 4211 malorum
3069 4161 3394 4215 conscientia
3425 4164 3722 4218 tenebatur.

2141 4239 2271 4294 Nam
2301 4243 2440 4311 quod
2477 4247 2633 4296 etiam
2659 4245 2914 4301 Dominus
2937 4257 3077 4313 erat,
3109 4251 3198 4319 qui
3229 4267 3412 4305 eorum
3455 4254 3726 4322 impietate

2139 4334 2430 4387 ducebatur
2483 4335 2548 4389 ad
2593 4347 2849 4404 mortem,
2899 4349 2954 4394 et
2995 4342 3116 4394 vita:
3155 4342 3309 4396 dator
3347 4345 3720 4413 occidebatur;

2138 4437 2244 4476 non
2273 4439 2454 4478 eorum
2480 4429 2818 4482 conscientia:
2839 4469 2854 4494 ,
2883 4429 2974 4484 sed
3005 4431 3314 4501 ignorantia:
3345 4434 3636 4504 deputetur.

2207 4515 2259 4568 5.
2301 4513 2468 4568 Exivit
2495 4533 2614 4587 ergo
2650 4517 2845 4573 Pilatus
2873 4521 2940 4572 ad
2967 4538 3048 4575 eos
3087 4523 3246 4594 foras,
3283 4534 3328 4579 et
3355 4526 3480 4580 dixit
3509 4543 3528 4579 :
3555 4527 3719 4593 Quam

2133 4609 2500 4661 accusationem
2529 4609 2722 4676 a/fertis
2745 4611 2980 4666 adversus
3008 4615 3257 4668 hominem
3285 4618 3456 4671 Imuc?
3482 4618 3716 4687 Respon-

2133 4699 2330 4766 derunt,
2353 4711 2401 4754 et
2422 4701 2650 4756 dixerunt
2681 4704 2726 4756 ei
2750 4721 2768 4757 :
2799 4703 2859 4758 Si
2887 4721 2987 4758 non
3016 4715 3137 4760 esset
3167 4707 3249 4760 hic
3278 4710 3588 4780 malefactor,
3613 4727 3718 4765 non

2132 4791 2220 4842 tibi
2266 4791 2644 4846 tradidissemus
2691 4811 2822 4848 cum.
2868 4795 3260 4866 interrogentur
3299 4808 3458 4868 atque
3487 4815 3716 4870 respon—

2130 4881 2290 4936 deant
2310 4883 2376 4936 ab
2405 4883 2692 4938 immundis
2717 4887 2987 4954 spiritibus
3013 4887 3238 4954 liberari,
3265 4891 3496 4961 languidi
3518 4895 3711 4954 sanati.

2129 4972 2324 5041 leprosi
2347 4973 2601 5038 mandati,
2625 4975 2768 5030 surdi
2792 4976 3086 5044 audientes,
3107 4980 3236 5032 muti
3265 4981 3555 5050 loquentes,
3580 4985 3712 5038 επιξρί

2126 5065 2389 5130 videntes,
2419 5068 2610 5120 mortui
2644 5079 2998 5138 resurgentes,
3025 5079 3079 5124 et
3103 5073 3242 5140 quod
3270 5074 3446 5127 omnia
3471 5085 3707 5143 superat,

2125 5155 2270 5209 stulti
2297 5157 2594 5226 sapientes,
2626 5169 2802 5214 utrum
2832 5161 2901 5213 sit
2927 5160 3238 5216 maleiactor
3265 5162 3440 5217 Jesus.
3471 5165 3574 5219 Sed
3605 5166 3709 5222 ista

2123 5245 2387 5310 dicebant,
2412 5247 2480 5302 de
2505 5249 2698 5318 quibus
2722 5265 2816 5319 per
2835 5251 3146 5320 prophetam
3168 5253 3280 5323 jam
3301 5259 3414 5323 ipse
3441 5256 3703 5324 praedixe-

2121 5345 2236 5400 rat,
2269 5337 2623 5392 Retribuebant
2652 5342 2774 5394 mihi
2803 5343 2938 5394 mala
2980 5359 3072 5413 pro
3109 5343 3251 5399 bonis
3279 5343 3300 5415 (
3330 5343 3473 5400 Psal.
3503 5359 3700 5415 xxxnv,

2121 5427 2190 5480 ta
2215 5427 2255 5496 ).

2183 5583 2198 5614 ί
2225 5583 2296 5662 sic
2339 5585 2484 5656 etiam
2509 5586 2554 5634 in
2579 5584 2702 5664 ultro
2721 5587 2960 5664 tertioue
2983 5595 3227 5638 ttonsensu
3267 5588 3698 5664 Evangebsta‘rum,

2118 5647 2275 5754 calx;
2331 5654 2384 5696 At
2401 5647 2449 5694 in
2472 5649 2620 5697 sacris
2639 5647 2798 5698 Bibliis
2820 5649 3026 5700 habetur
3049 5665 3191 5714 nunc,
3215 5663 3308 5716 apo
3341 5647 3423 5702 toti
3443 5649 3638 5716 t‘aiplia,
3661 5647 3696 5703 ἁ

2118 5719 2236 5768 (ηιμ
2253 5720 2316 5755 ια.
