4076 6476
290 371 418 428 I937

353 489 401 541 4.
433 485 573 540 Dixit
601 501 718 556 ergo
748 485 816 538 eis
845 483 1042 537 Pilatus
1068 497 1086 536 :
1111 481 1332 550 Accipite
1355 495 1468 533 eum
1491 493 1596 542 ros,
1623 485 1667 530 et
1687 490 1864 528 secun-

285 585 402 633 dani
429 578 610 650 Legem
638 587 847 632 vestram
866 577 1093 648 judicate
1119 591 1250 628 eum.
1283 573 1528 626 Dixerunt
1553 587 1671 641 ergo
1697 571 1741 622 ei
1759 567 1791 620 ,Ι
1799 586 1858 620 ιι-

286 673 382 725 dwi
396 687 412 724 :
431 670 592 724 Nobis
608 686 705 723 non
723 670 834 722 licet
853 668 1129 735 interﬁcere
1143 679 1450 736 quemquam.
1475 661 1608 728 Quid
1627 671 1706 715 est
1722 659 1860 730 quod

287 763 516 832 loquitur
562 760 743 814 insana
789 757 1111 813 crudelitas?
1157 757 1237 810 An
1291 771 1396 809 non
1454 752 1858 822 interficiebant,

285 868 441 922 quem
486 849 903 905 interﬁciendum
945 845 1266 902 offerebant?
1296 846 1372 898 An
1418 843 1552 898 forte
1591 857 1720 895 crux
1761 855 1862 893 non

287 942 566 996 iiitc‘ificil?
589 941 677 994 Sic
703 941 985 1009 desipiunt,
1019 938 1104 1006 qui
1144 951 1247 990 non
1279 943 1568 990 seetantur.
1599 931 1688 985 sed
1721 931 1864 984 insc-

283 1045 496 1087 ctantur
521 1032 850 1101 sapientiam.
879 1029 1012 1096 Quid
1043 1037 1123 1082 est
1166 1035 1360 1090 autem,
1405 1024 1565 1078 Nobis
1609 1039 1709 1076 non
1751 1021 1865 1076 licet

283 1125 570 1192 interficere
609 1123 942 1193 queinquam?
981 1121 1034 1174 Si
1074 1117 1380 1173 malefactor
1407 1126 1509 1181 est,
1540 1131 1635 1170 cur
1664 1129 1765 1167 non
1798 1113 1863 1166 Ii-

283 1216 401 1268 cet?
421 1215 608 1268 Nonne
631 1214 734 1267 Lex
765 1214 841 1266 eis
871 1211 1137 1280 praecepit,
1170 1225 1233 1262 ne
1261 1205 1704 1266 malefactoribus,
1729 1219 1865 1274 pra:-

285 1307 468 1359 sertim
500 1305 730 1374 (qualem
760 1306 915 1358 istum
947 1299 1218 1372 putabant)
1248 1316 1277 1353 a
1308 1315 1404 1354 suo
1431 1300 1543 1353 Deo
1572 1297 1866 1353 seductori-

285 1395 382 1449 lius
412 1405 628 1464 parcant
656 1393 828 1465 (Deut.
857 1410 968 1456 xui,
1000 1393 1082 1462 5)?
1103 1391 1208 1446 Sed
1240 1389 1633 1460 intelligendum
1666 1396 1748 1442 est
1773 1400 1866 1440 eos

285 1488 484 1540 dixisse
507 1503 610 1539 non
643 1487 742 1540 sibi
773 1487 934 1540 licere
965 1483 1264 1538 interﬁcere
1291 1496 1625 1551 quemquam,
1653 1488 1866 1548 propter

282 1577 388 1631 diei
415 1575 536 1631 festi
563 1577 922 1642 "sanctitatem,
945 1590 1100 1644 quem
1128 1573 1403 1628 celebrare
1424 1572 1532 1639 jam
1563 1577 1862 1638 cmperant;

285 1677 504 1736 propter
528 1683 684 1737 quem
710 1667 777 1722 de
803 1667 1041 1735 ingressu
1071 1665 1227 1718 etiam
1257 1661 1487 1733 pra‘torii
1518 1659 1864 1714 contaminari

282 1759 616 1812 metuebant.
649 1758 791 1813 Itane
835 1756 1192 1820 obduruistis,
1244 1755 1360 1808 falsi
1409 1752 1687 1807 Israclita-?
1725 1752 1866 1804 itane

282 1865 499 1904 onmem
527 1865 740 1904 sensum
768 1848 927 1902 nimia
957 1847 1149 1902 malitia
1179 1845 1500 1916 perdidistis,
1537 1853 1592 1896 ut
1625 1842 1744 1896 ideo
1770 1855 1865 1894 vos

279 1955 309 1990 a
352 1941 607 2008 sanguine
650 1937 947 1994 innocentis
985 1938 1286 2007 impollutus
1313 1951 1432 1990 esse
1459 1933 1712 1996 credatis,
1743 1933 1862 2002 quia

282 2048 408 2085 cum
437 2031 760 2087 fundendum
789 2031 942 2085 alteri
969 2030 1286 2086 tradidistis?
1307 2027 1568 2097 Numquid
1590 2035 1643 2082 et
1667 2026 1865 2080 Pilatus

281 2122 453 2186 illum,
479 2122 568 2191 qui
596 2122 839 2191 potestati
868 2122 983 2190 ejus
1008 2136 1038 2174 a
1063 2119 1211 2173 vobis
1238 2119 1492 2188 ingeritur
1521 2115 1860 2191 oet-idendus,

280 2212 398 2263 suis
423 2221 505 2264 est
534 2212 776 2266 manibus
807 2210 1111 2264 occisurus?
1137 2208 1190 2264 Si
1225 2223 1326 2262 non
1356 2224 1473 2262 eum
1506 2205 1743 2271 voluistis
1769 2221 1860 2260 oc—

277 2300 418 2364 cidi,
459 2301 504 2354 si
548 2319 651 2354 non
696 2301 924 2355 insidiati
963 2301 1108 2366 estis,
1141 2301 1184 2355 si
1221 2316 1323 2354 non
1364 2299 1510 2354 vobis
1551 2297 1860 2352 tradendum

280 2394 505 2461 pecunia
545 2393 916 2463 cowparastis,
943 2393 987 2448 si
1026 2410 1129 2446 non
1170 2389 1664 2462 comprelicndistis,
1695 2389 1862 2442 vinxi-

279 2485 398 2547 stis,
418 2484 735 2550 adduxistis,
755 2486 796 2538 si
824 2501 925 2539 non
951 2483 1294 2539 occidendum
1314 2482 1554 2536 manibus
1574 2480 1858 2543 obtulistis,

277 2574 504 2631 vocibus
530 2575 865 2643 poposcistis,
892 2590 994 2627 non
1022 2588 1143 2627 cum
1167 2588 1194 2626 a
1217 2573 1367 2626 vobis
1394 2569 1722 2625 interfectum
1745 2585 1863 2623 esse

275 2667 494 2733 jactatc.
518 2666 571 2720 Si
603 2675 778 2720 autem
820 2666 918 2719 illis
948 2663 1192 2719 omnibus
1215 2663 1400 2718 vestris
1441 2659 1862 2731 pnecedentibus

280 2758 457 2824 factis,
486 2758 644 2812 etiam
675 2757 940 2827 Cruciﬁge,
970 2757 1224 2826 cruei/ige,
1254 2755 1520 2810 clainastis
1549 2753 1719 2826 (Joan.
1746 2769 1855 2818 XIX,

276 2849 310 2903 6
337 2850 386 2917 );
416 2849 594 2904 audite
633 2849 771 2920 quod
801 2859 981 2903 contra
1017 2865 1113 2904 vos
1141 2849 1299 2902 etiam
1337 2845 1590 2916 propheta
1622 2846 1814 2900 clamat
1844 2863 1856 2898 :

282 2939 409 2993 Filii
434 2941 713 3002 hominum,
744 2941 911 2994 dentes
946 2956 1115 2992 eorum
1135 2955 1277 2991 arma
1301 2946 1346 2990 et
1375 2937 1589 3007 sagittw,
1618 2943 1662 2988 et
1691 2936 1863 3005 lingua

277 3045 453 3082 eorum
483 3030 732 3083 mae/uera
757 3041 904 3082 acuta
935 3028 954 3099 (
977 3027 1114 3082 l’sal.
1149 3044 1252 3093 Lvi,
1283 3025 1372 3099 5).
1400 3027 1535 3080 Ecce
1561 3025 1749 3095 quibus
1778 3040 1864 3078 ar-

278 3122 404 3187 mis,
442 3122 632 3191 quibus
661 3121 884 3191 sagittis,
921 3138 1019 3191 qua
1054 3119 1312 3174 macbmra
1351 3119 1549 3190 justum
1593 3116 1861 3172 interfeci-

277 3215 396 3275 stis,
425 3213 638 3283 quando
669 3213 815 3268 vobis
853 3213 1152 3268 interﬁcere
1188 3226 1504 3283 quemquam
1548 3225 1653 3263 non
1702 3209 1862 3263 licere

279 3305 513 3359 dixistis.
543 3305 676 3358 Ilinc
702 3313 782 3358 est
809 3303 949 3374 quod
981 3304 1045 3358 ad
1081 3301 1632 3372 comprehendendum
1659 3299 1860 3365 Jesum,

277 3412 400 3449 eam
444 3395 780 3450 sacerdotum
812 3411 916 3449 non
947 3395 1214 3448 venissent
1249 3393 1534 3463 principes,
1565 3392 1654 3446 sed
1683 3391 1860 3444 misis-

277 3495 432 3550 sent;
465 3486 633 3540 Liicas
662 3495 836 3540 tamen
866 3485 1192 3554 evangelista
1235 3485 1285 3537 iii
1326 3483 1512 3538 eodem
1545 3481 1862 3537 narrationis

277 3591 391 3629 sine
421 3577 537 3630 loco
565 3578 636 3629 ait
662 3593 673 3628 :
699 3574 840 3629 Dixit
864 3584 1050 3640 autem,
1085 3574 1272 3644 inquit,
1295 3573 1446 3628 Jesus
1474 3572 1541 3625 ad
1569 3588 1650 3625 eos
1674 3571 1758 3642 qui
1784 3589 1863 3625 ve-

277 3674 457 3717 nerant
481 3666 546 3716 ad
571 3681 640 3728 se,
674 3666 922 3737 principes
950 3665 1282 3728 sacerdotum,
1311 3672 1358 3716 et
1389 3663 1706 3733 magistratus
1733 3670 1860 3713 tein-

277 3755 370 3823 pli,
399 3764 445 3808 et
475 3756 693 3808 seniores
721 3770 739 3809 :
772 3755 932 3819 Quasi
958 3755 1025 3807 ad
1054 3755 1298 3808 latronem
1333 3753 1504 3806 existis
1533 3752 1552 3824 (
1577 3751 1700 3804 Luc.
1729 3767 1858 3814 xxu,

275 3845 390 3914 52),
421 3857 476 3900 et
511 3855 719 3902 caetera.
748 3846 896 3902 Sicut
926 3862 1052 3916 ergo
1085 3846 1348 3916 principes
1389 3844 1722 3899 sacerdotum
1755 3859 1858 3897 non

280 3956 375 4005 per
400 3938 627 4009 scipsos,
651 3939 742 3994 sed
767 3955 857 4008 per
883 3953 976 3993 eos
997 3954 1127 4008 quos
1149 3938 1402 3992 miserant
1425 3937 1488 3990 ad
1515 3936 1860 4005 comprehen-

284 4029 520 4082 dendum
543 4028 746 4092 Jesum,
771 4029 893 4098 quid
922 4028 1060 4082 aliud
1083 4044 1240 4098 quam
1268 4028 1364 4097 ipsi
1397 4027 1446 4080 in
1475 4043 1584 4081 sua:
1609 4023 1862 4098 jiissionis

279 4132 546 4190 potestate
558 4123 853 4177 venerunt?
870 4123 944 4176 sic
965 4137 1150 4176 omnes
1167 4121 1252 4190 qui
1275 4119 1688 4190 cruciﬁgendum
1710 4117 1861 4172 Cliri-

275 4223 421 4268 stum
474 4215 649 4284 impiis
691 4215 909 4270 vocibus
950 4215 1328 4276 clamaverunt,
1371 4227 1475 4265 non
1518 4211 1728 4281 quidem
1771 4226 1863 4278 per

277 4307 488 4372 seipsos
517 4322 660 4369 eum,
687 4305 778 4360 sed
810 4315 982 4360 tamen
1013 4305 1109 4374 ipsi
1137 4320 1230 4374 per
1261 4306 1403 4358 illum
1431 4303 1521 4374 qui
1549 4319 1730 4358 eorum
1758 4303 1863 4356 cla-

275 4411 428 4448 more.
455 4395 519 4448 ad
549 4396 648 4450 hoc
675 4397 822 4450 nefas
853 4396 1111 4465 impulsus
1138 4405 1238 4461 est,
1269 4395 1593 4449 occiderunt.

346 4489 402 4541 5.
445 4488 594 4553 Quod
638 4504 762 4542 vero
801 4488 1032 4543 Joannes
1077 4488 1395 4557 evangelista
1452 4485 1744 4555 sulijniigit,
1794 4484 1862 4540 Ut

275 4597 442 4631 sermo
467 4579 591 4632 Jesu
617 4581 907 4649 impleretur
931 4597 1074 4650 quem
1099 4580 1245 4643 dixit,
1275 4579 1565 4650 signiﬁcans
1587 4595 1686 4646 qua
1709 4587 1865 4630 morte

276 4682 406 4724 esset
443 4673 714 4731 moriturus
749 4673 835 4723 :si
866 4682 1090 4724 mortem
1134 4671 1306 4724 crucis
1346 4671 1430 4724 liic
1471 4670 1693 4724 velimus
1721 4668 1862 4722 acci-

278 4779 428 4831 pere,
456 4773 703 4831 tanquam
735 4763 854 4816 ideo
876 4763 1104 4816 dixerint
1124 4763 1313 4827 Jtttizl‘i,
1338 4761 1497 4816 Nobis
1523 4779 1619 4816 non
1649 4762 1760 4816 licet
1785 4763 1864 4816 in-

276 4853 507 4917 ter/icere
531 4870 850 4922 quemquam,
877 4853 998 4924 quia
1031 4853 1249 4906 interﬁci
1279 4853 1420 4908 aliud
1448 4863 1550 4919 est,
1573 4854 1710 4907 aliud
1743 4871 1862 4909 rru-

277 4944 452 5012 ciﬁgi;
507 4960 612 4997 non
659 4943 812 5017 video
856 4944 1122 5013 quomodo
1177 4944 1224 4997 id
1273 4945 1437 5014 pinsit
1478 4956 1864 5013 coasequcnter

280 5035 525 5103 intelligi,
556 5049 677 5087 cum
711 5034 808 5088 Iioc
838 5034 903 5088 ad
942 5035 1092 5088 l‘ilati
1133 5034 1290 5086 v'rrlia
1330 5034 1719 5104 responderint,
1747 5037 1862 5102 qui-

277 5124 381 5176 bus
412 5127 488 5178 eis
515 5127 740 5191 dixerat,
770 5127 994 5195 Accipite
1022 5143 1132 5179 eum
1163 5143 1266 5188 ros,
1305 5135 1348 5179 et
1384 5127 1653 5179 secundum
1684 5125 1862 5197 Legem

277 5225 494 5268 restrain
524 5215 742 5270 iudicate
763 5233 897 5269 eum.
919 5215 1182 5284 Numquid
1203 5232 1331 5285 ergo
1352 5231 1472 5268 eum
1495 5232 1595 5268 non
1622 5225 1864 5284 poterant

276 5308 544 5375 accipere.
587 5317 640 5362 et
689 5307 784 5377 ipsi
827 5324 949 5363 eum
988 5309 1318 5378 cruciﬁgere,
1350 5309 1391 5361 si
1435 5325 1527 5378 pvr
1564 5310 1665 5362 tale
1699 5326 1862 5377 genus

277 5401 525 5468 supplicii
558 5400 981 5455 interfectionem
1007 5402 1316 5471 cujusquam
1350 5403 1514 5455 vitare
1543 5402 1862 5472 cupiebant?

276 5490 412 5556 Quis
439 5499 615 5545 autem
653 5508 758 5546 non
794 5493 971 5547 videat
998 5510 1155 5563 quam
1184 5494 1248 5547 sit
1284 5493 1567 5547 absurdum
1595 5496 1671 5548 eis
1702 5495 1861 5551 licere

276 5596 600 5650 queinquam
639 5583 968 5651 cruciﬁgere,
1005 5584 1194 5654 quibus
1232 5601 1336 5637 non
1383 5584 1506 5638 licet
1546 5602 1859 5654 queinquam

281 5670 623 5727 interficere?
649 5671 783 5739 Quid
815 5674 951 5743 quod
986 5674 1097 5742 ipse
1134 5675 1387 5727 Dominus
1432 5674 1672 5728 eamdem
1716 5690 1858 5729 inor-

269 5772 390 5816 tein
421 5780 592 5830 suam,
615 5763 664 5819 id
688 5773 768 5819 est
794 5775 1015 5820 inortcui
1037 5766 1226 5834 crucia,
1253 5767 1410 5820 etiam
1440 5766 1856 5822 interfectionem

1349 357 1756 418 TRACTATUS
1780 353 1939 412 CXV.
1979 353 2202 413 CAPUT
2245 355 2429 413 XVIII.

3401 353 3533 409 I958

1970 480 2144 538 vocat,
2192 472 2327 526 sicut
2365 471 2583 541 legimus
2625 470 2760 540 apud
2809 471 3056 530 Merum,
3090 469 3174 521 ubi
3202 469 3270 523 ait
3303 488 3314 520 :
3351 487 3368 521 ι
3401 470 3536 522 Ιοῖριιο

1967 564 2302 617 ascendimus
2329 563 2734 634 Jerosolymam,
2760 571 2811 616 et
2842 562 3005 616 Filius
3036 562 3262 615 hominis
3304 561 3538 614 tradetur

1967 645 2295 723 principibus
2323 655 2653 709 sacerdotum
2686 663 2737 708 et
2758 655 2975 716 Scribis,
2999 663 3050 708 ct
3069 653 3387 707 damnabunt
3415 669 3534 708 cum

1967 753 2159 810 morte,
2192 753 2244 798 et
2285 744 2490 798 tradent
2527 759 2646 798 eum
2681 744 2970 808 Gentibus;
3003 751 3055 798 et
3099 743 3321 796 illudent
3357 743 3441 808 ei,
3486 753 3539 796 ct

1968 842 2265 904 conspuent
2290 850 2431 898 eum,
2471 843 2524 888 et
2561 834 2896 904 ﬂagellabiint
2940 850 3083 902 eum,
3124 843 3179 889 ct
3224 832 3541 888 interﬁcient

1968 940 2113 992 eum,
2143 934 2196 979 et
2223 927 2370 980 tertia
2402 927 2487 981 die
2518 937 2754 998 resurget
2782 945 2800 979 ι
2837 925 3024 998 (Marc.
3052 943 3104 990 χ,
3131 928 3217 989 55,
3241 925 3356 999 5i)?
3375 926 3540 980 Nimi-

1968 1031 2086 1070 rum
2118 1033 2248 1086 ergo
2278 1018 2374 1072 ista
2401 1017 2624 1086 dicendo
2650 1018 2960 1088 signiﬁcavit
2991 1018 3244 1072 Dominus
3271 1035 3371 1087 qua
3402 1027 3543 1072 esset

1969 1117 2138 1162 morte
2163 1109 2447 1162 moriturus
2473 1126 2485 1162 ε
2515 1124 2618 1162 non
2648 1109 2783 1178 quod
2817 1109 2901 1162 hic
2929 1120 3154 1162 mortem
3184 1111 3356 1164 crucis
3382 1110 3542 1163 vellet

1969 1197 2210 1266 intelligi,
2247 1197 2339 1252 sed
2368 1197 2507 1266 quod
2549 1213 2670 1252 eum
2699 1197 2866 1252 Judaei
2899 1197 3114 1252 fuissent
3142 1198 3398 1253 Gentibus
3440 1209 3543 1250 tra-

1969 1287 2152 1352 dituri,
2187 1287 2286 1340 lioc
2315 1296 2396 1341 est
2421 1287 2696 1340 Romanis.
2718 1288 2849 1342 Nam
2887 1288 3080 1342 Pilatus
3112 1289 3380 1342 Romanus
3404 1299 3540 1347 erat,

1968 1396 2194 1450 eumque
2232 1381 2283 1434 in
2320 1381 2554 1434 Judaeam
2595 1382 2816 1435 Romani
2859 1383 3132 1450 pra'sideni
3176 1384 3444 1436 miserant.
3477 1382 3544 1438 L't

1969 1485 2094 1540 ergo
2127 1471 2224 1524 iste
2255 1486 2428 1523 sermo
2455 1471 2580 1526 Jesu
2605 1474 2934 1541 impleretur,
2965 1472 3012 1526 id
3055 1483 3168 1532 est,
3207 1483 3260 1526 ut
3290 1488 3408 1526 eum
3444 1474 3542 1526 sibi

1971 1562 2218 1615 traditum
2265 1562 2462 1615 Gentes
2514 1563 2892 1626 interﬁcerent,
2933 1564 3073 1632 quod
3116 1563 3269 1617 Jesus
3314 1564 3542 1616 futurum

1969 1666 2086 1705 esse
2139 1652 2488 1720 pra'dixerat;
2543 1653 2658 1706 ideo
2711 1654 2904 1706 I’ilatiis
2948 1654 3032 1722 qui
3083 1653 3242 1721 judex
3277 1654 3545 1707 Romanus

1969 1751 2102 1803 erat,
2140 1757 2259 1794 cum
2301 1743 2457 1795 vellet
2500 1759 2617 1795 eum
2665 1743 2885 1796 reddere
2927 1741 3143 1808 Judaais,
3176 1752 3231 1796 ut
3257 1743 3543 1797 secundum

1971 1831 2162 1900 Legem
2193 1847 2338 1886 suam
2364 1833 2662 1901 judicareut
2687 1850 2829 1898 eum,
2860 1834 3140 1888 noluerunt
3162 1849 3280 1888 eum
3305 1834 3547 1902 accipere

1968 1922 2221 1986 dicentes,
2256 1921 2417 1978 Nobis
2447 1942 2543 1978 non
2573 1926 2682 1979 licet
2712 1927 2990 1994 interﬁcere
3019 1943 3333 1996 quemquam.
3364 1926 3439 1981 Ac
3467 1927 3544 1979 sic

1970 2015 2216 2083 impletus
2239 2025 2320 2070 est
2347 2032 2520 2070 sermo
2547 2017 2692 2081 Jesu,
2717 2033 2872 2086 quem
2895 2017 2962 2072 de
2983 2034 3075 2070 sua
3098 2025 3266 2070 morte
3285 2016 3544 2086 prtcdixit,

1970 2114 2024 2156 ut
2051 2122 2171 2157 cum
2198 2121 2225 2158 a
2254 2105 2451 2161 Juda-is
2483 2108 2731 2161 traditum
2779 2106 3136 2161 interﬁcerent
3173 2105 3401 2172 Gentes;
3445 2108 3546 2159 iiii-

1969 2211 2098 2250 nore
2129 2197 2330 2251 scelere
2358 2213 2514 2267 quam
2542 2198 2732 2264 Judaei,
2764 2200 2850 2269 qui
2883 2214 2940 2254 se
2980 2200 3080 2260 isto
3125 2197 3283 2256 modo
3326 2198 3392 2253 ab
3431 2199 3548 2266 ejus

1969 2286 2338 2343 interiectione
2381 2289 2530 2342 velut
2576 2289 2780 2344 alienos
2825 2292 2996 2347 facere
3032 2295 3327 2357 voluerunt,
3364 2303 3464 2347 non
3494 2299 3548 2348 ut

1966 2392 2147 2430 eorum
2183 2379 2505 2446 innocentia,
2537 2381 2629 2436 scd
2663 2391 2716 2435 ut
2744 2383 3006 2436 dementia
3040 2394 3437 2438 monstraretur.

2452 2463 2866 2569 TRAGTATUS
2903 2513 3062 2568 CXV.

1966 2615 2044 2670 De
2069 2634 2124 2670 eo
2146 2619 2281 2688 quod
2305 2620 2512 2684 dicitur,
2539 2622 2774 2677 Introivit
2799 2639 2924 2694 ergo
2955 2624 3142 2678 iterum
3173 2625 3222 2678 iii
3247 2627 3548 2694 pra-toiium

2037 2707 2268 2772 Pilatus;
2301 2726 2455 2772 usque
2491 2711 2560 2763 ad
2603 2713 2675 2776 id,
2713 2713 2833 2767 Erat.
2868 2725 3042 2768 autem
3086 2715 3351 2770 Raralilias
3394 2719 3547 2774 liitro.

2037 2798 2162 2868 Cap.
2191 2815 2332 2865 xvm,
2375 2801 2408 2870 ᾗ
2435 2839 2447 2852 .
2477 2801 2665 2856 55-40.

2040 2935 2062 2988 I
2133 2934 2267 3003 Quid
2308 2936 2503 2992 Pilatus
2539 2937 2732 2993 dixerit
2778 2939 3008 3005 Christo,
3044 2941 3238 3011 quidve
3268 2942 3434 2998 Pilato
3461 2943 3548 2999 ille

1966 3029 2303 3097 re~ponderit
2327 3071 2340 3092 ,
2371 3031 2474 3084 isto
2505 3048 2752 3088 sermone
2780 3035 3221 3092 considerandum
3251 3048 3407 3108 atque
3438 3047 3550 3091 tra—

1965 3119 2216 3172 ctanduiii
2245 3131 2342 3174 est.
2375 3121 2503 3176 Cum
2531 3124 2671 3177 enim
2703 3124 2899 3182 dictum
2931 3136 3072 3179 esset
3097 3125 3313 3190 Judaeis,
3342 3147 3359 3178 ι
3391 3130 3546 3182 Acci-

1965 3209 2078 3277 pite
2106 3225 2228 3264 eum
2257 3226 2372 3276 vos,
2406 3222 2458 3266 ct
2490 3214 2780 3267 secundum
2812 3215 3005 3285 Legem
3046 3228 3272 3270 vestram
3314 3219 3546 3286 judicate

1967 3314 2090 3354 eum
2128 3320 2146 3354 ι
2182 3311 2340 3370 atque
2370 3301 2442 3357 illi
2472 3303 2894 3371 reSpoiidisseut,
2923 3324 2940 3354 ι
2969 3305 3132 3360 Nobis
3161 3322 3266 3360 non
3307 3308 3426 3361 licet
3452 3323 3546 3362 occ

1968 3392 2148 3449 cidere
2178 3410 2528 3464 queinquam;
2563 3396 2796 3454 introivit
2826 3397 3013 3454 iterum
3043 3399 3093 3452 in
3126 3399 3427 3466 przetoriiiin
3458 3400 3544 3453 ιη-

1971 3481 2128 3545 latus,
2175 3493 2228 3537 et
2277 3485 2483 3537 vocavit
2528 3472 2730 3544 Jesiim.
2759 3494 2812 3542 et
2850 3486 2983 3540 dixit
3024 3488 3070 3541 ei
3102 3487 3228 3544 :Tu
3254 3503 3312 3544 cs
3341 3504 3428 3542 res
3457 3489 3546 3543 Ju-

1967 3569 2236 3625 daeoruni?
2268 3572 2332 3626 Et
2370 3574 2642 3642 I'CSllOlldIl
2668 3574 2822 3632 Jesus
2849 3594 2861 3628 :
2891 3575 2932 3630 Α
2965 3578 3242 3646 temetipso
3272 3577 3370 3632 lioc
3391 3578 3543 3644 dicis,

1967 3677 2032 3715 an
2061 3663 2149 3716 alii
2180 3663 2270 3716 tibi
2301 3664 2542 3720 dixerunt
2571 3667 2638 3722 de
2667 3659 2790 3722 me?
2814 3687 2829 3720 i
2859 3667 3069 3723 Sciebat
3095 3670 3274 3739 utique
3290 3668 3544 3726 Dominus

1967 3765 2020 3808 et
2063 3757 2202 3825 quod
2255 3757 2369 3827 ipse
2410 3757 2783 3828 interrogavit,
2818 3769 2871 3813 et
2908 3761 3049 3828 quod
3077 3760 3165 3816 ille
3195 3775 3542 3830 responsurus

1967 3844 2090 3910 fuit;
2117 3846 2212 3900 sed
2243 3855 2416 3902 tamen
2445 3849 2546 3902 dici
2572 3849 2763 3914 voluit,
2797 3865 2900 3904 non
2931 3861 2982 3904 ut
3013 3851 3124 3919 ipse
3147 3851 3338 3914 sciret,
3366 3852 3457 3904 sed
3488 3862 3544 3904 ut

1965 3936 2288 3991 scriberetur
2315 3937 2454 4006 quod
2496 3955 2593 3995 nos
2621 3939 2786 3993 voluit
2811 3951 2865 3993 ut
2894 3940 3167 3994 sciremus.
3199 3959 3216 3992 ι
3251 3940 3546 4010 Respondit

1965 4026 2164 4080 Pilatus
2192 4045 2203 4079 ;
2228 4027 2491 4096 Numquid
2521 4044 2618 4098 ego
2647 4029 2862 4084 Judmus
2889 4031 3040 4084 sum?
3061 4030 3202 4085 Gens
3231 4039 3317 4084 tua
3341 4040 3392 4084 et
3417 4047 3544 4098 pon-

1968 4115 2138 4170 tiﬁces
2191 4116 2519 4170 tradiderunt
2563 4127 2613 4172 te
2662 4119 2790 4172 mibi
2822 4137 2835 4173 :
2865 4119 2987 4186 quid
3021 4121 3224 4174 fecisti?
3253 4121 3545 4190 Respondit

1965 4209 2119 4265 Jesus
2149 4228 2160 4262 :
2195 4210 2432 4280 Regnum
2475 4227 2650 4265 meum
2680 4227 2784 4265 non
2813 4222 2896 4266 est
2932 4213 2996 4266 de
3024 4213 3124 4267 lioc
3150 4214 3364 4266 mundo.
3398 4214 3450 4267 Si
3480 4230 3545 4267 ex

1969 4301 2068 4356 lioc
2096 4301 2294 4356 mundo
2319 4311 2460 4356 esset
2495 4317 2710 4372 regnum
2742 4319 2916 4357 meum
2935 4344 2949 4369 ,
2977 4304 3203 4358 ministri
3232 4305 3335 4358 inci
3369 4305 3545 4374 utique

1967 4392 2324 4458 decertarent,
2348 4403 2406 4447 ut
2427 4408 2530 4447 non
2561 4393 2797 4448 traderer
2819 4394 3016 4449 Judwis
3047 4413 3060 4448 :
3094 4411 3229 4449 nunc
3254 4405 3429 4449 autem
3459 4411 3544 4449 re-

1969 4502 2130 4553 gnum
2162 4502 2335 4539 meum
2363 4488 2575 4540 non'est
2605 4486 2745 4540 liinc.
2777 4505 2796 4537 ι
2825 4487 2934 4540 Iloc
2962 4497 3044 4542 est
3068 4487 3206 4556 quod
3239 4486 3406 4540 bonus
3435 4503 3544 4540 ma-

1965 4578 2129 4645 gister
2159 4578 2294 4631 scire
2327 4594 2422 4630 nos
2446 4577 2608 4629 Voluit
2635 4594 2645 4628 :
2671 4577 2762 4631 sed
2796 4578 2940 4646 prius
2964 4579 3113 4632 nouis
3135 4577 3540 4632 demonstranda

1968 4667 2137 4722 fuerat
2168 4684 2296 4720 vana
2332 4667 2602 4720 hominum
2634 4667 2698 4722 de
2728 4683 2891 4736 regno
2911 4669 3026 4736 ejus
3050 4670 3244 4739 opinio,
3269 4669 3380 4724 sive
3405 4668 3541 4722 Gen.

1967 4759 2119 4821 tium,
2161 4759 2270 4812 sive
2311 4758 2636 4822 Judaeorum,
2675 4775 2702 4811 a
2740 4760 2928 4828 quibus
2960 4760 3008 4814 id
3039 4760 3234 4814 Pilatus
3259 4760 3498 4814 audierat
3529 4779 3542 4817 .°

1965 4848 2117 4916 quasi
2149 4857 2424 4918 propterea
2454 4861 2622 4904 morte
2651 4848 2836 4904 fuisset
2863 4850 3189 4920 plccteudtts,
3218 4849 3357 4919 quod
3389 4849 3510 4904 illici
3542 4883 3545 4886 -

1967 4948 2074 4992 tum
2105 4938 2428 4993 alfectaverit
2457 4954 2710 5008 regnum;
2743 4940 2823 4993 vel
2855 4940 3102 5009 quoniam
3143 4939 3328 4994 solent
3355 4955 3514 5008 regna

1966 5031 2097 5084 turis
2129 5028 2364 5084 invidere
2397 5040 2696 5098 regnantes,
2738 5038 2791 5084 et
2821 5029 3064 5084 videlicet
3099 5027 3390 5083 cavendum
3429 5035 3544 5083 erat

1968 5138 2034 5178 ne
2064 5122 2176 5191 ejus
2208 5137 2428 5190 regnum
2457 5121 2567 5174 sive
2598 5121 2882 5185 Romanis,
2917 5121 3027 5175 sive
3054 5119 3251 5175 Juda'is
3275 5128 3416 5174 esset
3446 5119 3534 5172 ad-

1968 5232 2197 5270 versum.
2225 5215 2439 5269 Poterat
2476 5224 2651 5269 autem
2684 5214 2936 5268 Dominus
2977 5204 3116 5282 quod
3162 5212 3268 5275 ait,
3317 5212 3545 5282 Regnum

1967 5325 2129 5361 meum
2150 5303 2335 5361 nonest
2365 5307 2427 5360 (le
2456 5308 2548 5359 liae
2577 5307 2790 5370 mundo,
2815 5317 2945 5370 ctc.,
2970 5305 3036 5358 ad
3069 5305 3287 5373 primam
3316 5307 3546 5358 interro-

1965 5401 2232 5468 gationem
2265 5398 2506 5469 praisidis
2535 5397 2877 5463 respondere,
2903 5396 2988 5450 ubi
3019 5396 3066 5450 ei
3094 5394 3245 5461 dixit,
3270 5393 3348 5448 Tu
3377 5412 3428 5448 es
3460 5412 3548 5448 rea:

1965 5493 2301 5547 Judworum?
2326 5491 2417 5547 sed
2447 5509 2565 5546 eum
2599 5491 2830 5545 vicissim
2873 5491 3203 5560 interrogans
3245 5499 3417 5544 utrum
3448 5489 3548 5545 lioc

1966 5603 1994 5639 a
2026 5587 2311 5654 semetipso
2338 5585 2557 5649 diceret,
2585 5602 2650 5637 an
2685 5584 2917 5638 audis.~ct
2943 5584 3010 5637 ab
3035 5585 3172 5648 aliis,
3205 5584 3296 5638 illo
3324 5599 3547 5653 resinou-

1967 5675 2127 5731 dente
2176 5675 2456 5730 ostendere
2498 5676 2660 5728 \oluit
2703 5675 2800 5728 ilOC
2843 5675 2939 5728 sibi
2975 5674 3110 5743 apud
3153 5675 3294 5728 illum
3328 5675 3487 5728 fuisse
3518 5691 3546 5728 ιι

1971 5766 2169 5821 ,Ιιιιιιῑιὶε
2198 5766 2337 5820 velut
2368 5765 2569 5817 crimen
2604 5765 2862 5833 olijcctum
2896 5783 2907 5816 :
2940 5764 3255 5834 patefaciens
3283 5763 3435 5817 nobis
3466 5781 3549 5820 co-
