4076 6466
533 376 670 432 ιθδτι

531 494 814 566 giuttiones
831 491 1127 554 heminam,
1152 502 1282 558 quas
1304 500 1416 556 ipse
1438 491 1677 546 noverat,
1701 478 1950 549 quoniam
1967 486 2116 566 vainte

533 563 660 641 sunt
687 582 874 657 (Psat.
909 595 1055 646 XCI”,
1086 581 1143 636 il
1172 580 1212 649 );
1241 578 1422 646 eisque
1450 584 1567 645 post
1597 569 1995 639 rasitonsioncm
2024 563 2115 620 Pi-

534 678 660 746 lati,
685 678 795 748 jam
834 673 1034 731 Judmis
1075 681 1129 727 et
1169 669 1426 728 Gentibus
1461 664 1807 736 opportunius
1838 661 2116 732 aptiusque

533 770 891 842 respondens,
924 766 1154 841 Regnum
1197 780 1360 819 meum
1400 777 1501 816 non
1547 768 1620 814 est
1666 759 1729 813 de
1767 757 1861 811 hoc
1901 752 2111 809 mundo.

531 861 687 933 Quod
735 862 779 917 si
823 858 1163 930 interroganti
1218 855 1386 910 Pilato
1424 852 1675 908 continuo
1718 846 2110 916 respondisset;

533 969 643 1010 non
681 954 838 1009 etiam
877 950 1095 1017 Ιυόιείε,
1126 947 1222 1004 sed
1249 947 1377 1001 solis
1407 943 1664 1000 Gentibus
1690 941 1792 996 hoc
1816 939 1882 995 de
1912 952 1971 994 se
1996 937 2110 1008 opi-

530 1044 796 1100 nantibus
818 1040 1158 1112 reSpondisse
1196 1038 1484 1094 videretur.
1516 1035 1665 1090 Nune
1702 1047 1829 1086 vero
1863 1029 2112 1099 quoniam

529 1136 802 1208 respondit
830 1135 1050 1200 Pilatus,
1074 1129 1339 1203 Numquid
1362 1145 1453 1201 ego
1472 1127 1685 1182 Judteus
1707 1124 1855 1179 sum?
1872 1120 2002 1177 Gens
2028 1129 2114 1174 tua

528 1236 576 1281 et
604 1226 868 1298 pontiﬁces
893 1224 1207 1278 tradiderunt
1234 1232 1281 1275 te
1299 1220 1455 1285 mihi;
1474 1210 1690 1273 abstulit
1716 1230 1746 1269 a
1769 1229 1828 1269 se
1855 1210 2114 1282 suspicio-

530 1333 673 1384 nem,
711 1331 813 1388 qua
843 1324 1019 1386 posset
1046 1314 1217 1385 putari
1247 1326 1278 1366 a
1304 1310 1589 1379 semetipso
1617 1307 1820 1362 dixisse
1848 1302 1989 1383 quod
2024 1300 2113 1357 Je-
2160 1302 2169 1375 ξ

529 1423 644 1461 sum
667 1421 846 1477 regem
874 1406 1080 1462 dixerat
1099 1420 1218 1460 esse
1236 1402 1560 1466 induc-orum,
1585 1398 1637 1454 id
1658 1413 1715 1453 se
1743 1412 1773 1451 a
1797 1395 1995 1451 Judmis
2020 1408 2114 1447 au-

528 1500 671 1559 disse
715 1499 1106 1555 demonstrans.
1165 1494 1370 1552 Deinde
1420 1492 1680 1556 dicendo,
1732 1487 1867 1556 Quid
1908 1485 2113 1558 fecisti?

526 1589 656 1645 satis
676 1590 912 1646 ostendit
935 1589 1063 1645 illud
1090 1588 1137 1645 ci
1162 1603 1258 1659 pro
1283 1587 1507 1645 crimine
1530 1584 1794 1654 objectum
1821 1600 1833 1635 :
1860 1589 2110 1651 tanquam

525 1680 756 1747 diceret,
786 1681 843 1735 Si
872 1696 1050 1752 regem
1079 1688 1128 1735 te
1155 1695 1348 1752 negas,
1380 1677 1504 1749 quid
1538 1675 1707 1731 fecisti
1740 1685 1794 1729 ut
1824 1672 2111 1728 tradereris

525 1771 694 1827 mihi?
715 1771 877 1841 Quasi
901 1773 1098 1827 mirum
1120 1786 1227 1826 non
1256 1778 1400 1829 esset
1427 1769 1471 1824 si
1502 1766 1798 1839 puniendus
1817 1765 1983 1837 judici
2007 1775 2113 1819 tra-

525 1861 764 1930 dentur,
793 1864 882 1935 qui
911 1878 971 1920 se
997 1863 1199 1919 diceret
1226 1877 1404 1934 regem
1430 1878 1442 1915 :
1466 1862 1510 1915 si
1539 1869 1715 1915 autem
1757 1858 1859 1913 hoc
1886 1872 1990 1913 non
2025 1856 2111 1911 di-
2149 1906 2161 1929 Ι

526 1964 691 2021 ceret,
720 1954 1063 2026 qurerendum
1090 1953 1159 2009 ab
1184 1953 1274 2008 illo
1300 1961 1442 2009 esset
1469 1951 1594 2023 quid
1618 1950 1761 2004 aliud
1792 1948 1927 2004 forte
1958 1947 2113 2002 fecis-
2150 2028 2164 2036 ρ

2118 2036 2143 2075 (⁵

524 2055 626 2113 set,
657 2047 799 2103 unde
824 2047 957 2103 tradi
975 2047 1139 2118 judici
1165 2046 1356 2116 dignus
1382 2052 1544 2100 esset.

594 2108 648 2192 ἑ.
691 2139 884 2195 Audite
923 2108 1070 2210 ergo,
1106 2108 1277 2199 Judaei
1312 2145 1366 2192 et
1390 2135 1617 2201 Gentes;
1646 2134 1790 2200 audi,
1828 2108 2161 2188 circumci-"

523 2231 637 2299 sio;
662 2230 808 2298 audi,
840 2231 1191 2301 praeputium;
1224 2228 1423 2297 audite,
1450 2227 1628 2283 omnia
1658 2241 1819 2298 regna
1848 2235 2059 2280 terrena
2090 2241 2105 2277 :

521 2320 639 2376 Non
683 2321 916 2392 impedio
954 2321 1369 2377 dominationem
1403 2326 1636 2376 vestram
1676 2319 1727 2373 in
1755 2309 1859 2373 hoc
1886 2316 2106 2385 mundo,

523 2413 754 2486 Regnum
794 2429 960 2468 meum
994 2429 1094 2467 non
1125 2420 1195 2467 est
1220 2413 1283 2466 de
1307 2411 1403 2466 hoc
1440 2410 1647 2465 mundo.
1672 2408 1846 2464 Nolite
1870 2417 2110 2463 metuere

522 2515 670 2559 metu
698 2503 984 2558 vanissimo
1006 2517 1112 2574 quo
1132 2502 1372 2560 Herodes
1396 2501 1484 2556 ille
1504 2499 1694 2571 major,
1717 2515 1839 2556 cum
1859 2497 2109 2555 Christus

524 2606 683 2652 natus
711 2596 1061 2663 nuntiaretur,
1098 2597 1329 2665 expavit,
1356 2603 1412 2650 et
1441 2602 1518 2649 tot
1553 2593 1782 2648 infantes
1806 2600 1865 2647 ut
1888 2591 1956 2646 ad
1982 2606 2106 2647 eum

522 2702 671 2749 mors
701 2687 1023 2756 perveniret,
1054 2686 1248 2741 occidit
1279 2687 1298 2758 (
1329 2684 1515 2739 Matth.
1544 2700 1601 2749 ιι,
1631 2685 1686 2750 5,
1710 2684 1776 2740 i6
1802 2683 1843 2753 ),
1873 2682 2109 2738 timendo

2140 2767 2160 2818 Ἴ
2213 2767 2398 2839 utique
2446 2768 2717 2825 nascendo
2749 2769 2819 2825 de
2849 2769 3086 2841 Virgine,
3117 2779 3176 2826 ut
3208 2772 3569 2826 testimonium
3614 2774 3810 2842 perhi-

523 2777 693 2847 magis
741 2791 901 2847 quam
952 2776 1234 2832 irascendo
1281 2774 1571 2841 crudelior,
1615 2773 1868 2845 Regnum,
1914 2774 2103 2844 inquit,

520 2882 687 2922 meum
729 2882 831 2921 non
873 2874 946 2921 est
989 2866 1052 2921 de
1089 2865 1184 2921 hoc
1223 2866 1431 2921 mundo.
1471 2865 1608 2936 Qttid
1646 2865 1806 2921 vultis
1847 2865 2108 2937 amplius?

518 2956 712 3015 Venite
734 2957 802 3014 ad
822 2973 1043 3031 regnum
1065 2957 1209 3031 quod
1229 2972 1333 3013 non
1354 2958 1525 3015 estde
1550 2957 1652 3012 hoc
1674 2957 1902 3025 mundo;
1926 2956 2108 3013 venite
2168 3024 2175 3028 ,

2159 3048 2173 3061 ’
2211 3043 2439 3110 ueritate,
2469 3043 2611 3097 audit
2638 3061 2801 3098 meam
2828 3061 3014 3100 vocem.
3045 3044 3210 3100 Audit
3243 3044 3427 3117 utique
3455 3047 3807 3126 interioribus

518 3050 814 3119 credendo,
837 3061 892 3107 et
918 3050 1080 3107 nolite
1106 3050 1299 3109 satvire
1320 3052 1625 3106 metuendo.
1649 3049 1789 3106 Dicit
1809 3049 2023 3121 quidem
2052 3050 2106 3104 in

519 3144 798 3215 prephetia
837 3144 905 3202 de
945 3143 1060 3200 Deo
1095 3144 1277 3211 Patre,
1310 3142 1423 3216 Ego
1456 3152 1618 3198 autent
1658 3143 1956 3197 constitutus
1995 3158 2107 3196 sum

520 3252 612 3291 rea:
633 3234 696 3290 ab
719 3251 778 3290 eo
806 3251 958 3305 super
978 3233 1108 3292 Sion
1129 3244 1345 3290 montem
1363 3244 1592 3289 sanctum
1618 3235 1727 3305 ejus
1752 3232 1922 3306 (Psat.
1943 3248 2000 3301 ll,
2023 3233 2101 3304 6);

518 3327 615 3382 sed
642 3327 769 3383 Sion
814 3327 903 3382 illa
946 3336 1002 3383 et
1046 3341 1199 3381 mons
1243 3325 1333 3403 ille
1383 3341 1488 3380 non
1534 3334 1617 3380 est
1653 3324 1719 3380 de
1753 3322 1858 3381 hoc
1881 3323 2102 3379 mundo.

518 3418 669 3488 Quod
709 3427 793 3476 est
835 3420 978 3476 enim
1021 3418 1137 3490 ejus
1175 3433 1397 3488 regnum
1431 3417 1533 3473 nisi
1572 3416 1851 3473 credentes
1877 3416 1930 3471 in
1957 3431 2105 3484 eum,

518 3508 711 3578 quibus
732 3493 886 3575 dicit,
912 3508 990 3564 De
1013 3509 1202 3564 mundo
1223 3526 1323 3563 non
1353 3510 1487 3572 estis,
1515 3508 1643 3563 sicut
1672 3516 1718 3562 et
1747 3524 1837 3579 ego
1867 3524 1967 3561 non
1993 3523 2106 3561 sum

520 3603 585 3658 de
606 3602 1112 3673 mundo?Qnamvis
1141 3619 1233 3658 eos
1267 3618 1388 3658 esse
1416 3601 1576 3658 vellet
1622 3602 1672 3654 in
1713 3600 1912 3655 mundo
1940 3618 1954 3654 :
1981 3616 2106 3671 pro-

522 3704 644 3765 pter
672 3696 811 3766 quod
835 3694 902 3750 de
932 3695 1037 3749 illis
1059 3693 1191 3749 dixit
1214 3694 1278 3748 ad
1305 3694 1538 3759 Patrem,
1575 3690 1695 3746 Non
1721 3706 1844 3760 rogo
1872 3698 1927 3743 ut
1955 3689 2105 3744 tollas

519 3803 604 3842 eos
625 3786 687 3841 de
713 3787 920 3853 mundo,
944 3788 1031 3840 sed
1052 3795 1105 3839 ut
1121 3802 1286 3841 serves
1304 3802 1386 3840 eos
1410 3801 1473 3840 ex
1502 3785 1636 3839 malo
1658 3783 1837 3856 (Joan.
1860 3799 1988 3849 xvtt,
2015 3782 2102 3851 i6,

518 3877 633 3946 15).
665 3876 818 3934 Unde
856 3886 911 3935 et
939 3876 1025 3933 ltic
1054 3892 1159 3932 non
1188 3878 1282 3944 ait,
1311 3875 1543 3947 Regnum
1583 3891 1747 3929 meum
1789 3891 1891 3929 non
1930 3883 2005 3928 est
2052 3874 2105 3929 in

520 3968 623 4024 hoc
659 3968 893 4036 mundo;
921 3969 1035 4033 sed,
1069 3986 1166 4022 non
1203 3976 1276 4022 est
1307 3968 1369 4023 de
1399 3968 1492 4021 ltoc
1531 3968 1740 4021 mundo.
1764 3967 1829 4020 Et
1857 3981 1976 4021 cum
2005 3965 2108 4021 hoc

518 4058 771 4129 probaret
791 4059 996 4127 dicens,
1026 4060 1087 4117 Si
1116 4078 1178 4115 ea:
1199 4061 1293 4115 hoc
1315 4062 1504 4115 mundo
1528 4070 1654 4116 esset
1682 4077 1890 4130 regnum
1918 4077 2101 4126 meum,

522 4153 740 4207 ministri
763 4153 860 4208 mei
881 4155 1048 4225 utique
1069 4154 1397 4218 decertarent,
1426 4164 1480 4208 ut
1507 4171 1605 4208 non
1628 4152 1851 4207 traderer
1868 4151 2064 4206 Judtris
2086 4168 2105 4206 :

520 4259 628 4300 non
658 4246 749 4312 ait,
777 4244 929 4300 Nunc
954 4258 1118 4301 autem
1147 4264 1354 4319 regnum
1379 4263 1543 4300 meum
1586 4262 1689 4299 non
1725 4253 1805 4300 est
1834 4245 1917 4299 hic
1942 4263 1956 4310 ;
1988 4243 2103 4310 sed,

522 4354 622 4390 non
650 4346 720 4391 est
745 4338 880 4391 hinc.
907 4337 1000 4393 llic
1028 4347 1110 4394 est
1131 4340 1275 4394 enim
1295 4353 1516 4408 regnum
1541 4337 1663 4407 ejus
1680 4351 1844 4406 usque
1868 4336 1919 4390 in
1944 4336 2104 4390 tinem

521 4429 726 4497 smculi,
759 4428 961 4485 habens
1001 4432 1140 4486 inter
1182 4445 1242 4486 se
1278 4431 1563 4485 eotnmixta
1599 4429 1797 4482 zizania
1837 4442 2002 4498 usque
2036 4427 2103 4481 ad

525 4541 752 4582 messem
778 4543 793 4593 ;
819 4526 1007 4583 messis
1034 4527 1175 4581 enim
1208 4526 1326 4580 linis
1353 4534 1431 4580 est
1472 4525 1649 4579 smculi
1676 4566 1686 4585 .
1713 4523 1925 4593 quando
1965 4536 2107 4576 mes-

517 4634 672 4675 sores
690 4618 925 4685 venient,
956 4618 1004 4673 id
1032 4628 1112 4673 est
1137 4618 1342 4689 Angeli,
1366 4626 1421 4673 et
1445 4617 1691 4688 colligent
1712 4616 1777 4670 de
1798 4630 1963 4685 regno
1990 4612 2107 4684 ejus

518 4710 698 4764 omnia
725 4695 973 4765 scandala
1006 4708 1215 4783 (Matth.
1240 4727 1355 4777 xm,
1382 4708 1592 4782 58—“);
1625 4708 1764 4780 quod
1794 4709 1973 4779 utique
1999 4722 2105 4762 non

522 4803 692 4868 fit-ret,
720 4803 763 4857 si
794 4820 1013 4874 regnum
1053 4803 1167 4874 ejus
1198 4819 1304 4858 non
1332 4813 1477 4859 esset
1504 4802 1611 4857 hic.
1638 4802 1743 4859 Sed
1783 4810 1959 4856 tamen
1997 4814 2105 4854 non

520 4902 604 4949 cst
651 4894 808 4960 hinc;
856 4895 976 4965 quia
1030 4895 1397 4965 peregrinatur
1438 4894 1491 4948 in
1541 4893 1779 4949 mundo:
1809 4908 1972 4963 regno
2009 4884 2106 4946 suo

522 4987 717 5056 quippe
741 4984 889 5051 dicit,
919 4983 998 5039 De
1021 4984 1207 5038 mundo
1227 5002 1329 5038 non
1352 4985 1499 5052 estis,
1530 4984 1618 5039 sed
1643 5000 1733 5055 ego
1760 4999 1845 5037 vos
1882 4983 2008 5054 elegi
2045 4982 2108 5035 de

531 5075 713 5130 mundo
757 5073 937 5146 (Joan.
962 5090 1051 5140 xv,
1075 5072 1186 5147 i9).
1212 5074 1377 5128 Erant
1401 5089 1529 5146 ergo
1553 5074 1621 5130 de
1646 5073 1863 5139 mundo,
1893 5072 2107 5143 quando

526 5181 744 5238 regnum
775 5166 891 5235 ejus
917 5181 1021 5220 non
1051 5174 1225 5234 erant,
1246 5166 1340 5222 sed
1365 5164 1432 5220 ad
1459 5165 1638 5220 mundi
1668 5166 1958 5235 principem
1982 5180 2105 5234 pcr-

522 5258 782 5313 tinebant.
825 5257 902 5313 De
946 5257 1146 5313 mundo
1185 5266 1268 5312 est
1309 5272 1436 5328 ergo
1476 5257 1728 5328 quidquid
1770 5256 2044 5312 hominum
2074 5272 2105 5310 a

524 5366 651 5403 vero
677 5349 891 5419 quidem
929 5348 1040 5405 Deo
1060 5356 1318 5415 creatum,
1345 5348 1436 5405 sed
1466 5364 1529 5405 ex
1557 5349 1724 5404 Adam
1751 5349 1929 5404 vitiata
1945 5356 2105 5418 atque

524 5438 770 5493 damnata
797 5440 961 5509 stirpe
988 5449 1298 5510 generatum
1329 5448 1410 5494 est
1438 5458 1450 5494 :
1484 5437 1680 5493 factum
1706 5448 1789 5495 est
1814 5448 1989 5494 autem
2019 5455 2099 5494 re-

524 5548 683 5600 gnant
729 5547 834 5585 non
869 5532 979 5601 jam
1019 5532 1087 5587 de
1122 5531 1339 5595 Innndo,
1368 5531 1618 5602 quidquid
1662 5532 1782 5585 inde
1814 5531 1864 5585 in
1895 5530 2107 5586 Christo

525 5634 893 5695 regeneratum
932 5635 1035 5682 est.
1068 5623 1156 5681 Sic
1191 5626 1333 5679 enim
1369 5639 1467 5678 nos
1493 5625 1633 5679 Deus
1671 5623 1811 5678 eruit
1849 5623 1918 5677 de
1955 5632 2106 5692 pote-

525 5726 664 5774 state
693 5716 1054 5783 tenebrarum,
1080 5727 1135 5774 et
1157 5717 1424 5773 transtulit
1449 5713 1505 5771 in
1535 5733 1752 5789 regnum
1780 5715 1898 5771 Filii
1925 5715 2105 5771 chari-

528 5814 650 5870 tatis
677 5824 788 5868 sua:
819 5811 1025 5884 (Coioss.
1059 5825 1096 5880 ι,
1128 5810 1213 5882 15)
1238 5826 1251 5863 τ
1277 5808 1343 5865 de
1366 5824 1471 5882 quo
1501 5823 1666 5882 regno
1693 5810 1850 5883 dicit,
1875 5809 2105 5884 Regnum

1484 366 1545 421 IN
1583 351 1857 421 JOANNIS
1897 353 2361 421 EVANGELIUM,
2399 356 2459 412 S.
2495 347 2858 415 'AUGUSTINI

3674 361 3810 420 1940

2226 488 2388 525 meum
2416 489 2516 528 non
2543 483 2614 528 est
2641 475 2705 530 de
2731 476 2824 530 hoc
2852 475 3077 543 mundo;
3100 476 3218 547 vel,
3250 477 3486 552 Regnum
3508 494 3675 536 manu
3705 499 3809 537 non

2224 570 2295 613 est
2319 562 2457 618 hinc.

2295 654 2347 709 5.
2387 652 2532 709 Dixit
2556 655 2798 730 itaqueei
2825 657 3027 713 Pilatus
3054 674 3074 714 :
3101 658 3240 731 Ergo
3259 676 3351 716 rex
3372 676 3426 717 es
3452 670 3504 717 tu
3520 664 3547 719 .’
3571 663 3813 737 Respon-

2223 743 2297 798 dit
2316 744 2468 800 Jesus
2493 764 2513 804 .'
2536 745 2614 802 Tu
2641 748 2769 804 dicis
2782 750 2902 823 quia
2926 766 3017 805 rea:
3038 768 3151 805 sum
3191 769 3304 825 ego.
3327 752 3441 808 Non
3472 755 3594 825 quia
3619 772 3802 827 regem

2224 851 2281 891 se
2307 837 2479 892 timuit
2502 837 2778 908 conﬁteri;
2830 841 2926 897 sed
2949 840 3026 896 Tu
3045 842 3170 898 dicis
3194 844 3266 898 ita
3305 845 3556 901 libratum
3604 858 3708 913 est,
3740 858 3804 903 ut

2222 944 2397 1000 neque
2424 946 2482 986 se
2501 947 2680 1004 regem
2703 944 2858 1005 neget
2881 935 2999 1007 (rex
3019 945 3101 991 est
3119 937 3260 992 enim
3282 938 3434 1008 cujus
3454 954 3673 1012 regnum
3691 958 3805 999 non
3838 964 3841 967 λ

2222 1024 2394 1079 estde
2420 1025 2524 1081 hoc
2548 1025 2794 1100 mundo),
2825 1043 2996 1099 neque
3024 1045 3203 1101 regem
3228 1031 3389 1086 talem
3410 1048 3468 1088 se
3490 1048 3610 1089 esse
3628 1033 3804 1090 fatea-

2221 1125 2326 1185 tur,
2357 1117 2510 1187 cujus
2537 1133 2757 1189 regnum
2790 1129 3000 1189 putetur
3027 1137 3148 1178 esse
3181 1121 3249 1177 de
3286 1123 3388 1179 hoc
3417 1124 3637 1180 mundo.
3693 1126 3805 1181 Ta-

2219 1208 2323 1264 lem
2354 1210 2551 1281 quippe
2579 1212 2668 1267 ille
2702 1214 2964 1270 sentiebat
2984 1216 3073 1286 qui
3090 1216 3314 1281 dixerat,
3340 1216 3479 1289 Ergo
3497 1235 3590 1273 rex
3614 1236 3666 1274 es
3691 1228 3746 1273 tu
3764 1219 3792 1274 ζ’

2219 1301 2304 1356 cui
2325 1315 2641 1372 responsum
2658 1313 2762 1371 est,
2798 1304 2875 1360 Tu
2901 1305 3030 1360 dicis
3054 1308 3175 1376 quia
3193 1324 3284 1361 rea:
3308 1324 3419 1362 sum
3443 1326 3555 1381 ego.
3588 1310 3806 1367 Dictum

2218 1402 2300 1448 est
2323 1394 2485 1462 enim,
2512 1393 2593 1449 Tu
2617 1396 2762 1466 dicis,
2794 1412 2859 1453 ac
2877 1399 2923 1453 si
2951 1397 3155 1454 dictum
3172 1407 3334 1466 esset,
3364 1401 3593 1457 carnalis
3613 1417 3807 1458 carna-

2218 1486 2343 1543 liter
2370 1486 2522 1543 dicis.
3802 1480 3807 1491 ’

2288 1578 2342 1634 6.
2387 1578 2587 1635 Deinde
2602 1580 2872 1652 subjungit
2905 1600 2919 1638 :
2949 1580 3061 1654 Ego
3086 1584 3140 1638 in
3183 1583 3278 1639 Itoc
3302 1594 3451 1639 natus
3479 1603 3609 1652 sum,
3637 1596 3686 1641 et
3729 1588 3809 1641 ad

2218 1670 2315 1725 hoc
2333 1670 2444 1727 veni
2466 1670 2520 1725 in
2542 1671 2807 1739 mundum,
2840 1683 2893 1727 ut
2916 1675 3250 1730 testimonium
3277 1676 3561 1747 perltibeant
3585 1679 3806 1733 veritati.

2219 1760 2334 1817 Non
2364 1771 2447 1818 est
2476 1762 2816 1834 producenda
2848 1763 3007 1836 hujus
3043 1766 3375 1836 pronominis
3409 1768 3627 1839 syllaba,
3657 1770 3806 1840 quod

2216 1854 2312 1920 ait,
2337 1851 2403 1908 In
2438 1854 2535 1909 hoc
2559 1865 2709 1910 natus
2738 1872 2873 1925 sum,
2899 1866 3147 1928 tanquam
3178 1857 3391 1927 dixerit,
3418 1857 3475 1913 In
3494 1858 3592 1914 hac
3619 1876 3680 1916 re
3702 1877 3809 1915 na-

2220 1953 2303 1999 tus
2324 1960 2441 1999 sum
2472 1961 2484 1998 :
2509 1945 2603 2001 sed
2645 1947 3003 2017 corripienda,
3030 1956 3281 2020 tanquam
3305 1948 3520 2017 dixerit,
3560 1951 3639 2005 Ad
3664 1950 3810 2007 hanc

2147 2082 2157 2090 .
2217 2048 2331 2089 rem
2361 2044 2517 2091 natus
2542 2051 2682 2103 sum,
2717 2038 2804 2093 vel
2829 2036 2897 2092 ad
2925 2038 3025 2093 hoc
3051 2045 3204 2093 natus
3232 2053 3381 2106 sum;
3414 2040 3549 2094 sicut
3592 2041 3686 2107 ait,
3719 2041 3809 2095 Ad

2216 2125 2312 2179 hoc
2337 2126 2448 2180 veni
2472 2127 2526 2180 in
2552 2127 2815 2181 mundum.
2850 2127 2908 2183 In
2938 2143 3111 2199 grmco
3137 2144 3366 2200 namque
3406 2129 3691 2201 Evangelia
3714 2132 3810 2186 ni-

2215 2214 2289 2269 hil
2317 2226 2398 2271 est
2424 2215 2580 2287 hujus
2604 2217 2884 2274 locutionis
2910 2218 3217 2290 ambiguum
3246 2218 3343 2291 (a).
3377 2218 3529 2275 Unde
3573 2219 3809 2276 manife-

2215 2317 2354 2362 stum
2382 2315 2464 2364 est
2489 2324 2609 2365 eum
2642 2311 2985 2381 temporalem
3008 2312 3336 2367 nativitatem
3355 2328 3506 2367 suam
3537 2313 3623 2368 hic
3648 2330 3806 2369 com-

2214 2413 2562 2467 memorasse,
2611 2416 2714 2472 qua
2748 2403 3055 2459 incarnatus
3074 2403 3220 2458 venit
3263 2405 3314 2458 in
3341 2404 3631 2471 mundum;
3687 2422 3803 2461 non

2215 2492 2361 2548 illam
2391 2494 2507 2549 sine
2533 2492 2684 2550 initio
2711 2510 2815 2567 qua
2843 2496 2984 2552 Deus
3012 2505 3147 2566 erat,
3174 2513 3270 2567 per
3293 2513 3451 2569 quem
3479 2499 3636 2554 Pater
3658 2515 3802 2554 con-

2168 2624 2175 2644 ε
2214 2582 2347 2639 didit
2401 2584 2681 2643 mundum.
2719 2585 2775 2641 ln
2807 2586 2910 2643 hoc
2942 2603 3069 2659 ergo
3112 2582 3172 2644 se
3209 2589 3341 2644 dixit
3383 2598 3586 2656 natum,
3629 2589 3682 2645 id
3710 2602 3807 2646 est

2214 2683 2432 2747 propter
2471 2676 2571 2732 hoc
2601 2686 2806 2745 natum,
2857 2689 2912 2733 et
2956 2679 3024 2734 ad
3045 2679 3146 2735 hoc
3177 2681 3389 2736 venisse
3420 2681 3471 2735 in
3516 2681 3806 2746 mundum,

2216 2857 2337 2912 beat
2361 2859 2589 2915 veritati.
2628 2858 2735 2916 Sed
2772 2859 2894 2931 quia
2946 2876 3054 2916 non
3120 2862 3358 2917 omnium
3399 2870 3483 2918 est
3528 2861 3656 2919 ﬁdes
3703 2863 3803 2939 (ιι

2216 2947 2389 3005 Thess.
2420 2966 2500 3016 ιιι,
2527 2949 2608 3021 2),
2632 2950 2898 3021 adjunxit,
2935 2961 3094 3023 atque
3137 2953 3214 3007 ait
3243 2970 3262 3009 :
3291 2952 3468 3008 Omnis
3494 2955 3580 3026 qui
3612 2964 3685 3009 est
3729 2972 3807 3010 ea:

2215 3135 2458 3203 auribus,
2489 3135 2539 3189 id
2569 3144 2671 3201 est,
2700 3135 2918 3191 obaudit
2945 3151 3078 3192 mea:
3109 3136 3228 3193 voci
3253 3154 3266 3190 :
3295 3137 3435 3208 quod
3463 3138 3807 3194 tantumdem

2210 3227 2414 3282 valeret
2453 3226 2500 3282 si
2529 3225 2754 3294 diceret,
2783 3226 2965 3283 Credit
2998 3228 3149 3283 mihi.
3180 3227 3314 3283 Cum
3340 3229 3518 3300 itaque
3550 3229 3808 3286 Christus

2210 3311 2574 3367 testimonium
2607 3311 2849 3381 perhibet
2889 3311 3120 3377 veritati,
3152 3312 3389 3384 profecto
3422 3315 3802 3370 testimonium

2211 3402 2456 3474 perhibet
2482 3403 2583 3457 sibi
2611 3421 2624 3457 :
2657 3403 2773 3473 ejus
2799 3403 2995 3475 quippe
3026 3419 3133 3459 vox
3163 3413 3267 3473 est,
3302 3404 3414 3477 Ego
3460 3423 3573 3461 sum
3611 3407 3807 3463 ueritas

2212 3494 2389 3568 (Joan.
2416 3512 2530 3563 xtv,
2558 3494 2615 3568 6)
2647 3514 2659 3550 :
2692 3507 2746 3552 et
2773 3497 2908 3553 dixit
2953 3498 3058 3553 alio
3104 3514 3316 3571 quoque
3345 3500 3485 3568 loco,
3515 3500 3628 3573 Ego
3651 3504 3805 3557 testi-

2210 3588 2433 3642 monium
2458 3589 2691 3660 perhibeo
2718 3588 2782 3644 de
2801 3606 2880 3644 me
2905 3589 3027 3660 (Id.
3055 3606 3170 3655 vtu,
3200 3591 3310 3665 18).
3339 3589 3494 3659 Quod
3521 3608 3648 3648 vero
3690 3593 3801 3661 ait,

2214 3679 2402 3734 Omnis
2429 3681 2513 3750 qui
2549 3691 2621 3734 est
2656 3697 2720 3735 ex
2746 3682 2973 3749 veritate,
2999 3684 3142 3736 audit
3165 3698 3335 3737 uocem
3355 3699 3533 3749 meam,
3565 3683 3806 3752 gratiam

2210 3771 2602 3827 commendavit
2652 3787 2756 3843 qua
2798 3772 3089 3827 secundum
3121 3774 3449 3844 propositum
3490 3784 3661 3829 vocat.
3713 3775 3807 3835 De

2210 3881 2316 3936 quo
2342 3866 2618 3937 proposito
2646 3864 2774 3921 dicit
2816 3866 3122 3935 Apostolus,
3152 3864 3352 3922 Scimus
3370 3868 3489 3939 quia
3529 3866 3801 3936 diligenti-

2211 3957 2301 4012 bus
2325 3956 2486 4012 Deum
2510 3959 2679 4013 omnia
2702 3969 3043 4030 coeperantur
3066 3959 3120 4013 in
3154 3957 3367 4027 bonum,
3396 3960 3475 4013 Itis
3498 3961 3587 4030 qui
3612 3976 3803 4014 secun—

2211 4048 2334 4102 dum
2353 4050 2666 4120 prapositum
2693 4047 2789 4103 Dei
2820 4048 2982 4103 vocati
3018 4057 3137 4104 sunt
3178 4047 3354 4122 (Rom.
3385 4066 3498 4117 vnt,
3524 4048 3640 4124 28);
3668 4065 3805 4120 pro-

2211 4142 2440 4212 positum
2472 4142 2673 4197 scilicet
2695 4142 2955 4210 vocantis,
2988 4156 3093 4197 non
3121 4151 3431 4198 vocatorum
3462 4161 3475 4197 :
3507 4143 3647 4214 quod
3669 4143 3807 4198 alibi

2169 4238 2175 4245 ’
2210 4234 2445 4304 apertius
2468 4234 2538 4289 ita
2560 4235 2789 4306 positum
2810 4244 2915 4304 est,
2939 4235 3204 4290 Collabara
3221 4235 3495 4307 Evangelia
3523 4235 3809 4291 secundum

2210 4327 2441 4381 uirtutem
2466 4325 2579 4392 Dei,
2607 4326 2772 4382 salvos
2814 4343 2905 4381 nos
2939 4326 3171 4396 facientis
3195 4336 3241 4381 et
3269 4327 3490 4381 vocantis
3538 4322 3809 4382 uacatione

2209 4434 2303 4473 sua
2320 4426 2531 4483 sancta;
2557 4434 2657 4472 non
2678 4417 2955 4473 secundum
2982 4434 3136 4487 opera
3157 4427 3350 4484 nostra,
3386 4417 3475 4471 sed
3518 4417 3809 4471 secundum

2210 4527 2358 4567 suum
2379 4510 2692 4582 prepositum
2720 4520 2766 4564 et
2793 4511 3010 4579 gratiam
3053 4510 3071 4580 (
3096 4508 3138 4563 ll
3159 4507 3294 4563 Tim.
3320 4526 3361 4577 ι,
3382 4509 3437 4574 8,
3467 4509 3547 4580 9).
3595 4508 3724 4563 Nam
3750 4509 3805 4564 si

2210 4611 2457 4655 naturam
2478 4599 2774 4671 cogitemus
2799 4600 2850 4653 in
2873 4614 2977 4670 qua
2999 4600 3165 4655 creati
3190 4615 3394 4665 sumus,
3440 4615 3565 4653 cum
3603 4613 3803 4654 omnes

2209 4692 2405 4747 veritas
2426 4690 2707 4758 creaverit,
2749 4690 2868 4760 quis
2892 4705 2997 4746 non
3041 4700 3126 4746 est
3150 4707 3216 4745 cx
3245 4692 3500 4746 veritate?
3552 4689 3655 4747 Sed
3686 4706 3803 4745 non

2133 4795 2151 4810 '
2210 4794 2401 4837 omnes
2444 4790 2569 4835 sunt
2607 4780 2800 4851 quibus
2830 4789 2891 4835 ut
2914 4779 3133 4835 audiant
3155 4782 3454 4849 veritatem,
3483 4781 3586 4836 hoc
3630 4789 3801 4837 estut

2211 4870 2501 4927 obaudiant
2525 4871 2756 4937 veritati,
2800 4881 2854 4928 et
2897 4871 3120 4928 credant
3146 4873 3196 4926 in
3224 4876 3523 4940 veritatem,
3565 4889 3630 4927 ex
3683 4873 3801 4942 ipsa

2211 4965 2435 5020 veritate
2460 4973 2773 5035 praestatur;
2803 4966 2963 5021 nullis
3013 4965 3197 5037 procul
3240 4965 3404 5022 dubio
3446 4964 3805 5037 praecedenti-

2214 5058 2312 5113 bus
2338 5057 2561 5124 meritis,
2589 5071 2659 5113 ne
2681 5058 2851 5128 gratia
2888 5074 2994 5113 non
3038 5058 3107 5113 sit
3129 5057 3319 5129 gratia.
3355 5057 3413 5113 Si
3454 5058 3595 5111 enim
3622 5055 3802 5111 dixis-

2212 5159 2313 5217 set,
2337 5148 2522 5207 Omnis
2540 5151 2630 5222 qui
2673 5150 2825 5206 audit
2858 5166 3031 5207 meam
3060 5165 3267 5216 vocem,
3314 5166 3381 5204 ex
3415 5149 3634 5204 veritate
3677 5157 3804 5214 est',

2214 5243 2335 5298 ideo
2357 5242 2532 5297 dictus
2564 5259 2629 5297 ex
2681 5243 2905 5298 veritate
2944 5252 3240 5315 putaretur,
3287 5241 3410 5311 quia
3462 5241 3805 5309 obtemperat

2214 5337 2420 5391 veritati
2453 5354 2466 5388 :
2496 5352 2601 5390 non
2649 5345 2827 5390 autem
2857 5335 2958 5391 hoc
2981 5336 3083 5402 ait;
3134 5334 3225 5391 sed
3246 5335 3341 5402 ait,
3367 5332 3547 5390 Omnis
3589 5333 3677 5403 qui
3722 5342 3809 5385 est

2212 5446 2277 5484 ea:
2302 5429 2523 5495 veritate,
2571 5428 2711 5482 audit
2738 5446 2899 5483 meam
2924 5444 3113 5485 vocem.
3149 5428 3227 5484 Ac
3256 5442 3350 5498 per
3371 5426 3473 5482 hoc
3513 5439 3619 5481 non
3674 5423 3805 5479 ideo

2214 5530 2296 5575 est
2320 5537 2382 5575 ex
2412 5522 2654 5583 veritate,
2681 5522 2804 5590 quia
2831 5521 2948 5590 ejus
2976 5519 3122 5576 audit
3146 5534 3331 5574 vocem
3359 5536 3374 5585 ;
3407 5518 3501 5574 sed
3548 5517 3669 5572 ideo
3699 5532 3802 5569 an-

2213 5612 2312 5677 dit,
2344 5613 2464 5683 quia
2491 5629 2559 5669 ex
2592 5614 2815 5668 veritate
2839 5622 2942 5678 est,
2971 5612 3021 5667 id
3042 5621 3147 5678 est,
3170 5613 3292 5683 quia
3340 5612 3439 5667 hoc
3469 5610 3544 5666 illi
3590 5610 3797 5664 donum

2213 5720 2284 5761 ex
2314 5703 2538 5759 veritate
2565 5704 2815 5758 collatum
2843 5713 2943 5761 est.
2970 5703 3129 5774 Quod
3156 5703 3282 5776 quid
3297 5712 3380 5760 est
3406 5700 3571 5772 aliud,
3609 5696 3793 5773 quam

2275 5817 2350 5883 ca)
2379 5824 2549 5881 meo,
2570 5818 2639 5869 eis
2660 5816 2801 5868 tanta.
