4076 6482
318 388 441 444 ΝΗ

304 502 542 555 donante
574 493 787 551 Christo
806 488 975 546 credit
996 488 1048 542 in
1069 485 1375 542 Christum?

378 588 430 644 5.
477 585 620 640 Dixit
639 584 685 638 ei
701 575 897 636 Pilatus
916 595 934 633 :
953 577 1090 646 Quid
1107 585 1180 631 est
1198 573 1420 630 ueritas?
1441 573 1550 628 Nec
1565 568 1890 641 exspectavit

307 679 498 736 audire
528 687 877 745 responsum;
905 670 997 726 sed
1019 684 1131 722 cum
1161 668 1253 720 hoc
1275 666 1500 729 dixisset,
1525 664 1702 717 iterum
1741 660 1888 715 exivit

304 774 376 827 ad
401 770 640 834 Iudaeos,
670 775 716 820 et
743 765 870 819 dixit
897 765 965 817 eis
993 777 1012 815 :
1039 759 1148 830 Ego
1179 758 1368 812 nullam
1389 756 1586 810 invenio
1611 755 1664 808 in
1685 769 1742 808 eo
1767 769 1886 806 cau-

304 881 436 920 sam.
461 861 559 915 Est
585 866 753 912 autem
781 850 1090 909 consuetudo
1116 850 1250 904 vobis
1279 857 1332 901 ut
1359 863 1514 901 unum
1540 845 1791 900 dimittam
1814 860 1890 897 ro-

306 956 383 1009 bis
420 953 475 1006 in
504 949 741 1012 Pascha;
785 945 934 1000 uultis
957 959 1074 1014 ergo
1114 941 1358 996 dimittam
1399 937 1536 993 vobis
1579 952 1746 1007 regem
1791 935 1891 988 Ju-

304 1045 536 1099 daorum
551 1041 578 1096 .’
599 1038 771 1096 Credo
785 1053 905 1093 cum
932 1035 1154 1090 dixisset
1173 1033 1390 1097 Pilatus,
1420 1029 1555 1098 Quid
1578 1038 1650 1087 est
1674 1027 1890 1083 ueritas?

305 1136 361 1188 in
388 1143 626 1187 mentem
658 1129 734 1183 illi
760 1127 970 1182 venisse
1015 1123 1270 1179 continuo
1313 1119 1752 1175 consuetudinem
1791 1117 1888 1172 Ju-

304 1222 567 1286 dseorum,
591 1233 691 1290 qua
719 1217 924 1273 solebat
947 1215 1027 1271 eis
1067 1213 1258 1268 dimitti
1287 1226 1422 1265 unus
1466 1209 1520 1264 in
1553 1207 1758 1263 Pascha
1789 1225 1803 1262 :
1835 1215 1889 1261 et

304 1312 429 1368 ideo
458 1327 561 1366 non
589 1309 915 1379 exspectavit
935 1316 991 1361 ut
1015 1304 1358 1375 responderet
1379 1303 1426 1358 ei
1456 1303 1609 1358 Jesus
1647 1300 1775 1372 quid
1800 1311 1885 1357 est

303 1405 525 1470 veritas,
555 1419 622 1458 ne
642 1416 788 1457 mora
823 1401 991 1466 fieret,
1022 1414 1141 1456 cum
1172 1397 1487 1454 recoluisset
1539 1409 1742 1450 morem
1787 1410 1892 1464 quo

301 1502 491 1567 posset
541 1493 620 1547 eis
648 1506 744 1562 per
772 1489 977 1545 Pascha
1025 1487 1248 1553 dimitti;
1274 1486 1414 1556 quod
1442 1501 1565 1541 cum
1596 1485 1750 1540 valde
1797 1499 1893 1538 vo-

305 1585 470 1640 luisse
496 1582 832 1638 manifestum
880 1590 981 1636 est.
1025 1579 1195 1635 Avelli
1235 1587 1409 1633 tamen
1463 1593 1528 1633 ex
1574 1576 1689 1646 ejus
1731 1577 1893 1632 corde

305 1690 412 1730 non
454 1675 627 1744 potuit
675 1673 857 1729 Jesum
905 1686 1084 1742 regem
1123 1685 1243 1725 esse
1275 1669 1602 1733 Judaeorum,
1642 1677 1890 1739 tanquam

304 1767 412 1823 hoc
437 1767 529 1831 ibi,
579 1767 717 1821 sicut
746 1766 797 1818 in
845 1763 1016 1829 titulo,
1062 1763 1174 1831 ipsa
1212 1761 1408 1816 veritas
1451 1759 1646 1826 ﬁxerit,
1688 1759 1756 1815 de
1787 1776 1890 1829 qua

301 1856 432 1928 quid
457 1864 601 1911 esset
628 1855 993 1924 interrogavit.
1031 1851 1135 1909 Sed
1176 1853 1277 1905 hoc
1299 1851 1502 1918 audito,
1535 1849 1892 1905 Clamaverunt

301 1965 512 2003 rursum
562 1964 734 2002 omnes
779 1944 1182 2002 dicentes:Non
1233 1945 1383 2009 hunc,
1457 1942 1546 1998 sed
1584 1941 1886 1996 Barabbam.

303 2041 436 2097 Erat
486 2052 653 2096 autent
699 2040 957 2096 Barabbas
1008 2039 1159 2093 latro.
1207 2036 1323 2092 Non
1371 2035 1890 2106 reprchcndimus,o

301 2131 498 2200 Judaei,
530 2132 673 2203 quod
697 2146 791 2202 per
812 2130 1012 2186 Pascha
1041 2130 1277 2184 liberatis
1294 2136 1595 2194 nocentem,
1626 2126 1718 2183 sed
1746 2125 1889 2197 quod

301 2225 550 2280 occiditis
587 2226 927 2279 innocentem
956 2241 968 2276 :
997 2222 1138 2293 quod
1171 2231 1348 2276 tamen
1379 2219 1480 2274 nisi
1507 2220 1674 2286 ﬂeret,
1704 2234 1886 2274 verum

301 2317 512 2373 Pascha
537 2332 643 2372 non
672 2316 839 2371 fieret.
871 2314 976 2372 Sed
1005 2313 1200 2371 umbra
1230 2313 1470 2367 veritatis
1497 2327 1527 2366 a
1555 2310 1755 2366 Judmis
1798 2325 1887 2365 er-

300 2408 550 2462 rantibus
581 2406 877 2471 tenebatur,
911 2414 964 2460 et
989 2403 1218 2459 mirabili
1257 2402 1654 2473 diSpensatione
1695 2400 1888 2455 divina:

300 2497 582 2568 sapientia:
606 2513 702 2569 per
723 2496 971 2552 homines
995 2496 1208 2550 fallaces
1248 2493 1485 2564 ejusdem
1521 2491 1726 2547 umbrte
1748 2491 1890 2546 veri-

303 2597 386 2643 tas
413 2589 764 2658 implebatur;
793 2588 913 2658 quia
935 2597 993 2642 ut
1014 2602 1193 2642 verum
1225 2583 1426 2640 Pascha
1451 2585 1620 2650 fieret,
1641 2581 1888 2638 Christus

299 2683 452 2736 velut
481 2683 594 2738 ovis
620 2679 1018 2736 immolabatur.
1064 2680 1198 2734 Hinc
1223 2694 1282 2735 ea
1305 2687 1598 2748 sequuntur
1640 2691 1758 2746 qua:
1802 2678 1886 2728 in-

296 2774 504 2844 juriosa
556 2773 766 2829 Christo
799 2773 995 2826 l’ilatus
1046 2782 1099 2827 et
1129 2772 1324 2826 cohors
1344 2770 1460 2840 ejus
1495 2769 1749 2840 ingessit;
1793 2767 1886 2822 sed

299 2865 408 2920 alia
431 2863 790 2935 disputatione
823 2863 1096 2918 tractanda
1118 2871 1261 2916 sunt.

788 2952 1196 3009 TRACTATUS
1223 2951 1408 3009 CXVI.

299 3043 367 3099 In
397 3045 452 3100 id
471 3046 606 3114 quod
624 3047 864 3114 sequitur,
913 3045 1063 3100 Tunc
1119 3060 1245 3115 ergo
1288 3041 1640 3114 apprehendit
1687 3042 1888 3097 Pilatus

373 3137 582 3201 Jesnm,
613 3145 669 3192 et
690 3136 1002 3206 flagellavit;
1031 3152 1189 3206 usque
1209 3135 1275 3188 ad
1301 3135 1374 3201 id,
1403 3134 1761 3205 Susceperunt
1788 3150 1884 3188 au-

375 3236 483 3282 tem
511 3227 716 3292 Iesum,
739 3236 792 3281 et
816 3227 1134 3281 eduxerunt.
1165 3225 1434 3296 Capuxtx,
1480 3225 1551 3298 Ῠ.
1582 3223 1728 3282 1-16.

379 3318 432 3371 ι.
475 3317 606 3371 Cum
628 3317 792 3372 Judzei
816 3319 1153 3383 clamassent,
1183 3333 1286 3372 non
1308 3318 1486 3373 Jesum
1518 3317 1619 3372 sibi
1657 3334 1689 3373 a
1721 3317 1888 3371 Pilato

301 3407 503 3462 dimitti
541 3409 678 3464 velle
726 3424 818 3477 per
847 3407 1068 3474 Pascha,
1120 3395 1213 3463 sed
1249 3408 1543 3464 Barabbam
1589 3407 1880 3472 latronem;

301 3515 413 3553 non
460 3499 805 3566 salvatorem,
859 3499 951 3554 sed
1013 3500 1443 3566 interfectorem;
1498 3515 1601 3554 non
1642 3499 1883 3554 datorem

299 3591 446 3655 vite,
469 3589 564 3644 sed
592 3589 956 3659 ademptorem
989 3606 1004 3644 :
1036 3588 1175 3643 Tunc
1195 3590 1525 3660 apprehendit
1554 3589 1754 3644 Pilatus
1791 3589 1884 3644 Je-

299 3697 434 3745 sum,
464 3690 510 3734 et
537 3679 834 3752 ﬂagellauit.
869 3681 980 3736 lloc
1013 3681 1215 3737 Pilatus
1268 3696 1372 3736 non
1420 3681 1489 3737 ob
1525 3682 1666 3736 aliud
1694 3681 1886 3737 fecisse

297 3771 602 3828 credendus
626 3781 724 3838 est,
751 3773 850 3828 nisi
878 3781 936 3828 ut
969 3774 1084 3844 ejus
1106 3774 1310 3843 injuriis
1349 3773 1516 3828 Judzei
1540 3775 1715 3828 satiati
1769 3774 1884 3829 suf-

299 3868 466 3922 ficere
512 3866 613 3921 sibi
665 3867 1051 3932 existimarent,
1083 3876 1137 3922 et
1184 3883 1352 3937 usque
1399 3867 1466 3922 ad
1502 3866 1623 3937 ejus
1653 3877 1881 3921 mortem

299 3957 494 4014 smvire
518 3958 856 4016 desisterent.
877 3961 956 4014 Ad
973 3959 1075 4016 hoc
1096 3961 1325 4029 pertinet
1345 3959 1484 4030 quod
1516 3960 1654 4014 idem
1688 3974 1886 4028 praases

299 4048 579 4105 cohortem
603 4064 751 4104 suam
771 4052 931 4105 etiam
955 4052 1194 4119 permisit
1220 4049 1394 4106 facere
1419 4067 1536 4119 qua:
1559 4062 1882 4120 sequuntur;

300 4151 395 4196 aut
419 4142 663 4198 fortassis
690 4153 744 4198 et
777 4144 953 4213 jussit,
1003 4145 1244 4213 quamvis
1290 4146 1391 4199 hoc
1437 4143 1770 4214 Evangelista
1803 4154 1883 4197 ta—

301 4235 493 4288 cuerit.
522 4234 663 4288 Dixit
689 4236 830 4289 enim
862 4235 988 4304 quid
1016 4235 1209 4297 deinde
1234 4234 1456 4289 fecerint
1484 4236 1712 4300 milites;
1744 4236 1882 4289 Pila-

304 4330 413 4376 tum
442 4331 622 4377 tamen
670 4323 721 4378 id
757 4323 980 4394 jussisse
1013 4339 1118 4396 non
1157 4325 1309 4378 dixit.
1350 4323 1415 4378 Et
1465 4325 1664 4388 milites,
1693 4325 1882 4394 inquit,

304 4413 575 4480 plectentes
603 4429 843 4468 coronam
869 4415 931 4467 de
953 4415 1112 4484 spinis
1135 4416 1479 4485 imposuerunt
1503 4416 1658 4486 capiti
1679 4417 1806 4486 ejus,
1839 4425 1886 4470 et

302 4516 434 4560 ueste
461 4521 717 4576 purpurea
769 4507 1202 4561 circumdederunt
1244 4523 1375 4562 eum.
1423 4505 1488 4559 Et
1532 4505 1790 4560 veniebant
1818 4505 1886 4560 ad

303 4613 416 4650 eum
465 4606 512 4651 et
549 4596 819 4652 dicebant:
850 4599 968 4662 Ave,
1021 4614 1110 4652 rex
1145 4597 1468 4653 Judteorum.
1497 4598 1559 4651 Et
1601 4598 1790 4652 dabant
1841 4599 1886 4652 ei

304 4690 505 4757 alapas.
534 4687 626 4744 Sic
644 4689 998 4758 implebantur
1038 4704 1156 4759 qua:
1188 4689 1257 4745 de
1285 4705 1342 4744 se
1368 4691 1686 4759 prtedixcrat
1729 4689 1886 4744 Chri-

305 4793 454 4838 stus:
483 4782 562 4836 sic
586 4792 849 4854 martyres
875 4782 1294 4837 informabantur
1314 4783 1378 4836 ad
1403 4782 1579 4836 omnia
1610 4798 1728 4852 quae
1761 4798 1884 4851 per-

307 4881 582 4926 secutnres
620 4873 863 4928 libuisset
904 4873 1100 4940 facere,
1132 4871 1473 4939 perferenda;
1499 4873 1576 4926 sic
1619 4874 1888 4942 paulisper

305 4966 571 5020 occultata
629 4967 902 5020 tremenda
943 4966 1194 5035 potentia,
1239 4966 1710 5020 commendabatur
1745 4968 1886 5034 prius

309 5054 560 5109 imitanda
583 5057 867 5125 patientia;
921 5057 999 5112 sic
1031 5069 1252 5126 regnum
1283 5056 1422 5124 quod
1453 5055 1520 5110 de
1549 5056 1648 5110 hoc
1689 5056 1886 5111 mundo

309 5163 412 5200 non
431 5154 568 5208 erat,
593 5147 880 5216 superbum
908 5146 1161 5200 mundum
1185 5161 1288 5200 non
1309 5145 1583 5199 atrocitate
1602 5146 1885 5216 pugnandi,

309 5237 401 5292 sed
445 5238 680 5308 patiendi
728 5237 1024 5294 humilitate
1061 5238 1334 5302 vincebat;
1381 5237 1460 5293 sic
1501 5238 1625 5291 illud
1667 5255 1886 5308 granum

313 5331 773 5401 multiplicandum
801 5331 1166 5386 seminabatur
1187 5329 1429 5384 horribili
1455 5331 1793 5395 contumelia,
1831 5339 1887 5386 ut

309 5421 538 5476 mirabili
569 5421 857 5490 pullularet
891 5421 941 5474 in
971 5420 1162 5491 gloria.

381 5515 433 5567 2.
477 5514 617 5568 Exiit
644 5514 824 5568 iterum
843 5512 1042 5567 Pilatus
1063 5517 1220 5584 foras,
1257 5522 1304 5566 et
1334 5513 1454 5566 dicit
1492 5514 1562 5567 eis
1603 5529 1620 5568 :
1649 5512 1779 5566 Ecce
1799 5514 1890 5566 ad-

316 5603 442 5657 duco
461 5619 573 5657 cum
605 5605 763 5676 foras,
790 5613 843 5657 ut
881 5603 1192 5674 cognoscatis
1215 5604 1332 5672 quia
1370 5607 1423 5655 in
1450 5620 1506 5656 eo
1533 5603 1725 5657 trullam
1771 5622 1891 5658 catt-

315 5711 419 5747 sam
445 5695 660 5750 invenio.
694 5694 837 5750 Exiit
858 5713 974 5768 ergo
988 5695 1138 5750 Jesus
1165 5708 1372 5766 portans
1401 5698 1626 5767 spineam
1651 5714 1889 5753 coronam

316 5799 364 5840 et
385 5803 707 5858 purpureum-
733 5788 1092 5843 vestimentum.
1146 5787 1212 5840 Et
1246 5787 1363 5840 dicit
1410 5789 1477 5843 cis
1510 5788 1679 5844 :Ecce
1715 5790 1882 5846 homo.

1407 366 1812 428 rnacrsrus
1849 363 2030 417 cxvl.
2075 324 2301 423 cxpur
2341 366 2480 422 χιιι.

3434 372 3571 427 iii-l2

1997 474 2131 531 llinc
2154 490 2374 547 apparet
2423 496 2525 533 non
2566 480 2842 550 ignorante
2892 479 3060 534 Pilato
3104 480 3217 534 huc
3255 496 3283 534 a
3315 482 3569 539 militlbus

1995 567 2151 634 facta,
2183 570 2298 626 sive
2344 571 2668 641 jusseritea,
2717 572 2834 627 sive
2857 573 3188 643 permiserit;
3247 573 3332 628 illa
3364 577 3567 630 scilicet

1991 675 2172 727 causa,
2223 677 2379 732 quam
2422 678 2582 735 supra
2625 663 2875 731 diximus,
2923 673 2980 717 ut
3025 663 3138 719 haec
3175 665 3292 734 ejus
3343 665 3570 720 ludibria

1993 751 2192 806 inimici
2229 752 2572 808 libentissime
2597 753 2858 822 biberent,
2901 762 2956 808 et
2998 753 3222 810 ulterius
3259 755 3568 825 sanguinem

1994 855 2098 896 non
2129 842 2356 897 sitirent.
2382 843 2662 913 Egreditur
2687 843 2751 898 ad
2783 859 2875 899 eos
2901 844 3055 899 Jesus
3085 855 3300 914 portans
3328 847 3566 915 Spineam

1994 949 2245 990 coronam
2273 944 2326 988 et
2356 950 2677 1004 purpureum
2703 937 3100 1002 vestimentum,
3136 952 3239 991 non
3271 937 3446 992 clarus
3470 937 3569 990 im-

1993 1027 2161 1098 perio,
2211 1027 2301 1082 sed
2356 1028 2542 1097 plenus
2577 1028 2890 1096 opprobrio;
2941 1037 2996 1084 et
3050 1028 3242 1084 dicitur
3278 1029 3375 1092 eis,
3439 1029 3570 1082 Ecce

1994 1119 2142 1174 homo
2173 1135 2193 1174 :
2215 1121 2257 1174 si
2315 1121 2423 1189 regi
2464 1120 2732 1184 invidetis,
2757 1120 2865 1190 jam
2917 1121 3132 1190 parcite,
3161 1121 3282 1190 quia
3309 1121 3567 1189 dejecttnit

1994 1214 2213 1280 videtis;
2241 1213 2529 1285 tlagcllatus
2546 1222 2645 1276 est,
2665 1213 2831 1283 spinis
2850 1223 3134 1268 coronatus
3153 1222 3256 1281 est,
3281 1213 3568 1268 ludibriosa

1993 1315 2140 1361 veste
2159 1306 2381 1360 amictus
2405 1313 2506 1369 est,
2535 1319 2731 1360 amaris
2765 1305 3014 1360 conviciis
3036 1305 3226 1360 illusus
3255 1312 3355 1370 est,
3401 1303 3567 1372 alapis

1991 1410 2160 1452 caesus
2182 1405 2296 1461 est;
2352 1397 2518 1451 fervet
2558 1396 2862 1467 ignominia,
2907 1394 3153 1465 frigescat
3197 1395 3412 1451 invidia.
3460 1395 3565 1451 Sed

1994 1505 2096 1544 non
2121 1489 2370 1559 frigescit,
2400 1488 2685 1544 inardescit
2714 1490 2884 1558 potius
2905 1496 2957 1542 et
2978 1489 3244 1542 increscit.

2063 1582 2114 1637 5.
2146 1600 2162 1633 ι
2186 1579 2316 1637 Cum
2343 1595 2470 1652 ergo
2505 1581 2758 1635 vidissent
2785 1596 2904 1635 eum
2937 1580 3215 1650 pontifices
3241 1587 3294 1634 et
3312 1578 3559 1644 ministri,

1993 1674 2293 1729 clamabant
2340 1673 2612 1728 dicentes:
2641 1671 2922 1742 Crucifige,
2977 1671 3223 1742 crucifige
3261 1686 3402 1727 eum.
3434 1670 3567 1725 Dicit

1992 1767 2069 1822 eis
2116 1767 2313 1821 Pilatus
2349 1767 2621 1835 :Aceipite
2665 1780 2786 1820 eum
2841 1779 2953 1830 vos,
2993 1774 3046 1821 et
3101 1763 3426 1832 crucifigite;
3468 1776 3566 1832 ego

1991 1859 2131 1913 enim
2164 1873 2265 1913 non
2296 1859 2502 1913 invenio
2525 1859 2575 1911 in
2599 1873 2663 1912 eo
2688 1872 2923 1913 causam.
2959 1855 3364 1926 ReSponderunt
3390 1855 3436 1910 ei
3467 1854 3563 1909 Ju-

1992 1951 2088 2008 dzt‘i
2119 1969 2132 2005 :
2160 1951 2264 2005 Nos
2290 1950 2484 2022 Legem
2511 1951 2788 2016 habemus,
2830 1958 2884 2005 et
2922 1949 3211 2005 secundum
3243 1949 3439 2018 Legem
3467 1947 3564 2002 de-

1992 2042 2080 2097 bet
2100 2044 2253 2106 mori,
2278 2044 2399 2112 quia
2420 2043 2611 2098 Filium
2643 2043 2732 2096 Dei
2763 2057 2822 2095 se
2850 2040 2991 2096 fecit.
3021 2059 3038 2092 ›
3075 2041 3209 2095 Ecce
3245 2040 3407 2095 altera
3450 2055 3565 2093 ma-

1987 2133 2070 2204 jor
2119 2134 2332 2188 invidia.
2379 2135 2544 2188 Parva
2572 2135 2763 2203 quippe
2795 2132 2879 2186 illa
2911 2131 3207 2198 videbatur,
3257 2130 3401 2186 velut
3439 2128 3566 2184 alle-

1990 2234 2144 2279 ctat-se
2160 2225 2342 2279 illicito
2362 2240 2509 2288 ausu,
2532 2226 2688 2294 regize
2709 2225 2978 2294 potestatis
3006 2242 3020 2278 :
3044 2232 3094 2277 et
3114 2232 3286 2277 tamen
3317 2229 3560 2275 neutrum

1990 2318 2088 2372 sibi
2118 2317 2271 2372 Jesus
2288 2318 2610 2373 mendaciter
2631 2317 2935 2386 usurpavit;
2956 2315 3047 2368 sed
3072 2325 3350 2382 utrumque
3380 2329 3562 2367 verum

1990 2420 2091 2477 est,
2121 2419 2173 2465 et
2200 2411 2497 2481 unigenitus
2537 2421 2616 2465 est
2651 2411 2740 2463 Dei
2765 2409 2946 2471 Filius,
2981 2418 3032 2461 et
3061 2422 3152 2461 rex
3181 2406 3246 2458 ab
3273 2420 3336 2459 eo
3363 2404 3564 2458 consti-

1990 2509 2130 2557 ttttus
2159 2519 2318 2574 super
2340 2504 2464 2559 Sion
2494 2512 2725 2557 montem
2755 2510 2991 2555 sanctum
3017 2501 3132 2568 ejus
3161 2516 3172 2551 :
3203 2507 3252 2553 et
3287 2509 3566 2567 utrumque

1990 2612 2131 2650 nunc
2157 2596 2629 2659 demonstraretur,
2699 2595 2797 2648 nisi
2851 2603 3049 2664 quanto
3115 2601 3228 2646 erat
3281 2591 3566 2660 potentior,

1991 2699 2135 2743 tanto
2163 2691 2340 2746 mallet
2367 2704 2486 2744 esse
2517 2687 2821 2757 patientior.

2059 2781 2113 2835 4.
2155 2779 2281 2833 Cum
2325 2797 2442 2850 ergo
2487 2778 2707 2832 audisset
2755 2776 2955 2830 Pilatus
3007 2776 3098 2827 hoc
3148 2774 3366 2838 uerbum,
3410 2771 3569 2840 magis

1989 2872 2184 2935 timuit;
2213 2881 2255 2924 et
2281 2871 2531 2941 ingressus
2582 2879 2652 2922 est
2699 2867 2987 2938 praztorium
3039 2867 3238 2929 iterum,
3273 2873 3316 2917 et
3338 2863 3454 2916 dicit
3501 2863 3569 2915 ad

1986 2961 2162 3018 Jesum
2185 2979 2203 3016 .'
2232 2961 2377 3017 Unde
2397 2978 2446 3016 es
2478 2960 2567 3014 tu?
2593 2959 2743 3013 Jesus
2781 2968 2944 3012 autem
2982 2973 3273 3028 reSponsum
3301 2972 3398 3007 non
3429 2952 3568 3007 dedit

1989 3057 2050 3110 ei.
2075 3055 2186 3110 lloc
2212 3055 2478 3110 silentium
2518 3052 2729 3107 Domini
2756 3051 2921 3105 nostri
2955 3049 3080 3104 Jesu
3130 3047 3323 3102 Christi
3355 3061 3458 3099 non
3483 3060 3568 3099 se-

1990 3150 2091 3205 mel
2118 3147 2335 3214 factum,
2377 3146 2582 3201 collatis
2603 3145 2841 3198 omnium
2871 3141 3327 3212 Evangelistarum
3381 3153 3568 3191 narra-

1989 3240 2220 3294 tionibus
2249 3238 2531 3308 reperitur,
2555 3245 2609 3290 et
2649 3235 2786 3306 apud
2818 3235 3081 3304 principes
3128 3231 3483 3296 sacerdotum,
3517 3238 3572 3283 et

1995 3330 2126 3399 «pud
2151 3329 2434 3394 llerodem,
2457 3343 2561 3397 quo
2578 3343 2720 3393 eum,
2751 3327 2887 3381 sicut
2909 3325 3078 3379 Lucas
3106 3323 3321 3389 indicat,
3356 3322 3572 3375 miserat

1988 3421 2189 3477 Pilatus
2235 3419 2576 3484 audiendum,
2622 3426 2674 3472 et
2703 3416 2840 3487 apud
2870 3416 3040 3485 ipsum
3087 3414 3309 3467 Pilatum
3340 3409 3568 3481 (Matth.

1991 3527 2140 3576 xxvi,
2170 3510 2258 3576 63,
2292 3525 2460 3573 xxvn,
2492 3509 2578 3572 14;
2611 3507 2776 3560 Marc.
2800 3523 2911 3571 xw,
2944 3505 3031 3567 6|,
3062 3520 3150 3568 xv,
3179 3503 3231 3567 5;
3264 3501 3388 3555 Luc.
3416 3517 3566 3566 χχιιι,

1991 3602 2103 3668 7-9,
2135 3611 2180 3654 et
2201 3601 2358 3654 Joan.
2377 3616 2484 3664 XIX,
2504 3599 2574 3670 9)
2602 3617 2614 3652 :
2646 3607 2699 3651 ιιι
2725 3614 2828 3651 non
2861 3597 3054 3650 frustra
3076 3593 3143 3648 de
3170 3593 3258 3646 illo
3285 3591 3562 3662 prophetia

1989 3691 2340 3763 prteCCSserit,
2379 3690 2524 3744 Sicut
2567 3704 2728 3760 agnus
2764 3704 2934 3740 coram
2974 3685 3207 3739 tondente
3256 3700 3308 3737 se
3337 3686 3431 3754 fuit
3467 3681 3573 3734 sine

1989 3802 2122 3852 voce,
2153 3786 2224 3838 sic
2252 3800 2352 3836 non
2389 3782 2584 3852 aperuit
2610 3797 2664 3834 os
2697 3796 2841 3834 suum
2864 3775 3028 3852 (Isai.
3062 3792 3170 3841 Llll,
3195 3775 3281 3844 7);
3317 3782 3438 3827 tunc
3463 3773 3568 3825 nti-

1989 3893 2092 3948 que
2113 3875 2323 3946 quando
2351 3873 2797 3944 interrogantibus
2839 3888 2941 3926 non
2987 3869 3278 3940 respondit.
3313 3867 3564 3936 Quamvis

1989 3971 2129 4024 enim
2159 3967 2470 4037 quibusdam
2498 3962 2995 4034 interrogationibus
3021 3976 3161 4030 stupe
3204 3956 3567 4028 reSponderit;

1992 4069 2164 4115 tamen
2196 4068 2408 4129 propter
2448 4057 2537 4112 illa
2575 4057 2626 4110 in
2663 4055 2852 4126 quibus
2896 4053 3062 4107 noluit
3111 4050 3453 4121 respondere,
3496 4048 3562 4102 ad

1992 4153 2091 4206 hoc
2115 4151 2235 4206 data
2276 4160 2354 4204 est
2381 4147 2448 4204 de
2482 4162 2618 4218 agno
2657 4144 2965 4210 similitudo,
2999 4151 3054 4197 ut
3107 4141 3160 4197 in
3201 4157 3297 4196 suo
3344 4139 3556 4194 silentio

1988 4260 2093 4298 non
2126 4258 2268 4308 reus,
2293 4240 2387 4297 sed
2418 4240 2669 4294 innocens
2700 4237 3006 4291 haberetur.
3035 4233 3166 4288 Cum
3190 4247 3318 4302 ergo
3359 4229 3571 4300 judica-

1991 4345 2158 4402 retur,
2179 4333 2494 4402 ubicumque
2542 4343 2644 4384 non
2677 4328 2881 4400 aperuit
2926 4341 2986 4380 os
3013 4341 3187 4390 suum,
3230 4324 3368 4378 sicut
3405 4336 3572 4392 agnus

1991 4445 2094 4482 non
2124 4427 2362 4497 aperuit;
2391 4424 2440 4480 id
2471 4433 2571 4489 est,
2605 4439 2706 4475 non
2736 4422 2869 4474 sicut
2898 4419 3034 4473 male
3059 4417 3157 4472 sibi
3199 4416 3444 4472 conscius
3478 4414 3568 4484 qui

1990 4518 2056 4574 de
2088 4517 2316 4588 peceatis
2354 4513 2765 4569 convincebatur
2808 4511 2939 4576 suis,
2976 4509 3067 4564 sed
3099 4509 3231 4562 sicut
3265 4516 3570 4560 mansuetus

1991 4610 2078 4680 qui
2108 4623 2202 4678 pro
2231 4606 2463 4677 peccatis
2489 4602 2866 4659 innnnlabatur
2894 4600 3104 4655 alienis.

2063 4700 2115 4756 5.
2157 4697 2292 4752 Dicit
2323 4713 2438 4768 ergo
2465 4696 2509 4750 ei
2542 4693 2776 4748 Pilatus:
2805 4692 2935 4746 Mihi
2969 4709 3066 4746 non
3097 4689 3352 4760 loqueris?
3393 4687 3571 4741 Nescis

1991 4792 2107 4862 quia
2131 4771 2422 4861 potestatem
2451 4786 2606 4839 habeo
2632 4785 2923 4854 cruci/igere
2946 4792 3008 4848 te,
3034 4791 3078 4836 et
3101 4789 3389 4851 potestatem
3416 4779 3572 4831 habeo

1993 4881 2241 4934 dimittere
2276 4876 2362 4931 te?
2402 4875 2676 4945 Respondit
2702 4873 2884 4927 Jesus:
2919 4871 3036 4925 Non
3069 4869 3269 4923 haberes
3307 4867 3571 4920 adversum

1995 4989 2072 5026 me
2128 4979 2413 5040 potestatem
2453 4968 2638 5028 ullam,
2681 4965 2779 5018 nisi
2814 4964 2901 5018 tibi
2937 4963 3111 5016 datum
3149 4969 3272 5015 esset
3310 4948 3523 5026 desuper
3552 4973 3572 5011 :

1996 5069 2256 5134 prepterca
2281 5060 2365 5131 qui
2391 5075 2467 5112 me
2499 5057 2705 5111 tradidit
2748 5055 2868 5121 tibi,
2911 5055 3074 5123 majus
3119 5062 3375 5122 peccatum
3403 5048 3570 5103 habet.

1997 5156 2132 5208 Ecce
2162 5150 2467 5220 respondit,
2498 5157 2552 5204 et
2579 5157 2755 5203 tamen
2788 5147 3098 5216 ubicumque
3146 5159 3248 5198 non
3281 5144 3574 5212 respondit,

1997 5260 2102 5298 non
2127 5245 2263 5297 sicut
2288 5257 2409 5296 reus
2435 5241 2546 5295 sive
2570 5239 2808 5307 dolosus,
2842 5237 2933 5293 sed
2963 5238 3097 5291 sicut
3125 5251 3314 5306 agnus,
3344 5235 3444 5293 hoc
3470 5245 3571 5301 est,

1996 5335 2132 5389 sicut
2171 5333 2394 5403 simplex
2436 5340 2595 5402 atque
2638 5331 2890 5385 innocens
2936 5345 3038 5383 non
3068 5329 3277 5398 aperuit
3303 5342 3363 5383 os
3397 5343 3572 5382 suum.

1998 5425 2225 5482 Proinde
2255 5425 2340 5480 ubi
2368 5439 2470 5497 non
2504 5422 2875 5492 respondebat,
2909 5421 3044 5474 sicut
3073 5420 3187 5475 ovis
3230 5418 3447 5486 silebat;
3489 5419 3577 5472 ubi

1998 5515 2381 5585 respondebat,
2427 5514 2562 5568 sicut
2609 5521 2786 5581 pastor
2834 5509 3072 5564 docebat.
3123 5509 3403 5564 Discamns
3451 5524 3578 5578 ergo

1998 5607 2137 5678 quod
2168 5607 2316 5665 dixit.
2337 5605 2476 5673 quod
2495 5614 2543 5655 et
2562 5619 2656 5672 per
2684 5602 2994 5670 A'postolum
3027 5602 3223 5664 docuit,
3244 5602 3364 5672 quia
3383 5617 3480 5654 non
3509 5608 3580 5654 est

2001 5709 2219 5771 potestas
2243 5696 2340 5751 nisi
2366 5712 2397 5748 a
2431 5694 2534 5747 Deo
2565 5693 2736 5763 (Rom.
2772 5708 2885 5755 xnt,
2914 5689 2967 5764 1)
2991 5709 3004 5754 ;
3029 5702 3080 5746 et
3109 5693 3228 5762 quia
3259 5693 3372 5762 plus
3396 5699 3580 5761 peccat

2001 5791 2086 5862 qui
2120 5787 2360 5860 potestati
2407 5786 2741 5841 innocentem
2785 5783 3130 5839 occidendum
3183 5784 3347 5839 livore
3396 5781 3576 5851 tradit,
