4028 6478
547 300 684 354 1343

545 426 702 479 quam
747 423 981 482 potestas
1022 418 1130 488 ipsa
1171 421 1214 474 si
1262 439 1381 478 eum
1428 427 1614 484 timore
1653 431 1870 489 alterius
1910 435 2126 502 majoris

545 506 824 571 potestatis
851 509 1062 567 occidit.
1095 513 1271 570 Talem
1301 517 1498 588 quippe
1531 521 1698 575 Pilato
1739 525 1878 580 Deus
1905 527 2126 584 dederat

546 605 897 666 potestatem,
941 611 997 656 ut
1033 604 1192 662 etiam
1232 616 1372 661 esset
1409 609 1508 664 sub
1559 613 1782 670 Cesaris
1837 627 2116 686 potestate.

543 684 877 759 Quapropter
904 709 1004 746 non
1031 693 1252 762 haberes,
1282 699 1476 768 inquit,
1504 702 1765 760 adversum
1795 684 1872 762 me
1900 719 2120 778 potesta-

541 791 640 835 tem
671 784 850 851 ullam,
883 786 932 841 id
961 797 1059 854 est,
1089 792 1624 867 quantulumcumque
1653 799 1848 866 habes,
1885 803 1982 857 nisi
2023 805 2121 860 hoc

542 873 713 939 ipsum
745 876 994 946 quidquid
1022 889 1123 946 est,
1149 881 1235 934 tibi
1256 893 1382 937 esset
1405 884 1579 938 datum
1605 887 1836 960 desuper.
1862 892 1966 948 Sed
1989 909 2120 963 quo-

541 961 680 1016 niam
715 964 826 1020 scio
855 975 1106 1036 quantum
1137 971 1238 1037 sit;
1273 989 1376 1028 non
1407 977 1549 1030 enim
1581 987 1778 1033 tantum
1806 991 1906 1047 est,
1935 991 1991 1037 ut
2021 985 2116 1040 tibi

539 1054 684 1109 omni
729 1057 885 1112 modo
929 1059 1152 1117 liberum
1207 1065 1322 1120 sit:
1365 1078 1628 1136 propterea
1668 1072 1754 1142 qui
1794 1075 2002 1130 tradidit
2040 1094 2118 1132 me

540 1143 655 1208 tibi,
688 1147 854 1216 majus
883 1161 1142 1217 peccatum
1167 1154 1329 1209 habet.
1369 1155 1460 1212 llle
1490 1161 1681 1230 quippe
1711 1178 1798 1218 me
1831 1173 1932 1220 tuae
1967 1177 2116 1236 pote-

539 1236 661 1290 stati
691 1238 902 1293 tradidit
933 1239 1233 1309 invidendo,
1277 1256 1328 1302 tu
1368 1265 1494 1304 vero
1531 1252 1771 1308 eamdem
1799 1265 2111 1324 potestatem

1195 1299 1233 1309 ,,
1280 1299 1327 1302 ,_
1467 1299 1489 1304 -
1535 1299 1771 1308 ---ω-ν...
1800 1299 2110 1324 rusum“...

527 1299 588 1378 in
619 1341 706 1383 me
729 1341 1036 1388 exserturus
1064 1351 1120 1389 es
1149 1340 1450 1394 metuendo.
1482 1341 1592 1398 Nec
1617 1345 1850 1402 timendo
1876 1351 2110 1418 quidem,

535 1420 828 1484 praesertim
873 1422 1242 1494 innocentem,
1285 1429 1444 1486 homo
1486 1432 1752 1490 hominem
1792 1437 1947 1494 debet
1973 1443 2114 1498 occi-

533 1505 660 1561 dere
694 1525 707 1562 :
738 1509 833 1564 sed
863 1520 1038 1568 tamen
1069 1515 1121 1569 id
1156 1517 1376 1573 zelando
1409 1521 1578 1578 facere
1607 1526 1772 1580 multo
1801 1529 1966 1599 magis
1995 1547 2110 1584 ma-

533 1595 642 1650 lum
670 1609 771 1666 est,
795 1616 951 1672 quam
987 1605 1238 1662 timemlo.
1275 1609 1339 1664 Et
1399 1613 1517 1667 ideo
1557 1631 1658 1669 non
1689 1618 1762 1674 ait
1803 1637 1960 1676 verax
1997 1639 2109 1678 ma-

529 1687 714 1756 gister,
765 1690 864 1758 Qui
911 1712 990 1750 me
1037 1699 1244 1754 tradidit
1274 1703 1394 1769 tibi,
1443 1705 1554 1774 ipse
1597 1708 1756 1765 habet
1798 1725 2103 1783 peccatum;

530 1787 777 1849 tanquam
810 1784 895 1840 ille
924 1801 1028 1840 non
1059 1789 1276 1845 haberet
1305 1811 1316 1846 :
1349 1795 1440 1849 sed
1467 1797 1534 1849 ait
1562 1839 1576 1864 ,
1611 1801 1772 1869 majus
1807 1803 1950 1857 habet
1987 1823 2104 1876 pec-

527 1879 728 1935 eatum;
758 1875 997 1930 utetiam
1029 1892 1088 1934 se
1127 1879 1323 1938 habere
1367 1885 1700 1957 intelligeret.
1743 1891 1922 1963 Neque
1961 1898 2101 1952 enim

529 1969 806 2029 propterea
835 1964 959 2020 illttd
989 1969 1187 2023 nullum
1218 1981 1320 2036 est,
1354 1977 1471 2044 quia
1503 1977 1603 2033 hoc
1633 1982 1800 2052 majus
1825 1995 1926 2040 est.

597 2051 649 2106 6.
691 2051 892 2110 Exinde
918 2063 1166 2126 quaerebat
1200 2062 1397 2122 Pilatus
1427 2070 1674 2128 dimittere
1695 2051 1828 2131 eum.
1858 2078 1992 2144 Quid
2010 2091 2104 2164 _est

524 2142 625 2199 hoc
649 2145 788 2215 quod
819 2149 1016 2206 dictum
1043 2161 1143 2220 est,
1178 2157 1376 2224 exinde,
1401 2163 1549 2230 quasi
1578 2174 1729 2219 antea
1761 2183 1864 2222 non
1891 2185 2099 2239 qurere-

521 2233 648 2288 hat?
665 2235 806 2308 Lege
831 2243 1123 2310 superiora,
1149 2255 1202 2300 et
1227 2247 1463 2305 invenies
1481 2253 1788 2320 jamdudum
1812 2274 1930 2314 eum
1957 2277 2099 2330 qua:-

519 2339 642 2380 rere
687 2327 954 2386 dimittere
996 2332 1196 2390 Jesum.
1245 2337 1444 2394 Exinde
1487 2342 1660 2414 itaque
1701 2347 2094 2419 intelligendum

517 2425 620 2482 est,
651 2417 874 2489 Propter
900 2422 1022 2490 hoc,
1055 2425 1105 2480 id
1137 2437 1237 2494 est,
1281 2445 1342 2482 ex
1387 2433 1482 2488 hac
1517 2449 1672 2491 causa
1704 2481 1717 2504 ,
1765 2457 1830 2496 ne
1875 2442 2096 2499 haberet

515 2519 792 2574 peccatum
816 2514 1107 2571 occidendo
1125 2519 1458 2577 innocentem
1490 2526 1588 2580 sibi
1616 2529 1880 2596 traditum,
1907 2551 2092 2602 quam-

511 2600 594 2655 vis
621 2603 795 2658 minus
825 2621 1048 2674 peccans
1077 2627 1232 2677 quam
1260 2613 1459 2682 .ludtei,
1490 2619 1575 2687 qui
1607 2636 1728 2676 eum
1756 2624 1829 2678 illi
1858 2626 2087 2682 tradide-

511 2705 628 2748 rant
655 2697 1022 2754 occidendum.
1055 2701 1256 2760 Exinde
1287 2723 1443 2776 ergo,
1475 2710 1524 2763 id
1560 2721 1669 2778 est,
1711 2715 1828 2770 ideo
1875 2733 1942 2773 ne
1989 2719 2088 2776 hoc

508 2794 781 2854 peccatum
813 2789 1042 2858 laceret,
1077 2809 1178 2848 non
1221 2812 1358 2850 nunc
1401 2800 1658 2868 primum,
1699 2805 1790 2859 sed
1829 2806 1896 2860 ab
1939 2810 2087 2866 initio

504 2876 758 2938 quwrebat
785 2893 897 2931 eum
933 2879 1198 2936 dimittere.

575 2967 627 3020 7.
667 2966 839 3024 Judtei
863 2981 1030 3025 autent
1057 2975 1340 3032 clamabant
1365 2979 1582 3038 dicentes
1609 3001 1626 3038 :
1663 2987 1723 3040 Si
1749 2988 1880 3042 hunc
1907 2992 2080 3046 dimit-

501 3055 582 3116 tis,
625 3072 723 3109 non
763 3075 816 3113 es
856 3063 1048 3116 amicus
1087 3061 1320 3120 Caesaris.
1355 3067 1530 3124 Omnis
1557 3075 1684 3127 enim
1714 3078 1798 3148 qui
1832 3096 1884 3132 se
1917 3097 2078 3151 regem

498 3145 640 3214 facit,
669 3149 966 3203 contradicit
995 3153 1200 3208 (ἕαται-ἱ.
1247 3156 1496 3228 Majorcm
1539 3163 1780 3220 timorem
1825 3183 1881 3223 se
1928 3170 2076 3241 inge-

497 3251 616 3292 rere
646 3248 962 3306 putaverunt
992 3243 1180 3306 Pilato.
1216 3248 1465 3305 terrendo
1491 3251 1556 3306 de
1591 3253 1817 3324 (Ia-sare,
1851 3268 1908 3314 ut
1936 3263 2076 3316 occi-

496 3325 648 3382 deret
671 3327 977 3398 Christum,
1023 3349 1179 3404 quam
1223 3341 1464 3409 superius
1505 3343 1592 3398 ubi
1631 3344 1917 3416 dixerunt,
1963 3351 2073 3407 Nos

493 3417 678 3490 Legem
702 3421 958 3492 habemus,
988 3436 1032 3480 et
1062 3429 1336 3485 secundum
1365 3431 1541 3506 Legem
1579 3435 1718 3491 debet
1755 3443 1882 3496 mori
1899 3487 1907 3498 .
1955 3448 2071 3514 quia

491 3507 683 3564 Filium
713 3513 807 3567 Dei
829 3531 886 3584 se
910 3519 1044 3586 fecit.
1078 3517 1270 3574 Eorum
1309 3521 1500 3594 Legem
1531 3525 1725 3598 quippe
1753 3531 1838 3586 ille
1863 3507 1976 3587 non
2000 3537 2066 3590 ti-

487 3602 638 3668 muit,
671 3612 730 3657 ut
752 3606 1014 3662 occideret
1047 3609 1060 3639 ¹
1089 3627 1100 3661 :
1133 3610 1224 3666 sed
1253 3613 1418 3684 magis
1445 3614 1632 3670 Filium
1670 3619 1761 3676 Dei
1788 3621 1977 3691 timuit,
2001 3642 2066 3682 ne

484 3693 770 3750 occideret.
803 3696 950 3754 Nunc
981 3715 1106 3756 vero
1134 3719 1237 3758 non
1269 3706 1345 3760 sic
1375 3710 1544 3776 potuit
1575 3721 1916 3772 contemnere
1942 3718 2062 3774 Cte-

482 3799 655 3840 sarem
694 3799 964 3845 auctorem
997 3795 1269 3862 potestatis
1297 3811 1428 3860 sum,
1458 3802 1915 3870 quaemadmodum
1957 3807 2060 3866 Le-

477 3891 594 3945 gem
623 3882 796 3948 gentis
825 3882 1029 3937 alii-nm.

548 3967 604 4022 8.
657 3970 844 4027 Adhuc
888 3982 1060 4030 tamen
1106 3977 1440 4049 Evangelista
1484 3989 1740 4054 sequitur,
1787 3999 1839 4044 et
1873 3992 2002 4049 dicit
2041 4015 2054 4051 :

481 4055 678 4114 Pilatus
703 4071 864 4118 autem
897 4081 1008 4118 cum
1046 4067 1267 4122 audisset
1293 4071 1384 4124 hos
1408 4089 1679 4139 sermones,
1724 4081 1940 4136 adduxit
1975 4089 2056 4158 [ο-

473 4165 556 4202 ras
600 4149 778 4206 Jesum
805 4197 816 4218 ,
865 4165 909 4207 et
949 4159 1074 4210 sedit
1117 4177 1208 4228 pro
1239 4164 1509 4228 tribunali,
1539 4169 1588 4221 in
1620 4171 1729 4224 loco
1757 4175 1844 4242 qui
1870 4176 2054 4233 dicitur

473 4237 836 4306 Lit/rostratas,
887 4245 1115 4300 hebraire
1167 4262 1332 4304 autem
1390 4253 1668 4312 Gabbatha.
1715 4261 1842 4317 Erat
1887 4278 2051 4325 autem

469 4345 733 4394 parasceve
767 4331 998 4402 PtISC/HL’,
1025 4338 1148 4392 hora
1177 4342 1322 4409 quasi
1348 4354 1504 4398 sexta.
1536 4348 1647 4414 Qua
1689 4350 1816 4408 hora
1847 4357 1914 4411 sit
1939 4357 2047 4415 Do-

467 4417 640 4474 minus
681 4425 980 4491 cruciﬁxus,
1017 4438 1230 4498 propter
1263 4436 1600 4504 evangelista:
1642 4441 1858 4500 alterius
1895 4451 2046 4505 testi~

465 4513 700 4566 monium
714 4516 798 4584 qui
814 4516 963 4582 dixit,
989 4517 1114 4573 Erat
1131 4533 1294 4576 autent
1309 4527 1435 4579 hora
1447 4531 1610 4598 tertia,
1627 4542 1672 4586 et
1689 4539 2045 4606 cruci/ixerunt

459 4619 572 4654 eum
602 4603 621 4675 (
645 4603 808 4660 Marc.
844 4623 932 4674 xv,
965 4608 1034 4664 25
1052 4611 1094 4676 ),
1127 4614 1373 4682 quoniam
1407 4634 1590 4689 magna
1617 4623 1928 4696 disceptatio
1954 4649 2042 4688 so-

459 4691 532 4745 let
561 4695 794 4760 oboriri;
839 4713 958 4752 cum
987 4701 1051 4753 ad
1085 4702 1256 4772 ipsum
1289 4706 1460 4762 locum
1489 4711 1574 4765 ulti
1605 4717 1887 4776 cruciﬁxus
1915 4740 2038 4780 nar-

458 4793 604 4839 ratur
631 4797 844 4844 ventum
877 4789 1065 4858 fuerit,
1107 4805 1160 4848 ut
1195 4802 1545 4870 potuerimus,
1582 4807 1625 4859 si
1655 4807 1910 4869 Dominus
1941 4833 2035 4872 ro-

454 4878 629 4944 tuerit,
657 4877 981 4936 disseremus
1016 4883 1111 4955 (α).
1144 4885 1274 4940 Cum
1306 4905 1433 4960 ergo
1461 4909 1555 4962 pro
1586 4899 1830 4957 tribunali
1862 4907 2033 4964 sedis-

450 4977 533 5019 set
561 4967 779 5037 Pilatus,
805 4969 940 5025 Dicit
966 4972 1206 5029 Juda'is:
1245 4976 1376 5032 Ecce
1411 4998 1500 5036 rea:
1533 4997 1706 5042 vester.
1749 4989 1841 5046 Illi
1867 5007 2032 5053 autem

448 5057 736 5114 clamabant
765 5077 783 5114 :
811 5061 976 5130 Tolle,
1007 5067 1144 5130 tolle,
1176 5071 1417 5142 cruci/iga
1441 5091 1570 5129 eum.
1607 5079 1746 5135 Dixit
1786 5085 1854 5140 eis
1886 5086 2029 5143 Pila-

445 5161 526 5202 tus
572 5167 590 5204 :
636 5151 824 5225 Regem
873 5166 1085 5212 uestrum
1132 5164 1466 5235 cruri/igniti?
1531 5172 1716 5230 Adhuc
1769 5189 2024 5240 terrorem

445 5257 601 5308 quem
627 5243 696 5300 de
731 5246 942 5304 Caesare
985 5251 1333 5322 ingesserunt,
1380 5275 1632 5330 superare
1671 5283 1912 5341 conatur,
1957 5279 2024 5336 de

445 5330 726 5398 ignominia
753 5351 936 5392 eorum
967 5341 1148 5398 volens
1174 5361 1266 5400 eos
1293 5345 1536 5421 frangere
1565 5355 1809 5428 dicendo,
1837 5365 2022 5438 Regem

440 5431 654 5475 risu-um
690 5427 1026 5500 cruciﬁgam?
1062 5449 1195 5503 quos
1227 5437 1294 5492 de
1335 5439 1616 5509 ignominia
1646 5447 1840 5508 Christi
1873 5460 2017 5514 miti-

437 5525 561 5576 gare
593 5529 694 5566 non
723 5518 927 5584 potuit:
956 5521 1047 5576 sed
1079 5525 1266 5581 timore
1293 5545 1414 5584 mox
1447 5533 1694 5592 vincitur.

499 5643 1351 5738 ἲ,ςιςὶἱριξξ’ΞεετΙε-ιιξξιιξιβτᾷιίςι·εέ
1372 5671 1511 5718 Unus.
1541 5668 1692 5723 timuit
1709 5675 1964 5738 olfendere.

492 5704 564 5771 (tt)
592 5704 692 5760 ηαξ
715 5711 852 5772 intra,
879 5704 1028 5768 fruct.
1052 5704 1284 5772 itifd‘fi
1301 5704 1511 5776 vim.“
1541 5704 1724 5778 "mum.

1477 315 1545 373 ΙΝ
1580 315 1856 378 JOANNIS
1891 319 2353 395 EVANGELIUM,
2427 329 2485 386 S.
2525 336 2884 400 AUGUSTINI

3677 367 3810 426 19M

2303 442 2356 497 9.
2401 443 2779 518 Responderunt
2802 460 2943 516 enim
2969 468 3230 536 pontiﬁces
3255 488 3273 526 :
3299 473 3420 531 Non
3449 479 3692 540 habemus
3719 507 3804 543 re-

2229 547 2338 600 gem
2363 535 2461 588 nisi
2489 537 2754 598 Caesarem.
2787 546 2932 603 Tunc
2957 569 3074 624 ergo
3099 535 3308 616 tradidit
3333 566 3406 620 eis
3433 569 3578 624 illum
3603 583 3656 628 ut
3682 593 3799 631 crn-

2227 623 2525 694 ciﬁgeretur.
2545 632 2583 686 A
2594 635 2891 702 pet-tissime
2905 623 3098 714 quippe
3116 661 3305 708 contra
3327 657 3591 716 Caesarem
3617 669 3796 726 venire

2229 713 2512 782 videretur,
2535 727 2578 774 si
2609 739 2786 793 regem
2807 743 2866 784 se
2891 748 2994 788 non
3018 735 3217 795 habere
3237 745 3336 800 nisi
3355 748 3620 808 Caesarem
3643 761 3804 826 proti-

2229 806 2452 826 ,A_,,.,W
2581 814 2612 826 ..

2228 806 2490 876 tentibus,
2546 814 2706 869 alium
2763 836 2940 891 regem
2971 829 3149 888 ,vellet
3199 833 3440 905 ingerere
3483 806 3802 908 dinutiendo

2225 896 2562 970 impunitum,
2592 923 2748 976 quem
2782 927 2999 984 propter
3043 922 3140 976 hos
3180 940 3342 983 ausus
3380 934 3427 987 ei
3475 939 3801 998 tradiderant

2223 990 2589 1050 occidendum.
2619 997 2852 1058 Tradidit
2877 1023 2996 1078 ergo
3027 1013 3096 1067 eis
3125 1014 3268 1072 illum
3307 1031 3362 1074 ut
3399 1028 3797 1098 crucifigeretur.

2223 1076 2327 1098 ο-)
2563 1087 2574 1098 ο
2597 1088 2610 1098 -
2675 1091 2705 1098 --
2769 1093 2781 1098 -

2222 1076 2328 1134 Sed
2361 1087 2612 1156 numquid
2641 1091 2781 1148 aliud
2811 1107 2864 1150 et
2893 1076 3014 1155 ante
3043 1076 3798 1190 cupiebat

3116 1171 3125 1173 _
3331 1171 3341 1181 .
3559 1171 3605 1174 πν
3617 1171 3637 1174 -
3650 1171 3766 1180 ""-
3783 1171 3796 1190 ι

2219 1171 2444 1240 Accipite
2469 1193 2578 1230 eum
2608 1197 2714 1248 ros,
2757 1195 2805 1238 et
2841 1191 3156 1261 cruciﬁgite;
3197 1201 3278 1254 vel
3321 1205 3478 1260 etiam
3527 1216 3796 1285 superius,

2233 1257 2443 1285 ‘--:--_"-
2483 1283 2512 1285 -κ
3001 1281 3010 1285 Δ

2982 1257 2988 1258 ,
3020 1257 3039 1261 _
3136 1257 3142 1259 _
3527 1257 3796 1285 -..,,-......,

2219 1257 2444 1330 Accipite
2471 1283 2582 1320 eum
2611 1287 2719 1336 vos,
2749 1285 2796 1328 et
2821 1281 3096 1336 secundum
3125 1285 3308 1359 Legem
3337 1307 3550 1352 uestram
3575 1303 3800 1368 indicate

2218 1352 2371 1406 eum?
2409 1355 2514 1410 Cur
2543 1369 2718 1416 autem
2747 1366 2819 1420 illi
2867 1378 3140 1443 tantopere
3185 1381 3502 1452 noluerunt,
3535 1393 3791 1464 dicentes,

2229 1437 2377 1464 ιω,-
2537 1449 2568 1464 ..
2634 1454 2684 1464 _.
2816 1459 2835 1464 -

3011 1437 3029 1443 _
3380 1437 3390 1438 κ
3485 1437 3502 1452 ν
3537 1437 3788 1464 ναν-’κστ

2219 1437 2378 1497 Nobis
2405 1461 2504 1500 non
2529 1449 2642 1505 licet
2668 1454 2947 1525 inter/icere
2966 1480 3264 1537 quemquam
3293 1474 3470 1545 (Joan.
3497 1497 3652 1552 xvttt,
3679 1491 3788 1557 31);

3125 1536 3130 1537 ,
3297 1536 3308 1545 .
3549 1536 3652 1552 -——-v
3679 1536 3734 1544 ν·
3753 1536 3788 1557 η

2215 1539 2268 1584 et
2297 1536 2441 1590 omni
2471 1541 2627 1596 modo
2655 1544 2933 1616 instantes,
2963 1565 3020 1609 ut
3047 1572 3148 1612 non
3177 1562 3244 1617 ab
3271 1566 3370 1634 eis,
3393 1571 3486 1624 sed
3515 1589 3542 1626 a
3569 1580 3796 1644 pra-side

2216 1623 2406 1644 “-44-
2436 1637 2472 1644 κ.
2644 1643 2647 1644 ν
2686 1635 2698 1644 ·
2720 1637 2733 1644 -

3355 1623 3368 1634 ,
3434 1623 3485 1624 λ
3516 1623 3542 1626 ν,
3569 1623 3794 1644 ru“.--

2213 1623 2563 1694 occideretur,
2599 1643 2654 1688 et
2684 1635 2802 1692 ideo
2829 1655 2949 1696 eum
2980 1649 3325 1709 occidendum
3367 1663 3608 1732 accipere
3635 1683 3794 1725 recu-

2211 1724 2418 1784 santes,
2457 1720 2502 1775 si
2543 1739 2684 1780 nunc
2721 1744 2840 1784 cum
2885 1737 3152 1806 accipiunt
3189 1747 3582 1810 occidendum?
3611 1761 3717 1816 Aut
3745 1765 3793 1820 si

2211 1802 2310 1859 hoc
2337 1823 2440 1864 non
2475 1811 2548 1876 lit,
2578 1831 2673 1870 cur
2710 1819 2903 1878 dictum
2932 1802 3031 1892 est,
3069 1829 3210 1888 Tunc
3233 1853 3352 1908 ergo
3386 1846 3594 1900 tradidit
3621 1853 3694 1906 eis
3723 1855 3789 1910 il-

2211 1897 2314 1952 lum
2341 1911 2394 1954 ut
2419 1908 2827 1978 cruciﬁgeretur?
2843 1917 2923 1970 Au
2939 1919 3140 1990 aliquid
3167 1897 3382 1986 interest
3398 1936 3419 1988 ?
3433 1936 3598 1996 Plane
3622 1943 3788 2000 inter-

2207 1997 2306 2042 est.
2330 1990 2442 2046 Non
2471 2005 2548 2050 est
2577 2000 2716 2054 enim
2742 2003 2960 2072 dictum,
2985 2009 3123 2068 Tunc
3160 2035 3277 2089 ergo
3310 2027 3518 2082 tradidit
3541 2033 3615 2086 eis
3641 2036 3788 2092 illum

2207 2087 2265 2132 ut
2289 2085 2657 2156 crttCiligerent
2681 2108 2836 2162 eum;
2869 2100 2982 2164 sed,
3011 2114 3068 2156 ut
3093 2111 3486 2184 cruciﬁgeretur,
3513 2121 3562 2176 id
3595 2135 3702 2193 est,
3735 2139 3790 2184 ut

2208 2166 2394 2193 ε..,.ιε..ξ-
2441 2191 2454 2193 -
2599 2189 2608 2193 -

2199 2166 2401 2236 judicio
2435 2191 2498 2231 ac
2523 2189 2784 2248 potestate
2815 2193 3052 2256 praesidis
3077 2166 3494 2272 cruciﬁgeretur.
3525 2213 3630 2268 Sed
3663 2169 3787 2276 ideo

2205 2259 2308 2316 illis
2335 2267 2584 2324 traditum
2613 2271 2744 2328 dixit
2771 2277 3126 2352 Evangelista,
3171 2301 3226 2344 ut
3253 2259 3346 2350 eos
3371 2300 3578 2356 crimini
3609 2307 3786 2378 impli-

2203 2361 2369 2420 catos,
2399 2372 2428 2409 a
2455 2375 2560 2429 quo
2585 2364 2742 2420 alieni
2769 2383 2888 2425 esse
2923 2377 3272 2451 conabantur,
3300 2391 3604 2450 ostenderet
3630 2415 3642 2449 :
3675 2415 3782 2456 non

2202 2445 2344 2498 enim
2375 2446 2572 2506 faceret
2601 2453 2699 2510 hoc
2729 2458 2945 2528 Pilatus,
2977 2468 3078 2524 nisi
3109 2483 3164 2526 ut
3191 2471 3242 2528 id
3275 2475 3412 2544 quod
3453 2497 3548 2538 eos
3581 2501 3782 2558 cupere

2202 2537 2441 2558 -,_____.,_.
2501 2543 2512 2553 .
2613 2545 2625 2558 .
2735 2557 2739 2558 ,
2816 2553 2841 2558 _
2939 2555 2951 2558 _

2197 2537 2466 2606 cernebat,
2501 2543 2764 2614 impleret.
2807 2553 2954 2621 Quod
2999 2569 3174 2616 autem
3215 2570 3472 2636 sequitur,
3519 2537 3778 2650 Suscepe-

2195 2638 2314 2681 sunt
2335 2643 2500 2687 autem
2524 2636 2722 2708 Jesum,
2753 2655 2800 2698 et
2820 2648 3120 2720 eduxerunt,
3149 2669 3326 2726 potest
3350 2665 3416 2718 ad
3441 2669 3639 2728 milites
3665 2675 3778 2743 jam

2195 2717 2376 2743 ..ΑΡ.-.-.Ξ
2407 2739 2494 2743 ,μα
2571 2729 2600 2743 ομ
2909 2741 2916 2743 _
2945 2741 2951 2743 _

3107 2717 3117 2720 _
3149 2717 3164 2726 _
3370 2717 3413 2718 η
3442 2717 3639 2728 ___-----..
3665 2717 3778 2743 δη...

2193 2717 2378 2776 referri
2405 2729 2730 2796 apparitores
2767 2741 3025 2805 prmsidis.
3075 2745 3206 2802 Nam
3253 2765 3430 2820 postea
3473 2763 3779 2825 evidentius

2190 2807 2400 2878 dicitur,
2453 2815 2642 2874 Milites
2682 2841 2800 2895 ergo
2833 2845 2944 2884 cum
3002 2839 3369 2908 cruci/ixissent
3411 2865 3523 2905 eum
3559 2855 3579 2924 (
3609 2856 3770 2916 Joan.

2191 2915 2278 2924 ...-.
2332 2904 2399 2924 0"
2423 2909 2435 2924 ι
2709 2917 2720 2924 ³

2191 2915 2296 2966 xiv,
2332 2904 2438 2976 25)
2465 2926 2478 2962 :
2506 2917 2750 2978 quamvis
2775 2925 3108 2994 evangelista,
3129 2904 3336 2990 etiamsi
3375 2947 3540 2998 totutn
3563 2904 3775 3010 ‘Judzris

2190 2993 2392 3064 tribuit,
2421 3004 2613 3058 merito
2639 3005 2798 3076 facit;
2823 2993 2931 3083 ipsi
2953 3019 3094 3075 enim
3124 3037 3469 3096 susceperunt
3489 3039 3630 3105 quod
3657 3045 3776 3098 avi-

2185 3087 2405 3148 dissime
2447 3095 2848 3171 ﬂagitaverunt,
2893 3119 2948 3164 et
2991 3112 3089 3182 ipsi
3131 3117 3374 3178 fecerunt
3411 3087 3664 3201 quidquid
3713 3147 3773 3194 ut

2187 3177 2329 3201 [ΞΑ-.-ι
2371 3199 2384 3201 -
2434 3195 2444 3201 -
2753 3197 2781 3201 “
2839 3198 2850 3201 “
2900 3199 2902 3201 ’

3013 3177 3026 3182 -
3358 3177 3369 3178 ί
3417 3177 3662 3201 Ί“’““Ί“’¹“¹’
3713 3177 3772 3194 υ·

2185 3177 2334 3234 ﬁeret
2362 3195 2718 3248 extorseruut.
2749 3197 2852 3253 Sed
2895 3199 3010 3259 lucc
3051 3214 3326 3280 sequentia
3367 3218 3474 3274 alio
3515 3235 3772 3286 sermone

2183 3275 2450 3329 tractanda
2485 3289 2626 3336 sunt.

2636 3418 3043 3487 TRACTATUS
3080 3433 3285 3494 CXVII.

2178 3519 2250 3572 De
2271 3537 2327 3574 eo
2354 3527 2490 3594 quod
2513 3533 2753 3601 sequitur,
2789 3539 2851 3594 Et
2875 3542 3116 3614 bajulans
3143 3552 3242 3608 sibi
3270 3571 3502 3626 crucem,
3533 3563 3664 3622 exiit
3705 3571 3760 3626 in

2242 3627 2362 3668 eum
2393 3619 2480 3686 qui
2507 3619 2698 3678 dicitur
2745 3627 3004 3690 Calvarizn
3041 3639 3246 3709 locum;
3279 3664 3432 3718 usque
3455 3656 3524 3706 ad
3553 3657 3623 3722 id,
3651 3661 3764 3716 lle-

2241 3707 2453 3778 spnndit
2503 3711 2911 3788 Pilatus;Qnod
2965 3731 3170 3802 scripsi,
3196 3739 3400 3810 scripsi.
3445 3743 3568 3816 Cap.
3619 3767 3714 3807 nx
3743 3797 3758 3822 ,

2255 3798 2288 3822 ,ι
2354 3801 2418 3822 ιη
2450 3803 2520 3822 m1

2255 3798 2538 3868 χιι-22.

2239 3914 2287 3967 1.
2329 3915 2607 3980 iudicante
2635 3938 2792 3999 atque
2815 3933 3100 3996 damnante
3137 3944 3304 4004 Pilato
3331 3967 3426 4020 pro
3455 3956 3708 4018 tribunali
3737 4007 3754 4031 ,

3331 4005 3351 4020 τ
3402 4005 3417 4007 ν-
3737 4007 3754 4031 ,

2167 4005 2445 4066 Dominum
2473 4014 2652 4072 Jesutn
2683 4022 2948 4082 Christum
2979 4031 3105 4087 hora
3137 4041 3286 4106 quasi
3311 4057 3456 4098 sexui
3487 4062 3756 4123 suscepe-

2163 4108 2315 4164 runt,
2358 4112 2410 4154 et
2439 4105 2750 4166 eduxerunt.
2785 4114 2850 4168 Et
2875 4118 3108 4188 bajulans
3135 4105 3230 4181 sibi
3271 4148 3485 4198 crucem,
3527 4142 3648 4194 exiit
3695 4147 3755 4200 in

2159 4203 2270 4240 eum
2295 4194 2380 4260 qui
2405 4194 2589 4252 dicitur
2613 4197 2859 4260 Calvaria:
2887 4209 3071 4274 loetttn,
3101 4215 3332 4275 hebrat'ce
3361 4194 3628 4298 Golgotha,
3655 4194 3754 4291 ubi

2158 4283 2517 4352 n-uciﬁxerunt
2539 4307 2673 4347 eum.
2697 4297 2831 4364 Quid
2856 4313 2939 4357 est
2963 4319 3092 4376 ergo
3110 4313 3248 4379 quod
3275 4315 3480 4375 Marcus
3507 4337 3754 4397 evange-

2159 4368 2270 4397 Ιζρι..
2303 4373 2423 4397 -t...:.
2481 4377 2520 4397 rs
2587 4391 2597 4397 .
2707 4395 2714 4397 _
2833 4390 2844 4397 .

2157 4368 2274 4426 lista
2300 4373 2446 4442 dicit,
2475 4377 2597 4434 Erat
2629 4395 2794 4440 autem
2823 4390 2949 4445 hora
2977 4398 3142 4478 tertia,
3171 4413 3216 4454 et
3241 4407 3598 4476 cruci/iurant
3619 4368 3750 4474 eims

2155 4459 2342 4528 (altare.
2367 4483 2451 4534 xv,
2477 4469 2601 4543 25);
2638 4476 2736 4530 nisi
2765 4481 2884 4548 quia
2905 4482 3029 4538 hora
3041 4465 3200 4545 tertia
3223 4499 3506 4557 cruciﬁxus
3521 4517 3602 4560 est
3625 4509 3746 4564 Do-

2152 4552 2326 4610 minus
2366 4557 2556 4629 linguis
2584 4563 2888 4626 .ludacorum
2913 4615 2927 4639 ,
2973 4575 3100 4634 hora
3131 4597 3279 4640 sexta
3307 4593 3548 4648 uianibus
3585 4602 3708 4656 nuli
3731 4634 3748 4646 -

2151 4644 2294 4698 tum?
2317 4646 2749 4724 Utintelligamus
2768 4659 2950 4719 horam
2967 4670 3200 4738 quintam
3220 4677 3330 4744 jam
3358 4680 3520 4739 fuisse
3549 4695 3746 4746 trans-

2145 4747 2338 4805 actam,
2389 4750 2442 4794 et
2471 4743 2668 4814 aliquid
2700 4750 2766 4804 de
2791 4767 2937 4812 sexta
2969 4772 3202 4830 emptum
3224 4743 3440 4838 quando
3462 4777 3600 4832 sedit
3629 4796 3744 4848 pro

3057 4827 3067 4830 -
3249 4827 3260 4838 .
3466 4827 3598 4832 “ﬂ-
3629 4827 3744 4848 .-.ν

2145 4827 2390 4885 tribunali
2421 4833 2638 4904 pimus:
2677 4858 2796 4912 ‘lllze
2823 4847 2960 4903 dicta
2990 4863 3074 4908 est
3113 4871 3140 4911 a
3184 4859 3386 4918 Joanne
3416 4867 3542 4922 hora
3571 4881 3756 4950 quasi

2145 4929 2286 4950 nnvln
2315 4939 2326 4950 ι
2356 4931 2402 4950 ΑΙ
2433 4941 2547 4950 nn-..
2587 4929 2706 4950 .IUA,
2779 4945 2789 4950 -
2956 4949 2959 4950 ,
3000 4943 3029 4950 .-

2141 4929 2286 4974 sexta
2313 4939 2326 4973 :
2355 4931 2549 4980 etcum
2581 4929 2878 4998 duceretur.
2913 4949 2968 4995 et
2998 4943 3138 5014 ligno
3167 4963 3286 5006 cum
3325 4955 3528 5014 duobus
3556 4929 3740 5020 latro-

2141 5011 2294 5066 nibus
2319 5014 2690 5088 configeretur,
2733 5033 2788 5079 et
2822 5027 2970 5097 juxta
3000 5035 3116 5104 ejus
3151 5055 3362 5100 crucem
3401 5061 3740 5118 gererentur

2135 5121 2254 5176 qua:
2275 5119 2420 5178 gesta
2449 5125 2746 5184 narrantur,
2773 5120 2904 5178 hora
2929 5139 3078 5184 sexta
3101 5133 3302 5206 integra
3327 5143 3732 5217 compleretnr;

2133 5211 2198 5250 ex
2227 5213 2326 5268 qua
2357 5199 2484 5257 hora
2511 5221 2676 5276 usque
2715 5212 2778 5266 ad
2813 5229 3004 5273 nonam
3036 5223 3148 5278 sole
3190 5227 3504 5298 obscurato,
3558 5245 3732 5294 tene.-

2133 5285 2255 5340 bras
2283 5289 2445 5346 tactas
2486 5295 2640 5352 trium
2671 5307 3408 5387 evangelistarum,Matthuti,
3451 5325 3612 5382 Marci
3663 5344 3732 5388 et

2129 5373 2286 5432 Luem
2316 5391 2639 5440 contestatur
2669 5395 2953 5452 auctoritas
2985 5400 3210 5467 (Matth.
3241 5425 3406 5476 xxv",
3429 5415 3514 5478 45';
3541 5417 3726 5476 Marc.

2128 5483 2220 5534 xv,
2250 5473 2338 5538 53,
2373 5483 2418 5528 et
2461 5475 2581 5530 Luc.
2615 5497 2766 5548 χχιιι,
2799 5486 2867 5540 Η
2890 5489 2928 5558 ).
2971 5490 3072 5546 Sed
3112 5501 3357 5565 quoniam
3383 5473 3549 5560 .iudari

2127 5577 2226 5616 nus
2257 5564 2516 5622 interfecti
2558 5569 2820 5630 Christia
2859 5595 2918 5636 se
2965 5584 3013 5639 in
3055 5586 3350 5656 Βοιιιειιιοε,
3395 5595 3445 5650 id
3491 5609 3603 5668 est,
3659 5607 3724 5662 in

2123 5649 2348 5708 Pilatum
2380 5666 2430 5710 et
2476 5659 2592 5727 ejus
2632 5665 2823 5722 milites
2858 5673 3142 5731 transferre
3179 5685 3352 5737 conati
3385 5697 3536 5752 sunt;
3577 5707 3722 5759 pro-

2123 5752 2302 5812 pterea
2330 5745 2532 5805 Marcus
2561 5765 2842 5824 suppressa
2875 5777 2936 5816 ea
2965 5763 3092 5821 hora
3119 5785 3218 5839 qua
3243 5771 3480 5832 Christus
3501 5793 3532 5835 ι
3565 5781 3718 5840 utili-
