4076 6470
373 319 508 374 1915

370 432 508 486 libus
536 429 820 485 crucifixus
845 439 945 496 est,
975 444 1091 498 qua:
1119 429 1199 498 agi
1230 437 1379 484 sexta
1400 428 1506 498 jam
1533 437 1787 498 coeperat,
1829 438 1938 484 ter-

367 522 490 574 tiam
521 520 694 588 potius
722 521 904 572 horam
941 517 1248 573 recordatus
1276 519 1554 588 expressit,
1586 534 1684 587 qua
1714 518 1840 572 hora
1863 517 1941 572 iu-

364 611 670 680 telliguutur
693 609 831 678 apud
869 609 1092 662 Pilatum
1124 609 1352 663 clamare
1383 609 1632 677 potuisse,
1664 607 1934 679 Cruci/iga,

361 703 600 772 cruci/iga
627 700 820 773 (Joan.
848 716 960 762 χιι,
988 700 1096 770 6):
1119 710 1174 754 ut
1203 716 1306 753 non
1339 701 1410 754 illi
1440 709 1636 754 tantum
1664 701 1934 770 reperian-

266 828 272 831 -
364 805 447 848 tur
479 794 804 849 crucilixisse
833 792 1038 856 Jesum,
1076 792 1128 846 id
1163 799 1264 859 est,
1301 792 1494 846 milites
1520 792 1606 860 qui
1644 807 1762 846 eum
1795 791 1936 860 ligno

360 894 508 940 sexta
543 885 669 938 hora
701 883 1120 953 suspenderunt;
1151 898 1333 936 verum
1358 883 1514 935 etiam
1539 881 1736 948 ludati,
1762 881 1849 950 qui
1880 889 1937 934 ut

359 975 776 1045 crucifigeretur,
808 973 935 1026 hora
963 974 1112 1028 tertia
1133 972 1510 1027 clamaverunt.

426 1067 482 1120 2.
499 1065 593 1121 Est
613 1073 661 1119 et
680 1065 780 1119 alia
799 1063 956 1132 hujus
974 1064 1164 1118 solutio
1176 1063 1500 1132 quaestionis,
1516 1070 1689 1117 utnon
1707 1061 1938 1116 hicacci—

357 1159 534 1228 piatur
565 1159 692 1212 hora
718 1166 865 1213 sexta
879 1157 1005 1222 diei,
1025 1157 1144 1227 quia
1163 1156 1498 1212 necloannes
1511 1156 1602 1220 ait,
1621 1155 1932 1208 Eratautem

359 1249 487 1304 hora
509 1249 613 1303 diei
641 1249 788 1318 quasi
806 1257 982 1314 sexta,
997 1256 1084 1300 aut
1105 1245 1235 1300 hora
1252 1246 1398 1316 quasi
1415 1243 1683 1308 sexta;sed
1698 1244 1788 1307 ait,
1808 1241 1936 1295 Erat

357 1351 523 1395 autem
537 1356 799 1411 parasccve
815 1339 1042 1403 Paschaz,
1065 1341 1190 1392 hora
1209 1340 1352 1404 quasi
1363 1347 1500 1392 sexta
1519 1336 1678 1409 (Ibid.
1700 1337 1810 1406 14).
1832 1335 1934 1389 Pa-

355 1446 575 1486 rasceve
613 1441 788 1484 autem
819 1430 980 1484 latine
1013 1429 1330 1497 Prmparatio
1355 1437 1438 1482 est
1465 1447 1476 1481 :
1504 1427 1596 1482 sed
1642 1429 1742 1480 isto
1772 1425 1933 1480 verbo

355 1535 530 1590 grteco
559 1519 806 1574 libentius
836 1528 1052 1573 utuntur
1070 1517 1233 1571 Judaei
1267 1519 1317 1570 in
1350 1515 1650 1584 huiusmodi
1680 1515 1932 1568 observa-

357 1611 610 1678 tionibus,
640 1611 796 1665 etiam
819 1608 908 1679 qui
938 1609 1105 1679 magis
1135 1609 1294 1661 latine
1319 1623 1476 1678 quam
1507 1620 1676 1676 grzcce
1705 1604 1931 1673 loquun-

357 1713 459 1757 tur.
493 1704 618 1757 Erat
646 1717 772 1772 ergo
809 1701 1120 1770 pra'paratio
1158 1698 1396 1753 Pascha):
1430 1696 1633 1750 Pascha
1668 1712 1792 1749 vero
1843 1710 1934 1748 no-

354 1806 535 1859 strum,
586 1795 722 1848 sicut
751 1793 875 1847 dicit
907 1791 1211 1860 Apostolus,
1259 1790 1544 1843 immolatus
1591 1798 1662 1842 est
1706 1786 1933 1842 Christus

357 1897 375 1952 (
398 1887 415 1940 l
460 1883 578 1942 Cor.
619 1902 672 1952 v,
716 1885 822 1956 7):
865 1884 1013 1952 cujus
1059 1882 1274 1937 Pascha:
1317 1881 1750 1951 praeparationem
1781 1879 1825 1932 si
1864 1877 1932 1933 ab

356 1979 484 2032 hora
516 1977 687 2032 noctis
715 1992 849 2030 nona
891 1983 1256 2044 computemus
1299 1976 1314 2044 (
1343 1983 1465 2026 tunc
1501 1971 1641 2026 enim
1687 1969 1932 2024 videntur

357 2068 625 2137 principes
645 2065 976 2120 sacerdotum
1000 2064 1366 2135 pronuntiasse
1389 2059 1802 2116 immolatimtem
1829 2059 1932 2114 Do-

354 2157 503 2220 tnini,
531 2151 785 2219 dicentes,
803 2157 937 2210 Reus
972 2164 1038 2208 cst
1063 2155 1235 2208 mortis
1257 2151 1464 2226 [Matt/4.
1486 2167 1634 2217 XXVI,
1664 2149 1784 2223 66];
1808 2166 1929 2205 cum

353 2249 527 2304 adhuc
560 2249 608 2301 in
641 2247 798 2302 domo
837 2247 1097 2316 pontiﬁcis
1127 2246 1432 2299 audiretur:
1462 2242 1600 2296 unde
1629 2257 1929 2311 congruen-

357 2349 440 2394 ter
471 2340 726 2409 aceipitur
765 2337 886 2392 inde
925 2338 1152 2406 ccepisse
1192 2335 1629 2406 pra'parationcm
1672 2333 1779 2387 veri
1825 2331 1928 2386 Pa-

353 2431 514 2495 scha‘,
535 2433 686 2500 cujus
712 2431 895 2484 umbra
925 2439 1038 2483 erat
1055 2429 1254 2483 Pascha
1275 2427 1596 2490 «Ιιιάςυυιίιιη,
1623 2425 1675 2480 id
1697 2434 1797 2492 est,
1827 2425 1928 2478 im-

354 2521 659 2576 molationis
689 2521 902 2586 Christi,
933 2537 998 2575 ex
1033 2535 1136 2589 quo
1163 2535 1190 2572 a
1221 2517 1584 2572 sacerdotibus
1618 2516 1928 2586 pronuntia-

353 2624 435 2669 tus
459 2624 541 2669 est
572 2610 966 2685 immolandus),
993 2609 1230 2681 profecto
1254 2610 1321 2663 ab
1350 2625 1411 2664 ea
1441 2609 1608 2663 noctis
1639 2607 1785 2672 hora,
1811 2622 1929 2677 quae

353 2716 476 2761 tunc
505 2722 644 2760 noua
677 2705 840 2759 fuisse
868 2704 1166 2773 conjicitur,
1197 2717 1362 2770 usque
1391 2700 1457 2755 ad
1483 2699 1666 2754 horam
1693 2699 1796 2752 diei
1826 2708 1932 2753 ter-

353 2797 476 2850 tiam
507 2814 608 2866 qua
641 2796 949 2850 crucifixum
980 2811 1096 2849 esse
1121 2790 1388 2848 Christum
1418 2792 1621 2846 Marcus
1659 2791 1929 2862 evangeli-

350 2897 430 2940 sta
460 2897 703 2950 testatur,
744 2901 834 2940 Sex
877 2886 1019 2939 hor-.e
1061 2894 1202 2948 sunt,
1253 2893 1357 2938 tres
1400 2893 1672 2937 nocturna:
1716 2893 1769 2936 et
1822 2891 1930 2937 tres

348 2978 570 3032 diurnte.
607 2977 758 3033 Unde
798 2977 849 3031 in
885 2978 982 3031 hac
1013 2991 1295 3045 parasceve
1324 2975 1562 3039 Pasclue,
1601 2973 1653 3028 id
1681 2983 1763 3029 est
1789 2990 1928 3044 prte-

350 3071 623 3139 paratione
669 3069 1045 3123 immolationis
1083 3067 1318 3134 Christi,
1364 3082 1480 3136 qua:
1509 3066 1576 3120 ab
1602 3066 1729 3120 hora
1761 3065 1929 3121 noctis

350 3175 486 3215 nona
525 3170 757 3228 (mperat
783 3204 796 3226 ,
827 3161 978 3231 quasi
1024 3169 1169 3212 sexta
1211 3158 1465 3228 agebatur
1505 3160 1667 3223 hora;
1711 3157 1760 3211 id
1807 3165 1926 3226 est,

351 3262 560 3332 pgracta
592 3253 772 3322 quinta
817 3252 926 3322 jam
973 3261 1120 3306 sexta
1162 3266 1376 3306 currere
1416 3258 1669 3320 cmperat,
1718 3249 1929 3320 quando

351 3341 553 3398 Pilatus
586 3342 816 3397 tribunal
847 3343 1115 3396 ascendit:
1144 3341 1317 3396 adhuc
1342 3341 1481 3395 cnint
1513 3351 1625 3395 erat
1656 3342 1764 3412 ipsa
1796 3357 1930 3412 pra:-

349 3433 570 3502 paratio,
603 3449 721 3502 quze
751 3433 816 3487 ab
847 3432 972 3486 hora
1002 3432 1172 3486 noctis
1202 3448 1337 3485 nona
1367 3441 1620 3502 ceperat,
1645 3432 1815 3487 donec
1838 3432 1930 3486 lie-

348 3531 433 3576 ret
457 3540 576 3592 qu:e
606 3525 1003 3594 pra-parabatur
1030 3523 1229 3577 Christi
1270 3523 1597 3578 immolatio:
1637 3539 1754 3592 qua:
1793 3522 1929 3578 facta

346 3625 431 3669 est
462 3617 588 3669 hora
624 3617 774 3672 tertia
805 3615 1092 3670 secundmn
1122 3615 1387 3678 Marcum,
1439 3632 1541 3668 non
1588 3615 1928 3684 praeparatio-

350 3707 454 3769 nis,
485 3707 579 3762 sed
609 3707 745 3770 diei;
776 3705 1066 3776 eademque
1094 3715 1240 3760 sexta
1267 3722 1369 3759 non
1397 3704 1522 3770 diei,
1549 3706 1640 3760 sed
1669 3691 1931 3775 praepara-

350 3799 533 3865 tionis,
559 3815 649 3852 sex
681 3800 859 3869 utique
878 3797 1019 3851 horis
1040 3813 1066 3850 a
1089 3798 1254 3852 l.OClIS
1273 3812 1408 3851 noua
1427 3812 1592 3864 usque
1607 3797 1670 3850 ad
1689 3798 1793 3852 diei
1819 3808 1927 3852 ter-

349 3891 473 3942 tiam
498 3892 834 3960 eomputatis.
862 3889 1052 3943 llarum
1072 3889 1292 3943 duarum
1320 3888 1637 3941 solutionum
1662 3888 1811 3943 istius
1831 3887 1931 3942 dif-

349 3980 503 4034 licilis
535 3981 839 4048 qtt;t'slit)ttis
865 4023 878 4045 ,
920 3982 1076 4050 eligat
1114 3980 1336 4049 quisque
1365 3995 1521 4048 quam
1558 3981 1715 4033 volet.
1746 3979 1930 4034 Melius

348 4081 523 4126 autem
553 4072 675 4140 quid
703 4073 857 4140 eligat
876 4070 1152 4138 judicabil,
1181 4071 1269 4139 qui
1296 4070 1361 4123 de
1389 4071 1658 4124 Cunscnsu
1687 4070 1929 4139 Evange-

349 4161 592 4215 lislarum
645 4179 762 4231 quae
813 4162 1188 4231 Operosissime
1233 4162 1495 4230 disputata
1544 4169 1700 4226 sunt,
1746 4161 1932 4228 legerit

350 4254 369 4326 (
397 4253 505 4308 Lib'.
537 4255 569 4308 5
609 4254 670 4307 de
698 4254 950 4308 Consensu
975 4254 1304 4325 Evangelist.,
1340 4271 1452 4324 cup.
1487 4255 1573 4320 15,
1615 4271 1668 4306 n.
1710 4253 1865 4308 40-50
1885 4259 1926 4323 ).

347 4345 500 4412 Quod
531 4346 572 4398 si
599 4355 652 4399 et
680 4345 796 4399 alite
823 4346 1114 4399 solutiones
1144 4344 1257 4413 ejus
1285 4344 1551 4413 potuerint
1575 4343 1816 4407 inveniri,
1839 4357 1931 4397 cu-

348 4436 599 4488 mulatius
641 4435 959 4505 evangelica:
1001 4435 1236 4488 veritatis
1272 4434 1565 4486 constantia
1616 4432 1931 4486 defendetur

349 4528 608 4582 adversus
653 4528 944 4580 calumnias
989 4525 1212 4581 inlidelis
1253 4535 1410 4594 atque
1459 4525 1631 4593 impia:
1663 4523 1928 4577 vanitatis.

349 4617 502 4673 Nunc
528 4619 592 4672 ad
625 4619 979 4673 narrationem
1025 4617 1244 4672 Joannis
1284 4617 1619 4686 evangelista:
1669 4625 1787 4685 post
1831 4615 1930 4669 ista

347 4710 583 4764 breviter
607 4720 825 4763 tractata
854 4709 1149 4763 redeamus.

421 4800 472 4852 5.
499 4799 842 4867 Susceperunt
863 4810 1056 4860 autem,
1081 4799 1264 4871 inquit,
1285 4797 1496 4865 Iesum,
1547 4808 1593 4852 et
1618 4798 1932 4853 eduxerunt:

345 4900 394 4943 et
420 4889 656 4959 bajulans
692 4890 785 4943 sibi
810 4908 1023 4948 crucem.
1041 4891 1157 4942 exiit
1175 4892 1224 4942 in
1243 4907 1352 4942 eum
1379 4890 1460 4958 qui
1488 4889 1670 4942 dicitur
1690 4887 1934 4943 Calcaritn

346 4982 512 5034 locum
537 5023 549 5046 ,
581 4981 810 5033 hebraiee
856 4980 1137 5052 Golgotha,
1172 4981 1254 5033 ubi
1281 4980 1640 5047 cruciﬁxerunt
1667 4996 1797 5031 earn.
1825 4979 1935 5034 Ibat

344 5088 475 5142 ergo
505 5073 571 5126 ad
599 5073 772 5126 locum
801 5074 886 5126 ubi
916 5074 1083 5127 fuerat
1121 5071 1506 5141 cruciligendus
1529 5113 1543 5138 ,
1579 5081 1791 5140 portans
1816 5087 1934 5126 cru-

344 5179 463 5217 cem
495 5181 647 5218 suam
679 5163 853 5218 .lesus.
884 5163 1096 5219 Grande
1140 5163 1498 5234 spectaculum
1536 5180 1548 5214 :
1579 5163 1669 5216 sed
1721 5163 1763 5216 si
1813 5179 1936 5233 spe-

345 5265 460 5310 ctet
506 5257 787 5325 impietas,
829 5255 1030 5326 grande
1059 5256 1382 5320 ludibrium;
1432 5255 1474 5307 si
1509 5255 1708 5324 pietas,
1738 5255 1936 5325 grande

349 5348 665 5416 mysterium
698 5365 710 5400 :
745 5353 786 5401 si
832 5357 1034 5416 spectet
1082 5348 1324 5418 impietas
1349 5389 1363 5414 ,
1396 5347 1594 5416 grande
1637 5348 1936 5416 ignominia:

344 5434 766 5502 documentum;
807 5438 851 5490 si
882 5438 1045 5506 pietas
1069 5479 1083 5501 ,
1125 5437 1325 5506 grande
1355 5437 1474 5491 lidei
1503 5437 1886 5492 munimentum
1920 5455 1932 5490 :

349 5529 396 5582 si
427 5539 633 5596 Speclct
664 5530 940 5600 impietas,
986 5529 1124 5585 ridet
1154 5546 1330 5600 regem
1376 5545 1470 5599 pro
1519 5531 1661 5600 virga
1695 5531 1838 5600 regni
1870 5531 1934 5583 li-

349 5636 513 5690 gnum
560 5623 640 5675 sui
695 5633 901 5692 portare
951 5624 1233 5692 supplicii;
1275 5624 1316 5676 si
1351 5625 1517 5693 pietas
1542 5666 1555 5687 ,
1587 5623 1727 5677 videt
1757 5639 1935 5692 regem

354 5701 686 5781 baiulantem
741 5719 938 5788 lignum
968 5719 1033 5772 ad
1077 5717 1418 5787 semetipsum
1451 5715 1752 5788 ﬁgendum,
1797 5714 1935 5788 quod

1463 316 1866 371 'I'IIACTA'IUS
1901 319 2102 373 CXVII.
2141 315 2369 376 CAPUT
2411 323 2554 378 XIX.

3475 336 3615 394 lli-I6

2050 431 2246 485 lituras
2273 433 2444 488 fuerat
2471 433 2633 488 etiam
2664 435 2716 489 iu
2748 435 3006 492 frontibus
3037 455 3216 510 regum
3247 461 3258 494 :
3293 443 3344 496 iu
3371 459 3434 499 eo
3457 460 3612 515 sper-

2048 521 2249 574 nendus
2294 526 2462 579 oculis
2515 526 2838 594 impiorum,
2890 529 2942 582 in
2985 545 3089 599 quo
3129 543 3280 586 erant
3329 535 3612 602 gloriatura

2043 611 2200 664 Corda
2233 625 2551 668 sanctorum.
2606 617 2820 671 Dicturo
2864 621 3003 674 enim
3034 620 3230 690 Paulo,
3281 623 3414 678 Mihi
3447 638 3612 683 autem

2041 702 2168 754 absit
2191 704 2426 774 gloriari,
2456 707 2552 758 nisi
2573 707 2623 758 in
2647 724 2793 761 cruce
2819 707 3024 762 Domini
3066 713 3224 764 nostri
3263 713 3388 766 Jesu
3431 715 3617 771 Christi

2043 791 2233 859 (Galat.
2261 810 2332 856 vr,
2371 795 2456 863 ll)
2479 837 2492 858 ,
2523 797 2687 864 ipsam
2727 813 2936 852 crucem
2965 816 3116 856 suam
3147 818 3244 856 suo
3273 815 3486 874 gestans
3516 810 3615 862 hu-

2041 898 2189 936 mero
2211 886 2614 939 commendabat
2639 905 2652 953 ;
2679 898 2734 943 et
2760 889 2985 944 lucerna:
3010 906 3208 946 arsurte
3233 911 3348 962 qua:
3379 896 3477 950 sub
3503 914 3614 953 mo-

2041 973 2128 1028 dio
2169 978 2406 1042 ponenda
2442 994 2543 1030 non
2584 991 2730 1044 erat,
2763 981 3134 1036 candelabrum
3167 983 3367 1039 ferebat
3397 986 3610 1057 (illatth,

2041 1067 2234 1134 v,15).
2276 1065 2528 1137 Bajulans
2577 1085 2702 1138 ergo
2727 1071 2820 1123 sibi
2859 1089 3082 1138 crucem,
3141 1075 3260 1127 ca'iit
3306 1076 3357 1128 in
3387 1094 3498 1130 cum
3529 1081 3616 1150 qui

2041 1156 2223 1210 dicitur
2249 1157 2500 1212 Calearia:
2546 1161 2708 1213 locum
2733 1204 2748 1228 ,
2778 1163 3004 1216 hebraice
3049 1164 3296 1236 Golgotlta
3324 1183 3341 1220 :
3372 1169 3456 1222 ubi
3501 1187 3613 1224 eum

2039 1250 2394 1318 cruciﬁxerunt
2416 1267 2436 1314 ,'
2466 1268 2509 1304 et
2556 1269 2667 1304 cum
2704 1269 2759 1305 eo
2801 1241 2927 1307 alios
2953 1256 3078 1308 duos
3103 1257 3220 1310 hinc
3247 1268 3292 1311 et
3319 1258 3462 1323 hinc,
3505 1277 3612 1313 me-

2039 1341 2176 1394 dium
2197 1351 2364 1394 autem
2389 1343 2582 1397 Jesum.
2611 1343 2698 1396 Isti
2719 1344 2824 1399 duo
2853 1345 3088 1402 latrones
3116 1358 3286 1416 erant,
3317 1350 3455 1405 sicut
3481 1352 3614 1405 alio-

2040 1448 2154 1485 rum
2199 1434 2638 1502 evangelistarum
2665 1436 2966 1491 narratione
2994 1437 3274 1492 didicimus
3297 1483 3310 1504 ,
3344 1457 3463 1495 cum
3492 1443 3611 1512 qui-

2037 1520 2137 1574 bus
2181 1523 2462 1576 cruciﬁxus
2490 1534 2543 1579 et
2568 1525 2705 1579 inter
2745 1540 2876 1594 quos
2907 1526 3040 1580 ﬁxus
3085 1538 3166 1582 est
3192 1529 3431 1585 Christus
3480 1532 3608 1604 (Id.

2041 1627 2218 1678 xxvu,
2249 1613 2338 1678 '58,
2383 1612 2549 1668 Marc.
2574 1631 2666 1681 xv,
2688 1615 2778 1679 27,
2809 1625 2856 1669 ει
2894 1615 3022 1671 Luc.
3069 1635 3226 1684 χχιιι,
3260 1622 3383 1690 35);
3415 1621 3482 1676 de
3507 1638 3612 1692 quo

2038 1702 2311 1770 prtrmissa
2332 1701 2539 1758 dixerat
2568 1706 2840 1774 prophetia
2865 1746 2880 1773 ,
2913 1706 2978 1760 Et
3010 1708 3139 1762 inter
3179 1711 3375 1780 iniquos
3401 1712 3615 1781 deputa-

2038 1799 2116 1844 tus
2142 1800 2212 1845 est
2242 1791 2392 1862 (Isai.
2421 1810 2531 1858 LIII,
2560 1795 2669 1866 12).

2109 1883 2162 1937 4.
2215 1901 2235 1936 t
2287 1883 2512 1956 Scripsit
2535 1895 2712 1943 autem
2738 1896 2792 1944 et
2833 1889 3043 1944 titulum
3074 1890 3303 1958 Pilatus,
3348 1902 3401 1948 et
3437 1896 3613 1965 posuit

2035 1989 2195 2046 super
2218 1992 2430 2034 crucem
2455 1997 2467 2032 :
2500 1988 2616 2035 erat
2640 1990 2816 2036 autem
2865 1984 3118 2052 scriptum
3141 2026 3157 2048 ,
3187 1983 3342 2040 Jesus
3379 1985 3611 2042 Nazare-

2037 2084 2134 2123 nus
2161 2069 2270 2124 Rex
2297 2069 2620 2127 Judreorum.
2651 2072 2804 2128 Hunc
2819 2089 2946 2144 ergo
2974 2075 3178 2130 titulum
3202 2077 3349 2130 multi
3373 2079 3614 2147 legerunt

2032 2156 2356 2226 Judaeorum,
2383 2162 2503 2231 quia
2535 2178 2697 2232 prope
2718 2163 2984 2220 civitatem
3014 2175 3128 2220 erat
3147 2166 3295 2221 locus
3325 2167 3411 2221 ubi
3437 2170 3610 2222 cruci-

2034 2247 2170 2302 ﬁxus
2189 2257 2272 2304 est
2309 2250 2483 2306 Jesus.
2514 2251 2582 2305 Et
2613 2261 2729 2307 erat
2768 2254 3020 2329 scriptum
3048 2254 3296 2310 hebraiee
3315 2297 3330 2321 ,
3361 2271 3532 2326 grtece
3557 2265 3612 2312 ct

2034 2337 2196 2394 latine
2223 2357 2236 2392 :
2265 2340 2378 2394 Rex
2405 2340 2730 2396 Judteorum.
2765 2361 2784 2395 ι
2821 2343 2913 2397 Hae
2954 2345 3152 2414 quippe
3181 2355 3288 2400 tres
3316 2347 3506 2414 lingua:
3539 2347 3610 2401 ibi

2045 2443 2154 2497 pra:
2181 2431 2390 2485 caeteris
2430 2432 2735 2487 eminebant
2762 2451 2774 2486 :
2802 2433 3043 2499 hebrzea,
3064 2444 3281 2504 prepter
3319 2435 3531 2491 Judaeos
3559 2438 3614 2491 in

2033 2520 2129 2576 Dei
2151 2521 2290 2591 Lege
2314 2522 2634 2592 gloriantes;
2665 2539 2866 2594 graeca,
2890 2533 3105 2595 preptcr
3129 2526 3377 2581 Gentium
3401 2528 3614 2596 sapien-

2036 2620 2144 2678 tes;
2169 2613 2352 2680 latina,
2386 2624 2604 2684 propter
2625 2616 2894 2671 Romanos
2919 2618 3099 2672 multis
3125 2632 3186 2672 ac
3211 2633 3344 2688 pene
3369 2617 3614 2672 omnibus

2029 2703 2137 2773 jam
2161 2713 2286 2760 tunc
2313 2706 2560 2775 gentibus
2590 2707 2936 2775 imperantes.

2103 2796 2155 2850 5.
2189 2795 2432 2850 Dicebant
2476 2813 2592 2867 ergo
2625 2795 2797 2850 Pilato
2823 2798 3085 2867 pontiﬁces
3115 2795 3411 2872 Judworum
3436 2813 3454 2850 :
3487 2795 3614 2850 Noli

2033 2885 2265 2954 scribere,
2295 2888 2406 2942 Rea:
2429 2886 2756 2952 Judteorum;
2778 2888 2867 2942 sed
2894 2890 3010 2958 quia
3043 2889 3150 2957 ipse
3178 2889 3324 2950 dixit,
3355 2887 3464 2941 Rea:
3502 2904 3613 2940 sum

2032 2976 2354 3031 Iudaeorum.
2396 2979 2671 3048 Respondit
2711 2979 2913 3034 Pilatus
2944 2997 2962 3034 :
3009 2981 3157 3046 Quod
3180 2982 3388 3051 scripsi,
3414 2981 3610 3047 scripsi.

2035 3067 2079 3121 0
2109 3067 2428 3122 ineffabilem
2457 3070 2561 3123 vim
2585 3069 2776 3124 divime
2807 3071 3156 3138 Operationis,
3209 3071 3366 3125 etiam
3415 3072 3463 3123 in
3491 3087 3614 3124 cor-

2036 3157 2191 3213 dibus
2234 3158 2623 3229 ignorantium!
2657 3161 2842 3214 Nonne
2873 3162 3076 3216 occulta
3119 3177 3219 3215 vox
3251 3162 3493 3231 quadam
3525 3162 3614 3216 Pi-

2035 3248 2143 3303 lato
2175 3249 2314 3305 intus
2361 3251 2622 3320 quodam,
2675 3252 2718 3306 si
2748 3251 2853 3306 dici
2884 3261 3084 3321 potest,
3130 3252 3364 3306 clamoso
3408 3253 3616 3306 silentio

2037 3342 2394 3411 personabat,
2427 3343 2566 3412 quod
2614 3353 2759 3397 tanto
2788 3353 2911 3398 ante
2958 3343 3008 3398 in
3055 3343 3383 3397 Psalmortun
3427 3343 3617 3396 litteris

2036 3434 2409 3502 prophetatum
2455 3443 2570 3501 est,
2619 3433 2701 3487 Ne
2725 3451 3022 3504 corrumpas
3066 3433 3196 3486 tituli
3242 3433 3617 3500 inscriptionem

2039 3523 2164 3592 (Tit.
2208 3524 2355 3578 Psal.
2383 3541 2486 3588 ιιι-1,
2522 3524 2650 3592 Lvu)
2679 3526 2701 3578 ?
2750 3525 2890 3579 Ecce
2917 3524 3054 3578 tituli
3085 3525 3480 3592 inscriptionem
3511 3540 3615 3578 non

2034 3617 2360 3687 corrumpit;
2391 3616 2530 3687 quod
2559 3618 2805 3685 scripsit,
2839 3617 3069 3685 scripsit.
3094 3615 3198 3670 Sed
3223 3617 3381 3670 etiam
3408 3617 3617 3683 poatili-

2035 3723 2124 3763 ccs
2163 3709 2251 3778 qui
2283 3708 2383 3762 hoc
2407 3709 2674 3777 corrumpi
2704 3708 2984 3771 volebant,
3028 3707 3153 3774 quid
3177 3707 3458 3760 dicebant?
3491 3707 3616 3760 Noli

2033 3798 2246 3852 scribere
2263 3840 2276 3863 ,
2308 3799 2543 3868 inquiunt
2563 3839 2575 3862 ,
2606 3797 2716 3851 Rex
2733 3797 3064 3861 Judworum;
3089 3797 3175 3850 sed
3194 3797 3311 3861 quia
3338 3797 3443 3866 ipse
3463 3797 3610 3861 dixit,

2037 3889 2148 3942 Rea:
2172 3906 2281 3942 sum
2311 3887 2630 3941 Judteorum.
2676 3887 2811 3952 Quid
2862 3887 3175 3956 loquimini,
3224 3886 3436 3940 insani?
3478 3885 3611 3953 Quid

2037 3979 2152 4032 ﬁeri
2175 3979 2563 4043 contradicitis,
2595 3978 2735 4048 quod
2764 3987 2967 4031 mutare
3001 3977 3144 4030 nullo
3173 3986 3327 4044 pacto
3357 3977 3614 4044 potestis?

2035 4070 2298 4140 Numquid
2325 4070 2465 4123 enim
2496 4078 2773 4137 propterea
2797 4083 2900 4120 non
2943 4067 3044 4120 erit
3069 4082 3287 4129 verum,
3317 4067 3436 4135 quia
3457 4065 3614 4120 Jesus

2036 4163 2136 4225 ait,
2160 4162 2270 4216 Rea:
2287 4178 2397 4214 sum
2417 4161 2711 4214 Judworum
2733 4161 2757 4214 ?
2792 4158 2844 4213 Si
2869 4159 3134 4227 corrumpi
3155 4175 3256 4211 non
3277 4167 3450 4227 potest
3469 4156 3610 4226 quod

2035 4253 2234 4307 Pilatus
2258 4251 2501 4320 scripsit,
2535 4251 2800 4319 corrumpi
2846 4258 3018 4318 potest
3043 4249 3182 4318 quod
3229 4248 3616 4302 veritasdixit?

2035 4343 2136 4397 Sed
2153 4343 2452 4398 Judmorum
2477 4349 2676 4396 tantum
2693 4357 2784 4395 rex
2802 4350 2881 4395 cst
2899 4341 3162 4403 Christus,
3184 4356 3248 4393 an
3267 4351 3318 4394 et
3340 4339 3614 4394 Gentium?

2036 4433 2146 4488 Ιιηο
2175 4443 2227 4488 et
2266 4433 2532 4488 Gentium.
2585 4431 2717 4487 Cum
2755 4433 2896 4487 enim
2944 4432 3162 4484 dixissm
3204 4433 3252 4484 in
3304 4431 3615 4501 prophetia,

2037 4523 2148 4594 ligo
2176 4534 2338 4576 autem
2364 4525 2658 4576 constitutus
2684 4540 2793 4574 sum
2823 4539 2911 4576 rex
2940 4522 3001 4574 ab
3027 4539 3082 4575 eo
3108 4538 3260 4590 super
3295 4523 3418 4574 Sion
3468 4538 3614 4572 mon-

2036 4628 2131 4671 tem
2159 4624 2385 4666 sanctum
2434 4615 2574 4682 ejus,
2625 4613 2907 4679 pradicans
2935 4622 3236 4682 prwccptnm
3270 4610 3508 4673 Domini;
3549 4626 3615 4664 ne

2038 4719 2254 4779 propter
2280 4716 2512 4761 montem
2559 4705 2689 4760 Sion
2733 4706 2860 4758 solis
2887 4705 3085 4760 Judzeis
3114 4721 3232 4757 cum
3264 4720 3441 4771 regem
3473 4703 3618 4772 quis-

2035 4816 2190 4870 quam
2219 4800 2418 4853 diceret
2441 4799 2819 4862 constitutum,
2862 4798 3110 4851 continuo
3137 4795 3397 4864 subjecit,
3442 4793 3618 4846 Domi-

2038 4908 2131 4944 nus
2151 4891 2275 4942 dixit
2297 4889 2364 4941 ad
2391 4905 2492 4952 me,
2527 4886 2690 4942 Filius
2722 4905 2857 4940 meus
2884 4904 2934 4941 cs
2963 4898 3035 4952 tu,
3062 4902 3150 4955 ego
3181 4885 3325 4936 hodie
3345 4883 3492 4952 genui
3521 4891 3568 4935 te
3597 4899 3614 4935 :

2039 4981 2237 5054 postulo
2259 4999 2290 5033 a
2315 4999 2420 5044 me,
2452 4990 2496 5032 et
2525 4979 2651 5032 dabo
2683 4981 2768 5031 tibi
2798 4989 2965 5050 gentes
2994 4977 3332 5029 hcercditatent
3365 4985 3498 5026 tuam
3523 5015 3538 5038 ,
3570 4987 3616 5027 et

2041 5076 2398 5144 possessionem
2429 5083 2564 5125 tuam
2592 5074 2826 5126 terminos
2851 5083 2994 5124 terra:
3018 5067 3185 5142 (Psal.
3221 5085 3277 5133 ιι,
3307 5065 3441 5135 6-8).
3471 5065 3618 5120 l‘nde

2040 5177 2090 5220 et
2123 5168 2232 5236 ipse
2258 5166 2366 5233 jam
2409 5181 2502 5234 per
2549 5180 2608 5216 os
2636 5163 2903 5232 proprimn
2947 5161 3168 5229 loquens
3192 5157 3326 5226 apud
3358 5155 3572 5209 Judzeos
3603 5173 3617 5210 :

2045 5260 2218 5314 Habeo
2238 5301 2252 5324 ,
2299 5261 2505 5328 inquit,
2538 5258 2665 5310 alias
2701 5272 2812 5309 ores
2840 5271 2949 5324 qua:
2971 5271 3067 5306 non
3095 5263 3210 5305 sunt
3253 5252 3313 5305 de
3336 5251 3428 5303 hoc
3454 5251 3570 5303 ovili
3599 5264 3619 5304 .'

2043 5359 2237 5419 oportet
2275 5365 2354 5402 me
2378 5358 2423 5402 ει
2448 5349 2584 5418 ipsas
2607 5345 2852 5399 adducere
2872 5385 2887 5410 ,
2919 5355 2963 5397 et
2990 5360 3155 5397 vocent
3192 5359 3350 5397 meam
3381 5341 3617 5407 audient,

2043 5450 2087 5495 et
2113 5442 2201 5494 erit
2231 5456 2358 5492 unus
2380 5455 2502 5508 grex
2521 5447 2565 5491 et
2589 5452 2717 5490 unus
2743 5447 2912 5504 pastor
2940 5433 3113 5507 (Joan.
3141 5449 3199 5499 ιι,
3234 5432 3342 5504 16).
3367 5432 3474 5487 Cur
3495 5447 3622 5501 ergo

2043 5545 2289 5600 magnum
2319 5529 2564 5582 volumus
2593 5525 2806 5595 intelligi
2828 5526 2877 5577 in
2909 5525 3007 5578 hoc
3036 5524 3185 5577 titulo
3206 5531 3617 5585 sacramentum,

2046 5622 2095 5675 in
2124 5637 2228 5690 quo
2247 5619 2501 5689 scriptum
2531 5627 2665 5680 erat,
2695 5616 2806 5670 Rex
2832 5614 3150 5679 Judteorum,
3182 5615 3224 5667 si
3251 5631 3341 5668 rex
3363 5622 3445 5669 est
3471 5611 3619 5667 Chrio

2047 5723 2160 5771 stus
2189 5721 2242 5769 et
2266 5709 2553 5768 Gentium?
2576 5709 2706 5778 Quia
2738 5709 2940 5764 scilicet
2963 5709 3192 5764 oleaster
3219 5707 3385 5763 factus
3404 5717 3482 5763 cst
3498 5720 3618 5778 par-
