4076 6468
538 352 674 409 194⁷

536 469 706 538 ticeps
731 463 1066 538 pinguedinls
1087 461 1220 518 olea:
1238 503 1254 529 ,
1285 475 1391 520 non
1434 459 1551 514 olea
1581 458 1844 528 particeps
1869 455 2002 510 facta
2025 463 2109 510 est
2162 496 2164 498 τ

535 555 902 613 amaritudinis
927 555 1140 610 oleastri
1171 551 1343 626 (Rom.
1372 567 1446 618 xi,
1472 551 1580 620 l7).
1612 549 1742 603 Nam
1781 549 1832 602 in
1861 563 1926 602 eo
1965 543 2105 617 quod

525 647 600 704 de
622 647 836 706 Christo
864 647 1120 702 veraciter
1149 646 1373 714 scriptus
1404 651 1486 699 est
1509 642 1720 706 titulus,
1755 640 1866 695 Rex
1889 637 2106 694 Judteo-

533 759 668 809 rum,
698 742 786 812 qui
808 751 928 796 sunt
954 739 1276 808 intelligendi
1297 737 1463 792 ,ἰωὰλυί
1482 779 1498 804 ,
1523 736 1624 790 nisi
1649 750 1832 790 semen
1855 734 2102 796 Abrahae,

535 836 629 890 lilii
671 835 1066 906 promissionis,
1096 831 1184 901 qui
1213 839 1336 884 sunt
1361 830 1520 884 etiam
1549 827 1638 881 ﬁlii
1682 827 1818 882 Dei?
1845 825 2104 892 Quoniam

533 944 634 981 non
655 927 741 994 qui
765 927 860 995 ﬁlii
875 924 1041 978 carnis
1059 965 1074 990 ,
1097 923 1170 976 ait
1196 917 1482 990 Apostolus
1507 961 1521 986 ,
1549 920 1602 972 lii
1623 919 1716 988 ﬁlii
1743 917 1873 983 Dei;
1904 916 1992 972 sed
2020 915 2106 988 qui

532 1017 628 1086 ﬁlii
653 1017 1016 1086 promissionis,
1045 1014 1350 1085 deputantur
1377 1012 1430 1064 in
1466 1010 1652 1065 semine
1681 1007 1790 1080 (Id.
1819 1023 1904 1072 ix,
1939 1007 1992 1073 7,
2023 1003 2100 1078 8).

530 1105 596 1159 Et
617 1105 812 1160 Gentes
832 1111 984 1158 erant
1023 1104 1212 1172 quibus
1231 1101 1438 1155 dicebat
1457 1142 1472 1166 ,
1504 1099 1564 1154 Si
1590 1107 1752 1152 autem
1781 1112 1864 1150 vos
1886 1094 2099 1159 Christi,

528 1211 646 1265 ergo
675 1194 891 1248 Abrahae
923 1209 1088 1248 semen
1111 1193 1226 1246 estis
1246 1233 1260 1258 ,
1287 1190 1559 1244 secundum
1596 1187 1972 1260 promissionem
1999 1186 2106 1239 Ita:-

527 1285 668 1338 redes
717 1282 912 1356 (Galat.
945 1299 998 1338 ιιι
1021 1325 1035 1350 ,
1061 1282 1173 1354 ‘29).
1201 1285 1311 1336 Rex
1339 1295 1464 1350 ergo
1488 1280 1790 1334 Judmorum
1821 1275 2062 1332 Christus
2083 1317 2097 1342 ,

523 1374 618 1429 sed
641 1373 946 1429 Judtrorum
970 1373 1370 1428 circumcisione
1399 1371 1601 1437 cordis,
1627 1369 1814 1440 spiritu
1835 1409 1850 1434 ,
1884 1384 1986 1422 non
2015 1367 2102 1422 lit-

525 1474 674 1530 tera;
707 1481 935 1535 quorum
963 1465 1079 1518 laus
1109 1480 1214 1518 non
1263 1479 1326 1519 cx
1370 1462 1704 1528 hominibus,
1747 1459 1840 1515 sed
1883 1475 1944 1513 ex
1989 1459 2100 1513 Deo

523 1563 604 1610 est
629 1553 800 1626 (Rom.
825 1571 882 1622 ιι,
909 1553 1024 1625 29);
1053 1554 1428 1623 pertinentium
1449 1551 1518 1607 ad
1547 1550 1842 1610 Jerusalem
1867 1550 2086 1604 liberam

524 1653 750 1700 matrem
795 1653 1028 1699 nostram
1073 1654 1326 1698 :etcrnam
1354 1644 1408 1700 in
1433 1639 1615 1708 culis,
1645 1642 1826 1696 Saram
1855 1640 2099 1710 Spit-ima-

525 1735 631 1791 lem
654 1777 670 1802 ,
712 1736 958 1790 ancillam
986 1745 1040 1791 et
1061 1735 1198 1788 ﬁlios
1228 1734 1344 1804 ejus
1371 1733 1390 1766 ί
1414 1732 1483 1790 de
1521 1730 1683 1786 domo
1721 1731 1977 1785 libertatis
1997 1730 2096 1798 eji—

521 1827 750 1882 cientem
801 1825 996 1898 (Galat.
1039 1843 1115 1893 tv,
1162 1825 1374 1897 22-51).
1408 1824 1532 1878 Ideo
1559 1823 1699 1878 enim
1727 1823 1928 1878 Pilatus
1956 1821 2095 1892 quod

520 1916 760 1990 scripsit,
791 1918 1033 1987 scripsit;
1067 1917 1188 1986 quia
1215 1917 1474 1972 Dominus
1499 1915 1639 1986 quod
1665 1915 1824 1982 dixit,
1853 1915 2004 1970 dixit.

971 2029 1380 2087 TRACTATUS
1417 2029 1646 2094 CXVlll.

518 2138 584 2195 In
613 2144 722 2197 hac
750 2141 931 2210 verba,
962 2141 1152 2196 Milites
1177 2156 1306 2211 ergo
1343 2156 1464 2196 cum
1507 2141 1892 2196 cruciﬁxissent
1933 2155 2052 2194 eum
2075 2183 2091 2208 ,

585 2243 906 2302 acceperunt
929 2235 1242 2290 vestimenta
1283 2235 1398 2303 ejus
1419 2275 1434 2300 ,
1466 2243 1558 2288 etc.
1605 2232 1734 2304 Cap.
1765 2249 1858 2287 xxx
1880 2275 1895 2298 ,
1943 2233 1978 2304 ᾗ
2013 2234 2049 2304 7
2074 2273 2087 2287 .

583 2323 670 2388 25,
703 2325 794 2378 24.

587 2438 639 2492 ι.
679 2437 758 2492 Ea
799 2453 918 2508 qua:
956 2447 1104 2510 gesta
1130 2447 1252 2494 sunt
1275 2439 1422 2508 juxta
1449 2453 1657 2494 crucem
1689 2435 1900 2492 Domini
1926 2480 1940 2504 ,
1968 2451 2088 2493 cum

512 2528 620 2598 jam
661 2529 942 2585 cruciﬁxus
984 2539 1160 2596 esset,
1197 2531 1328 2598 isto,
1377 2539 1628 2601 quantum
1674 2529 1924 2599 adjuvat,
1978 2544 2092 2584 scr-

516 2634 676 2674 mone
705 2628 1012 2676 tractemus.
1059 2640 1078 2673 ‹
1112 2622 1302 2677 Milites
1353 2638 1481 2692 ergo
1533 2638 1652 2677 cum
1701 2621 2090 2676 cruciﬁxissent

513 2727 634 2766 eum
657 2754 672 2779 ,
714 2723 1034 2783 acceperunt
1057 2715 1374 2770 vestimenta
1402 2715 1516 2784 ejus
1536 2757 1551 2780 ,
1604 2723 1656 2769 et
1685 2713 1925 2768 fecerunt
1953 2729 2087 2784 qua-

513 2810 634 2856 tuor
659 2809 873 2871 partes;
925 2804 1211 2874 unicuique
1241 2805 1394 2859 militi
1439 2813 1678 2874 partem,
1733 2813 1786 2859 et
1831 2805 2083 2859 tunicam.

509 2891 828 2948 Eratautem
859 2895 1034 2950 tunica
1065 2895 1424 2963 inconsutilis,
1456 2895 1687 2966 desuper
1714 2903 1962 2950 contexta
1991 2910 2088 2966 per

509 2989 678 3039 totum
707 3001 720 3038 :
753 2983 1001 3040 dixerunt
1047 3001 1173 3056 ergo
1218 2986 1286 3041 ad
1333 2988 1556 3042 invicem
1583 3029 1598 3054 ,
1639 2987 1752 3040 Non
1783 2987 2084 3042 scindanius

510 3087 626 3128 eam
646 3115 660 3138 ,
685 3073 778 3129 sed
800 3077 1081 3130 sortiamur
1100 3076 1167 3131 de
1197 3077 1285 3131 illa
1307 3077 1457 3147 cujus
1485 3079 1572 3132 sit.
1603 3077 1671 3134 Ut
1694 3075 1964 3146 Scriptura
1988 3077 2088 3130 im-

509 3163 744 3232 pleretur
762 3164 945 3220 dicens
969 3209 984 3234 ,
1015 3167 1195 3221 Partiti
1223 3177 1345 3224 sunt
1373 3169 1683 3223 vestimenta
1712 3183 1826 3223 mea
1851 3169 1946 3223 sibi
1974 3208 1988 3232 ,
2029 3177 2083 3222 et

509 3253 564 3308 in
589 3263 790 3311 vestem
817 3271 988 3310 meam
1010 3257 1266 3314 miserunt
1293 3268 1510 3314 sortem.
1543 3277 1562 3311 ι
1595 3259 1812 3313 Factum
1841 3269 1920 3313 est
1941 3259 2081 3328 quod

507 3343 788 3400 voluerunt
815 3346 981 3402 Judaei
1009 3367 1021 3403 :
1055 3365 1158 3404 non
1186 3351 1319 3421 ipsi,
1351 3351 1444 3404 sed
1477 3350 1671 3406 milites
1711 3351 1799 3420 qni
1829 3351 2082 3420 parebant

507 3433 677 3490 Pilato
697 3477 712 3502 ,
754 3437 1024 3506 judicante
1056 3441 1170 3510 ipso
1191 3481 1206 3506 ,
1247 3441 1624 3498 cruciﬁxerunt
1651 3443 1864 3507 Jesum;
1915 3451 1968 3497 et
1999 3451 2082 3496 ta-

507 3540 629 3581 men
655 3527 699 3581 si
724 3528 1020 3584 voluntatcs
1041 3572 1056 3597 ,
1103 3531 1148 3585 si
1191 3531 1407 3586 insidias
1427 3573 1442 3598 ,
1472 3533 1516 3587 si
1545 3547 1796 3602 operam,
1828 3534 1872 3588 si
1917 3535 2080 3587 tradi-

506 3617 741 3687 tionem,
771 3629 1042 3692 postremo
1071 3624 1116 3678 si
1169 3619 1547 3694 extorquentes
1592 3627 1852 3682 clamores
1896 3644 2078 3683 eorum

504 3710 824 3778 cogitemus,
857 3713 1023 3783 magis
1045 3715 1224 3783 utique
1244 3715 1410 3770 Judaei
1443 3717 1816 3772 cruciﬁxeruut
1838 3719 2040 3773 Jesum.

572 3799 629 3854 2.
672 3801 776 3858 Sed
805 3803 872 3858 de
901 3805 1180 3872 partitione
1226 3815 1280 3862 et
1325 3809 1598 3862 sortitione
1645 3810 2078 3865 vestimentorum

504 3890 620 3959 ejus
650 3907 754 3946 non
784 3905 865 3949 est
887 3903 1270 3962 prwtereunter
1295 3897 1632 3964 loquendum.
1659 3899 1910 3967 Quamvis
1936 3903 2076 3955 enim

502 3993 692 4035 omnes
717 3981 1064 4052 Evangelistze
1107 3994 1333 4054 quatuor
1375 3987 1528 4054 hujus
1577 3989 1654 4042 rei
1698 3989 2075 4058 meminerint,

502 4069 682 4124 cieteri
719 4079 891 4126 tamen
921 4073 1138 4128 brevius
1177 4093 1332 4145 quam
1363 4077 1593 4132 Joannes
1629 4098 1642 4133 :
1675 4089 1727 4134 ct
1753 4081 1931 4135 clause
1963 4083 2070 4149 illi,

504 4159 608 4214 iste
650 4175 778 4215 vero
803 4165 1154 4230 apertissime.
1186 4166 1314 4219 Nam
1347 4168 1620 4222 Matthznus
1648 4171 1720 4222 ait
1750 4187 1763 4224 :
1795 4169 2075 4241 Postquam

500 4259 668 4303 autem
697 4254 1052 4322 cruci/ixerunt
1093 4273 1236 4318 eum.
1287 4259 1557 4313 diuiserunt
1601 4263 1887 4316 vestimenta
1930 4265 2071 4333 ejus,

499 4351 682 4395 sortem
717 4345 960 4399 mittentes
985 4343 1003 4418 (
1033 4347 1216 4401 Matth.
1249 4365 1416 4416 xxvu,
1450 4351 1560 4423 ’55).
1591 4353 1795 4408 Marcus
1826 4372 1839 4408 :
1873 4355 1934 4408 Et
1955 4373 2074 4409 ενα-

499 4431 753 4502 ciﬁgentes
793 4451 934 4501 eum,
990 4437 1261 4492 diuiserunt
1316 4443 1600 4495 vestimenta
1649 4445 1790 4514 ejus,
1831 4445 2074 4501 mittentes

499 4531 680 4576 sortem
708 4541 857 4594 super
877 4527 946 4580 eis
964 4569 978 4592 ,
1005 4530 1113 4598 quis
1136 4531 1255 4602 quid
1277 4531 1464 4586 tolleret
1487 4531 1674 4605 (Marc.
1703 4549 1794 4601 xv,
1824 4535 1936 4607 24).
1963 4537 2073 4591 Lu-

497 4627 590 4667 cas
619 4631 633 4666 :
668 4613 955 4671 Dlvideutes
1001 4635 1114 4673 vero
1141 4622 1426 4676 vestimenta
1465 4626 1603 4696 ejus,
1655 4626 1892 4679 miserunt
1918 4637 2074 4681 sortes

502 4703 650 4776 (Luc.
679 4723 831 4775 xxm,
866 4709 974 4784 δὲ).
1004 4711 1236 4768 Joannes
1258 4723 1432 4770 autem
1457 4725 1510 4770 et
1535 4725 1662 4786 quot
1685 4727 1860 4786 partes
1884 4719 1950 4774 de
1977 4735 2072 4775 ve-

497 4799 764 4857 stimentis
812 4805 926 4872 ejus
953 4806 1199 4872 fecerint,
1235 4810 1404 4876 dixit,
1456 4812 1506 4865 id
1554 4823 1664 4876 est,
1717 4823 1974 4884 quatuor,
2017 4823 2073 4870 ut

498 4892 729 4961 singulas
759 4895 1024 4950 tollerent.
1073 4899 1223 4954 Unde
1253 4913 1470 4970 apparet
1510 4915 1736 4972 quatuor
1766 4905 1926 4960 fuisse
1968 4909 2070 4962 mi-

494 4981 617 5038 lites
644 4985 732 5054 qui
763 4986 815 5040 in
842 5003 906 5041 eo
943 4991 1298 5060 cruciﬁgendo
1327 4995 1536 5062 praesidi
1566 5007 1854 5064 paruerunt
1905 4999 2072 5053 Mani-

496 5071 627 5128 feste
655 5075 847 5146 quippe
869 5079 942 5131 ait
965 5121 979 5144 ,
1007 5078 1195 5134 Milites
1217 5099 1332 5153 ergo
1362 5100 1475 5136 cum
1512 5087 1879 5154 cruciﬁa'isseut
1917 5106 2028 5143 eum
2052 5131 2067 5156 ,

493 5175 794 5235 acceperunt
819 5173 1106 5223 uestimenta
1135 5174 1242 5241 ejus
1265 5215 1278 5239 ,
1309 5183 1358 5227 et
1387 5178 1606 5244 fecerunt
1628 5189 1842 5248 quatuor
1865 5191 2031 5248 partes
2051 5223 2066 5249 ,

493 5255 761 5326 unicuique
807 5261 954 5313 militi
995 5271 1216 5332 portent,
1259 5275 1305 5317 et
1351 5267 1602 5334 tunicam;
1649 5271 2065 5328 subaudiendum

493 5355 574 5399 est
594 5387 609 5412 ,
657 5363 972 5418 acceperunt
1002 5371 1014 5406 :
1061 5361 1118 5408 ut
1147 5355 1247 5411 iste
1272 5358 1340 5410 sit
1371 5373 1592 5425 sensus,
1623 5361 1954 5431 Acceperunt
1979 5382 2070 5422 ve-

491 5435 738 5492 stimenta
767 5439 883 5509 ejus
906 5483 920 5507 ,
951 5451 1004 5496 et
1025 5443 1262 5500 fecerunt
1287 5457 1509 5518 quatuor
1531 5461 1704 5519 partes
1728 5493 1744 5518 ,
1789 5457 2069 5527 unicuique

495 5527 643 5581 militi
685 5541 919 5600 partem;
951 5548 1269 5606 acceperunt
1295 5549 1345 5593 et
1377 5544 1627 5596 tunicam.
1664 5545 1726 5599 Et
1757 5546 1832 5601 sic
1860 5547 2068 5604 loeutus

491 5626 572 5674 est
594 5661 609 5686 ,
664 5631 718 5674 ut
746 5621 812 5677 de
837 5627 1045 5682 caneris
1074 5631 1400 5684 vestimentis
1432 5632 1626 5688 nullam
1683 5647 1878 5692 sortem
1938 5642 2064 5696 mis-

557 5731 574 5762 ³
599 5731 672 5783 sic
692 5745 863 5793 omnes
883 5744 987 5788 Mss.
1014 5740 1132 5791 [aditi
1157 5755 1273 5793 vero
1292 5727 1488 5808 habent,
1515 5753 1560 5797 et
1582 5744 1734 5812 ﬁlium
1759 5748 1882 5812 ejus.

1454 343 1518 398 IN
1553 337 1828 398 JOANMS
1867 295 2328 409 sumentium,
2371 339 2428 397 s.
2469 341 2832 404 AUGUSTINI

3645 365 3786 423 i958

2216 469 2329 511 sam
2373 473 2494 516 esse
2519 461 2823 530 videamus;
2853 464 2946 520 sed
2983 466 3048 523 de
3078 471 3250 526 tunica
3276 489 3433 542 quam
3459 479 3620 536 simul
3661 501 3786 542 cum

2213 549 2422 602 caeteris
2473 563 2833 622 acceperunt,
2867 555 2960 610 sed
3007 573 3112 612 non
3168 562 3420 620 similiter
3467 568 3795 630 diviserunt.

2214 635 2292 693 Dc
2323 639 2420 694 hac
2455 643 2594 696 enim
2626 647 2864 713 sequitur
2887 657 3188 718 exponens,
3245 655 3370 712 Erat
3403 671 3572 716 autem
3617 670 3792 722 tunica

2211 725 2540 796 inconsutilis,
2570 733 2785 804 desuper
2811 747 3041 792 contexta
3067 759 3156 811 per
3179 753 3353 800 totum.
3375 749 3483 805 Cur
3507 764 3684 810 autem
3715 759 3786 814 de

2212 821 2298 875 illa
2325 833 2521 880 sortem
2551 827 2810 883 miserunt
2838 847 3056 888 narrans
3085 851 3096 886 :
3126 836 3374 894 Dixerunt
3401 860 3520 915 ergo
3545 889 3561 912 ,
3593 850 3785 919 inquit.

2209 910 2279 964 ad
2301 913 2528 980 invicem,
2573 914 2694 970 Non
2719 919 3010 976 scindantus
3031 942 3162 990 eam,
3195 928 3283 984 sed
3306 934 3578 988 sortiamur
3605 941 3670 990 de
3695 940 3793 993 illa

2208 1003 2352 1072 cujus
2378 1005 2460 1057 sit.
2493 1007 2724 1075 Apparet
2747 1011 2923 1081 itaque
2951 1014 3001 1068 in
3029 1016 3146 1072 aliis
3173 1021 3410 1076 vestibus
3430 1028 3658 1093 aequales
3687 1045 3784 1084 eos

2211 1091 2457 1149 habuisse
2489 1106 2693 1166 partes,
2739 1111 2799 1156 ut
2838 1105 3019 1159 sortiri
3068 1122 3288 1164 necesse
3339 1128 3443 1167 non
3491 1091 3693 1170 luerit:
3729 1120 3782 1172 in

2207 1181 2294 1235 illa
2319 1197 2446 1238 vero
2467 1201 2566 1240 una
2593 1203 2698 1244 non
2725 1206 2818 1246 eos
2841 1192 3038 1250 habere
3067 1199 3302 1266 potuisse
3327 1203 3556 1273 singulas
3585 1220 3784 1278 partes,

2206 1273 2306 1325 nisi
2336 1275 2665 1333 scinderetur
2686 1321 2702 1348 ,
2741 1291 2801 1336 ut
2831 1299 3032 1353 pannos
3055 1287 3171 1356 ejus
3210 1291 3466 1348 inutiliter
3496 1299 3780 1363 tollerent;

2205 1364 2344 1433 quod
2371 1381 2438 1422 ne
2470 1365 2740 1437 facerent,
2769 1375 2834 1428 ad
2865 1393 3024 1432 unum
3051 1395 3170 1435 eam
3199 1387 3478 1452 pervenire
3501 1391 3782 1448 sortitione

2203 1455 2523 1512 maluerunt.
2573 1461 2741 1530 Hujus
2791 1470 3130 1538 evangelista:
3178 1477 3466 1530 narrationi
3519 1493 3780 1537 consonat

2202 1546 2361 1602 etiam
2391 1550 2758 1620 propheticum
2787 1559 3142 1616 testimonium
3163 1606 3180 1629 ,
3226 1567 3366 1636 quod
3393 1579 3443 1624 et
3467 1570 3578 1637 ipse
3605 1575 3782 1627 conti-

2205 1653 2309 1692 nuo
2336 1639 2687 1729 subjungens,
2723 1646 2790 1701 Ut
2829 1651 3100 1721 scriptura,
3133 1655 3329 1725 inquit,
3365 1659 3652 1729 impleretur
3699 1666 3784 1718 di-

2202 1744 2336 1795 cens,
2375 1727 2557 1784 Partiti
2581 1743 2694 1788 sunt
2719 1739 3008 1794 vestimenta
3047 1759 3154 1796 mea
3179 1745 3300 1814 sibi,
3337 1757 3383 1802 et
3414 1727 3566 1820 super
3597 1764 3784 1808 vestem

2203 1833 2364 1870 meam
2385 1820 2626 1876 miserunt
2653 1834 2854 1880 sortem.
2885 1827 2997 1883 Non
3027 1833 3164 1886 enim
3191 1875 3206 1898 ,
3259 1836 3361 1902 ait,
3391 1839 3594 1905 sortiti;
3641 1843 3734 1898 sed
3761 1885 3780 1908 ,

2201 1908 2375 1976 partiti
2405 1925 2425 1963 :
2451 1926 2552 1965 nec
2575 1914 2680 1980 ait,
2714 1918 3002 1975 sortientes
3031 1924 3204 1990 partiti
3231 1935 3352 1978 sunt
3377 1945 3392 1992 ;
3419 1928 3509 1982 sed
3539 1930 3588 1984 in
3615 1941 3780 1987 crete-

2201 2001 2277 2056 ris
2301 2003 2629 2061 vestimentis
2655 2018 2852 2064 sortem
2874 2014 3092 2068 omnino
3121 2032 3224 2069 non
3249 2020 3530 2074 nominans
3547 2063 3564 2084 ,
3592 2034 3778 2090 postea

2199 2091 2362 2160 dixit,
2391 2104 2436 2147 et
2463 2095 2516 2149 in
2537 2107 2714 2152 vestem
2741 2115 2901 2154 meam
2932 2105 3172 2160 miserunt
3214 2117 3398 2161 sortem
3417 2151 3432 2176 ,
3467 2122 3681 2180 promer
3711 2115 3776 2167 ilo

2197 2183 2302 2238 lam
2349 2187 2605 2257 reliquam
2651 2191 2901 2246 tunicam.
2935 2195 3012 2249 De
3038 2212 3138 2266 qua
3185 2213 3242 2252 re
3289 2200 3462 2254 dicam
3492 2203 3629 2271 quod
3663 2205 3778 2273 ipse

2198 2267 2509 2338 donaverit,
2541 2289 2660 2328 cum
2691 2276 2834 2344 prius
2863 2293 2978 2332 eam
3008 2297 3125 2349 qua:
3169 2283 3366 2337 oboriri
3417 2267 3622 2354 potest,
3655 2267 3776 2341 tau-

2197 2375 2354 2428 quam
2399 2361 2746 2432 Evangelista:
2788 2367 2923 2421 inter
2971 2385 3030 2423 se
3073 2370 3410 2442 discrepent,
3459 2377 3774 2430 calumniam

2196 2450 2574 2519 pr0pulsavero
2596 2493 2613 2520 ,
2644 2454 3017 2514 demonstrans
3045 2461 3238 2515 nullius
3265 2471 3578 2518 ceterorum
3613 2467 3774 2520 verba

2197 2540 2483 2595 narrationi
2513 2543 2731 2597 Joannis
2759 2561 2878 2600 esse
2899 2551 3182 2605 contraria.

2266 2631 2318 2685 5.
2359 2631 2634 2687 Matthzcus
2661 2634 2802 2689 enim
2840 2636 3066 2692 dicendo
3089 2679 3106 2706 ,
3155 2639 3444 2695 Divisertml
3487 2645 3776 2702 uestimenta

2194 2722 2302 2792 ejus
2321 2763 2336 2790 ,
2366 2733 2549 2778 sortem
2575 2727 2842 2794 mittentes,
2875 2729 3124 2792 ad.totam
3151 2733 3462 2788 divisionem
3489 2737 3776 2793 vestimen-

2196 2823 2367 2868 torum
2390 2815 2556 2870 voluit
2577 2817 2793 2886 intelligi
2814 2819 2972 2874 etiam
2995 2823 3226 2876 tunicam
3249 2825 3516 2894 pertinere
3532 2869 3545 2892 ,
3573 2827 3637 2882 de
3665 2844 3774 2898 qua

2193 2912 2390 2960 Sortem
2441 2907 2732 2974 miserunt;
2786 2911 2907 2980 quia
2963 2913 3144 2983 utique
3191 2930 3378 2972 omnes
3415 2927 3589 2973 vestes
3637 2920 3774 2976 divi-

2190 2993 2366 3050 dendo
2385 3038 2399 3063 ,
2430 2996 2481 3050 in
2507 2999 2696 3068 quibus
2717 3009 2772 3054 et
2798 3001 2883 3058 illa
2909 3002 3024 3070 fuit,
3048 3005 3116 3060 de
3147 3005 3258 3076 ipsa
3279 3009 3448 3064 sortiti
3475 3021 3616 3065 sunt.
3639 3012 3776 3068 Tale

2191 3092 2272 3140 est
2299 3086 2456 3142 etiam
2485 3089 2625 3158 quod
2654 3091 2728 3145 ait
2755 3091 2924 3147 Lucas
2943 3134 2959 3159 ,
2988 3093 3276 3152 Dividentes
3313 3101 3599 3154 vestimenta
3627 3115 3768 3172 ejus,

2191 3177 2432 3230 miserunt
2451 3189 2607 3233 sortes
2629 3196 2646 3234 :
2665 3181 2960 3239 dividentes
2979 3187 3122 3240 enim
3148 3200 3400 3246 venerunt
3419 3191 3484 3245 ad
3513 3194 3768 3262 tunicam,

2188 3265 2254 3322 de
2281 3281 2380 3336 qua
2407 3267 2537 3324 facta
2567 3279 2648 3326 est
2673 3275 2882 3330 sortitio
2900 3317 2914 3340 ,
2963 3287 3020 3331 ut
3050 3278 3186 3334 inter
3213 3296 3304 3336 eos
3334 3284 3574 3339 universa
3603 3289 3770 3342 vesti-

2188 3367 2486 3413 mentorum
2510 3361 2623 3430 ejus
2649 3363 2836 3420 divisio
2861 3369 3236 3436 compleretur.
3257 3371 3392 3439 Quid
3415 3377 3772 3432 autemintcr-

2187 3459 2268 3504 est
2299 3457 2474 3506 utrum
2528 3453 2765 3522 dicatur,
2811 3457 3100 3515 Diridentcs
3133 3465 3372 3518 miserunt
3401 3478 3556 3523 sortes
3575 3511 3589 3534 ,
3625 3471 3772 3540 quod

2186 3542 2259 3594 ait
2282 3541 2484 3610 Lucas;
2518 3560 2582 3600 an
2606 3589 2618 3613 ,
2648 3547 2968 3620 Diviserunt,
2998 3564 3180 3608 sortem
3207 3557 3451 3612 mittentes
3474 3601 3488 3626 ,
3523 3561 3661 3630 quod
3689 3564 3768 3617 ait

2187 3631 2462 3688 Mattlneus
2494 3652 2508 3690 :
2540 3638 2638 3691 nisi
2670 3641 2808 3708 quod
2845 3641 3014 3696 Lucas
3037 3643 3262 3701 dicendo
3286 3657 3473 3715 sortes,
3505 3651 3764 3719 pluralem

2186 3739 2281 3792 pro
2308 3727 2560 3796 singulari
2611 3747 2830 3786 numero
2851 3737 3060 3804 posuit;
3093 3755 3209 3807 qua:
3235 3739 3429 3796 locutio
3476 3743 3770 3812 Scripturis

2183 3819 2382 3873 sanctis
2432 3821 2640 3876 insolita
2687 3840 2789 3878 non
2839 3835 2956 3880 est:
2989 3831 3230 3900 quamvis
3267 3834 3504 3888 nonnulli
3549 3837 3766 3892 Codices

2182 3917 2366 3962 sortem
2415 3915 2744 3980 reperiantur
2789 3915 2986 3973 habere
3013 3917 3107 3991 (a),
3155 3937 3262 3976 non
3305 3926 3509 3979 sortes?
3555 3927 3766 3983 Marcus

2185 3997 2358 4068 itaque
2403 4003 2547 4058 solus
2589 4005 2793 4060 videtur
2822 4009 3048 4078 aliquam
3081 4011 3320 4068 intulisse
3365 4016 3710 4084 quaestionem
3744 4037 3758 4072 :

2181 4089 2405 4146 dicendo
2431 4095 2606 4162 enim,
2639 4095 2892 4152 Mittentes
2937 4111 3117 4154 sortem
3161 4120 3312 4173 super
3335 4105 3438 4170 eis,
3485 4107 3594 4175 quis
3633 4109 3761 4179 quid

2181 4179 2408 4248 tolleret,
2460 4193 2706 4253 tauquam
2759 4203 2919 4257 super
2964 4192 3208 4247 omnibus
3237 4197 3600 4266 vestimentis,
3647 4217 3756 4255 non

2181 4283 2338 4339 super
2375 4273 2487 4326 sola
2515 4275 2685 4328 tunica
2712 4291 2828 4332 sors
2853 4280 3012 4335 missa
3039 4281 3139 4344 sit,
3167 4284 3372 4340 locutus
3398 4287 3620 4342 videtur.
3649 4290 3754 4346 Sed

2181 4363 2338 4415 etiam
2363 4363 2446 4418 hic
2460 4365 2690 4422 brevitas
2717 4369 3089 4428 obscuritatem
3119 4377 3236 4429 iacit
3257 4396 3270 4432 :
3291 4378 3367 4432 sic
3387 4379 3532 4433 enim
3553 4379 3754 4436 dictum

2180 4461 2262 4506 est
2282 4495 2296 4520 ,
2327 4453 2581 4512 Mitlcutes
2611 4469 2792 4513 sortem
2837 4478 2990 4532 super
3015 4465 3085 4518 eis
3105 4505 3120 4532 ,
3149 4481 3211 4520 ac
3234 4467 3277 4522 si
3307 4467 3569 4524 diceretur
3590 4511 3604 4536 ,
3636 4471 3760 4526 Mit-

2181 4549 2352 4597 tentcs
2381 4555 2579 4600 sortem
2607 4563 2726 4602 cum
2771 4550 3166 4608 dividerentur:
3197 4557 3334 4625 quod
3357 4567 3412 4613 et
3437 4557 3624 4614 factum
3649 4571 3754 4616 est.

2179 4633 2425 4688 Omnium
2455 4637 2649 4706 quippe
2677 4641 3112 4697 vestimentorum
3141 4646 3256 4714 ejus
3278 4647 3468 4701 divisio
3491 4651 3753 4718 completa

2179 4737 2283 4776 non
2311 4734 2486 4790 esset,
2517 4727 2614 4780 nisi
2638 4737 2782 4783 sorte
2809 4731 3085 4787 claruisset
3111 4735 3227 4804 quis
3255 4737 3413 4792 etiam
3445 4737 3588 4792 illam
3617 4743 3759 4794 tnui-

2177 4827 2292 4866 cam
2326 4814 2568 4882 tolleret,
2619 4827 2674 4871 ut
2698 4819 2776 4873 sic
2803 4823 3072 4876 contentio
3099 4825 3444 4882 dividentium
3476 4831 3750 4894 ﬁniretur,

2179 4911 2262 4966 vel
2289 4913 2430 4968 nulla
2463 4915 2635 4982 potius
2680 4916 2927 4972 oriretur.
2971 4918 3120 4988 Quod
3163 4935 3288 4991 ergo
3339 4925 3436 4991 ait,
3484 4926 3609 4994 Quis
3633 4928 3754 4999 quid

2180 5005 2374 5060 tolleret
2399 5048 2412 5072 ,
2459 5009 2884 5078 quandoquidem
2916 5010 3018 5066 hoc
3040 5013 3168 5067 sorti
3196 5013 3476 5086 deputatur
3497 5059 3514 5086 ,
3555 5034 3657 5072 non
3687 5017 3754 5073 ad

2177 5099 2355 5152 omnia
2385 5115 2502 5168 qua:
2544 5100 2711 5156 divisa
2751 5111 2873 5155 sunt
2902 5104 3214 5159 vestimenta
3245 5106 3578 5162 referendum
3629 5118 3748 5170 est;

2177 5203 2295 5244 sors
2319 5191 2458 5244 enim
2486 5193 2644 5246 missa
2681 5204 2762 5248 est
2781 5236 2795 5259 ,
2825 5197 2940 5265 quis
2967 5197 3106 5250 illam
3143 5199 3371 5252 tunicam
3401 5201 3610 5256 tolleret
3639 5219 3652 5254 :
3683 5201 3752 5257 de

2175 5293 2276 5347 qua
2303 5281 2553 5348 quoniam
2605 5298 2820 5337 narrare
2873 5287 3208 5352 praetermisit
3252 5287 3423 5357 qualis
3449 5290 3637 5356 fuerit,
3697 5301 3752 5346 et

2175 5369 2619 5437 quemadmodum
2646 5375 2936 5442 aequalibus
2955 5375 3104 5430 factis
3132 5377 3372 5447 partibus
3395 5379 3508 5433 sola
3539 5395 3752 5434 reman-

2177 5459 2336 5524 serit,
2390 5477 2508 5532 qua:
2557 5477 2623 5516 ne
2663 5463 3130 5532 conscinderctur,
3179 5469 3377 5522 veniret
3430 5469 3480 5522 in
3511 5479 3752 5538 sortem;

2177 5564 2454 5622 propterea
2487 5555 2712 5622 positum
2758 5557 3000 5625 estquod
3029 5558 3136 5624 ait,
3181 5559 3304 5623 Quis
3348 5559 3469 5629 quid
3510 5559 3746 5628 tolleret,

2173 5643 2223 5698 id
2249 5655 2322 5699 est
2347 5687 2360 5708 ,
2392 5645 2509 5714 quis
2533 5661 2648 5700 cam
2675 5647 2918 5701 tolleret:
2949 5657 3194 5719 tanquam
3227 5650 3268 5704 si
3299 5659 3464 5704 totum
3497 5650 3566 5704 ita
3593 5649 3743 5706 dice-

2236 5755 2310 5820 (a)
2331 5737 2402 5806 sic
2417 5755 2560 5805 hodie
2583 5757 2632 5806 in
2652 5769 2828 5820 grteco,
2850 5755 3024 5810 rléron.
