  <div class='ocr_page' id='page_1' title='image "/cluster/home/n/w/nwhite01/storage/ocr_20150623/35/hvd.32044015706302/324.png"; bbox 0 0 4028 6466; ppageno 0'>
   <div class='ocr_carea' id='block_1_1' title="bbox 263 379 394 438">
    <p class='ocr_par' dir='ltr' id='par_1_1' title="bbox 263 379 394 438">
     <span class='ocr_line' id='line_1_1' title="bbox 263 379 394 438; baseline -0.038 0"><span class='ocrx_word' id='word_1_1' title='bbox 263 379 394 438; x_wconf 60' lang='grc'>1949</span> 
     </span>
    </p>
   </div>
   <div class='ocr_carea' id='block_1_2' title="bbox 260 473 1828 558">
    <p class='ocr_par' dir='ltr' id='par_1_2' title="bbox 260 473 1828 558">
     <span class='ocr_line' id='line_1_2' title="bbox 260 473 1828 558; baseline -0.024 -5"><span class='ocrx_word' id='word_1_2' title='bbox 260 506 435 558; x_wconf 89' lang='lat' dir='ltr'><strong>retur,</strong></span> <span class='ocrx_word' id='word_1_3' title='bbox 481 489 785 548; x_wconf 89' lang='lat' dir='ltr'><strong>Diviserunt</strong></span> <span class='ocrx_word' id='word_1_4' title='bbox 815 480 1128 538; x_wconf 90' lang='lat' dir='ltr'><strong>vestimenta</strong></span> <span class='ocrx_word' id='word_1_5' title='bbox 1159 475 1302 545; x_wconf 82' lang='lat' dir='ltr'><strong>ejus,</strong></span> <span class='ocrx_word' id='word_1_6' title='bbox 1332 473 1602 526; x_wconf 92' lang='lat' dir='ltr'><strong>mittentes</strong></span> <span class='ocrx_word' id='word_1_7' title='bbox 1629 473 1828 521; x_wconf 89' lang='lat' dir='ltr'><strong>sortem</strong></span> 
     </span>
    </p>
   </div>
   <div class='ocr_carea' id='block_1_3' title="bbox 259 559 1833 655">
    <p class='ocr_par' dir='ltr' id='par_1_3' title="bbox 259 559 1833 655">
     <span class='ocr_line' id='line_1_3' title="bbox 259 559 1833 655; baseline -0.023 -13"><span class='ocrx_word' id='word_1_8' title='bbox 259 601 414 655; x_wconf 85' lang='lat' dir='ltr'><strong>super</strong></span> <span class='ocrx_word' id='word_1_9' title='bbox 427 567 550 647; x_wconf 52' lang='lat' dir='ltr'><strong>cis,</strong></span> <span class='ocrx_word' id='word_1_10' title='bbox 578 578 698 649; x_wconf 87' lang='lat' dir='ltr'><strong>quis</strong></span> <span class='ocrx_word' id='word_1_11' title='bbox 721 573 952 630; x_wconf 84' lang='lat' dir='ltr'><strong>tunicam</strong></span> <span class='ocrx_word' id='word_1_12' title='bbox 997 585 1113 639; x_wconf 79' lang='lat' dir='ltr'><strong>qua:</strong></span> <span class='ocrx_word' id='word_1_13' title='bbox 1142 564 1376 636; x_wconf 86' lang='lat' dir='ltr'><strong>partibus</strong></span> <span class='ocrx_word' id='word_1_14' title='bbox 1407 559 1699 631; x_wconf 73' lang='lat' dir='ltr'><strong>mqualibus</strong></span> <span class='ocrx_word' id='word_1_15' title='bbox 1741 569 1833 609; x_wconf 87' lang='lat' dir='ltr'><strong>su-</strong></span> 
     </span>
    </p>
   </div>
   <div class='ocr_carea' id='block_1_4' title="bbox 261 669 812 749">
    <p class='ocr_par' dir='ltr' id='par_1_4' title="bbox 261 669 812 749">
     <span class='ocr_line' id='line_1_4' title="bbox 261 669 812 749; baseline -0.027 -16"><span class='ocrx_word' id='word_1_16' title='bbox 261 676 525 749; x_wconf 87' lang='lat' dir='ltr'><strong>perfuerat</strong></span> <span class='ocrx_word' id='word_1_17' title='bbox 543 713 559 738; x_wconf 92' lang='lat'><strong>,</strong></span> <span class='ocrx_word' id='word_1_18' title='bbox 585 669 812 724; x_wconf 89' lang='lat' dir='ltr'><strong>tolleret.</strong></span> 
     </span>
    </p>
   </div>
   <div class='ocr_carea' id='block_1_5' title="bbox 323 740 1839 833">
    <p class='ocr_par' dir='ltr' id='par_1_5' title="bbox 323 740 1839 833">
     <span class='ocr_line' id='line_1_5' title="bbox 323 740 1839 833; baseline -0.022 -12"><span class='ocrx_word' id='word_1_19' title='bbox 323 770 375 822; x_wconf 65' lang='grc'><strong>4.</strong></span> <span class='ocrx_word' id='word_1_20' title='bbox 418 764 634 833; x_wconf 76' lang='lat' dir='ltr'><strong>Qurerat</strong></span> <span class='ocrx_word' id='word_1_21' title='bbox 659 758 794 813; x_wconf 87' lang='lat' dir='ltr'><strong>forte</strong></span> <span class='ocrx_word' id='word_1_22' title='bbox 818 751 1028 822; x_wconf 82' lang='lat' dir='ltr'><strong>aliquis,</strong></span> <span class='ocrx_word' id='word_1_23' title='bbox 1055 745 1181 818; x_wconf 87' lang='lat' dir='ltr'><strong>quid</strong></span> <span class='ocrx_word' id='word_1_24' title='bbox 1207 741 1462 813; x_wconf 87' lang='lat' dir='ltr'><strong>signiﬁcet</strong></span> <span class='ocrx_word' id='word_1_25' title='bbox 1483 740 1532 794; x_wconf 91' lang='lat' dir='ltr'><strong>in</strong></span> <span class='ocrx_word' id='word_1_26' title='bbox 1557 746 1633 792; x_wconf 89' lang='lat' dir='ltr'><strong>tot</strong></span> <span class='ocrx_word' id='word_1_27' title='bbox 1659 743 1839 806; x_wconf 88' lang='lat' dir='ltr'><strong>partes</strong></span> 
     </span>
    </p>
   </div>
   <div class='ocr_carea' id='block_1_6' title="bbox 257 826 1835 914">
    <p class='ocr_par' dir='ltr' id='par_1_6' title="bbox 257 826 1835 914">
     <span class='ocr_line' id='line_1_6' title="bbox 257 826 1835 914; baseline -0.023 -4"><span class='ocrx_word' id='word_1_28' title='bbox 257 858 694 914; x_wconf 75' lang='lat' dir='ltr'><strong>vestimentorum</strong></span> <span class='ocrx_word' id='word_1_29' title='bbox 726 847 862 901; x_wconf 85' lang='lat' dir='ltr'><strong>facta</strong></span> <span class='ocrx_word' id='word_1_30' title='bbox 885 841 1094 904; x_wconf 87' lang='lat' dir='ltr'><strong>divisio,</strong></span> <span class='ocrx_word' id='word_1_31' title='bbox 1117 846 1168 892; x_wconf 86' lang='lat' dir='ltr'><strong>et</strong></span> <span class='ocrx_word' id='word_1_32' title='bbox 1196 835 1265 890; x_wconf 83' lang='lat' dir='ltr'><strong>de</strong></span> <span class='ocrx_word' id='word_1_33' title='bbox 1296 833 1467 888; x_wconf 91' lang='lat' dir='ltr'><strong>tunica</strong></span> <span class='ocrx_word' id='word_1_34' title='bbox 1499 831 1583 882; x_wconf 91' lang='lat' dir='ltr'><strong>illa</strong></span> <span class='ocrx_word' id='word_1_35' title='bbox 1611 826 1835 881; x_wconf 65' lang='lat' dir='ltr'><strong>sortitio.</strong></span> 
     </span>
    </p>
   </div>
   <div class='ocr_carea' id='block_1_7' title="bbox 259 915 1840 1016">
    <p class='ocr_par' dir='ltr' id='par_1_7' title="bbox 259 915 1840 1016">
     <span class='ocr_line' id='line_1_7' title="bbox 259 915 1840 1016; baseline -0.025 -13"><span class='ocrx_word' id='word_1_36' title='bbox 259 942 652 1016; x_wconf 75' lang='lat' dir='ltr'><strong>Quadripertita</strong></span> <span class='ocrx_word' id='word_1_37' title='bbox 679 935 840 991; x_wconf 89' lang='lat' dir='ltr'><strong>vestis</strong></span> <span class='ocrx_word' id='word_1_38' title='bbox 868 929 1078 988; x_wconf 89' lang='lat' dir='ltr'><strong>Domini</strong></span> <span class='ocrx_word' id='word_1_39' title='bbox 1108 926 1231 981; x_wconf 82' lang='lat' dir='ltr'><strong>Jesu</strong></span> <span class='ocrx_word' id='word_1_40' title='bbox 1271 922 1496 982; x_wconf 89' lang='lat' dir='ltr'><strong>Christi,</strong></span> <span class='ocrx_word' id='word_1_41' title='bbox 1527 915 1840 986; x_wconf 88' lang='lat' dir='ltr'><strong>quadripar-</strong></span> 
     </span>
    </p>
   </div>
   <div class='ocr_carea' id='block_1_8' title="bbox 260 1005 1839 1104">
    <p class='ocr_par' dir='ltr' id='par_1_8' title="bbox 260 1005 1839 1104">
     <span class='ocr_line' id='line_1_8' title="bbox 260 1005 1839 1104; baseline -0.025 -11"><span class='ocrx_word' id='word_1_42' title='bbox 260 1005 406 1093; x_wconf 62' lang='lat' dir='ltr'><strong>titam</strong></span> <span class='ocrx_word' id='word_1_43' title='bbox 440 1005 682 1104; x_wconf 76' lang='lat' dir='ltr'><strong>figuravit</strong></span> <span class='ocrx_word' id='word_1_44' title='bbox 711 1027 826 1096; x_wconf 87' lang='lat' dir='ltr'><strong>ejus</strong></span> <span class='ocrx_word' id='word_1_45' title='bbox 849 1020 1140 1077; x_wconf 85' lang='lat' dir='ltr'><strong>Ecclesium</strong></span> <span class='ocrx_word' id='word_1_46' title='bbox 1160 1058 1174 1081; x_wconf 96' lang='lat'><strong>,</strong></span> <span class='ocrx_word' id='word_1_47' title='bbox 1210 1023 1318 1069; x_wconf 89' lang='lat' dir='ltr'><strong>toto</strong></span> <span class='ocrx_word' id='word_1_48' title='bbox 1347 1009 1570 1069; x_wconf 89' lang='lat' dir='ltr'><strong>scilicet,</strong></span> <span class='ocrx_word' id='word_1_49' title='bbox 1595 1005 1681 1074; x_wconf 87' lang='lat' dir='ltr'><strong>qui</strong></span> <span class='ocrx_word' id='word_1_50' title='bbox 1708 1017 1839 1072; x_wconf 85' lang='lat' dir='ltr'><strong>qna-</strong></span> 
     </span>
    </p>
   </div>
   <div class='ocr_carea' id='block_1_9' title="bbox 260 1097 1842 1195">
    <p class='ocr_par' dir='ltr' id='par_1_9' title="bbox 260 1097 1842 1195">
     <span class='ocr_line' id='line_1_9' title="bbox 260 1097 1842 1195; baseline -0.025 -11"><span class='ocrx_word' id='word_1_51' title='bbox 260 1140 377 1184; x_wconf 87' lang='lat' dir='ltr'><strong>tuor</strong></span> <span class='ocrx_word' id='word_1_52' title='bbox 430 1097 670 1195; x_wconf 69' lang='lat' dir='ltr'><strong>partibus</strong></span> <span class='ocrx_word' id='word_1_53' title='bbox 713 1121 942 1178; x_wconf 83' lang='lat' dir='ltr'><strong>constat,</strong></span> <span class='ocrx_word' id='word_1_54' title='bbox 989 1119 1248 1164; x_wconf 89' lang='lat' dir='ltr'><strong>terrarum</strong></span> <span class='ocrx_word' id='word_1_55' title='bbox 1297 1102 1425 1158; x_wconf 89' lang='lat' dir='ltr'><strong>orbe</strong></span> <span class='ocrx_word' id='word_1_56' title='bbox 1465 1097 1746 1159; x_wconf 80' lang='lat' dir='ltr'><strong>diffusam,</strong></span> <span class='ocrx_word' id='word_1_57' title='bbox 1789 1099 1842 1144; x_wconf 89' lang='lat' dir='ltr'><strong>et</strong></span> 
     </span>
    </p>
   </div>
   <div class='ocr_carea' id='block_1_10' title="bbox 257 1184 1843 1277">
    <p class='ocr_par' dir='ltr' id='par_1_10' title="bbox 257 1184 1843 1277">
     <span class='ocr_line' id='line_1_10' title="bbox 257 1184 1843 1277; baseline -0.025 -2"><span class='ocrx_word' id='word_1_58' title='bbox 257 1218 514 1277; x_wconf 80' lang='lat' dir='ltr'><strong>omnibus</strong></span> <span class='ocrx_word' id='word_1_59' title='bbox 527 1210 726 1268; x_wconf 91' lang='lat' dir='ltr'><strong>eisdem</strong></span> <span class='ocrx_word' id='word_1_60' title='bbox 760 1203 992 1276; x_wconf 88' lang='lat' dir='ltr'><strong>partibus</strong></span> <span class='ocrx_word' id='word_1_61' title='bbox 1011 1196 1300 1268; x_wconf 70' lang='lat' dir='ltr'><strong>mqualiter,</strong></span> <span class='ocrx_word' id='word_1_62' title='bbox 1321 1190 1370 1245; x_wconf 87' lang='lat' dir='ltr'><strong>id</strong></span> <span class='ocrx_word' id='word_1_63' title='bbox 1393 1197 1475 1244; x_wconf 88' lang='lat' dir='ltr'><strong>est</strong></span> <span class='ocrx_word' id='word_1_64' title='bbox 1513 1184 1843 1240; x_wconf 83' lang='lat' dir='ltr'><strong>concorditer</strong></span> 
     </span>
    </p>
   </div>
   <div class='ocr_carea' id='block_1_11' title="bbox 262 1274 1847 1366">
    <p class='ocr_par' dir='ltr' id='par_1_11' title="bbox 262 1274 1847 1366">
     <span class='ocr_line' id='line_1_11' title="bbox 262 1274 1847 1366; baseline -0.026 -2"><span class='ocrx_word' id='word_1_65' title='bbox 262 1307 618 1365; x_wconf 76' lang='lat' dir='ltr'><strong>distributum.</strong></span> <span class='ocrx_word' id='word_1_66' title='bbox 645 1274 867 1366; x_wconf 83' lang='lat' dir='ltr'><strong>Propter</strong></span> <span class='ocrx_word' id='word_1_67' title='bbox 896 1290 1035 1361; x_wconf 91' lang='lat' dir='ltr'><strong>quod</strong></span> <span class='ocrx_word' id='word_1_68' title='bbox 1061 1286 1185 1342; x_wconf 90' lang='lat' dir='ltr'><strong>alibi</strong></span> <span class='ocrx_word' id='word_1_69' title='bbox 1211 1283 1335 1338; x_wconf 87' lang='lat' dir='ltr'><strong>dicit</strong></span> <span class='ocrx_word' id='word_1_70' title='bbox 1362 1280 1644 1335; x_wconf 90' lang='lat' dir='ltr'><strong>missurum</strong></span> <span class='ocrx_word' id='word_1_71' title='bbox 1667 1289 1723 1327; x_wconf 92' lang='lat' dir='ltr'><strong>se</strong></span> <span class='ocrx_word' id='word_1_72' title='bbox 1745 1274 1847 1326; x_wconf 73' lang='lat' dir='ltr'><strong>An-</strong></span> 
     </span>
    </p>
   </div>
   <div class='ocr_carea' id='block_1_12' title="bbox 261 1364 1846 1471">
    <p class='ocr_par' dir='ltr' id='par_1_12' title="bbox 261 1364 1846 1471">
     <span class='ocr_line' id='line_1_12' title="bbox 261 1364 1846 1471; baseline -0.024 -15"><span class='ocrx_word' id='word_1_73' title='bbox 261 1401 410 1471; x_wconf 85' lang='lat' dir='ltr'><strong>gelos</strong></span> <span class='ocrx_word' id='word_1_74' title='bbox 441 1409 587 1459; x_wconf 92' lang='lat' dir='ltr'><strong>suos,</strong></span> <span class='ocrx_word' id='word_1_75' title='bbox 621 1401 679 1446; x_wconf 91' lang='grc' dir='ltr'><strong>ιιι</strong></span> <span class='ocrx_word' id='word_1_76' title='bbox 707 1388 955 1456; x_wconf 91' lang='lat' dir='ltr'><strong>colligant</strong></span> <span class='ocrx_word' id='word_1_77' title='bbox 987 1381 1185 1436; x_wconf 88' lang='lat' dir='ltr'><strong>electos</strong></span> <span class='ocrx_word' id='word_1_78' title='bbox 1223 1375 1337 1444; x_wconf 91' lang='lat' dir='ltr'><strong>ejus</strong></span> <span class='ocrx_word' id='word_1_79' title='bbox 1362 1388 1390 1425; x_wconf 88' lang='lat' dir='ltr'><strong>a</strong></span> <span class='ocrx_word' id='word_1_80' title='bbox 1422 1377 1644 1439; x_wconf 82' lang='lat' dir='ltr'><strong>quatuor</strong></span> <span class='ocrx_word' id='word_1_81' title='bbox 1672 1364 1846 1418; x_wconf 88' lang='lat' dir='ltr'><strong>ventis</strong></span> 
     </span>
    </p>
   </div>
   <div class='ocr_carea' id='block_1_13' title="bbox 261 1462 1846 1564">
    <p class='ocr_par' dir='ltr' id='par_1_13' title="bbox 261 1462 1846 1564">
     <span class='ocr_line' id='line_1_13' title="bbox 261 1462 1846 1564; baseline -0.023 -20"><span class='ocrx_word' id='word_1_82' title='bbox 261 1462 473 1564; x_wconf 49' lang='lat' dir='ltr'><strong>(Matth.</strong></span> <span class='ocrx_word' id='word_1_83' title='bbox 497 1499 640 1547; x_wconf 74' lang='lat' dir='ltr'><strong>xstv,</strong></span> <span class='ocrx_word' id='word_1_84' title='bbox 666 1481 755 1550; x_wconf 79' lang='grc'><strong>51)</strong></span> <span class='ocrx_word' id='word_1_85' title='bbox 782 1496 794 1530; x_wconf 91' lang='lat'><strong>:</strong></span> <span class='ocrx_word' id='word_1_86' title='bbox 822 1474 960 1545; x_wconf 89' lang='lat' dir='ltr'><strong>quod</strong></span> <span class='ocrx_word' id='word_1_87' title='bbox 992 1469 1117 1540; x_wconf 91' lang='lat' dir='ltr'><strong>quid</strong></span> <span class='ocrx_word' id='word_1_88' title='bbox 1157 1473 1258 1532; x_wconf 88' lang='lat' dir='ltr'><strong>est,</strong></span> <span class='ocrx_word' id='word_1_89' title='bbox 1289 1462 1387 1517; x_wconf 88' lang='lat' dir='ltr'><strong>nisi</strong></span> <span class='ocrx_word' id='word_1_90' title='bbox 1417 1477 1447 1515; x_wconf 92' lang='lat' dir='ltr'><strong>a</strong></span> <span class='ocrx_word' id='word_1_91' title='bbox 1473 1467 1698 1530; x_wconf 81' lang='lat' dir='ltr'><strong>quatuor</strong></span> <span class='ocrx_word' id='word_1_92' title='bbox 1727 1470 1846 1524; x_wconf 86' lang='lat' dir='ltr'><strong>par-</strong></span> 
     </span>
    </p>
   </div>
   <div class='ocr_carea' id='block_1_14' title="bbox 265 1545 1848 1637">
    <p class='ocr_par' dir='ltr' id='par_1_14' title="bbox 265 1545 1848 1637">
     <span class='ocr_line' id='line_1_14' title="bbox 265 1545 1848 1637; baseline -0.023 -3"><span class='ocrx_word' id='word_1_93' title='bbox 265 1545 402 1634; x_wconf 69' lang='lat' dir='ltr'><strong>libus</strong></span> <span class='ocrx_word' id='word_1_94' title='bbox 440 1545 655 1637; x_wconf 89' lang='lat' dir='ltr'><strong>mundi,</strong></span> <span class='ocrx_word' id='word_1_95' title='bbox 705 1545 940 1626; x_wconf 73' lang='lat' dir='ltr'><strong>oriente,</strong></span> <span class='ocrx_word' id='word_1_96' title='bbox 988 1558 1295 1620; x_wconf 74' lang='lat' dir='ltr'><strong>Occidente,</strong></span> <span class='ocrx_word' id='word_1_97' title='bbox 1326 1551 1587 1622; x_wconf 85' lang='lat' dir='ltr'><strong>Aquilone</strong></span> <span class='ocrx_word' id='word_1_98' title='bbox 1635 1555 1691 1601; x_wconf 92' lang='lat' dir='ltr'><strong>et</strong></span> <span class='ocrx_word' id='word_1_99' title='bbox 1739 1545 1848 1599; x_wconf 85' lang='lat' dir='ltr'><strong>Me-</strong></span> 
     </span>
    </p>
   </div>
   <div class='ocr_carea' id='block_1_15' title="bbox 260 1633 1852 1726">
    <p class='ocr_par' dir='ltr' id='par_1_15' title="bbox 260 1633 1852 1726">
     <span class='ocr_line' id='line_1_15' title="bbox 260 1633 1852 1726; baseline -0.026 0"><span class='ocrx_word' id='word_1_100' title='bbox 260 1668 428 1726; x_wconf 86' lang='lat' dir='ltr'><strong>ridie?</strong></span> <span class='ocrx_word' id='word_1_101' title='bbox 449 1665 652 1720; x_wconf 84' lang='lat' dir='ltr'><strong>Tunica</strong></span> <span class='ocrx_word' id='word_1_102' title='bbox 681 1673 808 1714; x_wconf 89' lang='lat' dir='ltr'><strong>vero</strong></span> <span class='ocrx_word' id='word_1_103' title='bbox 837 1655 925 1710; x_wconf 90' lang='lat' dir='ltr'><strong>illa</strong></span> <span class='ocrx_word' id='word_1_104' title='bbox 951 1651 1158 1714; x_wconf 82' lang='lat' dir='ltr'><strong>sortita,</strong></span> <span class='ocrx_word' id='word_1_105' title='bbox 1179 1645 1414 1699; x_wconf 90' lang='lat' dir='ltr'><strong>omnium</strong></span> <span class='ocrx_word' id='word_1_106' title='bbox 1443 1639 1667 1710; x_wconf 82' lang='lat' dir='ltr'><strong>partium</strong></span> <span class='ocrx_word' id='word_1_107' title='bbox 1697 1633 1852 1703; x_wconf 88' lang='lat' dir='ltr'><strong>signi-</strong></span> 
     </span>
    </p>
   </div>
   <div class='ocr_carea' id='block_1_16' title="bbox 264 1724 1851 1818">
    <p class='ocr_par' dir='ltr' id='par_1_16' title="bbox 264 1724 1851 1818">
     <span class='ocr_line' id='line_1_16' title="bbox 264 1724 1851 1818; baseline -0.023 -3"><span class='ocrx_word' id='word_1_108' title='bbox 264 1761 384 1815; x_wconf 83' lang='lat' dir='ltr'><strong>ﬁcat</strong></span> <span class='ocrx_word' id='word_1_109' title='bbox 417 1757 706 1817; x_wconf 89' lang='lat' dir='ltr'><strong>unitatem,</strong></span> <span class='ocrx_word' id='word_1_110' title='bbox 733 1763 849 1818; x_wconf 84' lang='lat' dir='ltr'><strong>quae</strong></span> <span class='ocrx_word' id='word_1_111' title='bbox 873 1741 1146 1800; x_wconf 86' lang='lat' dir='ltr'><strong>charitatis</strong></span> <span class='ocrx_word' id='word_1_112' title='bbox 1188 1735 1398 1790; x_wconf 88' lang='lat' dir='ltr'><strong>vinculo</strong></span> <span class='ocrx_word' id='word_1_113' title='bbox 1427 1729 1742 1785; x_wconf 90' lang='lat' dir='ltr'><strong>continetur.</strong></span> <span class='ocrx_word' id='word_1_114' title='bbox 1773 1724 1851 1778; x_wconf 90' lang='lat' dir='ltr'><strong>De</strong></span> 
     </span>
    </p>
   </div>
   <div class='ocr_carea' id='block_1_17' title="bbox 264 1817 1851 1905">
    <p class='ocr_par' dir='ltr' id='par_1_17' title="bbox 264 1817 1851 1905">
     <span class='ocr_line' id='line_1_17' title="bbox 264 1817 1851 1905; baseline -0.025 0"><span class='ocrx_word' id='word_1_115' title='bbox 264 1849 527 1905; x_wconf 86' lang='lat' dir='ltr'><strong>charitate</strong></span> <span class='ocrx_word' id='word_1_116' title='bbox 567 1817 1054 1897; x_wconf 17' lang='lat' dir='ltr'><strong>autemilocuturus</strong></span> <span class='ocrx_word' id='word_1_117' title='bbox 1094 1825 1413 1898; x_wconf 71' lang='lat' dir='ltr'><strong>Apostolus,</strong></span> <span class='ocrx_word' id='word_1_118' title='bbox 1459 1817 1851 1888; x_wconf 82' lang='lat' dir='ltr'><strong>Superemincn-</strong></span> 
     </span>
    </p>
   </div>
   <div class='ocr_carea' id='block_1_18' title="bbox 268 1908 1854 2004">
    <p class='ocr_par' dir='ltr' id='par_1_18' title="bbox 268 1908 1854 2004">
     <span class='ocr_line' id='line_1_18' title="bbox 268 1908 1854 2004; baseline -0.023 -10"><span class='ocrx_word' id='word_1_119' title='bbox 268 1952 384 2004; x_wconf 84' lang='lat' dir='ltr'><strong>tem,</strong></span> <span class='ocrx_word' id='word_1_120' title='bbox 418 1935 612 2004; x_wconf 87' lang='lat' dir='ltr'><strong>inquit,</strong></span> <span class='ocrx_word' id='word_1_121' title='bbox 639 1932 769 1984; x_wconf 80' lang='lat' dir='ltr'><strong>viam</strong></span> <span class='ocrx_word' id='word_1_122' title='bbox 794 1925 928 1980; x_wconf 81' lang='lat' dir='ltr'><strong>vobis</strong></span> <span class='ocrx_word' id='word_1_123' title='bbox 957 1923 1241 1975; x_wconf 82' lang='lat' dir='ltr'><strong>demonstro</strong></span> <span class='ocrx_word' id='word_1_124' title='bbox 1277 1915 1331 1986; x_wconf 93' lang='lat' dir='ltr'><strong>(l</strong></span> <span class='ocrx_word' id='word_1_125' title='bbox 1353 1912 1469 1968; x_wconf 89' lang='lat' dir='ltr'><strong>Cor.</strong></span> <span class='ocrx_word' id='word_1_126' title='bbox 1501 1925 1603 1972; x_wconf 81' lang='lat' dir='ltr'><strong>xu,</strong></span> <span class='ocrx_word' id='word_1_127' title='bbox 1634 1908 1726 1977; x_wconf 79' lang='lat' dir='ltr'><strong>5i)</strong></span> <span class='ocrx_word' id='word_1_128' title='bbox 1757 1925 1770 1959; x_wconf 87' lang='lat'><strong>:</strong></span> <span class='ocrx_word' id='word_1_129' title='bbox 1800 1915 1854 1959; x_wconf 90' lang='lat' dir='ltr'><strong>et</strong></span> 
     </span>
    </p>
   </div>
   <div class='ocr_carea' id='block_1_19' title="bbox 266 1995 1855 2090">
    <p class='ocr_par' dir='ltr' id='par_1_19' title="bbox 266 1995 1855 2090">
     <span class='ocr_line' id='line_1_19' title="bbox 266 1995 1855 2090; baseline -0.023 -6"><span class='ocrx_word' id='word_1_130' title='bbox 266 2030 368 2084; x_wconf 88' lang='lat' dir='ltr'><strong>alio</strong></span> <span class='ocrx_word' id='word_1_131' title='bbox 395 2029 516 2082; x_wconf 89' lang='lat' dir='ltr'><strong>loco</strong></span> <span class='ocrx_word' id='word_1_132' title='bbox 541 2025 634 2084; x_wconf 86' lang='lat' dir='ltr'><strong>ait,</strong></span> <span class='ocrx_word' id='word_1_133' title='bbox 660 2021 970 2090; x_wconf 80' lang='lat' dir='ltr'><strong>Cognoscere</strong></span> <span class='ocrx_word' id='word_1_134' title='bbox 993 2011 1144 2066; x_wconf 88' lang='lat' dir='ltr'><strong>etiam</strong></span> <span class='ocrx_word' id='word_1_135' title='bbox 1170 2005 1615 2076; x_wconf 85' lang='lat' dir='ltr'><strong>supereminentem</strong></span> <span class='ocrx_word' id='word_1_136' title='bbox 1635 1995 1855 2050; x_wconf 71' lang='lat' dir='ltr'><strong>scicntia:</strong></span> 
     </span>
    </p>
   </div>
   <div class='ocr_carea' id='block_1_20' title="bbox 267 2083 1856 2179">
    <p class='ocr_par' dir='ltr' id='par_1_20' title="bbox 267 2083 1856 2179">
     <span class='ocr_line' id='line_1_20' title="bbox 267 2083 1856 2179; baseline -0.025 -5"><span class='ocrx_word' id='word_1_137' title='bbox 267 2083 564 2174; x_wconf 73' lang='lat' dir='ltr'><strong>charitatem</strong></span> <span class='ocrx_word' id='word_1_138' title='bbox 592 2083 776 2166; x_wconf 68' lang='lat' dir='ltr'><strong>Christi</strong></span> <span class='ocrx_word' id='word_1_139' title='bbox 799 2105 1012 2179; x_wconf 82' lang='lat' dir='ltr'><strong>(Ep/tes.</strong></span> <span class='ocrx_word' id='word_1_140' title='bbox 1046 2117 1123 2166; x_wconf 90' lang='grc' dir='ltr'>ιιι,</span> <span class='ocrx_word' id='word_1_141' title='bbox 1153 2097 1239 2166; x_wconf 75' lang='grc'><strong>19)</strong></span> <span class='ocrx_word' id='word_1_142' title='bbox 1264 2113 1278 2160; x_wconf 89' lang='grc'>;</span> <span class='ocrx_word' id='word_1_143' title='bbox 1309 2105 1538 2161; x_wconf 85' lang='lat' dir='ltr'><strong>Itemque</strong></span> <span class='ocrx_word' id='word_1_144' title='bbox 1566 2086 1718 2151; x_wconf 91' lang='lat' dir='ltr'><strong>alibi,</strong></span> <span class='ocrx_word' id='word_1_145' title='bbox 1752 2083 1856 2138; x_wconf 86' lang='lat' dir='ltr'><strong>Su-</strong></span> 
     </span>
    </p>
   </div>
   <div class='ocr_carea' id='block_1_21' title="bbox 273 2178 1856 2283">
    <p class='ocr_par' dir='ltr' id='par_1_21' title="bbox 273 2178 1856 2283">
     <span class='ocr_line' id='line_1_21' title="bbox 273 2178 1856 2283; baseline -0.025 -18"><span class='ocrx_word' id='word_1_146' title='bbox 273 2227 359 2283; x_wconf 78' lang='lat' dir='ltr'><strong>per</strong></span> <span class='ocrx_word' id='word_1_147' title='bbox 389 2207 565 2263; x_wconf 82' lang='lat' dir='ltr'><strong>omnia</strong></span> <span class='ocrx_word' id='word_1_148' title='bbox 594 2211 759 2256; x_wconf 87' lang='lat' dir='ltr'><strong>autent</strong></span> <span class='ocrx_word' id='word_1_149' title='bbox 787 2178 892 2252; x_wconf 67' lang='lat' dir='ltr'><strong>hac</strong></span> <span class='ocrx_word' id='word_1_150' title='bbox 912 2194 1227 2254; x_wconf 86' lang='lat' dir='ltr'><strong>charitatem,</strong></span> <span class='ocrx_word' id='word_1_151' title='bbox 1248 2201 1359 2256; x_wconf 64' lang='lat' dir='ltr'><strong>quae</strong></span> <span class='ocrx_word' id='word_1_152' title='bbox 1373 2192 1442 2237; x_wconf 78' lang='lat' dir='ltr'><strong>est</strong></span> <span class='ocrx_word' id='word_1_153' title='bbox 1467 2178 1717 2234; x_wconf 82' lang='lat' dir='ltr'><strong>vinculum</strong></span> <span class='ocrx_word' id='word_1_154' title='bbox 1738 2190 1856 2247; x_wconf 85' lang='lat' dir='ltr'><strong>per-</strong></span> 
     </span>
    </p>
   </div>
   <div class='ocr_carea' id='block_1_22' title="bbox 271 2275 1859 2372">
    <p class='ocr_par' dir='ltr' id='par_1_22' title="bbox 271 2275 1859 2372">
     <span class='ocr_line' id='line_1_22' title="bbox 271 2275 1859 2372; baseline -0.026 -14"><span class='ocrx_word' id='word_1_155' title='bbox 271 2275 500 2372; x_wconf 52' lang='lat' dir='ltr'><strong>jectionis</strong></span> <span class='ocrx_word' id='word_1_156' title='bbox 531 2294 746 2367; x_wconf 80' lang='lat' dir='ltr'><strong>(Coloss.</strong></span> <span class='ocrx_word' id='word_1_157' title='bbox 779 2305 856 2355; x_wconf 91' lang='grc' dir='ltr'>ιιι,</span> <span class='ocrx_word' id='word_1_158' title='bbox 893 2288 1004 2357; x_wconf 62' lang='lat' dir='ltr'><strong>id).</strong></span> <span class='ocrx_word' id='word_1_159' title='bbox 1042 2283 1098 2338; x_wconf 90' lang='lat' dir='ltr'><strong>Si</strong></span> <span class='ocrx_word' id='word_1_160' title='bbox 1134 2295 1260 2349; x_wconf 87' lang='lat' dir='ltr'><strong>ergo</strong></span> <span class='ocrx_word' id='word_1_161' title='bbox 1297 2275 1526 2330; x_wconf 81' lang='lat' dir='ltr'><strong>Charitas</strong></span> <span class='ocrx_word' id='word_1_162' title='bbox 1562 2279 1615 2325; x_wconf 91' lang='lat' dir='ltr'><strong>et</strong></span> <span class='ocrx_word' id='word_1_163' title='bbox 1648 2280 1859 2336; x_wconf 87' lang='lat' dir='ltr'><strong>supere-</strong></span> 
     </span>
    </p>
   </div>
   <div class='ocr_carea' id='block_1_23' title="bbox 280 2360 1859 2449">
    <p class='ocr_par' dir='ltr' id='par_1_23' title="bbox 280 2360 1859 2449">
     <span class='ocr_line' id='line_1_23' title="bbox 280 2360 1859 2449; baseline -0.025 -1"><span class='ocrx_word' id='word_1_164' title='bbox 280 2391 654 2449; x_wconf 84' lang='lat' dir='ltr'><strong>mineutiorem</strong></span> <span class='ocrx_word' id='word_1_165' title='bbox 681 2384 838 2438; x_wconf 85' lang='lat' dir='ltr'><strong>habet</strong></span> <span class='ocrx_word' id='word_1_166' title='bbox 862 2381 1022 2444; x_wconf 87' lang='lat' dir='ltr'><strong>viam,</strong></span> <span class='ocrx_word' id='word_1_167' title='bbox 1053 2385 1106 2429; x_wconf 92' lang='lat' dir='ltr'><strong>et</strong></span> <span class='ocrx_word' id='word_1_168' title='bbox 1129 2367 1490 2440; x_wconf 88' lang='lat' dir='ltr'><strong>supereminet</strong></span> <span class='ocrx_word' id='word_1_169' title='bbox 1515 2360 1749 2418; x_wconf 71' lang='lat' dir='ltr'><strong>scientize</strong></span> <span class='ocrx_word' id='word_1_170' title='bbox 1767 2400 1781 2424; x_wconf 92' lang='lat'><strong>,</strong></span> <span class='ocrx_word' id='word_1_171' title='bbox 1805 2365 1859 2411; x_wconf 87' lang='lat' dir='ltr'><strong>et</strong></span> 
     </span>
    </p>
   </div>
   <div class='ocr_carea' id='block_1_24' title="bbox 274 2449 1857 2555">
    <p class='ocr_par' dir='ltr' id='par_1_24' title="bbox 274 2449 1857 2555">
     <span class='ocr_line' id='line_1_24' title="bbox 274 2449 1857 2555; baseline -0.026 -15"><span class='ocrx_word' id='word_1_172' title='bbox 274 2499 432 2555; x_wconf 89' lang='lat' dir='ltr'><strong>super</strong></span> <span class='ocrx_word' id='word_1_173' title='bbox 458 2478 648 2537; x_wconf 83' lang='lat' dir='ltr'><strong>omnia</strong></span> <span class='ocrx_word' id='word_1_174' title='bbox 664 2480 927 2546; x_wconf 69' lang='lat' dir='ltr'><strong>prmcepta</strong></span> <span class='ocrx_word' id='word_1_175' title='bbox 951 2477 1065 2531; x_wconf 88' lang='lat' dir='ltr'><strong>est;</strong></span> <span class='ocrx_word' id='word_1_176' title='bbox 1094 2463 1283 2519; x_wconf 89' lang='lat' dir='ltr'><strong>merito</strong></span> <span class='ocrx_word' id='word_1_177' title='bbox 1310 2458 1472 2513; x_wconf 89' lang='lat' dir='ltr'><strong>vestis</strong></span> <span class='ocrx_word' id='word_1_178' title='bbox 1509 2468 1610 2524; x_wconf 90' lang='lat' dir='ltr'><strong>qua</strong></span> <span class='ocrx_word' id='word_1_179' title='bbox 1655 2449 1857 2520; x_wconf 86' lang='lat' dir='ltr'><strong>signiti-</strong></span> 
     </span>
    </p>
   </div>
   <div class='ocr_carea' id='block_1_25' title="bbox 274 2545 1858 2640">
    <p class='ocr_par' dir='ltr' id='par_1_25' title="bbox 274 2545 1858 2640">
     <span class='ocr_line' id='line_1_25' title="bbox 274 2545 1858 2640; baseline -0.025 -8"><span class='ocrx_word' id='word_1_180' title='bbox 274 2587 440 2638; x_wconf 88' lang='lat' dir='ltr'><strong>catur,</strong></span> <span class='ocrx_word' id='word_1_181' title='bbox 473 2573 705 2640; x_wconf 89' lang='lat' dir='ltr'><strong>desuper</strong></span> <span class='ocrx_word' id='word_1_182' title='bbox 743 2571 990 2621; x_wconf 72' lang='lat' dir='ltr'><strong>contexta</strong></span> <span class='ocrx_word' id='word_1_183' title='bbox 1023 2557 1346 2630; x_wconf 85' lang='lat' dir='ltr'><strong>perhibetur.</strong></span> <span class='ocrx_word' id='word_1_184' title='bbox 1380 2545 1714 2604; x_wconf 88' lang='lat' dir='ltr'><strong>lnconsutilis</strong></span> <span class='ocrx_word' id='word_1_185' title='bbox 1761 2557 1858 2595; x_wconf 87' lang='lat' dir='ltr'><strong>au-</strong></span> 
     </span>
    </p>
   </div>
   <div class='ocr_carea' id='block_1_26' title="bbox 281 2633 1856 2730">
    <p class='ocr_par' dir='ltr' id='par_1_26' title="bbox 281 2633 1856 2730">
     <span class='ocr_line' id='line_1_26' title="bbox 281 2633 1856 2730; baseline -0.024 -9"><span class='ocrx_word' id='word_1_186' title='bbox 281 2681 384 2721; x_wconf 91' lang='lat' dir='ltr'><strong>tem</strong></span> <span class='ocrx_word' id='word_1_187' title='bbox 406 2705 422 2730; x_wconf 91' lang='lat'><strong>,</strong></span> <span class='ocrx_word' id='word_1_188' title='bbox 472 2678 541 2718; x_wconf 92' lang='lat' dir='ltr'><strong>ne</strong></span> <span class='ocrx_word' id='word_1_189' title='bbox 586 2655 866 2728; x_wconf 84' lang='lat' dir='ltr'><strong>aliquando</strong></span> <span class='ocrx_word' id='word_1_190' title='bbox 892 2653 1158 2707; x_wconf 89' lang='lat' dir='ltr'><strong>dissuatur</strong></span> <span class='ocrx_word' id='word_1_191' title='bbox 1183 2664 1195 2699; x_wconf 90' lang='lat'>:</span> <span class='ocrx_word' id='word_1_192' title='bbox 1223 2653 1275 2699; x_wconf 93' lang='lat' dir='ltr'><strong>et</strong></span> <span class='ocrx_word' id='word_1_193' title='bbox 1301 2642 1367 2696; x_wconf 91' lang='lat' dir='ltr'><strong>ad</strong></span> <span class='ocrx_word' id='word_1_194' title='bbox 1396 2653 1556 2694; x_wconf 92' lang='lat' dir='ltr'><strong>unum</strong></span> <span class='ocrx_word' id='word_1_195' title='bbox 1586 2633 1823 2705; x_wconf 84' lang='lat' dir='ltr'><strong>pervenit</strong></span> <span class='ocrx_word' id='word_1_196' title='bbox 1842 2673 1856 2697; x_wconf 94' lang='lat'><strong>,</strong></span> 
     </span>
    </p>
   </div>
   <div class='ocr_carea' id='block_1_27' title="bbox 277 2725 1861 2827">
    <p class='ocr_par' dir='ltr' id='par_1_27' title="bbox 277 2725 1861 2827">
     <span class='ocr_line' id='line_1_27' title="bbox 277 2725 1861 2827; baseline -0.024 -15"><span class='ocrx_word' id='word_1_197' title='bbox 277 2725 482 2827; x_wconf 31' lang='lat' dir='ltr'><strong>quia&#39;in</strong></span> <span class='ocrx_word' id='word_1_198' title='bbox 513 2725 689 2807; x_wconf 79' lang='lat' dir='ltr'><strong>unum</strong></span> <span class='ocrx_word' id='word_1_199' title='bbox 719 2759 906 2803; x_wconf 82' lang='lat' dir='ltr'><strong>omnes</strong></span> <span class='ocrx_word' id='word_1_200' title='bbox 948 2739 1163 2808; x_wconf 76' lang='lat' dir='ltr'><strong>colligit.</strong></span> <span class='ocrx_word' id='word_1_201' title='bbox 1194 2736 1343 2790; x_wconf 87' lang='lat' dir='ltr'><strong>Sicut</strong></span> <span class='ocrx_word' id='word_1_202' title='bbox 1366 2733 1420 2786; x_wconf 88' lang='lat' dir='ltr'><strong>in</strong></span> <span class='ocrx_word' id='word_1_203' title='bbox 1448 2725 1714 2798; x_wconf 86' lang='lat' dir='ltr'><strong>Apostolis</strong></span> <span class='ocrx_word' id='word_1_204' title='bbox 1741 2737 1861 2777; x_wconf 89' lang='lat' dir='ltr'><strong>cum</strong></span> 
     </span>
    </p>
   </div>
   <div class='ocr_carea' id='block_1_28' title="bbox 279 2817 1860 2912">
    <p class='ocr_par' dir='ltr' id='par_1_28' title="bbox 279 2817 1860 2912">
     <span class='ocr_line' id='line_1_28' title="bbox 279 2817 1860 2912; baseline -0.022 -8"><span class='ocrx_word' id='word_1_205' title='bbox 279 2857 420 2904; x_wconf 81' lang='lat' dir='ltr'><strong>esset</strong></span> <span class='ocrx_word' id='word_1_206' title='bbox 443 2847 605 2901; x_wconf 90' lang='lat' dir='ltr'><strong>etiam</strong></span> <span class='ocrx_word' id='word_1_207' title='bbox 637 2843 750 2912; x_wconf 89' lang='lat' dir='ltr'><strong>ipse</strong></span> <span class='ocrx_word' id='word_1_208' title='bbox 779 2851 1027 2893; x_wconf 89' lang='lat' dir='ltr'><strong>numerus</strong></span> <span class='ocrx_word' id='word_1_209' title='bbox 1052 2828 1430 2891; x_wconf 91' lang='lat' dir='ltr'><strong>duodenarius,</strong></span> <span class='ocrx_word' id='word_1_210' title='bbox 1458 2823 1509 2878; x_wconf 89' lang='lat' dir='ltr'><strong>id</strong></span> <span class='ocrx_word' id='word_1_211' title='bbox 1539 2831 1618 2876; x_wconf 89' lang='lat' dir='ltr'><strong>est</strong></span> <span class='ocrx_word' id='word_1_212' title='bbox 1645 2817 1860 2889; x_wconf 89' lang='lat' dir='ltr'><strong>quadri-</strong></span> 
     </span>
    </p>
   </div>
   <div class='ocr_carea' id='block_1_29' title="bbox 279 2909 1862 3011">
    <p class='ocr_par' dir='ltr' id='par_1_29' title="bbox 279 2909 1862 3011">
     <span class='ocr_line' id='line_1_29' title="bbox 279 2909 1862 3011; baseline -0.021 -15"><span class='ocrx_word' id='word_1_213' title='bbox 279 2941 508 3011; x_wconf 82' lang='lat' dir='ltr'><strong>partitus</strong></span> <span class='ocrx_word' id='word_1_214' title='bbox 537 2937 590 2990; x_wconf 94' lang='lat' dir='ltr'><strong>in</strong></span> <span class='ocrx_word' id='word_1_215' title='bbox 620 2909 818 2994; x_wconf 77' lang='lat' dir='ltr'><strong>tet&#39;nos,</strong></span> <span class='ocrx_word' id='word_1_216' title='bbox 845 2936 900 2984; x_wconf 87' lang='lat' dir='ltr'><strong>et</strong></span> <span class='ocrx_word' id='word_1_217' title='bbox 923 2939 1110 2981; x_wconf 90' lang='lat' dir='ltr'><strong>omnes</strong></span> <span class='ocrx_word' id='word_1_218' title='bbox 1139 2927 1320 2977; x_wconf 87' lang='lat' dir='ltr'><strong>essent</strong></span> <span class='ocrx_word' id='word_1_219' title='bbox 1350 2912 1694 2984; x_wconf 85' lang='lat' dir='ltr'><strong>interrogati,</strong></span> <span class='ocrx_word' id='word_1_220' title='bbox 1719 2909 1862 2964; x_wconf 89' lang='lat' dir='ltr'><strong>solus</strong></span> 
     </span>
    </p>
   </div>
   <div class='ocr_carea' id='block_1_30' title="bbox 285 2999 1863 3096">
    <p class='ocr_par' dir='ltr' id='par_1_30' title="bbox 285 2999 1863 3096">
     <span class='ocr_line' id='line_1_30' title="bbox 285 2999 1863 3096; baseline -0.023 -7"><span class='ocrx_word' id='word_1_221' title='bbox 285 2999 474 3089; x_wconf 62' lang='lat' dir='ltr'><strong>l’etrus</strong></span> <span class='ocrx_word' id='word_1_222' title='bbox 504 3025 798 3096; x_wconf 85' lang='lat' dir='ltr'><strong>respondit,</strong></span> <span class='ocrx_word' id='word_1_223' title='bbox 831 3021 906 3075; x_wconf 86' lang='lat' dir='ltr'><strong>Tu</strong></span> <span class='ocrx_word' id='word_1_224' title='bbox 931 3036 980 3074; x_wconf 86' lang='lat' dir='ltr'><strong>es</strong></span> <span class='ocrx_word' id='word_1_225' title='bbox 1006 3016 1238 3077; x_wconf 73' lang='lat' dir='ltr'><strong>Christus</strong></span> <span class='ocrx_word' id='word_1_226' title='bbox 1265 3011 1430 3064; x_wconf 83' lang='lat' dir='ltr'><strong>Filius</strong></span> <span class='ocrx_word' id='word_1_227' title='bbox 1457 3006 1555 3061; x_wconf 80' lang='lat' dir='ltr'><strong>Dei</strong></span> <span class='ocrx_word' id='word_1_228' title='bbox 1577 3005 1709 3067; x_wconf 86' lang='lat' dir='ltr'><strong>vivi;</strong></span> <span class='ocrx_word' id='word_1_229' title='bbox 1737 3011 1790 3056; x_wconf 90' lang='lat' dir='ltr'><strong>et</strong></span> <span class='ocrx_word' id='word_1_230' title='bbox 1815 2999 1863 3054; x_wconf 91' lang='lat' dir='ltr'><strong>ei</strong></span> 
     </span>
    </p>
   </div>
   <div class='ocr_carea' id='block_1_31' title="bbox 284 3094 1862 3185">
    <p class='ocr_par' dir='ltr' id='par_1_31' title="bbox 284 3094 1862 3185">
     <span class='ocr_line' id='line_1_31' title="bbox 284 3094 1862 3185; baseline -0.024 -6"><span class='ocrx_word' id='word_1_231' title='bbox 284 3124 497 3185; x_wconf 89' lang='lat' dir='ltr'><strong>dicitur,</strong></span> <span class='ocrx_word' id='word_1_232' title='bbox 539 3094 650 3172; x_wconf 84' lang='lat' dir='ltr'><strong>Tibi</strong></span> <span class='ocrx_word' id='word_1_233' title='bbox 693 3113 821 3168; x_wconf 84' lang='lat' dir='ltr'><strong>dabo</strong></span> <span class='ocrx_word' id='word_1_234' title='bbox 857 3112 1017 3165; x_wconf 74' lang='lat' dir='ltr'><strong>claves</strong></span> <span class='ocrx_word' id='word_1_235' title='bbox 1057 3106 1199 3176; x_wconf 86' lang='lat' dir='ltr'><strong>regni</strong></span> <span class='ocrx_word' id='word_1_236' title='bbox 1233 3103 1471 3156; x_wconf 75' lang='lat' dir='ltr'><strong>cmtorum</strong></span> <span class='ocrx_word' id='word_1_237' title='bbox 1501 3094 1708 3167; x_wconf 74' lang='lat' dir='ltr'><strong>(Matth.</strong></span> <span class='ocrx_word' id='word_1_238' title='bbox 1742 3107 1824 3144; x_wconf 76' lang='lat' dir='ltr'><strong>xw</strong></span> <span class='ocrx_word' id='word_1_239' title='bbox 1845 3131 1862 3157; x_wconf 89' lang='lat'><strong>,</strong></span> 
     </span>
    </p>
   </div>
   <div class='ocr_carea' id='block_1_32' title="bbox 287 3187 1864 3280">
    <p class='ocr_par' dir='ltr' id='par_1_32' title="bbox 287 3187 1864 3280">
     <span class='ocr_line' id='line_1_32' title="bbox 287 3187 1864 3280; baseline -0.024 -10"><span class='ocrx_word' id='word_1_240' title='bbox 287 3217 374 3279; x_wconf 73' lang='grc'><strong>15,</strong></span> <span class='ocrx_word' id='word_1_241' title='bbox 414 3213 478 3266; x_wconf 81' lang='grc'><strong>16</strong></span> <span class='ocrx_word' id='word_1_242' title='bbox 499 3251 514 3276; x_wconf 94' lang='grc'><strong>,</strong></span> <span class='ocrx_word' id='word_1_243' title='bbox 540 3209 628 3280; x_wconf 81' lang='grc'><strong>19)</strong></span> <span class='ocrx_word' id='word_1_244' title='bbox 649 3249 663 3271; x_wconf 91' lang='grc'><strong>,</strong></span> <span class='ocrx_word' id='word_1_245' title='bbox 697 3216 944 3274; x_wconf 91' lang='lat' dir='ltr'><strong>tanquam</strong></span> <span class='ocrx_word' id='word_1_246' title='bbox 971 3197 1164 3269; x_wconf 81' lang='lat' dir='ltr'><strong>ligandi</strong></span> <span class='ocrx_word' id='word_1_247' title='bbox 1193 3205 1244 3249; x_wconf 87' lang='lat' dir='ltr'><strong>et</strong></span> <span class='ocrx_word' id='word_1_248' title='bbox 1271 3188 1512 3246; x_wconf 89' lang='lat' dir='ltr'><strong>solvendi</strong></span> <span class='ocrx_word' id='word_1_249' title='bbox 1540 3187 1683 3240; x_wconf 87' lang='lat' dir='ltr'><strong>solus</strong></span> <span class='ocrx_word' id='word_1_250' title='bbox 1713 3198 1864 3236; x_wconf 85' lang='lat' dir='ltr'><strong>acce-</strong></span> 
     </span>
    </p>
   </div>
   <div class='ocr_carea' id='block_1_33' title="bbox 287 3273 1870 3375">
    <p class='ocr_par' dir='ltr' id='par_1_33' title="bbox 287 3273 1870 3375">
     <span class='ocr_line' id='line_1_33' title="bbox 287 3273 1870 3375; baseline -0.022 -16"><span class='ocrx_word' id='word_1_251' title='bbox 287 3303 422 3375; x_wconf 86' lang='lat' dir='ltr'><strong>perit</strong></span> <span class='ocrx_word' id='word_1_252' title='bbox 467 3273 783 3371; x_wconf 80' lang='lat' dir='ltr'><strong>potestatem</strong></span> <span class='ocrx_word' id='word_1_253' title='bbox 808 3273 839 3348; x_wconf 16' lang='lat'><strong>7:</strong></span> <span class='ocrx_word' id='word_1_254' title='bbox 873 3305 993 3346; x_wconf 90' lang='lat' dir='ltr'><strong>eum</strong></span> <span class='ocrx_word' id='word_1_255' title='bbox 1037 3297 1090 3342; x_wconf 86' lang='lat' dir='ltr'><strong>et</strong></span> <span class='ocrx_word' id='word_1_256' title='bbox 1134 3283 1261 3340; x_wconf 88' lang='lat' dir='ltr'><strong>illud</strong></span> <span class='ocrx_word' id='word_1_257' title='bbox 1308 3294 1444 3335; x_wconf 92' lang='lat' dir='ltr'><strong>unus</strong></span> <span class='ocrx_word' id='word_1_258' title='bbox 1485 3292 1581 3348; x_wconf 89' lang='lat' dir='ltr'><strong>pro</strong></span> <span class='ocrx_word' id='word_1_259' title='bbox 1625 3273 1870 3328; x_wconf 88' lang='lat' dir='ltr'><strong>omnibus</strong></span> 
     </span>
    </p>
   </div>
   <div class='ocr_carea' id='block_1_34' title="bbox 288 3377 1869 3456">
    <p class='ocr_par' dir='ltr' id='par_1_34' title="bbox 288 3377 1869 3456">
     <span class='ocr_line' id='line_1_34' title="bbox 288 3377 1869 3456; baseline -0.021 -7"><span class='ocrx_word' id='word_1_260' title='bbox 288 3394 500 3456; x_wconf 79' lang='lat' dir='ltr'><strong>dixerit,</strong></span> <span class='ocrx_word' id='word_1_261' title='bbox 528 3398 584 3444; x_wconf 90' lang='lat' dir='ltr'><strong>et</strong></span> <span class='ocrx_word' id='word_1_262' title='bbox 611 3388 713 3441; x_wconf 91' lang='lat' dir='ltr'><strong>hoc</strong></span> <span class='ocrx_word' id='word_1_263' title='bbox 750 3399 868 3439; x_wconf 91' lang='lat' dir='ltr'><strong>cum</strong></span> <span class='ocrx_word' id='word_1_264' title='bbox 908 3379 1154 3434; x_wconf 88' lang='lat' dir='ltr'><strong>omnibus</strong></span> <span class='ocrx_word' id='word_1_265' title='bbox 1185 3385 1432 3442; x_wconf 90' lang='lat' dir='ltr'><strong>tanquam</strong></span> <span class='ocrx_word' id='word_1_266' title='bbox 1463 3380 1743 3438; x_wconf 89' lang='lat' dir='ltr'><strong>personam</strong></span> <span class='ocrx_word' id='word_1_267' title='bbox 1776 3377 1869 3433; x_wconf 86' lang='lat' dir='ltr'><strong>ge-</strong></span> 
     </span>
    </p>
   </div>
   <div class='ocr_carea' id='block_1_35' title="bbox 288 3455 1869 3552">
    <p class='ocr_par' dir='ltr' id='par_1_35' title="bbox 288 3455 1869 3552">
     <span class='ocr_line' id='line_1_35' title="bbox 288 3455 1869 3552; baseline -0.022 -12"><span class='ocrx_word' id='word_1_268' title='bbox 288 3499 414 3540; x_wconf 89' lang='lat' dir='ltr'><strong>rens</strong></span> <span class='ocrx_word' id='word_1_269' title='bbox 457 3482 624 3552; x_wconf 88' lang='lat' dir='ltr'><strong>ipsius</strong></span> <span class='ocrx_word' id='word_1_270' title='bbox 663 3475 876 3531; x_wconf 90' lang='lat' dir='ltr'><strong>unitatis</strong></span> <span class='ocrx_word' id='word_1_271' title='bbox 917 3469 1180 3538; x_wconf 82' lang='lat' dir='ltr'><strong>acceperit</strong></span> <span class='ocrx_word' id='word_1_272' title='bbox 1211 3484 1224 3518; x_wconf 88' lang='lat'><strong>:</strong></span> <span class='ocrx_word' id='word_1_273' title='bbox 1254 3465 1373 3518; x_wconf 90' lang='lat' dir='ltr'><strong>ideo</strong></span> <span class='ocrx_word' id='word_1_274' title='bbox 1401 3476 1537 3515; x_wconf 90' lang='lat' dir='ltr'><strong>unus</strong></span> <span class='ocrx_word' id='word_1_275' title='bbox 1567 3473 1663 3527; x_wconf 92' lang='lat' dir='ltr'><strong>pro</strong></span> <span class='ocrx_word' id='word_1_276' title='bbox 1693 3455 1869 3512; x_wconf 85' lang='lat' dir='ltr'><strong>omni-</strong></span> 
     </span>
    </p>
   </div>
   <div class='ocr_carea' id='block_1_36' title="bbox 289 3546 1873 3643">
    <p class='ocr_par' dir='ltr' id='par_1_36' title="bbox 289 3546 1873 3643">
     <span class='ocr_line' id='line_1_36' title="bbox 289 3546 1873 3643; baseline -0.022 -12"><span class='ocrx_word' id='word_1_277' title='bbox 289 3577 410 3638; x_wconf 85' lang='lat' dir='ltr'><strong>bus,</strong></span> <span class='ocrx_word' id='word_1_278' title='bbox 437 3546 562 3643; x_wconf 78' lang='lat' dir='ltr'><strong>quia</strong></span> <span class='ocrx_word' id='word_1_279' title='bbox 597 3570 771 3624; x_wconf 91' lang='lat' dir='ltr'><strong>unitas</strong></span> <span class='ocrx_word' id='word_1_280' title='bbox 815 3573 894 3618; x_wconf 90' lang='lat' dir='ltr'><strong>est</strong></span> <span class='ocrx_word' id='word_1_281' title='bbox 942 3563 998 3616; x_wconf 90' lang='lat' dir='ltr'><strong>in</strong></span> <span class='ocrx_word' id='word_1_282' title='bbox 1041 3556 1304 3614; x_wconf 91' lang='lat' dir='ltr'><strong>omnibus.</strong></span> <span class='ocrx_word' id='word_1_283' title='bbox 1334 3550 1484 3607; x_wconf 85' lang='lat' dir='ltr'><strong>Unde</strong></span> <span class='ocrx_word' id='word_1_284' title='bbox 1526 3557 1580 3602; x_wconf 89' lang='lat' dir='ltr'><strong>et</strong></span> <span class='ocrx_word' id='word_1_285' title='bbox 1627 3546 1713 3601; x_wconf 87' lang='lat' dir='ltr'><strong>hie</strong></span> <span class='ocrx_word' id='word_1_286' title='bbox 1753 3559 1873 3599; x_wconf 93' lang='lat' dir='ltr'><strong>cum</strong></span> 
     </span>
    </p>
   </div>
   <div class='ocr_carea' id='block_1_37' title="bbox 293 3635 1875 3730">
    <p class='ocr_par' dir='ltr' id='par_1_37' title="bbox 293 3635 1875 3730">
     <span class='ocr_line' id='line_1_37' title="bbox 293 3635 1875 3730; baseline -0.023 -8"><span class='ocrx_word' id='word_1_287' title='bbox 293 3635 544 3728; x_wconf 29' lang='lat' dir='ltr'><strong>dixi-sset,</strong></span> <span class='ocrx_word' id='word_1_288' title='bbox 582 3663 795 3730; x_wconf 85' lang='lat' dir='ltr'><strong>desuper</strong></span> <span class='ocrx_word' id='word_1_289' title='bbox 823 3663 1084 3715; x_wconf 69' lang='lat' dir='ltr'><strong>contexta;</strong></span> <span class='ocrx_word' id='word_1_290' title='bbox 1118 3646 1354 3710; x_wconf 90' lang='lat' dir='ltr'><strong>addidit,</strong></span> <span class='ocrx_word' id='word_1_291' title='bbox 1396 3659 1482 3714; x_wconf 85' lang='lat' dir='ltr'><strong>per</strong></span> <span class='ocrx_word' id='word_1_292' title='bbox 1519 3650 1694 3694; x_wconf 88' lang='lat' dir='ltr'><strong>totum.</strong></span> <span class='ocrx_word' id='word_1_293' title='bbox 1724 3635 1875 3702; x_wconf 86' lang='lat' dir='ltr'><strong>Quod</strong></span> 
     </span>
    </p>
   </div>
   <div class='ocr_carea' id='block_1_38' title="bbox 293 3731 1878 3817">
    <p class='ocr_par' dir='ltr' id='par_1_38' title="bbox 293 3731 1878 3817">
     <span class='ocr_line' id='line_1_38' title="bbox 293 3731 1878 3817; baseline -0.023 -1"><span class='ocrx_word' id='word_1_294' title='bbox 293 3761 338 3817; x_wconf 88' lang='lat' dir='ltr'><strong>si</strong></span> <span class='ocrx_word' id='word_1_295' title='bbox 366 3757 661 3814; x_wconf 88' lang='lat' dir='ltr'><strong>referamus</strong></span> <span class='ocrx_word' id='word_1_296' title='bbox 690 3752 754 3805; x_wconf 90' lang='lat' dir='ltr'><strong>ad</strong></span> <span class='ocrx_word' id='word_1_297' title='bbox 779 3749 830 3803; x_wconf 91' lang='lat' dir='ltr'><strong>id</strong></span> <span class='ocrx_word' id='word_1_298' title='bbox 863 3745 1004 3817; x_wconf 90' lang='lat' dir='ltr'><strong>quod</strong></span> <span class='ocrx_word' id='word_1_299' title='bbox 1029 3740 1318 3812; x_wconf 90' lang='lat' dir='ltr'><strong>signiﬁcat,</strong></span> <span class='ocrx_word' id='word_1_300' title='bbox 1346 3747 1504 3790; x_wconf 90' lang='lat' dir='ltr'><strong>nemo</strong></span> <span class='ocrx_word' id='word_1_301' title='bbox 1534 3731 1647 3802; x_wconf 84' lang='lat' dir='ltr'><strong>ejus</strong></span> <span class='ocrx_word' id='word_1_302' title='bbox 1681 3738 1760 3784; x_wconf 91' lang='lat' dir='ltr'><strong>est</strong></span> <span class='ocrx_word' id='word_1_303' title='bbox 1787 3743 1878 3782; x_wconf 80' lang='lat' dir='ltr'><strong>ex-</strong></span> 
     </span>
    </p>
   </div>
   <div class='ocr_carea' id='block_1_39' title="bbox 295 3827 1875 3922">
    <p class='ocr_par' dir='ltr' id='par_1_39' title="bbox 295 3827 1875 3922">
     <span class='ocr_line' id='line_1_39' title="bbox 295 3827 1875 3922; baseline -0.023 -16"><span class='ocrx_word' id='word_1_304' title='bbox 295 3865 420 3922; x_wconf 89' lang='lat' dir='ltr'><strong>pers</strong></span> <span class='ocrx_word' id='word_1_305' title='bbox 460 3847 552 3918; x_wconf 88' lang='lat' dir='ltr'><strong>qui</strong></span> <span class='ocrx_word' id='word_1_306' title='bbox 595 3842 859 3914; x_wconf 90' lang='lat' dir='ltr'><strong>pertinere</strong></span> <span class='ocrx_word' id='word_1_307' title='bbox 901 3835 1165 3892; x_wconf 85' lang='lat' dir='ltr'><strong>invenitur</strong></span> <span class='ocrx_word' id='word_1_308' title='bbox 1202 3828 1268 3884; x_wconf 89' lang='lat' dir='ltr'><strong>ad</strong></span> <span class='ocrx_word' id='word_1_309' title='bbox 1316 3835 1479 3881; x_wconf 91' lang='lat' dir='ltr'><strong>totum</strong></span> <span class='ocrx_word' id='word_1_310' title='bbox 1506 3839 1519 3875; x_wconf 90' lang='lat'><strong>:</strong></span> <span class='ocrx_word' id='word_1_311' title='bbox 1547 3836 1576 3874; x_wconf 90' lang='lat' dir='ltr'><strong>a</strong></span> <span class='ocrx_word' id='word_1_312' title='bbox 1611 3836 1714 3889; x_wconf 89' lang='lat' dir='ltr'><strong>quo</strong></span> <span class='ocrx_word' id='word_1_313' title='bbox 1745 3827 1875 3882; x_wconf 90' lang='lat' dir='ltr'><strong>toto,</strong></span> 
     </span>
    </p>
   </div>
   <div class='ocr_carea' id='block_1_40' title="bbox 339 3909 1878 4008">
    <p class='ocr_par' dir='ltr' id='par_1_40' title="bbox 339 3909 1878 4008">
     <span class='ocr_line' id='line_1_40' title="bbox 339 3909 1878 4008; baseline -0.024 -11"><span class='ocrx_word' id='word_1_314' title='bbox 339 3949 430 3997; x_wconf 88' lang='lat' dir='ltr'><strong>cut</strong></span> <span class='ocrx_word' id='word_1_315' title='bbox 468 3909 643 4008; x_wconf 76' lang='lat' dir='ltr'><strong>grzeca</strong></span> <span class='ocrx_word' id='word_1_316' title='bbox 681 3933 876 3988; x_wconf 90' lang='lat' dir='ltr'><strong>indicat</strong></span> <span class='ocrx_word' id='word_1_317' title='bbox 903 3929 1080 3997; x_wconf 86' lang='lat' dir='ltr'><strong>lingua</strong></span> <span class='ocrx_word' id='word_1_318' title='bbox 1101 3966 1113 3988; x_wconf 93' lang='lat'><strong>,</strong></span> <span class='ocrx_word' id='word_1_319' title='bbox 1144 3918 1404 3976; x_wconf 89' lang='lat' dir='ltr'><strong>catholica</strong></span> <span class='ocrx_word' id='word_1_320' title='bbox 1449 3921 1662 3968; x_wconf 83' lang='lat' dir='ltr'><strong>vocatur</strong></span> <span class='ocrx_word' id='word_1_321' title='bbox 1689 3909 1878 3964; x_wconf 83' lang='lat' dir='ltr'><strong>Eccle-</strong></span> 
     </span>
    </p>
   </div>
   <div class='ocr_carea' id='block_1_41' title="bbox 299 4006 1882 4103">
    <p class='ocr_par' dir='ltr' id='par_1_41' title="bbox 299 4006 1882 4103">
     <span class='ocr_line' id='line_1_41' title="bbox 299 4006 1882 4103; baseline -0.023 -14"><span class='ocrx_word' id='word_1_322' title='bbox 299 4034 376 4088; x_wconf 91' lang='lat' dir='ltr'><strong>sia</strong></span> <span class='ocrx_word' id='word_1_323' title='bbox 407 4006 511 4103; x_wconf 52' lang='lat' dir='ltr'><strong>(al.</strong></span> <span class='ocrx_word' id='word_1_324' title='bbox 536 4029 594 4083; x_wconf 89' lang='lat' dir='ltr'><strong>ln</strong></span> <span class='ocrx_word' id='word_1_325' title='bbox 619 4035 762 4082; x_wconf 86' lang='lat' dir='ltr'><strong>sorte</strong></span> <span class='ocrx_word' id='word_1_326' title='bbox 785 4031 964 4077; x_wconf 89' lang='lat' dir='ltr'><strong>autem</strong></span> <span class='ocrx_word' id='word_1_327' title='bbox 992 4015 1115 4088; x_wconf 87' lang='lat' dir='ltr'><strong>quid</strong></span> <span class='ocrx_word' id='word_1_328' title='bbox 1133 4057 1148 4082; x_wconf 94' lang='lat'><strong>,</strong></span> <span class='ocrx_word' id='word_1_329' title='bbox 1171 4013 1270 4068; x_wconf 89' lang='lat' dir='ltr'><strong>nisi</strong></span> <span class='ocrx_word' id='word_1_330' title='bbox 1300 4010 1391 4065; x_wconf 91' lang='lat' dir='ltr'><strong>Dei</strong></span> <span class='ocrx_word' id='word_1_331' title='bbox 1419 4006 1580 4077; x_wconf 86' lang='lat' dir='ltr'><strong>gratia</strong></span> <span class='ocrx_word' id='word_1_332' title='bbox 1609 4017 1882 4058; x_wconf 88' lang='lat' dir='ltr'><strong>commen-</strong></span> 
     </span>
    </p>
   </div>
   <div class='ocr_carea' id='block_1_42' title="bbox 301 4095 1880 4185">
    <p class='ocr_par' dir='ltr' id='par_1_42' title="bbox 301 4095 1880 4185">
     <span class='ocr_line' id='line_1_42' title="bbox 301 4095 1880 4185; baseline -0.023 -6"><span class='ocrx_word' id='word_1_333' title='bbox 301 4095 426 4178; x_wconf 34' lang='lat' dir='ltr'><strong>data.</strong></span> <span class='ocrx_word' id='word_1_334' title='bbox 449 4095 570 4177; x_wconf 81' lang='lat' dir='ltr'><strong>est?</strong></span> <span class='ocrx_word' id='word_1_335' title='bbox 591 4117 680 4173; x_wconf 91' lang='lat' dir='ltr'><strong>Sic</strong></span> <span class='ocrx_word' id='word_1_336' title='bbox 703 4115 896 4185; x_wconf 87' lang='lat' dir='ltr'><strong>quippe</strong></span> <span class='ocrx_word' id='word_1_337' title='bbox 921 4111 973 4163; x_wconf 94' lang='lat' dir='ltr'><strong>in</strong></span> <span class='ocrx_word' id='word_1_338' title='bbox 1003 4121 1110 4162; x_wconf 92' lang='lat' dir='ltr'><strong>uno</strong></span> <span class='ocrx_word' id='word_1_339' title='bbox 1139 4103 1206 4158; x_wconf 90' lang='lat' dir='ltr'><strong>ad</strong></span> <span class='ocrx_word' id='word_1_340' title='bbox 1241 4113 1428 4157; x_wconf 90' lang='lat' dir='ltr'><strong>omnes</strong></span> <span class='ocrx_word' id='word_1_341' title='bbox 1460 4095 1728 4167; x_wconf 80' lang='lat' dir='ltr'><strong>pervenit,</strong></span> <span class='ocrx_word' id='word_1_342' title='bbox 1760 4105 1880 4146; x_wconf 93' lang='lat' dir='ltr'><strong>cum</strong></span> 
     </span>
    </p>
   </div>
   <div class='ocr_carea' id='block_1_43' title="bbox 300 4182 1882 4276">
    <p class='ocr_par' dir='ltr' id='par_1_43' title="bbox 300 4182 1882 4276">
     <span class='ocr_line' id='line_1_43' title="bbox 300 4182 1882 4276; baseline -0.022 -6"><span class='ocrx_word' id='word_1_343' title='bbox 300 4230 419 4269; x_wconf 85' lang='lat' dir='ltr'><strong>sors</strong></span> <span class='ocrx_word' id='word_1_344' title='bbox 447 4209 696 4268; x_wconf 82' lang='lat' dir='ltr'><strong>omnibus</strong></span> <span class='ocrx_word' id='word_1_345' title='bbox 722 4182 937 4276; x_wconf 85' lang='lat' dir='ltr'><strong>placuit,</strong></span> <span class='ocrx_word' id='word_1_346' title='bbox 966 4200 1088 4270; x_wconf 90' lang='lat' dir='ltr'><strong>quia</strong></span> <span class='ocrx_word' id='word_1_347' title='bbox 1116 4205 1171 4252; x_wconf 94' lang='lat' dir='ltr'><strong>et</strong></span> <span class='ocrx_word' id='word_1_348' title='bbox 1200 4195 1290 4250; x_wconf 89' lang='lat' dir='ltr'><strong>Dei</strong></span> <span class='ocrx_word' id='word_1_349' title='bbox 1313 4191 1483 4264; x_wconf 89' lang='lat' dir='ltr'><strong>gratia</strong></span> <span class='ocrx_word' id='word_1_350' title='bbox 1509 4189 1561 4244; x_wconf 91' lang='lat' dir='ltr'><strong>in</strong></span> <span class='ocrx_word' id='word_1_351' title='bbox 1590 4188 1792 4241; x_wconf 88' lang='lat' dir='ltr'><strong>unitate</strong></span> <span class='ocrx_word' id='word_1_352' title='bbox 1816 4182 1882 4236; x_wconf 93' lang='lat' dir='ltr'><strong>ad</strong></span> 
     </span>
    </p>
   </div>
   <div class='ocr_carea' id='block_1_44' title="bbox 303 4287 1884 4372">
    <p class='ocr_par' dir='ltr' id='par_1_44' title="bbox 303 4287 1884 4372">
     <span class='ocr_line' id='line_1_44' title="bbox 303 4287 1884 4372; baseline -0.019 -12"><span class='ocrx_word' id='word_1_353' title='bbox 303 4318 491 4358; x_wconf 90' lang='lat' dir='ltr'><strong>omnes</strong></span> <span class='ocrx_word' id='word_1_354' title='bbox 513 4299 1010 4372; x_wconf 81' lang='lat' dir='ltr'><strong>pervenitzetcnm</strong></span> <span class='ocrx_word' id='word_1_355' title='bbox 1050 4303 1167 4345; x_wconf 90' lang='lat' dir='ltr'><strong>sors</strong></span> <span class='ocrx_word' id='word_1_356' title='bbox 1204 4287 1448 4348; x_wconf 90' lang='lat' dir='ltr'><strong>mittitur,</strong></span> <span class='ocrx_word' id='word_1_357' title='bbox 1496 4296 1601 4336; x_wconf 90' lang='lat' dir='ltr'><strong>non</strong></span> <span class='ocrx_word' id='word_1_358' title='bbox 1647 4290 1884 4350; x_wconf 80' lang='lat' dir='ltr'><strong>persona:</strong></span> 
     </span>
    </p>
   </div>
   <div class='ocr_carea' id='block_1_45' title="bbox 301 4370 1880 4464">
    <p class='ocr_par' dir='ltr' id='par_1_45' title="bbox 301 4370 1880 4464">
     <span class='ocr_line' id='line_1_45' title="bbox 301 4370 1880 4464; baseline -0.02 -14"><span class='ocrx_word' id='word_1_359' title='bbox 301 4370 559 4464; x_wconf 88' lang='lat' dir='ltr'><strong>cujusque</strong></span> <span class='ocrx_word' id='word_1_360' title='bbox 586 4389 671 4445; x_wconf 89' lang='lat' dir='ltr'><strong>vel</strong></span> <span class='ocrx_word' id='word_1_361' title='bbox 701 4385 937 4452; x_wconf 88' lang='lat' dir='ltr'><strong>meritis,</strong></span> <span class='ocrx_word' id='word_1_362' title='bbox 969 4381 1061 4438; x_wconf 90' lang='lat' dir='ltr'><strong>sed</strong></span> <span class='ocrx_word' id='word_1_363' title='bbox 1084 4379 1292 4435; x_wconf 90' lang='lat' dir='ltr'><strong>occulto</strong></span> <span class='ocrx_word' id='word_1_364' title='bbox 1311 4374 1508 4445; x_wconf 87' lang='lat' dir='ltr'><strong>judicio</strong></span> <span class='ocrx_word' id='word_1_365' title='bbox 1537 4372 1629 4426; x_wconf 88' lang='lat' dir='ltr'><strong>Dei</strong></span> <span class='ocrx_word' id='word_1_366' title='bbox 1659 4370 1880 4424; x_wconf 90' lang='lat' dir='ltr'><strong>ceditur.</strong></span> 
     </span>
    </p>
   </div>
   <div class='ocr_carea' id='block_1_46' title="bbox 374 4457 1887 4539">
    <p class='ocr_par' dir='ltr' id='par_1_46' title="bbox 374 4457 1887 4539">
     <span class='ocr_line' id='line_1_46' title="bbox 374 4457 1887 4539; baseline -0.019 -1"><span class='ocrx_word' id='word_1_367' title='bbox 470 4457 582 4537; x_wconf 66' lang='lat' dir='ltr'><strong>l‘iec</strong></span> <span class='ocrx_word' id='word_1_368' title='bbox 617 4479 736 4534; x_wconf 91' lang='lat' dir='ltr'><strong>ideo</strong></span> <span class='ocrx_word' id='word_1_369' title='bbox 777 4476 878 4530; x_wconf 88' lang='lat' dir='ltr'><strong>ista</strong></span> <span class='ocrx_word' id='word_1_370' title='bbox 916 4487 1021 4527; x_wconf 90' lang='lat' dir='ltr'><strong>non</strong></span> <span class='ocrx_word' id='word_1_371' title='bbox 1049 4466 1243 4539; x_wconf 87' lang='lat' dir='ltr'><strong>aliquid</strong></span> <span class='ocrx_word' id='word_1_372' title='bbox 1268 4465 1392 4521; x_wconf 90' lang='lat' dir='ltr'><strong>boni</strong></span> <span class='ocrx_word' id='word_1_373' title='bbox 1420 4461 1742 4532; x_wconf 85' lang='lat' dir='ltr'><strong>signiﬁcasse</strong></span> <span class='ocrx_word' id='word_1_374' title='bbox 1769 4457 1887 4527; x_wconf 92' lang='lat' dir='ltr'><strong>quis</strong></span> 
     </span>
    </p>
   </div>
   <div class='ocr_carea' id='block_1_47' title="bbox 305 4551 1888 4642">
    <p class='ocr_par' dir='ltr' id='par_1_47' title="bbox 305 4551 1888 4642">
     <span class='ocr_line' id='line_1_47' title="bbox 305 4551 1888 4642; baseline -0.02 -10"><span class='ocrx_word' id='word_1_375' title='bbox 305 4575 535 4638; x_wconf 78' lang='lat' dir='ltr'><strong>dixerit,</strong></span> <span class='ocrx_word' id='word_1_376' title='bbox 577 4571 700 4642; x_wconf 87' lang='lat' dir='ltr'><strong>quia</strong></span> <span class='ocrx_word' id='word_1_377' title='bbox 745 4584 840 4639; x_wconf 91' lang='lat' dir='ltr'><strong>per</strong></span> <span class='ocrx_word' id='word_1_378' title='bbox 879 4564 1048 4621; x_wconf 87' lang='lat' dir='ltr'><strong>malos</strong></span> <span class='ocrx_word' id='word_1_379' title='bbox 1077 4562 1213 4616; x_wconf 88' lang='lat' dir='ltr'><strong>facta</strong></span> <span class='ocrx_word' id='word_1_380' title='bbox 1241 4566 1392 4623; x_wconf 92' lang='lat' dir='ltr'><strong>sunt,</strong></span> <span class='ocrx_word' id='word_1_381' title='bbox 1422 4569 1527 4609; x_wconf 90' lang='lat' dir='ltr'><strong>non</strong></span> <span class='ocrx_word' id='word_1_382' title='bbox 1559 4551 1758 4607; x_wconf 90' lang='lat' dir='ltr'><strong>scilicet</strong></span> <span class='ocrx_word' id='word_1_383' title='bbox 1795 4563 1888 4617; x_wconf 90' lang='lat' dir='ltr'><strong>per</strong></span> 
     </span>
    </p>
   </div>
   <div class='ocr_carea' id='block_1_48' title="bbox 309 4640 1888 4737">
    <p class='ocr_par' dir='ltr' id='par_1_48' title="bbox 309 4640 1888 4737">
     <span class='ocr_line' id='line_1_48' title="bbox 309 4640 1888 4737; baseline -0.021 -11"><span class='ocrx_word' id='word_1_384' title='bbox 309 4683 404 4725; x_wconf 88' lang='lat' dir='ltr'><strong>eos</strong></span> <span class='ocrx_word' id='word_1_385' title='bbox 429 4667 518 4737; x_wconf 91' lang='lat' dir='ltr'><strong>qui</strong></span> <span class='ocrx_word' id='word_1_386' title='bbox 543 4640 814 4721; x_wconf 86' lang='lat' dir='ltr'><strong>Christum</strong></span> <span class='ocrx_word' id='word_1_387' title='bbox 845 4658 1034 4722; x_wconf 88' lang='lat' dir='ltr'><strong>secuti,</strong></span> <span class='ocrx_word' id='word_1_388' title='bbox 1056 4655 1152 4710; x_wconf 89' lang='lat' dir='ltr'><strong>sed</strong></span> <span class='ocrx_word' id='word_1_389' title='bbox 1179 4653 1267 4722; x_wconf 89' lang='lat' dir='ltr'><strong>qui</strong></span> <span class='ocrx_word' id='word_1_390' title='bbox 1295 4659 1419 4708; x_wconf 89' lang='lat' dir='ltr'><strong>sunt</strong></span> <span class='ocrx_word' id='word_1_391' title='bbox 1448 4645 1730 4718; x_wconf 85' lang='lat' dir='ltr'><strong>persecuti.</strong></span> <span class='ocrx_word' id='word_1_392' title='bbox 1753 4640 1888 4708; x_wconf 85' lang='lat' dir='ltr'><strong>Quid</strong></span> 
     </span>
    </p>
   </div>
   <div class='ocr_carea' id='block_1_49' title="bbox 308 4734 1892 4826">
    <p class='ocr_par' dir='ltr' id='par_1_49' title="bbox 308 4734 1892 4826">
     <span class='ocr_line' id='line_1_49' title="bbox 308 4734 1892 4826; baseline -0.02 -11"><span class='ocrx_word' id='word_1_393' title='bbox 308 4760 448 4814; x_wconf 85' lang='lat' dir='ltr'><strong>enim</strong></span> <span class='ocrx_word' id='word_1_394' title='bbox 477 4757 546 4813; x_wconf 92' lang='lat' dir='ltr'><strong>de</strong></span> <span class='ocrx_word' id='word_1_395' title='bbox 572 4756 686 4826; x_wconf 87' lang='lat' dir='ltr'><strong>ipsa</strong></span> <span class='ocrx_word' id='word_1_396' title='bbox 713 4765 872 4808; x_wconf 89' lang='lat' dir='ltr'><strong>cruce</strong></span> <span class='ocrx_word' id='word_1_397' title='bbox 891 4747 1080 4804; x_wconf 91' lang='lat' dir='ltr'><strong>dicturi</strong></span> <span class='ocrx_word' id='word_1_398' title='bbox 1107 4759 1310 4806; x_wconf 89' lang='lat' dir='ltr'><strong>sumus,</strong></span> <span class='ocrx_word' id='word_1_399' title='bbox 1338 4755 1455 4811; x_wconf 67' lang='lat' dir='ltr'><strong>qua:</strong></span> <span class='ocrx_word' id='word_1_400' title='bbox 1480 4745 1623 4792; x_wconf 88' lang='lat' dir='ltr'><strong>certe</strong></span> <span class='ocrx_word' id='word_1_401' title='bbox 1651 4734 1892 4789; x_wconf 89' lang='lat' dir='ltr'><strong>sitnilitcr</strong></span> 
     </span>
    </p>
   </div>
   <div class='ocr_carea' id='block_1_50' title="bbox 308 4824 1890 4914">
    <p class='ocr_par' dir='ltr' id='par_1_50' title="bbox 308 4824 1890 4914">
     <span class='ocr_line' id='line_1_50' title="bbox 308 4824 1890 4914; baseline -0.019 -8"><span class='ocrx_word' id='word_1_402' title='bbox 308 4851 376 4904; x_wconf 87' lang='lat' dir='ltr'><strong>ab</strong></span> <span class='ocrx_word' id='word_1_403' title='bbox 407 4824 635 4904; x_wconf 80' lang='lat' dir='ltr'><strong>inimicis</strong></span> <span class='ocrx_word' id='word_1_404' title='bbox 655 4853 815 4914; x_wconf 87' lang='lat' dir='ltr'><strong>atque</strong></span> <span class='ocrx_word' id='word_1_405' title='bbox 841 4839 1017 4910; x_wconf 89' lang='lat' dir='ltr'><strong>impiis</strong></span> <span class='ocrx_word' id='word_1_406' title='bbox 1043 4835 1255 4892; x_wconf 89' lang='lat' dir='ltr'><strong>Christo</strong></span> <span class='ocrx_word' id='word_1_407' title='bbox 1283 4833 1418 4887; x_wconf 89' lang='lat' dir='ltr'><strong>facta</strong></span> <span class='ocrx_word' id='word_1_408' title='bbox 1445 4839 1500 4885; x_wconf 91' lang='lat' dir='ltr'><strong>et</strong></span> <span class='ocrx_word' id='word_1_409' title='bbox 1528 4829 1750 4896; x_wconf 90' lang='lat' dir='ltr'><strong>impacta</strong></span> <span class='ocrx_word' id='word_1_410' title='bbox 1776 4824 1890 4877; x_wconf 87' lang='lat' dir='ltr'><strong>est?</strong></span> 
     </span>
    </p>
   </div>
   <div class='ocr_carea' id='block_1_51' title="bbox 311 4915 1896 5004">
    <p class='ocr_par' dir='ltr' id='par_1_51' title="bbox 311 4915 1896 5004">
     <span class='ocr_line' id='line_1_51' title="bbox 311 4915 1896 5004; baseline -0.019 -8"><span class='ocrx_word' id='word_1_411' title='bbox 311 4942 375 4995; x_wconf 83' lang='lat' dir='ltr'><strong>Et</strong></span> <span class='ocrx_word' id='word_1_412' title='bbox 415 4950 595 4993; x_wconf 89' lang='lat' dir='ltr'><strong>tamen</strong></span> <span class='ocrx_word' id='word_1_413' title='bbox 643 4949 706 4990; x_wconf 88' lang='lat' dir='ltr'><strong>ea</strong></span> <span class='ocrx_word' id='word_1_414' title='bbox 763 4929 1046 5004; x_wconf 85' lang='lat' dir='ltr'><strong>signiﬁcari</strong></span> <span class='ocrx_word' id='word_1_415' title='bbox 1093 4935 1235 4981; x_wconf 89' lang='lat' dir='ltr'><strong>recte</strong></span> <span class='ocrx_word' id='word_1_416' title='bbox 1277 4920 1584 4990; x_wconf 83' lang='lat' dir='ltr'><strong>intelligitur</strong></span> <span class='ocrx_word' id='word_1_417' title='bbox 1629 4915 1766 4987; x_wconf 84' lang='lat' dir='ltr'><strong>quod</strong></span> <span class='ocrx_word' id='word_1_418' title='bbox 1822 4915 1896 4966; x_wconf 86' lang='lat' dir='ltr'><strong>ait</strong></span> 
     </span>
    </p>
   </div>
   <div class='ocr_carea' id='block_1_52' title="bbox 314 5004 1892 5101">
    <p class='ocr_par' dir='ltr' id='par_1_52' title="bbox 314 5004 1892 5101">
     <span class='ocr_line' id='line_1_52' title="bbox 314 5004 1892 5101; baseline -0.02 -16"><span class='ocrx_word' id='word_1_419' title='bbox 314 5031 628 5101; x_wconf 73' lang='lat' dir='ltr'><strong>Apostolus,</strong></span> <span class='ocrx_word' id='word_1_420' title='bbox 657 5025 786 5092; x_wconf 67' lang='lat' dir='ltr'><strong>Quia</strong></span> <span class='ocrx_word' id='word_1_421' title='bbox 811 5023 876 5077; x_wconf 85' lang='lat' dir='ltr'><strong>sit</strong></span> <span class='ocrx_word' id='word_1_422' title='bbox 905 5019 1116 5076; x_wconf 83' lang='lat' dir='ltr'><strong>latitudo</strong></span> <span class='ocrx_word' id='word_1_423' title='bbox 1136 5059 1151 5085; x_wconf 92' lang='lat'><strong>,</strong></span> <span class='ocrx_word' id='word_1_424' title='bbox 1188 5023 1233 5070; x_wconf 84' lang='lat' dir='ltr'><strong>et</strong></span> <span class='ocrx_word' id='word_1_425' title='bbox 1266 5010 1522 5083; x_wconf 83' lang='lat' dir='ltr'><strong>longitudo</strong></span> <span class='ocrx_word' id='word_1_426' title='bbox 1540 5051 1554 5073; x_wconf 92' lang='lat'><strong>,</strong></span> <span class='ocrx_word' id='word_1_427' title='bbox 1588 5018 1632 5060; x_wconf 78' lang='lat' dir='ltr'><strong>et</strong></span> <span class='ocrx_word' id='word_1_428' title='bbox 1659 5004 1892 5069; x_wconf 82' lang='lat' dir='ltr'><strong>altitudo,</strong></span> 
     </span>
    </p>
   </div>
   <div class='ocr_carea' id='block_1_53' title="bbox 311 5095 1895 5190">
    <p class='ocr_par' dir='ltr' id='par_1_53' title="bbox 311 5095 1895 5190">
     <span class='ocr_line' id='line_1_53' title="bbox 311 5095 1895 5190; baseline -0.018 -17"><span class='ocrx_word' id='word_1_429' title='bbox 311 5095 373 5174; x_wconf 38' lang='lat' dir='ltr'><strong>et.</strong></span> <span class='ocrx_word' id='word_1_430' title='bbox 412 5116 722 5190; x_wconf 77' lang='lat' dir='ltr'><strong>profundunt</strong></span> <span class='ocrx_word' id='word_1_431' title='bbox 762 5113 972 5187; x_wconf 81' lang='lat' dir='ltr'><strong>(Ephes.</strong></span> <span class='ocrx_word' id='word_1_432' title='bbox 1023 5125 1116 5174; x_wconf 86' lang='grc' dir='ltr'>ιιι,</span> <span class='ocrx_word' id='word_1_433' title='bbox 1168 5106 1278 5176; x_wconf 84' lang='lat' dir='ltr'><strong>l8).</strong></span> <span class='ocrx_word' id='word_1_434' title='bbox 1308 5104 1439 5159; x_wconf 85' lang='lat' dir='ltr'><strong>Lata</strong></span> <span class='ocrx_word' id='word_1_435' title='bbox 1485 5108 1566 5154; x_wconf 65' lang='lat' dir='ltr'><strong>est</strong></span> <span class='ocrx_word' id='word_1_436' title='bbox 1609 5098 1802 5166; x_wconf 86' lang='lat' dir='ltr'><strong>quippe</strong></span> <span class='ocrx_word' id='word_1_437' title='bbox 1845 5095 1895 5147; x_wconf 92' lang='lat' dir='ltr'><strong>in</strong></span> 
     </span>
    </p>
   </div>
   <div class='ocr_carea' id='block_1_54' title="bbox 318 5188 1893 5274">
    <p class='ocr_par' dir='ltr' id='par_1_54' title="bbox 318 5188 1893 5274">
     <span class='ocr_line' id='line_1_54' title="bbox 318 5188 1893 5274; baseline -0.018 -10"><span class='ocrx_word' id='word_1_438' title='bbox 318 5221 625 5264; x_wconf 83' lang='lat' dir='ltr'><strong>transverso</strong></span> <span class='ocrx_word' id='word_1_439' title='bbox 648 5205 812 5274; x_wconf 86' lang='lat' dir='ltr'><strong>ligno,</strong></span> <span class='ocrx_word' id='word_1_440' title='bbox 843 5214 948 5272; x_wconf 91' lang='lat' dir='ltr'><strong>quo</strong></span> <span class='ocrx_word' id='word_1_441' title='bbox 984 5195 1339 5253; x_wconf 74' lang='lat' dir='ltr'><strong>extenduntur</strong></span> <span class='ocrx_word' id='word_1_442' title='bbox 1363 5188 1644 5262; x_wconf 89' lang='lat' dir='ltr'><strong>pendentis</strong></span> <span class='ocrx_word' id='word_1_443' title='bbox 1674 5199 1893 5247; x_wconf 85' lang='lat' dir='ltr'><strong>manus;</strong></span> 
     </span>
    </p>
   </div>
   <div class='ocr_carea' id='block_1_55' title="bbox 315 5275 1895 5367">
    <p class='ocr_par' dir='ltr' id='par_1_55' title="bbox 315 5275 1895 5367">
     <span class='ocr_line' id='line_1_55' title="bbox 315 5275 1895 5367; baseline -0.017 -15"><span class='ocrx_word' id='word_1_444' title='bbox 315 5307 368 5350; x_wconf 90' lang='lat' dir='ltr'><strong>ct</strong></span> <span class='ocrx_word' id='word_1_445' title='bbox 416 5295 679 5367; x_wconf 87' lang='lat' dir='ltr'><strong>signiﬁcat</strong></span> <span class='ocrx_word' id='word_1_446' title='bbox 722 5305 884 5361; x_wconf 89' lang='lat' dir='ltr'><strong>opera</strong></span> <span class='ocrx_word' id='word_1_447' title='bbox 926 5288 1100 5350; x_wconf 90' lang='lat' dir='ltr'><strong>bona,</strong></span> <span class='ocrx_word' id='word_1_448' title='bbox 1156 5285 1209 5339; x_wconf 90' lang='lat' dir='ltr'><strong>in</strong></span> <span class='ocrx_word' id='word_1_449' title='bbox 1261 5280 1536 5337; x_wconf 79' lang='lat' dir='ltr'><strong>latitudine</strong></span> <span class='ocrx_word' id='word_1_450' title='bbox 1582 5275 1895 5331; x_wconf 88' lang='lat' dir='ltr'><strong>charitatis:</strong></span> 
     </span>
    </p>
   </div>
   <div class='ocr_carea' id='block_1_56' title="bbox 319 5364 1902 5458">
    <p class='ocr_par' dir='ltr' id='par_1_56' title="bbox 319 5364 1902 5458">
     <span class='ocr_line' id='line_1_56' title="bbox 319 5364 1902 5458; baseline -0.017 -14"><span class='ocrx_word' id='word_1_451' title='bbox 319 5391 474 5458; x_wconf 85' lang='lat' dir='ltr'><strong>longa</strong></span> <span class='ocrx_word' id='word_1_452' title='bbox 521 5397 604 5442; x_wconf 88' lang='lat' dir='ltr'><strong>est</strong></span> <span class='ocrx_word' id='word_1_453' title='bbox 630 5401 659 5439; x_wconf 92' lang='lat' dir='ltr'><strong>a</strong></span> <span class='ocrx_word' id='word_1_454' title='bbox 689 5393 992 5438; x_wconf 88' lang='lat' dir='ltr'><strong>transverso</strong></span> <span class='ocrx_word' id='word_1_455' title='bbox 1038 5379 1179 5448; x_wconf 87' lang='lat' dir='ltr'><strong>ligno</strong></span> <span class='ocrx_word' id='word_1_456' title='bbox 1223 5388 1386 5442; x_wconf 89' lang='lat' dir='ltr'><strong>usque</strong></span> <span class='ocrx_word' id='word_1_457' title='bbox 1423 5370 1490 5425; x_wconf 90' lang='lat' dir='ltr'><strong>ad</strong></span> <span class='ocrx_word' id='word_1_458' title='bbox 1539 5377 1766 5429; x_wconf 87' lang='lat' dir='ltr'><strong>terram,</strong></span> <span class='ocrx_word' id='word_1_459' title='bbox 1813 5364 1902 5419; x_wconf 87' lang='lat' dir='ltr'><strong>ubi</strong></span> 
     </span>
    </p>
   </div>
   <div class='ocr_carea' id='block_1_57' title="bbox 316 5461 1900 5546">
    <p class='ocr_par' dir='ltr' id='par_1_57' title="bbox 316 5461 1900 5546">
     <span class='ocr_line' id='line_1_57' title="bbox 316 5461 1900 5546; baseline -0.016 -13"><span class='ocrx_word' id='word_1_460' title='bbox 316 5480 536 5533; x_wconf 83' lang='lat' dir='ltr'><strong>dorsum</strong></span> <span class='ocrx_word' id='word_1_461' title='bbox 571 5475 838 5546; x_wconf 88' lang='lat' dir='ltr'><strong>pedesque</strong></span> <span class='ocrx_word' id='word_1_462' title='bbox 868 5471 1125 5541; x_wconf 88' lang='lat' dir='ltr'><strong>ﬁguntur;</strong></span> <span class='ocrx_word' id='word_1_463' title='bbox 1157 5473 1212 5522; x_wconf 90' lang='lat' dir='ltr'><strong>et</strong></span> <span class='ocrx_word' id='word_1_464' title='bbox 1247 5461 1508 5533; x_wconf 89' lang='lat' dir='ltr'><strong>signiﬁcat</strong></span> <span class='ocrx_word' id='word_1_465' title='bbox 1550 5471 1900 5529; x_wconf 83' lang='lat' dir='ltr'><strong>persevcran-</strong></span> 
     </span>
    </p>
   </div>
   <div class='ocr_carea' id='block_1_58' title="bbox 319 5547 1905 5634">
    <p class='ocr_par' dir='ltr' id='par_1_58' title="bbox 319 5547 1905 5634">
     <span class='ocr_line' id='line_1_58' title="bbox 319 5547 1905 5634; baseline -0.015 -12"><span class='ocrx_word' id='word_1_466' title='bbox 319 5570 450 5622; x_wconf 85' lang='lat' dir='ltr'><strong>tiam</strong></span> <span class='ocrx_word' id='word_1_467' title='bbox 481 5567 534 5620; x_wconf 89' lang='lat' dir='ltr'><strong>in</strong></span> <span class='ocrx_word' id='word_1_468' title='bbox 563 5561 890 5634; x_wconf 89' lang='lat' dir='ltr'><strong>longitudine</strong></span> <span class='ocrx_word' id='word_1_469' title='bbox 917 5557 1169 5630; x_wconf 86' lang='lat' dir='ltr'><strong>temporis</strong></span> <span class='ocrx_word' id='word_1_470' title='bbox 1199 5569 1365 5624; x_wconf 89' lang='lat' dir='ltr'><strong>usque</strong></span> <span class='ocrx_word' id='word_1_471' title='bbox 1388 5553 1440 5607; x_wconf 90' lang='lat' dir='ltr'><strong>in</strong></span> <span class='ocrx_word' id='word_1_472' title='bbox 1470 5551 1626 5605; x_wconf 90' lang='lat' dir='ltr'><strong>ﬁnem</strong></span> <span class='ocrx_word' id='word_1_473' title='bbox 1657 5566 1668 5600; x_wconf 93' lang='lat'>:</span> <span class='ocrx_word' id='word_1_474' title='bbox 1694 5547 1794 5600; x_wconf 87' lang='lat' dir='ltr'><strong>alta</strong></span> <span class='ocrx_word' id='word_1_475' title='bbox 1824 5554 1905 5599; x_wconf 91' lang='lat' dir='ltr'><strong>cst</strong></span> 
     </span>
    </p>
   </div>
   <div class='ocr_carea' id='block_1_59' title="bbox 321 5646 1905 5722">
    <p class='ocr_par' dir='ltr' id='par_1_59' title="bbox 321 5646 1905 5722">
     <span class='ocr_line' id='line_1_59' title="bbox 321 5646 1905 5722; baseline -0.013 -11"><span class='ocrx_word' id='word_1_476' title='bbox 321 5660 374 5712; x_wconf 92' lang='lat' dir='ltr'><strong>in</strong></span> <span class='ocrx_word' id='word_1_477' title='bbox 406 5655 701 5717; x_wconf 85' lang='lat' dir='ltr'><strong>cacumine,</strong></span> <span class='ocrx_word' id='word_1_478' title='bbox 725 5668 828 5722; x_wconf 93' lang='lat' dir='ltr'><strong>quo</strong></span> <span class='ocrx_word' id='word_1_479' title='bbox 860 5662 1218 5706; x_wconf 89' lang='lat' dir='ltr'><strong>transversum</strong></span> <span class='ocrx_word' id='word_1_480' title='bbox 1246 5646 1446 5716; x_wconf 91' lang='lat' dir='ltr'><strong>lignum</strong></span> <span class='ocrx_word' id='word_1_481' title='bbox 1460 5657 1681 5696; x_wconf 56' lang='lat' dir='ltr'><strong>sursum</strong></span> <span class='ocrx_word' id='word_1_482' title='bbox 1722 5653 1905 5695; x_wconf 84' lang='lat' dir='ltr'><strong>versus</strong></span> 
     </span>
    </p>
   </div>
   <div class='ocr_carea' id='block_1_60' title="bbox 387 5765 971 5832">
    <p class='ocr_par' dir='ltr' id='par_1_60' title="bbox 387 5765 971 5832">
     <span class='ocr_line' id='line_1_60' title="bbox 387 5765 971 5832; baseline -0.014 -12"><span class='ocrx_word' id='word_1_483' title='bbox 387 5770 462 5832; x_wconf 85' lang='grc' dir='ltr'><strong>(α)</strong></span> <span class='ocrx_word' id='word_1_484' title='bbox 485 5776 630 5820; x_wconf 71' lang='lat' dir='ltr'><strong>Graec.</strong></span> <span class='ocrx_word' id='word_1_485' title='bbox 657 5765 786 5828; x_wconf 71' lang='lat' dir='ltr'><strong>olom,</strong></span> <span class='ocrx_word' id='word_1_486' title='bbox 800 5771 971 5816; x_wconf 83' lang='lat' dir='ltr'><strong>totum.</strong></span> 
     </span>
    </p>
   </div>
   <div class='ocr_carea' id='block_1_61' title="bbox 1347 349 2415 416">
    <p class='ocr_par' dir='ltr' id='par_1_61' title="bbox 1347 349 2415 416">
     <span class='ocr_line' id='line_1_61' title="bbox 1347 349 2415 416; baseline -0.009 0"><span class='ocrx_word' id='word_1_487' title='bbox 1347 353 1751 416; x_wconf 67' lang='lat' dir='ltr'><strong>TRACTATUS</strong></span> <span class='ocrx_word' id='word_1_488' title='bbox 1786 349 1969 407; x_wconf 73' lang='lat' dir='ltr'><strong>CXIX.</strong></span> <span class='ocrx_word' id='word_1_489' title='bbox 2009 351 2236 410; x_wconf 74' lang='lat' dir='ltr'><strong>CAPUT</strong></span> <span class='ocrx_word' id='word_1_490' title='bbox 2277 350 2415 406; x_wconf 74' lang='lat' dir='ltr'><strong>XIX.</strong></span> 
     </span>
    </p>
   </div>
   <div class='ocr_carea' id='block_1_62' title="bbox 3371 343 3510 400">
    <p class='ocr_par' dir='ltr' id='par_1_62' title="bbox 3371 343 3510 400">
     <span class='ocr_line' id='line_1_62' title="bbox 3371 343 3510 400; baseline 0.007 -1"><span class='ocrx_word' id='word_1_491' title='bbox 3371 343 3510 400; x_wconf 69' lang='lat' dir='ltr'><strong>l950</strong></span> 
     </span>
    </p>
   </div>
   <div class='ocr_carea' id='block_1_63' title="bbox 1942 457 3507 531">
    <p class='ocr_par' dir='ltr' id='par_1_63' title="bbox 1942 457 3507 531">
     <span class='ocr_line' id='line_1_63' title="bbox 1942 457 3507 531; baseline -0.006 -14"><span class='ocrx_word' id='word_1_492' title='bbox 1942 462 2244 526; x_wconf 78' lang='lat' dir='ltr'><strong>cxceditur;</strong></span> <span class='ocrx_word' id='word_1_493' title='bbox 2269 471 2323 518; x_wconf 90' lang='lat' dir='ltr'><strong>et</strong></span> <span class='ocrx_word' id='word_1_494' title='bbox 2344 459 2603 531; x_wconf 89' lang='lat' dir='ltr'><strong>signiﬁcat</strong></span> <span class='ocrx_word' id='word_1_495' title='bbox 2641 472 2925 528; x_wconf 86' lang='lat' dir='ltr'><strong>supernum</strong></span> <span class='ocrx_word' id='word_1_496' title='bbox 2968 457 3124 512; x_wconf 88' lang='lat' dir='ltr'><strong>ﬁnem</strong></span> <span class='ocrx_word' id='word_1_497' title='bbox 3146 497 3160 523; x_wconf 94' lang='lat'><strong>,</strong></span> <span class='ocrx_word' id='word_1_498' title='bbox 3189 471 3294 526; x_wconf 91' lang='lat' dir='ltr'><strong>quo</strong></span> <span class='ocrx_word' id='word_1_499' title='bbox 3318 466 3507 511; x_wconf 88' lang='lat' dir='ltr'><strong>cuneta</strong></span> 
     </span>
    </p>
   </div>
   <div class='ocr_carea' id='block_1_64' title="bbox 1939 546 3510 621">
    <p class='ocr_par' dir='ltr' id='par_1_64' title="bbox 1939 546 3510 621">
     <span class='ocr_line' id='line_1_64' title="bbox 1939 546 3510 621; baseline -0.003 -14"><span class='ocrx_word' id='word_1_500' title='bbox 1939 567 2100 621; x_wconf 87' lang='lat' dir='ltr'><strong>opera</strong></span> <span class='ocrx_word' id='word_1_501' title='bbox 2125 551 2456 617; x_wconf 89' lang='lat' dir='ltr'><strong>referuntur;</strong></span> <span class='ocrx_word' id='word_1_502' title='bbox 2484 550 2729 620; x_wconf 90' lang='lat' dir='ltr'><strong>quoniam</strong></span> <span class='ocrx_word' id='word_1_503' title='bbox 2757 559 2946 604; x_wconf 88' lang='lat' dir='ltr'><strong>cuncta</strong></span> <span class='ocrx_word' id='word_1_504' title='bbox 2980 563 3096 618; x_wconf 68' lang='lat' dir='ltr'><strong>quae</strong></span> <span class='ocrx_word' id='word_1_505' title='bbox 3139 546 3410 601; x_wconf 86' lang='lat' dir='ltr'><strong>latitudine</strong></span> <span class='ocrx_word' id='word_1_506' title='bbox 3448 561 3510 602; x_wconf 92' lang='lat' dir='ltr'><strong>ac</strong></span> 
     </span>
    </p>
   </div>
   <div class='ocr_carea' id='block_1_65' title="bbox 1941 640 3511 713">
    <p class='ocr_par' dir='ltr' id='par_1_65' title="bbox 1941 640 3511 713">
     <span class='ocr_line' id='line_1_65' title="bbox 1941 640 3511 713; baseline -0.003 -16"><span class='ocrx_word' id='word_1_507' title='bbox 1941 643 2266 713; x_wconf 86' lang='lat' dir='ltr'><strong>longitudine</strong></span> <span class='ocrx_word' id='word_1_508' title='bbox 2290 644 2424 698; x_wconf 88' lang='lat' dir='ltr'><strong>bene</strong></span> <span class='ocrx_word' id='word_1_509' title='bbox 2449 659 2508 696; x_wconf 91' lang='lat' dir='ltr'><strong>ac</strong></span> <span class='ocrx_word' id='word_1_510' title='bbox 2534 651 2933 712; x_wconf 82' lang='lat' dir='ltr'><strong>perseveranter</strong></span> <span class='ocrx_word' id='word_1_511' title='bbox 2967 641 3118 707; x_wconf 90' lang='lat' dir='ltr'><strong>ﬁunt,</strong></span> <span class='ocrx_word' id='word_1_512' title='bbox 3146 650 3359 710; x_wconf 89' lang='lat' dir='ltr'><strong>pr0pter</strong></span> <span class='ocrx_word' id='word_1_513' title='bbox 3386 640 3511 694; x_wconf 83' lang='lat' dir='ltr'><strong>alti-</strong></span> 
     </span>
    </p>
   </div>
   <div class='ocr_carea' id='block_1_66' title="bbox 1944 733 3514 802">
    <p class='ocr_par' dir='ltr' id='par_1_66' title="bbox 1944 733 3514 802">
     <span class='ocr_line' id='line_1_66' title="bbox 1944 733 3514 802; baseline -0.002 -15"><span class='ocrx_word' id='word_1_514' title='bbox 1944 734 2177 788; x_wconf 90' lang='lat' dir='ltr'><strong>tudinem</strong></span> <span class='ocrx_word' id='word_1_515' title='bbox 2225 735 2517 788; x_wconf 89' lang='lat' dir='ltr'><strong>divinorum</strong></span> <span class='ocrx_word' id='word_1_516' title='bbox 2551 733 2785 789; x_wconf 86' lang='lat' dir='ltr'><strong>facienda</strong></span> <span class='ocrx_word' id='word_1_517' title='bbox 2829 741 2952 787; x_wconf 89' lang='lat' dir='ltr'><strong>sunt</strong></span> <span class='ocrx_word' id='word_1_518' title='bbox 2989 733 3322 801; x_wconf 65' lang='lat' dir='ltr'><strong>praemiorum</strong></span> <span class='ocrx_word' id='word_1_519' title='bbox 3347 748 3360 782; x_wconf 90' lang='lat'><strong>:</strong></span> <span class='ocrx_word' id='word_1_520' title='bbox 3385 745 3514 802; x_wconf 87' lang='lat' dir='ltr'><strong>pro-</strong></span> 
     </span>
    </p>
   </div>
   <div class='ocr_carea' id='block_1_67' title="bbox 1945 821 3515 892">
    <p class='ocr_par' dir='ltr' id='par_1_67' title="bbox 1945 821 3515 892">
     <span class='ocr_line' id='line_1_67' title="bbox 1945 821 3515 892; baseline -0.001 -17"><span class='ocrx_word' id='word_1_521' title='bbox 1945 823 2100 877; x_wconf 88' lang='lat' dir='ltr'><strong>funda</strong></span> <span class='ocrx_word' id='word_1_522' title='bbox 2127 833 2208 878; x_wconf 92' lang='lat' dir='ltr'><strong>est</strong></span> <span class='ocrx_word' id='word_1_523' title='bbox 2235 824 2285 876; x_wconf 91' lang='lat' dir='ltr'><strong>in</strong></span> <span class='ocrx_word' id='word_1_524' title='bbox 2316 839 2375 876; x_wconf 90' lang='lat' dir='ltr'><strong>ea</strong></span> <span class='ocrx_word' id='word_1_525' title='bbox 2407 832 2551 891; x_wconf 90' lang='lat' dir='ltr'><strong>parte</strong></span> <span class='ocrx_word' id='word_1_526' title='bbox 2579 838 2677 892; x_wconf 86' lang='lat' dir='ltr'><strong>qua</strong></span> <span class='ocrx_word' id='word_1_527' title='bbox 2719 824 2769 876; x_wconf 92' lang='lat' dir='ltr'><strong>in</strong></span> <span class='ocrx_word' id='word_1_528' title='bbox 2810 831 2943 876; x_wconf 90' lang='lat' dir='ltr'><strong>terra</strong></span> <span class='ocrx_word' id='word_1_529' title='bbox 2978 821 3182 891; x_wconf 90' lang='lat' dir='ltr'><strong>ﬁgitur;</strong></span> <span class='ocrx_word' id='word_1_530' title='bbox 3217 821 3286 875; x_wconf 93' lang='lat' dir='ltr'><strong>ibi</strong></span> <span class='ocrx_word' id='word_1_531' title='bbox 3308 821 3515 890; x_wconf 81' lang='lat' dir='ltr'><strong>quippe-</strong></span> 
     </span>
    </p>
   </div>
   <div class='ocr_carea' id='block_1_68' title="bbox 1944 909 3514 980">
    <p class='ocr_par' dir='ltr' id='par_1_68' title="bbox 1944 909 3514 980">
     <span class='ocr_line' id='line_1_68' title="bbox 1944 909 3514 980; baseline -0.003 -14"><span class='ocrx_word' id='word_1_532' title='bbox 1944 921 1995 966; x_wconf 89' lang='lat' dir='ltr'><strong>et</strong></span> <span class='ocrx_word' id='word_1_533' title='bbox 2024 911 2229 966; x_wconf 89' lang='lat' dir='ltr'><strong>occulta</strong></span> <span class='ocrx_word' id='word_1_534' title='bbox 2254 920 2334 966; x_wconf 90' lang='lat' dir='ltr'><strong>est</strong></span> <span class='ocrx_word' id='word_1_535' title='bbox 2352 952 2366 967; x_wconf 92' lang='lat'><strong>.</strong></span> <span class='ocrx_word' id='word_1_536' title='bbox 2393 926 2487 966; x_wconf 82' lang='lat' dir='ltr'><strong>nec</strong></span> <span class='ocrx_word' id='word_1_537' title='bbox 2512 911 2673 964; x_wconf 87' lang='lat' dir='ltr'><strong>videri</strong></span> <span class='ocrx_word' id='word_1_538' title='bbox 2703 921 2905 980; x_wconf 90' lang='lat' dir='ltr'><strong>potest,</strong></span> <span class='ocrx_word' id='word_1_539' title='bbox 2931 909 3024 964; x_wconf 90' lang='lat' dir='ltr'><strong>sed</strong></span> <span class='ocrx_word' id='word_1_540' title='bbox 3055 920 3242 964; x_wconf 91' lang='lat' dir='ltr'><strong>cuncta</strong></span> <span class='ocrx_word' id='word_1_541' title='bbox 3273 909 3389 979; x_wconf 95' lang='lat' dir='ltr'><strong>ejus</strong></span> <span class='ocrx_word' id='word_1_542' title='bbox 3414 923 3514 977; x_wconf 88' lang='lat' dir='ltr'><strong>ap-</strong></span> 
     </span>
    </p>
   </div>
   <div class='ocr_carea' id='block_1_69' title="bbox 1946 996 3517 1071">
    <p class='ocr_par' dir='ltr' id='par_1_69' title="bbox 1946 996 3517 1071">
     <span class='ocr_line' id='line_1_69' title="bbox 1946 996 3517 1071; baseline -0.003 -17"><span class='ocrx_word' id='word_1_543' title='bbox 1946 1002 2184 1071; x_wconf 88' lang='lat' dir='ltr'><strong>parentia</strong></span> <span class='ocrx_word' id='word_1_544' title='bbox 2223 1016 2276 1060; x_wconf 79' lang='lat' dir='ltr'><strong>ct</strong></span> <span class='ocrx_word' id='word_1_545' title='bbox 2317 1002 2600 1055; x_wconf 75' lang='lat' dir='ltr'><strong>eminentia</strong></span> <span class='ocrx_word' id='word_1_546' title='bbox 2641 1000 2761 1054; x_wconf 89' lang='lat' dir='ltr'><strong>inde</strong></span> <span class='ocrx_word' id='word_1_547' title='bbox 2802 1009 3152 1069; x_wconf 88' lang='lat' dir='ltr'><strong>consurgunt;</strong></span> <span class='ocrx_word' id='word_1_548' title='bbox 3197 998 3333 1054; x_wconf 90' lang='lat' dir='ltr'><strong>sicut</strong></span> <span class='ocrx_word' id='word_1_549' title='bbox 3376 996 3517 1050; x_wconf 86' lang='lat' dir='ltr'><strong>bona</strong></span> 
     </span>
    </p>
   </div>
   <div class='ocr_carea' id='block_1_70' title="bbox 1949 1087 3516 1160">
    <p class='ocr_par' dir='ltr' id='par_1_70' title="bbox 1949 1087 3516 1160">
     <span class='ocr_line' id='line_1_70' title="bbox 1949 1087 3516 1160; baseline -0.004 -13"><span class='ocrx_word' id='word_1_550' title='bbox 1949 1101 2128 1147; x_wconf 91' lang='lat' dir='ltr'><strong>nostra</strong></span> <span class='ocrx_word' id='word_1_551' title='bbox 2157 1092 2224 1146; x_wconf 88' lang='lat' dir='ltr'><strong>de</strong></span> <span class='ocrx_word' id='word_1_552' title='bbox 2254 1092 2605 1160; x_wconf 85' lang='lat' dir='ltr'><strong>profunditate</strong></span> <span class='ocrx_word' id='word_1_553' title='bbox 2631 1092 2812 1159; x_wconf 75' lang='lat' dir='ltr'><strong>gratiae</strong></span> <span class='ocrx_word' id='word_1_554' title='bbox 2848 1093 2969 1156; x_wconf 90' lang='lat' dir='ltr'><strong>Dei,</strong></span> <span class='ocrx_word' id='word_1_555' title='bbox 2996 1107 3114 1158; x_wconf 67' lang='lat' dir='ltr'><strong>qua:</strong></span> <span class='ocrx_word' id='word_1_556' title='bbox 3138 1087 3516 1158; x_wconf 87' lang='lat' dir='ltr'><strong>comprehendi</strong></span> 
     </span>
    </p>
   </div>
   <div class='ocr_carea' id='block_1_71' title="bbox 1947 1178 3517 1255">
    <p class='ocr_par' dir='ltr' id='par_1_71' title="bbox 1947 1178 3517 1255">
     <span class='ocr_line' id='line_1_71' title="bbox 1947 1178 3517 1255; baseline -0.004 -15"><span class='ocrx_word' id='word_1_557' title='bbox 1947 1201 2010 1240; x_wconf 87' lang='lat' dir='ltr'><strong>ac</strong></span> <span class='ocrx_word' id='word_1_558' title='bbox 2038 1186 2310 1255; x_wconf 90' lang='lat' dir='ltr'><strong>dijudicari</strong></span> <span class='ocrx_word' id='word_1_559' title='bbox 2356 1202 2460 1239; x_wconf 90' lang='grc' dir='ltr'>ιιοιι</span> <span class='ocrx_word' id='word_1_560' title='bbox 2511 1191 2711 1254; x_wconf 90' lang='lat' dir='ltr'><strong>potest,</strong></span> <span class='ocrx_word' id='word_1_561' title='bbox 2759 1185 3003 1238; x_wconf 83' lang='lat' dir='ltr'><strong>universa</strong></span> <span class='ocrx_word' id='word_1_562' title='bbox 3054 1182 3359 1251; x_wconf 86' lang='lat' dir='ltr'><strong>procedunt.</strong></span> <span class='ocrx_word' id='word_1_563' title='bbox 3410 1178 3517 1235; x_wconf 88' lang='lat' dir='ltr'><strong>Sed</strong></span> 
     </span>
    </p>
   </div>
   <div class='ocr_carea' id='block_1_72' title="bbox 1949 1272 3522 1343">
    <p class='ocr_par' dir='ltr' id='par_1_72' title="bbox 1949 1272 3522 1343">
     <span class='ocr_line' id='line_1_72' title="bbox 1949 1272 3522 1343; baseline -0.006 -12"><span class='ocrx_word' id='word_1_564' title='bbox 1949 1276 2047 1331; x_wconf 89' lang='lat' dir='ltr'><strong>etsi</strong></span> <span class='ocrx_word' id='word_1_565' title='bbox 2072 1292 2200 1331; x_wconf 82' lang='lat' dir='ltr'><strong>crux</strong></span> <span class='ocrx_word' id='word_1_566' title='bbox 2224 1275 2416 1330; x_wconf 87' lang='lat' dir='ltr'><strong>Christi</strong></span> <span class='ocrx_word' id='word_1_567' title='bbox 2440 1275 2539 1329; x_wconf 90' lang='lat' dir='ltr'><strong>hoc</strong></span> <span class='ocrx_word' id='word_1_568' title='bbox 2565 1275 2737 1328; x_wconf 91' lang='lat' dir='ltr'><strong>solum</strong></span> <span class='ocrx_word' id='word_1_569' title='bbox 2767 1273 3021 1343; x_wconf 88' lang='lat' dir='ltr'><strong>signiﬁcet</strong></span> <span class='ocrx_word' id='word_1_570' title='bbox 3047 1272 3184 1342; x_wconf 89' lang='lat' dir='ltr'><strong>quod</strong></span> <span class='ocrx_word' id='word_1_571' title='bbox 3213 1272 3283 1325; x_wconf 64' lang='lat' dir='ltr'><strong>ait</strong></span> <span class='ocrx_word' id='word_1_572' title='bbox 3304 1274 3522 1340; x_wconf 82' lang='lat' dir='ltr'><strong>Aposto-</strong></span> 
     </span>
    </p>
   </div>
   <div class='ocr_carea' id='block_1_73' title="bbox 1951 1358 3522 1432">
    <p class='ocr_par' dir='ltr' id='par_1_73' title="bbox 1951 1358 3522 1432">
     <span class='ocr_line' id='line_1_73' title="bbox 1951 1358 3522 1432; baseline -0.007 -12"><span class='ocrx_word' id='word_1_573' title='bbox 1951 1367 2054 1430; x_wconf 88' lang='lat' dir='ltr'><strong>lus,</strong></span> <span class='ocrx_word' id='word_1_574' title='bbox 2087 1368 2184 1432; x_wconf 76' lang='grc' dir='ltr'><strong>ριιὶ</strong></span> <span class='ocrx_word' id='word_1_575' title='bbox 2231 1377 2396 1419; x_wconf 85' lang='lat' dir='ltr'><strong>autent</strong></span> <span class='ocrx_word' id='word_1_576' title='bbox 2421 1364 2543 1419; x_wconf 74' lang='lat' dir='ltr'><strong>Iesu</strong></span> <span class='ocrx_word' id='word_1_577' title='bbox 2569 1363 2752 1418; x_wconf 80' lang='lat' dir='ltr'><strong>Christi</strong></span> <span class='ocrx_word' id='word_1_578' title='bbox 2772 1373 2884 1416; x_wconf 87' lang='lat' dir='ltr'><strong>sunt</strong></span> <span class='ocrx_word' id='word_1_579' title='bbox 2904 1405 2917 1428; x_wconf 95' lang='lat'><strong>,</strong></span> <span class='ocrx_word' id='word_1_580' title='bbox 2946 1378 3143 1415; x_wconf 88' lang='lat' dir='ltr'><strong>carnem</strong></span> <span class='ocrx_word' id='word_1_581' title='bbox 3182 1377 3325 1413; x_wconf 83' lang='lat' dir='ltr'><strong>suam</strong></span> <span class='ocrx_word' id='word_1_582' title='bbox 3353 1358 3490 1411; x_wconf 88' lang='lat' dir='ltr'><strong>cruci</strong></span> <span class='ocrx_word' id='word_1_583' title='bbox 3502 1386 3522 1396; x_wconf 87' lang='lat'><em>-</em></span> 
     </span>
    </p>
   </div>
   <div class='ocr_carea' id='block_1_74' title="bbox 1953 1446 3516 1524">
    <p class='ocr_par' dir='ltr' id='par_1_74' title="bbox 1953 1446 3516 1524">
     <span class='ocr_line' id='line_1_74' title="bbox 1953 1446 3516 1524; baseline -0.007 -15"><span class='ocrx_word' id='word_1_584' title='bbox 1953 1456 2168 1524; x_wconf 75' lang='lat' dir='ltr'><strong>ﬁxerunt</strong></span> <span class='ocrx_word' id='word_1_585' title='bbox 2206 1472 2318 1508; x_wconf 85' lang='lat' dir='ltr'><strong>cum</strong></span> <span class='ocrx_word' id='word_1_586' title='bbox 2360 1454 2674 1524; x_wconf 82' lang='lat' dir='ltr'><strong>passionibus</strong></span> <span class='ocrx_word' id='word_1_587' title='bbox 2711 1460 2757 1504; x_wconf 89' lang='lat' dir='ltr'><strong>et</strong></span> <span class='ocrx_word' id='word_1_588' title='bbox 2793 1451 3202 1520; x_wconf 66' lang='lat' dir='ltr'><strong>concupiscentiis</strong></span> <span class='ocrx_word' id='word_1_589' title='bbox 3233 1446 3426 1517; x_wconf 77' lang='lat' dir='ltr'><strong>(Gulat.</strong></span> <span class='ocrx_word' id='word_1_590' title='bbox 3458 1460 3516 1511; x_wconf 69' lang='grc' dir='ltr'>ν,</span> 
     </span>
    </p>
   </div>
   <div class='ocr_carea' id='block_1_75' title="bbox 1950 1538 3524 1615">
    <p class='ocr_par' dir='ltr' id='par_1_75' title="bbox 1950 1538 3524 1615">
     <span class='ocr_line' id='line_1_75' title="bbox 1950 1538 3524 1615; baseline -0.005 -16"><span class='ocrx_word' id='word_1_591' title='bbox 1950 1545 2064 1614; x_wconf 71' lang='grc'><strong>24),</strong></span> <span class='ocrx_word' id='word_1_592' title='bbox 2092 1561 2248 1615; x_wconf 81' lang='lat' dir='ltr'><strong>quam</strong></span> <span class='ocrx_word' id='word_1_593' title='bbox 2274 1560 2518 1614; x_wconf 90' lang='lat' dir='ltr'><strong>maguum</strong></span> <span class='ocrx_word' id='word_1_594' title='bbox 2549 1545 2743 1598; x_wconf 90' lang='lat' dir='ltr'><strong>bonum</strong></span> <span class='ocrx_word' id='word_1_595' title='bbox 2767 1542 2882 1596; x_wconf 84' lang='lat' dir='ltr'><strong>est?</strong></span> <span class='ocrx_word' id='word_1_596' title='bbox 2910 1542 3016 1595; x_wconf 88' lang='lat' dir='ltr'><strong>Nec</strong></span> <span class='ocrx_word' id='word_1_597' title='bbox 3043 1551 3215 1594; x_wconf 91' lang='lat' dir='ltr'><strong>tamen</strong></span> <span class='ocrx_word' id='word_1_598' title='bbox 3247 1539 3368 1592; x_wconf 82' lang='lat' dir='ltr'><strong>facit</strong></span> <span class='ocrx_word' id='word_1_599' title='bbox 3397 1538 3524 1604; x_wconf 91' lang='lat' dir='ltr'><strong>hoc,</strong></span> 
     </span>
    </p>
   </div>
   <div class='ocr_carea' id='block_1_76' title="bbox 1953 1629 3520 1703">
    <p class='ocr_par' dir='ltr' id='par_1_76' title="bbox 1953 1629 3520 1703">
     <span class='ocr_line' id='line_1_76' title="bbox 1953 1629 3520 1703; baseline -0.004 -15"><span class='ocrx_word' id='word_1_600' title='bbox 1953 1635 2053 1688; x_wconf 87' lang='lat' dir='ltr'><strong>nisi</strong></span> <span class='ocrx_word' id='word_1_601' title='bbox 2081 1635 2462 1703; x_wconf 86' lang='lat' dir='ltr'><strong>concupiscens</strong></span> <span class='ocrx_word' id='word_1_602' title='bbox 2502 1633 2760 1686; x_wconf 88' lang='lat' dir='ltr'><strong>adversus</strong></span> <span class='ocrx_word' id='word_1_603' title='bbox 2801 1646 3010 1684; x_wconf 90' lang='lat' dir='ltr'><strong>carnem</strong></span> <span class='ocrx_word' id='word_1_604' title='bbox 3055 1631 3268 1699; x_wconf 85' lang='lat' dir='ltr'><strong>spiritus</strong></span> <span class='ocrx_word' id='word_1_605' title='bbox 3311 1629 3520 1694; x_wconf 90' lang='lat' dir='ltr'><strong>bonus,</strong></span> 
     </span>
    </p>
   </div>
   <div class='ocr_carea' id='block_1_77' title="bbox 1953 1719 3528 1787">
    <p class='ocr_par' dir='ltr' id='par_1_77' title="bbox 1953 1719 3528 1787">
     <span class='ocr_line' id='line_1_77' title="bbox 1953 1719 3528 1787; baseline -0.004 -10"><span class='ocrx_word' id='word_1_606' title='bbox 1953 1738 2073 1777; x_wconf 90' lang='lat' dir='ltr'><strong>cum</strong></span> <span class='ocrx_word' id='word_1_607' title='bbox 2103 1724 2246 1779; x_wconf 89' lang='lat' dir='ltr'><strong>illam</strong></span> <span class='ocrx_word' id='word_1_608' title='bbox 2272 1738 2484 1777; x_wconf 89' lang='lat' dir='ltr'><strong>crucem</strong></span> <span class='ocrx_word' id='word_1_609' title='bbox 2512 1721 2706 1776; x_wconf 89' lang='lat' dir='ltr'><strong>Christi</strong></span> <span class='ocrx_word' id='word_1_610' title='bbox 2738 1720 2920 1775; x_wconf 84' lang='lat' dir='ltr'><strong>fecerit</strong></span> <span class='ocrx_word' id='word_1_611' title='bbox 2945 1719 3204 1784; x_wconf 86' lang='lat' dir='ltr'><strong>inimicus,</strong></span> <span class='ocrx_word' id='word_1_612' title='bbox 3237 1719 3287 1772; x_wconf 89' lang='lat' dir='ltr'><strong>id</strong></span> <span class='ocrx_word' id='word_1_613' title='bbox 3315 1729 3396 1772; x_wconf 89' lang='lat' dir='ltr'><strong>est</strong></span> <span class='ocrx_word' id='word_1_614' title='bbox 3418 1719 3528 1787; x_wconf 90' lang='lat' dir='ltr'><strong>spi-</strong></span> 
     </span>
    </p>
   </div>
   <div class='ocr_carea' id='block_1_78' title="bbox 1955 1812 3524 1882">
    <p class='ocr_par' dir='ltr' id='par_1_78' title="bbox 1955 1812 3524 1882">
     <span class='ocr_line' id='line_1_78' title="bbox 1955 1812 3524 1882; baseline -0.004 -14"><span class='ocrx_word' id='word_1_615' title='bbox 1955 1816 2087 1869; x_wconf 87' lang='lat' dir='ltr'><strong>ritus</strong></span> <span class='ocrx_word' id='word_1_616' title='bbox 2109 1816 2293 1869; x_wconf 90' lang='lat' dir='ltr'><strong>malus.</strong></span> <span class='ocrx_word' id='word_1_617' title='bbox 2317 1815 2590 1868; x_wconf 84' lang='lat' dir='ltr'><strong>Postremo</strong></span> <span class='ocrx_word' id='word_1_618' title='bbox 2610 1812 2732 1882; x_wconf 88' lang='lat' dir='ltr'><strong>quid</strong></span> <span class='ocrx_word' id='word_1_619' title='bbox 2755 1821 2855 1873; x_wconf 89' lang='lat' dir='ltr'><strong>est,</strong></span> <span class='ocrx_word' id='word_1_620' title='bbox 2874 1813 3013 1881; x_wconf 89' lang='lat' dir='ltr'><strong>quod</strong></span> <span class='ocrx_word' id='word_1_621' title='bbox 3037 1826 3219 1863; x_wconf 79' lang='lat' dir='ltr'><strong>omnes</strong></span> <span class='ocrx_word' id='word_1_622' title='bbox 3245 1817 3524 1873; x_wconf 87' lang='lat' dir='ltr'><strong>noverunt,</strong></span> 
     </span>
    </p>
   </div>
   <div class='ocr_carea' id='block_1_79' title="bbox 1961 1899 3526 1978">
    <p class='ocr_par' dir='ltr' id='par_1_79' title="bbox 1961 1899 3526 1978">
     <span class='ocr_line' id='line_1_79' title="bbox 1961 1899 3526 1978; baseline -0.007 -16"><span class='ocrx_word' id='word_1_623' title='bbox 1961 1907 2176 1978; x_wconf 86' lang='lat' dir='ltr'><strong>Signum</strong></span> <span class='ocrx_word' id='word_1_624' title='bbox 2203 1906 2399 1962; x_wconf 89' lang='lat' dir='ltr'><strong>Christi</strong></span> <span class='ocrx_word' id='word_1_625' title='bbox 2424 1947 2437 1968; x_wconf 96' lang='lat'><strong>,</strong></span> <span class='ocrx_word' id='word_1_626' title='bbox 2466 1906 2566 1960; x_wconf 88' lang='lat' dir='ltr'><strong>nisi</strong></span> <span class='ocrx_word' id='word_1_627' title='bbox 2594 1921 2720 1958; x_wconf 82' lang='lat' dir='ltr'><strong>crux</strong></span> <span class='ocrx_word' id='word_1_628' title='bbox 2746 1902 2977 1958; x_wconf 82' lang='lat' dir='ltr'><strong>Christi?</strong></span> <span class='ocrx_word' id='word_1_629' title='bbox 3004 1902 3152 1968; x_wconf 85' lang='lat' dir='ltr'><strong>Quod</strong></span> <span class='ocrx_word' id='word_1_630' title='bbox 3181 1905 3386 1970; x_wconf 85' lang='lat' dir='ltr'><strong>signum</strong></span> <span class='ocrx_word' id='word_1_631' title='bbox 3426 1899 3526 1953; x_wconf 89' lang='lat' dir='ltr'><strong>nisi</strong></span> 
     </span>
    </p>
   </div>
   <div class='ocr_carea' id='block_1_80' title="bbox 1958 1991 3524 2060">
    <p class='ocr_par' dir='ltr' id='par_1_80' title="bbox 1958 1991 3524 2060">
     <span class='ocr_line' id='line_1_80' title="bbox 1958 1991 3524 2060; baseline -0.006 -9"><span class='ocrx_word' id='word_1_632' title='bbox 1958 1997 2274 2051; x_wconf 86' lang='lat' dir='ltr'><strong>adhibeatur</strong></span> <span class='ocrx_word' id='word_1_633' title='bbox 2299 1998 2410 2051; x_wconf 90' lang='lat' dir='ltr'><strong>sive</strong></span> <span class='ocrx_word' id='word_1_634' title='bbox 2433 1995 2694 2049; x_wconf 82' lang='lat' dir='ltr'><strong>frontibus</strong></span> <span class='ocrx_word' id='word_1_635' title='bbox 2722 1993 3082 2056; x_wconf 90' lang='lat' dir='ltr'><strong>credentium,</strong></span> <span class='ocrx_word' id='word_1_636' title='bbox 3110 1993 3219 2046; x_wconf 83' lang='lat' dir='ltr'><strong>sive</strong></span> <span class='ocrx_word' id='word_1_637' title='bbox 3252 1991 3347 2060; x_wconf 91' lang='lat' dir='ltr'><strong>ipsi</strong></span> <span class='ocrx_word' id='word_1_638' title='bbox 3374 2004 3524 2058; x_wconf 83' lang='lat' dir='ltr'><strong>aqu-.e</strong></span> 
     </span>
    </p>
   </div>
   <div class='ocr_carea' id='block_1_81' title="bbox 1958 2081 3533 2158">
    <p class='ocr_par' dir='ltr' id='par_1_81' title="bbox 1958 2081 3533 2158">
     <span class='ocr_line' id='line_1_81' title="bbox 1958 2081 3533 2158; baseline -0.008 -16"><span class='ocrx_word' id='word_1_639' title='bbox 1958 2105 2022 2142; x_wconf 81' lang='lat' dir='ltr'><strong>ex</strong></span> <span class='ocrx_word' id='word_1_640' title='bbox 2047 2103 2148 2158; x_wconf 90' lang='lat' dir='ltr'><strong>qua</strong></span> <span class='ocrx_word' id='word_1_641' title='bbox 2177 2095 2571 2157; x_wconf 85' lang='lat' dir='ltr'><strong>regenerantur,</strong></span> <span class='ocrx_word' id='word_1_642' title='bbox 2604 2087 2715 2140; x_wconf 87' lang='lat' dir='ltr'><strong>sive</strong></span> <span class='ocrx_word' id='word_1_643' title='bbox 2741 2085 2860 2137; x_wconf 93' lang='lat' dir='ltr'><strong>oleo</strong></span> <span class='ocrx_word' id='word_1_644' title='bbox 2889 2099 2993 2152; x_wconf 91' lang='lat' dir='ltr'><strong>quo</strong></span> <span class='ocrx_word' id='word_1_645' title='bbox 3015 2081 3296 2135; x_wconf 83' lang='lat' dir='ltr'><strong>chrismate</strong></span> <span class='ocrx_word' id='word_1_646' title='bbox 3326 2095 3533 2148; x_wconf 89' lang='lat' dir='ltr'><strong>ungun-</strong></span> 
     </span>
    </p>
   </div>
   <div class='ocr_carea' id='block_1_82' title="bbox 1961 2171 3531 2248">
    <p class='ocr_par' dir='ltr' id='par_1_82' title="bbox 1961 2171 3531 2248">
     <span class='ocr_line' id='line_1_82' title="bbox 1961 2171 3531 2248; baseline -0.008 -15"><span class='ocrx_word' id='word_1_647' title='bbox 1961 2191 2066 2248; x_wconf 87' lang='lat' dir='ltr'><strong>tttr,</strong></span> <span class='ocrx_word' id='word_1_648' title='bbox 2094 2180 2205 2233; x_wconf 86' lang='lat' dir='ltr'><strong>sive</strong></span> <span class='ocrx_word' id='word_1_649' title='bbox 2233 2178 2491 2233; x_wconf 91' lang='lat' dir='ltr'><strong>sacriﬁcio</strong></span> <span class='ocrx_word' id='word_1_650' title='bbox 2517 2193 2621 2246; x_wconf 90' lang='lat' dir='ltr'><strong>quo</strong></span> <span class='ocrx_word' id='word_1_651' title='bbox 2651 2176 2883 2237; x_wconf 91' lang='lat' dir='ltr'><strong>aluntur,</strong></span> <span class='ocrx_word' id='word_1_652' title='bbox 2914 2173 3042 2226; x_wconf 88' lang='lat' dir='ltr'><strong>nihil</strong></span> <span class='ocrx_word' id='word_1_653' title='bbox 3071 2187 3250 2226; x_wconf 91' lang='lat' dir='ltr'><strong>eorum</strong></span> <span class='ocrx_word' id='word_1_654' title='bbox 3279 2171 3378 2224; x_wconf 91' lang='lat' dir='ltr'><strong>rite</strong></span> <span class='ocrx_word' id='word_1_655' title='bbox 3407 2184 3531 2237; x_wconf 87' lang='lat' dir='ltr'><strong>per-</strong></span> 
     </span>
    </p>
   </div>
   <div class='ocr_carea' id='block_1_83' title="bbox 1963 2258 3534 2336">
    <p class='ocr_par' dir='ltr' id='par_1_83' title="bbox 1963 2258 3534 2336">
     <span class='ocr_line' id='line_1_83' title="bbox 1963 2258 3534 2336; baseline -0.008 -12"><span class='ocrx_word' id='word_1_656' title='bbox 1963 2272 2150 2326; x_wconf 87' lang='lat' dir='ltr'><strong>ﬁcitur.</strong></span> <span class='ocrx_word' id='word_1_657' title='bbox 2181 2268 2458 2336; x_wconf 82' lang='lat' dir='ltr'><strong>Quomodo</strong></span> <span class='ocrx_word' id='word_1_658' title='bbox 2483 2282 2610 2336; x_wconf 89' lang='lat' dir='ltr'><strong>ergo</strong></span> <span class='ocrx_word' id='word_1_659' title='bbox 2634 2283 2726 2336; x_wconf 86' lang='lat' dir='ltr'><strong>per</strong></span> <span class='ocrx_word' id='word_1_660' title='bbox 2757 2265 2806 2319; x_wconf 88' lang='lat' dir='ltr'><strong>id</strong></span> <span class='ocrx_word' id='word_1_661' title='bbox 2837 2264 2976 2334; x_wconf 88' lang='lat' dir='ltr'><strong>quod</strong></span> <span class='ocrx_word' id='word_1_662' title='bbox 3008 2263 3126 2317; x_wconf 85' lang='lat' dir='ltr'><strong>ntali</strong></span> <span class='ocrx_word' id='word_1_663' title='bbox 3157 2261 3375 2326; x_wconf 86' lang='lat' dir='ltr'><strong>faciunt,</strong></span> <span class='ocrx_word' id='word_1_664' title='bbox 3401 2258 3534 2313; x_wconf 88' lang='lat' dir='ltr'><strong>nihil</strong></span> 
     </span>
    </p>
   </div>
   <div class='ocr_carea' id='block_1_84' title="bbox 1962 2353 3537 2431">
    <p class='ocr_par' dir='ltr' id='par_1_84' title="bbox 1962 2353 3537 2431">
     <span class='ocr_line' id='line_1_84' title="bbox 1962 2353 3537 2431; baseline -0.01 -14"><span class='ocrx_word' id='word_1_665' title='bbox 1962 2364 2086 2418; x_wconf 85' lang='lat' dir='ltr'><strong>boni</strong></span> <span class='ocrx_word' id='word_1_666' title='bbox 2129 2360 2492 2431; x_wconf 89' lang='lat' dir='ltr'><strong>signiﬁcatur;</strong></span> <span class='ocrx_word' id='word_1_667' title='bbox 2516 2358 2724 2429; x_wconf 86' lang='lat' dir='ltr'><strong>quando</strong></span> <span class='ocrx_word' id='word_1_668' title='bbox 2751 2372 2847 2426; x_wconf 91' lang='lat' dir='ltr'><strong>per</strong></span> <span class='ocrx_word' id='word_1_669' title='bbox 2877 2370 3088 2409; x_wconf 86' lang='lat' dir='ltr'><strong>crucem</strong></span> <span class='ocrx_word' id='word_1_670' title='bbox 3117 2353 3345 2414; x_wconf 89' lang='lat' dir='ltr'><strong>Christi,</strong></span> <span class='ocrx_word' id='word_1_671' title='bbox 3377 2365 3537 2420; x_wconf 88' lang='lat' dir='ltr'><strong>quam</strong></span> 
     </span>
    </p>
   </div>
   <div class='ocr_carea' id='block_1_85' title="bbox 1964 2439 3542 2512">
    <p class='ocr_par' dir='ltr' id='par_1_85' title="bbox 1964 2439 3542 2512">
     <span class='ocr_line' id='line_1_85' title="bbox 1964 2439 3542 2512; baseline -0.011 -5"><span class='ocrx_word' id='word_1_672' title='bbox 1964 2452 2202 2507; x_wconf 87' lang='lat' dir='ltr'><strong>fecerunt</strong></span> <span class='ocrx_word' id='word_1_673' title='bbox 2233 2450 2386 2512; x_wconf 89' lang='lat' dir='ltr'><strong>mali,</strong></span> <span class='ocrx_word' id='word_1_674' title='bbox 2429 2450 2483 2503; x_wconf 88' lang='lat' dir='ltr'><strong>in</strong></span> <span class='ocrx_word' id='word_1_675' title='bbox 2525 2447 2879 2502; x_wconf 88' lang='lat' dir='ltr'><strong>celebratione</strong></span> <span class='ocrx_word' id='word_1_676' title='bbox 2921 2446 3381 2499; x_wconf 87' lang='lat' dir='ltr'><strong>Sacramentorutn</strong></span> <span class='ocrx_word' id='word_1_677' title='bbox 3425 2439 3542 2506; x_wconf 90' lang='lat' dir='ltr'><strong>ejus</strong></span> 
     </span>
    </p>
   </div>
   <div class='ocr_carea' id='block_1_86' title="bbox 1965 2533 3540 2606">
    <p class='ocr_par' dir='ltr' id='par_1_86' title="bbox 1965 2533 3540 2606">
     <span class='ocr_line' id='line_1_86' title="bbox 1965 2533 3540 2606; baseline -0.009 -10"><span class='ocrx_word' id='word_1_678' title='bbox 1965 2543 2160 2596; x_wconf 88' lang='lat' dir='ltr'><strong>bonum</strong></span> <span class='ocrx_word' id='word_1_679' title='bbox 2187 2541 2340 2594; x_wconf 91' lang='lat' dir='ltr'><strong>nobis</strong></span> <span class='ocrx_word' id='word_1_680' title='bbox 2370 2555 2524 2593; x_wconf 88' lang='lat' dir='ltr'><strong>omne</strong></span> <span class='ocrx_word' id='word_1_681' title='bbox 2551 2536 2816 2606; x_wconf 87' lang='lat' dir='ltr'><strong>signatur?</strong></span> <span class='ocrx_word' id='word_1_682' title='bbox 2843 2535 2945 2590; x_wconf 89' lang='lat' dir='ltr'><strong>Sed</strong></span> <span class='ocrx_word' id='word_1_683' title='bbox 2970 2535 3082 2588; x_wconf 70' lang='lat' dir='ltr'><strong>haec</strong></span> <span class='ocrx_word' id='word_1_684' title='bbox 3112 2533 3398 2586; x_wconf 88' lang='lat' dir='ltr'><strong>hactenus:</strong></span> <span class='ocrx_word' id='word_1_685' title='bbox 3423 2544 3540 2597; x_wconf 68' lang='lat' dir='ltr'><strong>qua:</strong></span> 
     </span>
    </p>
   </div>
   <div class='ocr_carea' id='block_1_87' title="bbox 1963 2619 3531 2700">
    <p class='ocr_par' dir='ltr' id='par_1_87' title="bbox 1963 2619 3531 2700">
     <span class='ocr_line' id='line_1_87' title="bbox 1963 2619 3531 2700; baseline -0.01 -12"><span class='ocrx_word' id='word_1_686' title='bbox 1963 2643 2140 2688; x_wconf 89' lang='lat' dir='ltr'><strong>autem</strong></span> <span class='ocrx_word' id='word_1_687' title='bbox 2169 2640 2481 2700; x_wconf 84' lang='lat' dir='ltr'><strong>sequuntur,</strong></span> <span class='ocrx_word' id='word_1_688' title='bbox 2515 2630 2664 2695; x_wconf 87' lang='lat' dir='ltr'><strong>alias,</strong></span> <span class='ocrx_word' id='word_1_689' title='bbox 2696 2636 2753 2681; x_wconf 91' lang='lat' dir='ltr'><strong>ut</strong></span> <span class='ocrx_word' id='word_1_690' title='bbox 2793 2628 2929 2680; x_wconf 85' lang='lat' dir='ltr'><strong>Deus</strong></span> <span class='ocrx_word' id='word_1_691' title='bbox 2971 2624 3328 2695; x_wconf 88' lang='lat' dir='ltr'><strong>opitulabitur,</strong></span> <span class='ocrx_word' id='word_1_692' title='bbox 3362 2619 3531 2677; x_wconf 82' lang='lat' dir='ltr'><strong>disse-</strong></span> 
     </span>
    </p>
   </div>
   <div class='ocr_carea' id='block_1_88' title="bbox 1965 2722 2481 2779">
    <p class='ocr_par' dir='ltr' id='par_1_88' title="bbox 1965 2722 2481 2779">
     <span class='ocr_line' id='line_1_88' title="bbox 1965 2722 2481 2779; baseline -0.01 0"><span class='ocrx_word' id='word_1_693' title='bbox 1965 2723 2132 2779; x_wconf 90' lang='lat' dir='ltr'><strong>rendo</strong></span> <span class='ocrx_word' id='word_1_694' title='bbox 2163 2722 2481 2776; x_wconf 72' lang='lat' dir='ltr'><strong>videbimus.</strong></span> 
     </span>
    </p>
   </div>
   <div class='ocr_carea' id='block_1_89' title="bbox 2441 2825 3071 2886">
    <p class='ocr_par' dir='ltr' id='par_1_89' title="bbox 2441 2825 3071 2886">
     <span class='ocr_line' id='line_1_89' title="bbox 2441 2825 3071 2886; baseline -0.01 0"><span class='ocrx_word' id='word_1_695' title='bbox 2441 2828 2849 2886; x_wconf 76' lang='lat' dir='ltr'><strong>TRACTATUS</strong></span> <span class='ocrx_word' id='word_1_696' title='bbox 2887 2825 3071 2881; x_wconf 85' lang='lat' dir='ltr'><strong>CXIX.</strong></span> 
     </span>
    </p>
   </div>
   <div class='ocr_carea' id='block_1_90' title="bbox 1967 2933 3541 3015">
    <p class='ocr_par' dir='ltr' id='par_1_90' title="bbox 1967 2933 3541 3015">
     <span class='ocr_line' id='line_1_90' title="bbox 1967 2933 3541 3015; baseline -0.008 -14"><span class='ocrx_word' id='word_1_697' title='bbox 1967 2947 2042 3004; x_wconf 77' lang='lat' dir='ltr'><strong>Ab</strong></span> <span class='ocrx_word' id='word_1_698' title='bbox 2085 2963 2142 3000; x_wconf 87' lang='lat' dir='ltr'><strong>eo</strong></span> <span class='ocrx_word' id='word_1_699' title='bbox 2181 2945 2314 3015; x_wconf 88' lang='lat' dir='ltr'><strong>quod</strong></span> <span class='ocrx_word' id='word_1_700' title='bbox 2356 2944 2604 3013; x_wconf 85' lang='lat' dir='ltr'><strong>sequitur,</strong></span> <span class='ocrx_word' id='word_1_701' title='bbox 2638 2942 2704 2994; x_wconf 86' lang='lat' dir='ltr'><strong>Et</strong></span> <span class='ocrx_word' id='word_1_702' title='bbox 2755 2940 2948 2993; x_wconf 88' lang='lat' dir='ltr'><strong>milites</strong></span> <span class='ocrx_word' id='word_1_703' title='bbox 2993 2937 3204 3007; x_wconf 90' lang='lat' dir='ltr'><strong>quidem</strong></span> <span class='ocrx_word' id='word_1_704' title='bbox 3248 2934 3360 2988; x_wconf 62' lang='lat' dir='ltr'><strong>haec</strong></span> <span class='ocrx_word' id='word_1_705' title='bbox 3396 2933 3541 2988; x_wconf 88' lang='lat' dir='ltr'><strong>fece-</strong></span> 
     </span>
    </p>
   </div>
   <div class='ocr_carea' id='block_1_91' title="bbox 2039 3025 3526 3108">
    <p class='ocr_par' dir='ltr' id='par_1_91' title="bbox 2039 3025 3526 3108">
     <span class='ocr_line' id='line_1_91' title="bbox 2039 3025 3526 3108; baseline -0.012 -13"><span class='ocrx_word' id='word_1_706' title='bbox 2039 3049 2190 3102; x_wconf 87' lang='lat' dir='ltr'><strong>runt;</strong></span> <span class='ocrx_word' id='word_1_707' title='bbox 2217 3055 2369 3108; x_wconf 83' lang='lat' dir='ltr'><strong>usque</strong></span> <span class='ocrx_word' id='word_1_708' title='bbox 2403 3037 2469 3089; x_wconf 87' lang='lat' dir='ltr'><strong>ad</strong></span> <span class='ocrx_word' id='word_1_709' title='bbox 2509 3035 2581 3095; x_wconf 86' lang='lat' dir='ltr'><strong>id.</strong></span> <span class='ocrx_word' id='word_1_710' title='bbox 2610 3035 2672 3088; x_wconf 83' lang='lat' dir='ltr'><strong>Et</strong></span> <span class='ocrx_word' id='word_1_711' title='bbox 2702 3033 2951 3086; x_wconf 89' lang='lat' dir='ltr'><strong>inclinato</strong></span> <span class='ocrx_word' id='word_1_712' title='bbox 2978 3029 3148 3099; x_wconf 83' lang='lat' dir='ltr'><strong>capite</strong></span> <span class='ocrx_word' id='word_1_713' title='bbox 3177 3026 3387 3080; x_wconf 81' lang='lat' dir='ltr'><strong>tradidit</strong></span> <span class='ocrx_word' id='word_1_714' title='bbox 3415 3025 3526 3095; x_wconf 88' lang='lat' dir='ltr'><strong>spi-</strong></span> 
     </span>
    </p>
   </div>
   <div class='ocr_carea' id='block_1_92' title="bbox 2041 3121 2855 3198">
    <p class='ocr_par' dir='ltr' id='par_1_92' title="bbox 2041 3121 2855 3198">
     <span class='ocr_line' id='line_1_92' title="bbox 2041 3121 2855 3198; baseline -0.014 -12"><span class='ocrx_word' id='word_1_715' title='bbox 2041 3132 2219 3186; x_wconf 87' lang='lat' dir='ltr'><strong>ritum.</strong></span> <span class='ocrx_word' id='word_1_716' title='bbox 2259 3128 2386 3198; x_wconf 83' lang='lat' dir='ltr'><strong>Cap.</strong></span> <span class='ocrx_word' id='word_1_717' title='bbox 2420 3143 2530 3191; x_wconf 72' lang='lat' dir='ltr'><strong>xix,</strong></span> <span class='ocrx_word' id='word_1_718' title='bbox 2569 3126 2603 3195; x_wconf 66' lang='grc' dir='ltr'><strong><em>Ῡ</em></strong></span> <span class='ocrx_word' id='word_1_719' title='bbox 2627 3164 2640 3178; x_wconf 93' lang='grc'><strong>.</strong></span> <span class='ocrx_word' id='word_1_720' title='bbox 2664 3121 2855 3177; x_wconf 65' lang='lat'><strong>24-50.</strong></span> 
     </span>
    </p>
   </div>
   <div class='ocr_carea' id='block_1_93' title="bbox 2044 3245 3552 3323">
    <p class='ocr_par' dir='ltr' id='par_1_93' title="bbox 2044 3245 3552 3323">
     <span class='ocr_line' id='line_1_93' title="bbox 2044 3245 3552 3323; baseline -0.016 -5"><span class='ocrx_word' id='word_1_721' title='bbox 2044 3265 2095 3318; x_wconf 81' lang='lat' dir='ltr'><strong>l.</strong></span> <span class='ocrx_word' id='word_1_722' title='bbox 2122 3259 2383 3318; x_wconf 73' lang='lat' dir='ltr'><strong>Cruciﬁxo</strong></span> <span class='ocrx_word' id='word_1_723' title='bbox 2414 3257 2662 3318; x_wconf 89' lang='lat' dir='ltr'><strong>Domino,</strong></span> <span class='ocrx_word' id='word_1_724' title='bbox 2695 3261 3034 3323; x_wconf 85' lang='lat' dir='ltr'><strong>posteaquam</strong></span> <span class='ocrx_word' id='word_1_725' title='bbox 3059 3248 3246 3302; x_wconf 83' lang='lat' dir='ltr'><strong>divisio</strong></span> <span class='ocrx_word' id='word_1_726' title='bbox 3268 3245 3552 3300; x_wconf 82' lang='lat' dir='ltr'><strong>vestimen-</strong></span> 
     </span>
    </p>
   </div>
   <div class='ocr_carea' id='block_1_94' title="bbox 1980 3341 3554 3421">
    <p class='ocr_par' dir='ltr' id='par_1_94' title="bbox 1980 3341 3554 3421">
     <span class='ocr_line' id='line_1_94' title="bbox 1980 3341 3554 3421; baseline -0.015 -10"><span class='ocrx_word' id='word_1_727' title='bbox 1980 3367 2151 3411; x_wconf 90' lang='lat' dir='ltr'><strong>torum</strong></span> <span class='ocrx_word' id='word_1_728' title='bbox 2196 3355 2312 3421; x_wconf 91' lang='lat' dir='ltr'><strong>ejus</strong></span> <span class='ocrx_word' id='word_1_729' title='bbox 2365 3351 2525 3405; x_wconf 87' lang='lat' dir='ltr'><strong>etiam</strong></span> <span class='ocrx_word' id='word_1_730' title='bbox 2571 3356 2716 3404; x_wconf 83' lang='lat' dir='ltr'><strong>sorte</strong></span> <span class='ocrx_word' id='word_1_731' title='bbox 2761 3347 2920 3400; x_wconf 85' lang='lat' dir='ltr'><strong>missa</strong></span> <span class='ocrx_word' id='word_1_732' title='bbox 2967 3341 3228 3409; x_wconf 86' lang='lat' dir='ltr'><strong>completa</strong></span> <span class='ocrx_word' id='word_1_733' title='bbox 3276 3345 3392 3401; x_wconf 91' lang='lat' dir='ltr'><strong>est,</strong></span> <span class='ocrx_word' id='word_1_734' title='bbox 3437 3351 3554 3405; x_wconf 68' lang='lat' dir='ltr'><strong>qua:</strong></span> 
     </span>
    </p>
   </div>
   <div class='ocr_carea' id='block_1_95' title="bbox 1976 3425 3556 3505">
    <p class='ocr_par' dir='ltr' id='par_1_95' title="bbox 1976 3425 3556 3505">
     <span class='ocr_line' id='line_1_95' title="bbox 1976 3425 3556 3505; baseline -0.014 -4"><span class='ocrx_word' id='word_1_735' title='bbox 1976 3446 2164 3502; x_wconf 91' lang='lat' dir='ltr'><strong>deinde</strong></span> <span class='ocrx_word' id='word_1_736' title='bbox 2207 3451 2385 3498; x_wconf 89' lang='lat' dir='ltr'><strong>narret</strong></span> <span class='ocrx_word' id='word_1_737' title='bbox 2422 3441 2652 3496; x_wconf 79' lang='lat' dir='ltr'><strong>Joannes</strong></span> <span class='ocrx_word' id='word_1_738' title='bbox 2707 3434 3025 3505; x_wconf 82' lang='lat' dir='ltr'><strong>evangelista</strong></span> <span class='ocrx_word' id='word_1_739' title='bbox 3078 3431 3370 3484; x_wconf 87' lang='lat' dir='ltr'><strong>videamus.</strong></span> <span class='ocrx_word' id='word_1_740' title='bbox 3425 3446 3442 3479; x_wconf 74' lang='grc' dir='ltr'><strong>ι</strong></span> <span class='ocrx_word' id='word_1_741' title='bbox 3489 3425 3556 3480; x_wconf 87' lang='lat' dir='ltr'><strong>Et</strong></span> 
     </span>
    </p>
   </div>
   <div class='ocr_carea' id='block_1_96' title="bbox 1978 3519 3556 3604">
    <p class='ocr_par' dir='ltr' id='par_1_96' title="bbox 1978 3519 3556 3604">
     <span class='ocr_line' id='line_1_96' title="bbox 1978 3519 3556 3604; baseline -0.016 -12"><span class='ocrx_word' id='word_1_742' title='bbox 1978 3537 2172 3592; x_wconf 87' lang='lat' dir='ltr'><strong>milites</strong></span> <span class='ocrx_word' id='word_1_743' title='bbox 2198 3535 2432 3604; x_wconf 89' lang='lat' dir='ltr'><strong>quidem,</strong></span> <span class='ocrx_word' id='word_1_744' title='bbox 2462 3552 2478 3583; x_wconf 83' lang='grc' dir='ltr'><strong>ι</strong></span> <span class='ocrx_word' id='word_1_745' title='bbox 2513 3531 2708 3600; x_wconf 88' lang='lat' dir='ltr'><strong>inquit,</strong></span> <span class='ocrx_word' id='word_1_746' title='bbox 2744 3547 2761 3579; x_wconf 78' lang='grc' dir='ltr'><strong>ι</strong></span> <span class='ocrx_word' id='word_1_747' title='bbox 2791 3527 2906 3580; x_wconf 69' lang='lat' dir='ltr'><strong>hsce</strong></span> <span class='ocrx_word' id='word_1_748' title='bbox 2934 3525 3186 3578; x_wconf 88' lang='lat' dir='ltr'><strong>fecerunt.</strong></span> <span class='ocrx_word' id='word_1_749' title='bbox 3218 3519 3440 3575; x_wconf 87' lang='lat' dir='ltr'><strong>Stabant</strong></span> <span class='ocrx_word' id='word_1_750' title='bbox 3465 3533 3556 3569; x_wconf 89' lang='lat' dir='ltr'><strong>au-</strong></span> 
     </span>
    </p>
   </div>
   <div class='ocr_carea' id='block_1_97' title="bbox 1980 3606 3556 3694">
    <p class='ocr_par' dir='ltr' id='par_1_97' title="bbox 1980 3606 3556 3694">
     <span class='ocr_line' id='line_1_97' title="bbox 1980 3606 3556 3694; baseline -0.015 -12"><span class='ocrx_word' id='word_1_751' title='bbox 1980 3639 2084 3684; x_wconf 90' lang='lat' dir='ltr'><strong>tem</strong></span> <span class='ocrx_word' id='word_1_752' title='bbox 2129 3627 2275 3694; x_wconf 79' lang='lat' dir='ltr'><strong>juxta</strong></span> <span class='ocrx_word' id='word_1_753' title='bbox 2308 3637 2518 3677; x_wconf 90' lang='lat' dir='ltr'><strong>crucem</strong></span> <span class='ocrx_word' id='word_1_754' title='bbox 2548 3620 2673 3674; x_wconf 87' lang='lat' dir='ltr'><strong>Jesu</strong></span> <span class='ocrx_word' id='word_1_755' title='bbox 2702 3659 2716 3684; x_wconf 94' lang='lat'><strong>,</strong></span> <span class='ocrx_word' id='word_1_756' title='bbox 2760 3626 2928 3670; x_wconf 90' lang='lat' dir='ltr'><strong>mater</strong></span> <span class='ocrx_word' id='word_1_757' title='bbox 2952 3613 3085 3681; x_wconf 89' lang='lat' dir='ltr'><strong>ejus,</strong></span> <span class='ocrx_word' id='word_1_758' title='bbox 3114 3619 3168 3664; x_wconf 87' lang='lat' dir='ltr'><strong>et</strong></span> <span class='ocrx_word' id='word_1_759' title='bbox 3195 3622 3346 3662; x_wconf 90' lang='lat' dir='ltr'><strong>soror</strong></span> <span class='ocrx_word' id='word_1_760' title='bbox 3372 3606 3556 3660; x_wconf 89' lang='lat' dir='ltr'><strong>matris</strong></span> 
     </span>
    </p>
   </div>
   <div class='ocr_carea' id='block_1_98' title="bbox 1981 3695 3558 3788">
    <p class='ocr_par' dir='ltr' id='par_1_98' title="bbox 1981 3695 3558 3788">
     <span class='ocr_line' id='line_1_98' title="bbox 1981 3695 3558 3788; baseline -0.016 -14"><span class='ocrx_word' id='word_1_761' title='bbox 1981 3723 2096 3788; x_wconf 88' lang='lat' dir='ltr'><strong>ejus</strong></span> <span class='ocrx_word' id='word_1_762' title='bbox 2126 3717 2283 3770; x_wconf 76' lang='lat' dir='ltr'><strong>Maria</strong></span> <span class='ocrx_word' id='word_1_763' title='bbox 2306 3713 2557 3782; x_wconf 77' lang='lat' dir='ltr'><strong>CICOphte</strong></span> <span class='ocrx_word' id='word_1_764' title='bbox 2578 3751 2591 3774; x_wconf 93' lang='lat'><strong>,</strong></span> <span class='ocrx_word' id='word_1_765' title='bbox 2624 3718 2681 3764; x_wconf 91' lang='lat' dir='ltr'><strong>et</strong></span> <span class='ocrx_word' id='word_1_766' title='bbox 2704 3706 2862 3761; x_wconf 82' lang='lat' dir='ltr'><strong>Maria</strong></span> <span class='ocrx_word' id='word_1_767' title='bbox 2890 3701 3212 3772; x_wconf 84' lang='lat' dir='ltr'><strong>Magdalene.</strong></span> <span class='ocrx_word' id='word_1_768' title='bbox 3239 3697 3372 3752; x_wconf 90' lang='lat' dir='ltr'><strong>Cum</strong></span> <span class='ocrx_word' id='word_1_769' title='bbox 3394 3695 3558 3750; x_wconf 88' lang='lat' dir='ltr'><strong>vidis-</strong></span> 
     </span>
    </p>
   </div>
   <div class='ocr_carea' id='block_1_99' title="bbox 1981 3793 3561 3878">
    <p class='ocr_par' dir='ltr' id='par_1_99' title="bbox 1981 3793 3561 3878">
     <span class='ocr_line' id='line_1_99' title="bbox 1981 3793 3561 3878; baseline -0.018 -13"><span class='ocrx_word' id='word_1_770' title='bbox 1981 3819 2062 3865; x_wconf 90' lang='lat' dir='ltr'><strong>set</strong></span> <span class='ocrx_word' id='word_1_771' title='bbox 2099 3823 2225 3878; x_wconf 88' lang='lat' dir='ltr'><strong>ergo</strong></span> <span class='ocrx_word' id='word_1_772' title='bbox 2262 3806 2416 3861; x_wconf 81' lang='lat' dir='ltr'><strong>Jcsus</strong></span> <span class='ocrx_word' id='word_1_773' title='bbox 2457 3811 2678 3856; x_wconf 89' lang='lat' dir='ltr'><strong>matrem</strong></span> <span class='ocrx_word' id='word_1_774' title='bbox 2718 3809 2770 3852; x_wconf 92' lang='lat' dir='ltr'><strong>et</strong></span> <span class='ocrx_word' id='word_1_775' title='bbox 2806 3793 3120 3863; x_wconf 88' lang='lat' dir='ltr'><strong>discipulum</strong></span> <span class='ocrx_word' id='word_1_776' title='bbox 3151 3798 3376 3843; x_wconf 90' lang='lat' dir='ltr'><strong>stantem</strong></span> <span class='ocrx_word' id='word_1_777' title='bbox 3401 3801 3561 3855; x_wconf 87' lang='lat' dir='ltr'><strong>quem</strong></span> 
     </span>
    </p>
   </div>
   <div class='ocr_carea' id='block_1_100' title="bbox 1982 3879 3557 3969">
    <p class='ocr_par' dir='ltr' id='par_1_100' title="bbox 1982 3879 3557 3969">
     <span class='ocr_line' id='line_1_100' title="bbox 1982 3879 3557 3969; baseline -0.02 -13"><span class='ocrx_word' id='word_1_778' title='bbox 1982 3899 2259 3969; x_wconf 84' lang='lat' dir='ltr'><strong>diligebat,</strong></span> <span class='ocrx_word' id='word_1_779' title='bbox 2293 3895 2418 3949; x_wconf 89' lang='lat' dir='ltr'><strong>dicit</strong></span> <span class='ocrx_word' id='word_1_780' title='bbox 2460 3892 2612 3946; x_wconf 90' lang='lat' dir='ltr'><strong>matri</strong></span> <span class='ocrx_word' id='word_1_781' title='bbox 2653 3903 2791 3951; x_wconf 68' lang='lat' dir='ltr'><strong>suae,</strong></span> <span class='ocrx_word' id='word_1_782' title='bbox 2820 3885 3022 3945; x_wconf 84' lang='lat' dir='ltr'><strong>Mulier,</strong></span> <span class='ocrx_word' id='word_1_783' title='bbox 3052 3895 3190 3959; x_wconf 46' lang='lat' dir='ltr'><strong>\ccce</strong></span> <span class='ocrx_word' id='word_1_784' title='bbox 3229 3879 3368 3932; x_wconf 89' lang='lat' dir='ltr'><strong>ﬁlius</strong></span> <span class='ocrx_word' id='word_1_785' title='bbox 3398 3887 3517 3928; x_wconf 92' lang='lat' dir='ltr'><strong>tuus</strong></span> <span class='ocrx_word' id='word_1_786' title='bbox 3544 3891 3557 3925; x_wconf 92' lang='lat'>:</span> 
     </span>
    </p>
   </div>
   <div class='ocr_carea' id='block_1_101' title="bbox 1983 3964 3566 4051">
    <p class='ocr_par' dir='ltr' id='par_1_101' title="bbox 1983 3964 3566 4051">
     <span class='ocr_line' id='line_1_101' title="bbox 1983 3964 3566 4051; baseline -0.018 -4"><span class='ocrx_word' id='word_1_787' title='bbox 1983 3964 2176 4047; x_wconf 72' lang='lat' dir='ltr'><strong>deinde</strong></span> <span class='ocrx_word' id='word_1_788' title='bbox 2204 3987 2330 4042; x_wconf 89' lang='lat' dir='ltr'><strong>dicit</strong></span> <span class='ocrx_word' id='word_1_789' title='bbox 2354 3983 2632 4051; x_wconf 88' lang='lat' dir='ltr'><strong>discipulo,</strong></span> <span class='ocrx_word' id='word_1_790' title='bbox 2654 3981 2788 4034; x_wconf 85' lang='lat' dir='ltr'><strong>Ecce</strong></span> <span class='ocrx_word' id='word_1_791' title='bbox 2814 3983 2984 4029; x_wconf 87' lang='lat' dir='ltr'><strong>mater</strong></span> <span class='ocrx_word' id='word_1_792' title='bbox 3009 3982 3116 4026; x_wconf 87' lang='lat' dir='ltr'><strong>tua.</strong></span> <span class='ocrx_word' id='word_1_793' title='bbox 3145 3970 3209 4023; x_wconf 88' lang='lat' dir='ltr'><strong>Et</strong></span> <span class='ocrx_word' id='word_1_794' title='bbox 3230 3984 3291 4022; x_wconf 79' lang='lat' dir='ltr'><strong>ex</strong></span> <span class='ocrx_word' id='word_1_795' title='bbox 3317 3966 3402 4020; x_wconf 91' lang='lat' dir='ltr'><strong>illa</strong></span> <span class='ocrx_word' id='word_1_796' title='bbox 3431 3964 3566 4018; x_wconf 80' lang='lat' dir='ltr'><strong>hora</strong></span> 
     </span>
    </p>
   </div>
   <div class='ocr_carea' id='block_1_102' title="bbox 1985 4053 3566 4151">
    <p class='ocr_par' dir='ltr' id='par_1_102' title="bbox 1985 4053 3566 4151">
     <span class='ocr_line' id='line_1_102' title="bbox 1985 4053 3566 4151; baseline -0.02 -12"><span class='ocrx_word' id='word_1_797' title='bbox 1985 4082 2185 4151; x_wconf 90' lang='lat' dir='ltr'><strong>accepit</strong></span> <span class='ocrx_word' id='word_1_798' title='bbox 2210 4094 2324 4134; x_wconf 89' lang='lat' dir='ltr'><strong>eam</strong></span> <span class='ocrx_word' id='word_1_799' title='bbox 2355 4072 2645 4142; x_wconf 89' lang='lat' dir='ltr'><strong>discipulus</strong></span> <span class='ocrx_word' id='word_1_800' title='bbox 2674 4070 2726 4122; x_wconf 91' lang='lat' dir='ltr'><strong>in</strong></span> <span class='ocrx_word' id='word_1_801' title='bbox 2752 4081 2864 4121; x_wconf 91' lang='lat' dir='ltr'><strong>sua.</strong></span> <span class='ocrx_word' id='word_1_802' title='bbox 2891 4083 2908 4116; x_wconf 77' lang='grc' dir='ltr'><strong>ι</strong></span> <span class='ocrx_word' id='word_1_803' title='bbox 2937 4063 3060 4118; x_wconf 71' lang='lat' dir='ltr'><strong>llmc</strong></span> <span class='ocrx_word' id='word_1_804' title='bbox 3087 4059 3337 4114; x_wconf 90' lang='lat' dir='ltr'><strong>nimirum</strong></span> <span class='ocrx_word' id='word_1_805' title='bbox 3365 4065 3446 4109; x_wconf 89' lang='lat' dir='ltr'><strong>est</strong></span> <span class='ocrx_word' id='word_1_806' title='bbox 3474 4053 3566 4107; x_wconf 90' lang='lat' dir='ltr'><strong>illa</strong></span> 
     </span>
    </p>
   </div>
   <div class='ocr_carea' id='block_1_103' title="bbox 1987 4146 3572 4244">
    <p class='ocr_par' dir='ltr' id='par_1_103' title="bbox 1987 4146 3572 4244">
     <span class='ocr_line' id='line_1_103' title="bbox 1987 4146 3572 4244; baseline -0.021 -16"><span class='ocrx_word' id='word_1_807' title='bbox 1987 4173 2117 4244; x_wconf 54' lang='lat' dir='ltr'><strong>bona</strong></span> <span class='ocrx_word' id='word_1_808' title='bbox 2162 4171 2228 4226; x_wconf 87' lang='lat' dir='ltr'><strong>de</strong></span> <span class='ocrx_word' id='word_1_809' title='bbox 2277 4182 2380 4238; x_wconf 90' lang='lat' dir='ltr'><strong>qua</strong></span> <span class='ocrx_word' id='word_1_810' title='bbox 2426 4165 2583 4220; x_wconf 79' lang='lat' dir='ltr'><strong>Jesus</strong></span> <span class='ocrx_word' id='word_1_811' title='bbox 2622 4151 2813 4229; x_wconf 63' lang='lat' dir='ltr'><strong>aha-am</strong></span> <span class='ocrx_word' id='word_1_812' title='bbox 2861 4164 3210 4209; x_wconf 83' lang='lat' dir='ltr'><strong>conversurus</strong></span> <span class='ocrx_word' id='word_1_813' title='bbox 3251 4148 3303 4201; x_wconf 89' lang='lat' dir='ltr'><strong>in</strong></span> <span class='ocrx_word' id='word_1_814' title='bbox 3345 4146 3521 4198; x_wconf 85' lang='lat' dir='ltr'><strong>vinum</strong></span> <span class='ocrx_word' id='word_1_815' title='bbox 3548 4183 3572 4208; x_wconf 73' lang='lat'><strong>,</strong></span> 
     </span>
    </p>
   </div>
   <div class='ocr_carea' id='block_1_104' title="bbox 1987 4238 3570 4324">
    <p class='ocr_par' dir='ltr' id='par_1_104' title="bbox 1987 4238 3570 4324">
     <span class='ocr_line' id='line_1_104' title="bbox 1987 4238 3570 4324; baseline -0.021 -4"><span class='ocrx_word' id='word_1_816' title='bbox 1987 4238 2192 4324; x_wconf 70' lang='lat' dir='ltr'><strong>dixerat</strong></span> <span class='ocrx_word' id='word_1_817' title='bbox 2242 4260 2428 4322; x_wconf 88' lang='lat' dir='ltr'><strong>matri,</strong></span> <span class='ocrx_word' id='word_1_818' title='bbox 2464 4253 2596 4320; x_wconf 81' lang='lat' dir='ltr'><strong>Quid</strong></span> <span class='ocrx_word' id='word_1_819' title='bbox 2642 4251 2764 4304; x_wconf 85' lang='lat' dir='ltr'><strong>mihi</strong></span> <span class='ocrx_word' id='word_1_820' title='bbox 2811 4258 2855 4302; x_wconf 85' lang='lat' dir='ltr'><strong>et</strong></span> <span class='ocrx_word' id='word_1_821' title='bbox 2901 4245 2987 4299; x_wconf 89' lang='lat' dir='ltr'><strong>tibi</strong></span> <span class='ocrx_word' id='word_1_822' title='bbox 3033 4251 3141 4307; x_wconf 83' lang='lat' dir='ltr'><strong>est,</strong></span> <span class='ocrx_word' id='word_1_823' title='bbox 3183 4238 3403 4321; x_wconf 52' lang='lat' dir='ltr'><strong>mulieri&quot;</strong></span> <span class='ocrx_word' id='word_1_824' title='bbox 3443 4253 3570 4289; x_wconf 84' lang='lat' dir='ltr'><strong>non-</strong></span> 
     </span>
    </p>
   </div>
   <div class='ocr_carea' id='block_1_105' title="bbox 1989 4307 3573 4414">
    <p class='ocr_par' dir='ltr' id='par_1_105' title="bbox 1989 4307 3573 4414">
     <span class='ocr_line' id='line_1_105' title="bbox 1989 4307 3573 4414; baseline -0.02 -2"><span class='ocrx_word' id='word_1_825' title='bbox 1989 4359 2108 4412; x_wconf 87' lang='lat' dir='ltr'><strong>dum</strong></span> <span class='ocrx_word' id='word_1_826' title='bbox 2134 4355 2261 4409; x_wconf 85' lang='lat' dir='ltr'><strong>venit</strong></span> <span class='ocrx_word' id='word_1_827' title='bbox 2288 4353 2412 4406; x_wconf 82' lang='lat' dir='ltr'><strong>hora</strong></span> <span class='ocrx_word' id='word_1_828' title='bbox 2439 4365 2547 4402; x_wconf 84' lang='lat' dir='ltr'><strong>mea</strong></span> <span class='ocrx_word' id='word_1_829' title='bbox 2577 4346 2752 4414; x_wconf 82' lang='lat' dir='ltr'><strong>(Joan.</strong></span> <span class='ocrx_word' id='word_1_830' title='bbox 2783 4358 2839 4408; x_wconf 89' lang='grc' dir='ltr'>ιι,</span> <span class='ocrx_word' id='word_1_831' title='bbox 2864 4339 2941 4409; x_wconf 81' lang='grc'><strong>4).</strong></span> <span class='ocrx_word' id='word_1_832' title='bbox 2975 4337 3122 4392; x_wconf 89' lang='lat' dir='ltr'><strong>llanc</strong></span> <span class='ocrx_word' id='word_1_833' title='bbox 3161 4336 3340 4402; x_wconf 89' lang='lat' dir='ltr'><strong>itaque</strong></span> <span class='ocrx_word' id='word_1_834' title='bbox 3387 4307 3573 4383; x_wconf 81' lang='lat' dir='ltr'><strong>horam</strong></span> 
     </span>
    </p>
   </div>
   <div class='ocr_carea' id='block_1_106' title="bbox 1991 4422 3572 4522">
    <p class='ocr_par' dir='ltr' id='par_1_106' title="bbox 1991 4422 3572 4522">
     <span class='ocr_line' id='line_1_106' title="bbox 1991 4422 3572 4522; baseline -0.021 -16"><span class='ocrx_word' id='word_1_835' title='bbox 1991 4449 2310 4522; x_wconf 70' lang='lat' dir='ltr'><strong>prmdixcrat</strong></span> <span class='ocrx_word' id='word_1_836' title='bbox 2340 4458 2456 4513; x_wconf 71' lang='lat' dir='ltr'><strong>qurc</strong></span> <span class='ocrx_word' id='word_1_837' title='bbox 2489 4450 2614 4494; x_wconf 90' lang='lat' dir='ltr'><strong>tunc</strong></span> <span class='ocrx_word' id='word_1_838' title='bbox 2653 4434 2885 4491; x_wconf 89' lang='lat' dir='ltr'><strong>nondum</strong></span> <span class='ocrx_word' id='word_1_839' title='bbox 2917 4437 3164 4491; x_wconf 89' lang='lat' dir='ltr'><strong>venerat,</strong></span> <span class='ocrx_word' id='word_1_840' title='bbox 3197 4427 3248 4480; x_wconf 91' lang='lat' dir='ltr'><strong>in</strong></span> <span class='ocrx_word' id='word_1_841' title='bbox 3276 4440 3378 4495; x_wconf 90' lang='lat' dir='ltr'><strong>qua</strong></span> <span class='ocrx_word' id='word_1_842' title='bbox 3407 4422 3572 4476; x_wconf 80' lang='lat' dir='ltr'><strong>debe-</strong></span> 
     </span>
    </p>
   </div>
   <div class='ocr_carea' id='block_1_107' title="bbox 1991 4513 3573 4608">
    <p class='ocr_par' dir='ltr' id='par_1_107' title="bbox 1991 4513 3573 4608">
     <span class='ocr_line' id='line_1_107' title="bbox 1991 4513 3573 4608; baseline -0.02 -12"><span class='ocrx_word' id='word_1_843' title='bbox 1991 4550 2072 4596; x_wconf 90' lang='lat' dir='ltr'><strong>ret</strong></span> <span class='ocrx_word' id='word_1_844' title='bbox 2115 4552 2401 4608; x_wconf 85' lang='lat' dir='ltr'><strong>agnoscere</strong></span> <span class='ocrx_word' id='word_1_845' title='bbox 2444 4532 2763 4589; x_wconf 87' lang='lat' dir='ltr'><strong>moriturus,</strong></span> <span class='ocrx_word' id='word_1_846' title='bbox 2804 4525 2871 4579; x_wconf 91' lang='lat' dir='ltr'><strong>de</strong></span> <span class='ocrx_word' id='word_1_847' title='bbox 2913 4538 3017 4592; x_wconf 86' lang='lat' dir='ltr'><strong>qua</strong></span> <span class='ocrx_word' id='word_1_848' title='bbox 3063 4520 3228 4574; x_wconf 87' lang='lat' dir='ltr'><strong>fuerat</strong></span> <span class='ocrx_word' id='word_1_849' title='bbox 3277 4513 3573 4569; x_wconf 82' lang='lat' dir='ltr'><strong>mortaliter</strong></span> 
     </span>
    </p>
   </div>
   <div class='ocr_carea' id='block_1_108' title="bbox 1993 4601 3574 4691">
    <p class='ocr_par' dir='ltr' id='par_1_108' title="bbox 1993 4601 3574 4691">
     <span class='ocr_line' id='line_1_108' title="bbox 1993 4601 3574 4691; baseline -0.021 -5"><span class='ocrx_word' id='word_1_850' title='bbox 1993 4638 2166 4686; x_wconf 88' lang='lat' dir='ltr'><strong>natus.</strong></span> <span class='ocrx_word' id='word_1_851' title='bbox 2195 4627 2344 4681; x_wconf 86' lang='lat' dir='ltr'><strong>Tunc</strong></span> <span class='ocrx_word' id='word_1_852' title='bbox 2367 4639 2492 4691; x_wconf 84' lang='lat' dir='ltr'><strong>ergo</strong></span> <span class='ocrx_word' id='word_1_853' title='bbox 2519 4619 2694 4674; x_wconf 89' lang='lat' dir='ltr'><strong>divina</strong></span> <span class='ocrx_word' id='word_1_854' title='bbox 2725 4616 2976 4676; x_wconf 86' lang='lat' dir='ltr'><strong>facturus,</strong></span> <span class='ocrx_word' id='word_1_855' title='bbox 3008 4625 3108 4664; x_wconf 91' lang='lat' dir='ltr'><strong>non</strong></span> <span class='ocrx_word' id='word_1_856' title='bbox 3136 4605 3443 4667; x_wconf 89' lang='lat' dir='ltr'><strong>divinitatis,</strong></span> <span class='ocrx_word' id='word_1_857' title='bbox 3479 4601 3574 4654; x_wconf 86' lang='lat' dir='ltr'><strong>sed</strong></span> 
     </span>
    </p>
   </div>
   <div class='ocr_carea' id='block_1_109' title="bbox 1996 4696 3575 4779">
    <p class='ocr_par' dir='ltr' id='par_1_109' title="bbox 1996 4696 3575 4779">
     <span class='ocr_line' id='line_1_109' title="bbox 1996 4696 3575 4779; baseline -0.02 -1"><span class='ocrx_word' id='word_1_858' title='bbox 1996 4719 2314 4779; x_wconf 89' lang='lat' dir='ltr'><strong>inﬁrmitatis</strong></span> <span class='ocrx_word' id='word_1_859' title='bbox 2331 4723 2550 4770; x_wconf 87' lang='lat' dir='ltr'><strong>matrem</strong></span> <span class='ocrx_word' id='word_1_860' title='bbox 2575 4711 2718 4765; x_wconf 84' lang='lat' dir='ltr'><strong>velut</strong></span> <span class='ocrx_word' id='word_1_861' title='bbox 2745 4705 3061 4776; x_wconf 85' lang='lat' dir='ltr'><strong>incognitam</strong></span> <span class='ocrx_word' id='word_1_862' title='bbox 3094 4696 3411 4768; x_wconf 85' lang='lat' dir='ltr'><strong>repellebat:</strong></span> <span class='ocrx_word' id='word_1_863' title='bbox 3431 4707 3575 4746; x_wconf 87' lang='lat' dir='ltr'><strong>nunc</strong></span> 
     </span>
    </p>
   </div>
   <div class='ocr_carea' id='block_1_110' title="bbox 1996 4785 3578 4874">
    <p class='ocr_par' dir='ltr' id='par_1_110' title="bbox 1996 4785 3578 4874">
     <span class='ocr_line' id='line_1_110' title="bbox 1996 4785 3578 4874; baseline -0.021 -6"><span class='ocrx_word' id='word_1_864' title='bbox 1996 4825 2172 4869; x_wconf 88' lang='lat' dir='ltr'><strong>autem</strong></span> <span class='ocrx_word' id='word_1_865' title='bbox 2222 4810 2452 4864; x_wconf 87' lang='lat' dir='ltr'><strong>humana</strong></span> <span class='ocrx_word' id='word_1_866' title='bbox 2495 4805 2602 4874; x_wconf 90' lang='lat' dir='ltr'><strong>jam</strong></span> <span class='ocrx_word' id='word_1_867' title='bbox 2645 4801 2885 4871; x_wconf 88' lang='lat' dir='ltr'><strong>patiens,</strong></span> <span class='ocrx_word' id='word_1_868' title='bbox 2933 4812 2997 4850; x_wconf 83' lang='lat' dir='ltr'><strong>ex</strong></span> <span class='ocrx_word' id='word_1_869' title='bbox 3043 4810 3141 4863; x_wconf 88' lang='lat' dir='ltr'><strong>qua</strong></span> <span class='ocrx_word' id='word_1_870' title='bbox 3192 4791 3360 4844; x_wconf 86' lang='lat' dir='ltr'><strong>fuerat</strong></span> <span class='ocrx_word' id='word_1_871' title='bbox 3404 4785 3578 4838; x_wconf 84' lang='lat' dir='ltr'><strong>factus</strong></span> 
     </span>
    </p>
   </div>
   <div class='ocr_carea' id='block_1_111' title="bbox 1998 4873 3575 4969">
    <p class='ocr_par' dir='ltr' id='par_1_111' title="bbox 1998 4873 3575 4969">
     <span class='ocr_line' id='line_1_111' title="bbox 1998 4873 3575 4969; baseline -0.02 -12"><span class='ocrx_word' id='word_1_872' title='bbox 1998 4906 2177 4969; x_wconf 89' lang='lat' dir='ltr'><strong>homo,</strong></span> <span class='ocrx_word' id='word_1_873' title='bbox 2210 4899 2399 4954; x_wconf 80' lang='lat' dir='ltr'><strong>affectu</strong></span> <span class='ocrx_word' id='word_1_874' title='bbox 2429 4889 2838 4951; x_wconf 88' lang='lat' dir='ltr'><strong>commendabat</strong></span> <span class='ocrx_word' id='word_1_875' title='bbox 2863 4887 3114 4940; x_wconf 91' lang='lat' dir='ltr'><strong>humano.</strong></span> <span class='ocrx_word' id='word_1_876' title='bbox 3144 4881 3294 4935; x_wconf 84' lang='lat' dir='ltr'><strong>Tunc</strong></span> <span class='ocrx_word' id='word_1_877' title='bbox 3318 4875 3457 4931; x_wconf 89' lang='lat' dir='ltr'><strong>enim</strong></span> <span class='ocrx_word' id='word_1_878' title='bbox 3488 4873 3575 4941; x_wconf 90' lang='lat' dir='ltr'><strong>qui</strong></span> 
     </span>
    </p>
   </div>
   <div class='ocr_carea' id='block_1_112' title="bbox 2001 4974 3578 5049">
    <p class='ocr_par' dir='ltr' id='par_1_112' title="bbox 2001 4974 3578 5049">
     <span class='ocr_line' id='line_1_112' title="bbox 2001 4974 3578 5049; baseline -0.02 0"><span class='ocrx_word' id='word_1_879' title='bbox 2001 4995 2214 5049; x_wconf 82' lang='lat' dir='ltr'><strong>Mariam</strong></span> <span class='ocrx_word' id='word_1_880' title='bbox 2257 4994 2565 5048; x_wconf 88' lang='lat' dir='ltr'><strong>creaverat,</strong></span> <span class='ocrx_word' id='word_1_881' title='bbox 2609 4977 2973 5036; x_wconf 88' lang='lat' dir='ltr'><strong>iunotescebat</strong></span> <span class='ocrx_word' id='word_1_882' title='bbox 3014 4974 3250 5026; x_wconf 87' lang='lat' dir='ltr'><strong>virtute:</strong></span> <span class='ocrx_word' id='word_1_883' title='bbox 3279 4981 3416 5020; x_wconf 91' lang='lat' dir='ltr'><strong>nunc</strong></span> <span class='ocrx_word' id='word_1_884' title='bbox 3452 4980 3578 5017; x_wconf 90' lang='lat' dir='ltr'><strong>vero</strong></span> 
     </span>
    </p>
   </div>
   <div class='ocr_carea' id='block_1_113' title="bbox 2001 5059 3344 5157">
    <p class='ocr_par' dir='ltr' id='par_1_113' title="bbox 2001 5059 3344 5157">
     <span class='ocr_line' id='line_1_113' title="bbox 2001 5059 3344 5157; baseline -0.024 -17"><span class='ocrx_word' id='word_1_885' title='bbox 2001 5084 2139 5157; x_wconf 90' lang='lat' dir='ltr'><strong>quod</strong></span> <span class='ocrx_word' id='word_1_886' title='bbox 2169 5081 2328 5138; x_wconf 81' lang='lat' dir='ltr'><strong>Maria</strong></span> <span class='ocrx_word' id='word_1_887' title='bbox 2355 5081 2652 5148; x_wconf 76' lang='lat' dir='ltr'><strong>pepererat,</strong></span> <span class='ocrx_word' id='word_1_888' title='bbox 2684 5069 2947 5142; x_wconf 86' lang='lat' dir='ltr'><strong>pendebat</strong></span> <span class='ocrx_word' id='word_1_889' title='bbox 2977 5065 3025 5117; x_wconf 90' lang='lat' dir='ltr'><strong>in</strong></span> <span class='ocrx_word' id='word_1_890' title='bbox 3053 5077 3208 5117; x_wconf 90' lang='lat' dir='ltr'><strong>cruce</strong></span> <span class='ocrx_word' id='word_1_891' title='bbox 3244 5059 3344 5130; x_wconf 84' lang='grc' dir='ltr'><strong>(α).</strong></span> 
     </span>
    </p>
   </div>
   <div class='ocr_carea' id='block_1_114' title="bbox 2070 5146 3586 5242">
    <p class='ocr_par' dir='ltr' id='par_1_114' title="bbox 2070 5146 3586 5242">
     <span class='ocr_line' id='line_1_114' title="bbox 2070 5146 3586 5242; baseline -0.024 -8"><span class='ocrx_word' id='word_1_892' title='bbox 2070 5181 2124 5234; x_wconf 75' lang='grc'><strong>2.</strong></span> <span class='ocrx_word' id='word_1_893' title='bbox 2167 5146 2380 5232; x_wconf 80' lang='lat' dir='ltr'><strong>Moralis</strong></span> <span class='ocrx_word' id='word_1_894' title='bbox 2408 5146 2565 5242; x_wconf 75' lang='lat' dir='ltr'><strong>igitur</strong></span> <span class='ocrx_word' id='word_1_895' title='bbox 2591 5166 2883 5221; x_wconf 88' lang='lat' dir='ltr'><strong>insinuatur</strong></span> <span class='ocrx_word' id='word_1_896' title='bbox 2925 5159 3092 5212; x_wconf 91' lang='lat' dir='ltr'><strong>locus.</strong></span> <span class='ocrx_word' id='word_1_897' title='bbox 3135 5152 3282 5208; x_wconf 85' lang='lat' dir='ltr'><strong>Facit</strong></span> <span class='ocrx_word' id='word_1_898' title='bbox 3323 5148 3460 5219; x_wconf 92' lang='lat' dir='ltr'><strong>quod</strong></span> <span class='ocrx_word' id='word_1_899' title='bbox 3511 5146 3586 5198; x_wconf 86' lang='lat' dir='ltr'><strong>fa-</strong></span> 
     </span>
    </p>
   </div>
   <div class='ocr_carea' id='block_1_115' title="bbox 2004 5239 3587 5328">
    <p class='ocr_par' dir='ltr' id='par_1_115' title="bbox 2004 5239 3587 5328">
     <span class='ocr_line' id='line_1_115' title="bbox 2004 5239 3587 5328; baseline -0.022 -1"><span class='ocrx_word' id='word_1_900' title='bbox 2004 5269 2248 5328; x_wconf 88' lang='lat' dir='ltr'><strong>ciendum</strong></span> <span class='ocrx_word' id='word_1_901' title='bbox 2301 5264 2583 5324; x_wconf 90' lang='lat' dir='ltr'><strong>admouet,</strong></span> <span class='ocrx_word' id='word_1_902' title='bbox 2631 5268 2683 5310; x_wconf 88' lang='lat' dir='ltr'><strong>et</strong></span> <span class='ocrx_word' id='word_1_903' title='bbox 2730 5250 2974 5318; x_wconf 81' lang='lat' dir='ltr'><strong>exemplo</strong></span> <span class='ocrx_word' id='word_1_904' title='bbox 3022 5260 3118 5300; x_wconf 92' lang='lat' dir='ltr'><strong>suo</strong></span> <span class='ocrx_word' id='word_1_905' title='bbox 3165 5257 3290 5297; x_wconf 90' lang='lat' dir='ltr'><strong>suos</strong></span> <span class='ocrx_word' id='word_1_906' title='bbox 3339 5239 3587 5294; x_wconf 79' lang='lat' dir='ltr'><strong>instruxit</strong></span> 
     </span>
    </p>
   </div>
   <div class='ocr_carea' id='block_1_116' title="bbox 2011 5333 3589 5435">
    <p class='ocr_par' dir='ltr' id='par_1_116' title="bbox 2011 5333 3589 5435">
     <span class='ocr_line' id='line_1_116' title="bbox 2011 5333 3589 5435; baseline -0.024 -17"><span class='ocrx_word' id='word_1_907' title='bbox 2011 5367 2307 5435; x_wconf 74' lang='lat' dir='ltr'><strong>praeceptor</strong></span> <span class='ocrx_word' id='word_1_908' title='bbox 2331 5355 2505 5410; x_wconf 88' lang='lat' dir='ltr'><strong>bonus</strong></span> <span class='ocrx_word' id='word_1_909' title='bbox 2523 5391 2538 5416; x_wconf 94' lang='lat'><strong>,</strong></span> <span class='ocrx_word' id='word_1_910' title='bbox 2567 5356 2624 5402; x_wconf 88' lang='lat' dir='ltr'><strong>ttt</strong></span> <span class='ocrx_word' id='word_1_911' title='bbox 2648 5361 2676 5399; x_wconf 89' lang='lat' dir='ltr'><strong>a</strong></span> <span class='ocrx_word' id='word_1_912' title='bbox 2707 5344 2826 5398; x_wconf 87' lang='lat' dir='ltr'><strong>ﬁliis</strong></span> <span class='ocrx_word' id='word_1_913' title='bbox 2853 5340 2953 5410; x_wconf 89' lang='lat' dir='ltr'><strong>piis</strong></span> <span class='ocrx_word' id='word_1_914' title='bbox 2984 5333 3316 5405; x_wconf 88' lang='lat' dir='ltr'><strong>impendatur</strong></span> <span class='ocrx_word' id='word_1_915' title='bbox 3337 5345 3462 5385; x_wconf 92' lang='lat' dir='ltr'><strong>cura</strong></span> <span class='ocrx_word' id='word_1_916' title='bbox 3497 5346 3589 5398; x_wconf 88' lang='lat' dir='ltr'><strong>pa-</strong></span> 
     </span>
    </p>
   </div>
   <div class='ocr_carea' id='block_1_117' title="bbox 2013 5422 3580 5513">
    <p class='ocr_par' dir='ltr' id='par_1_117' title="bbox 2013 5422 3580 5513">
     <span class='ocr_line' id='line_1_117' title="bbox 2013 5422 3580 5513; baseline -0.024 -4"><span class='ocrx_word' id='word_1_917' title='bbox 2013 5422 2248 5509; x_wconf 74' lang='lat' dir='ltr'><strong>rentibus</strong></span> <span class='ocrx_word' id='word_1_918' title='bbox 2272 5464 2284 5497; x_wconf 88' lang='lat'><strong>:</strong></span> <span class='ocrx_word' id='word_1_919' title='bbox 2310 5453 2555 5513; x_wconf 90' lang='lat' dir='ltr'><strong>tanquam</strong></span> <span class='ocrx_word' id='word_1_920' title='bbox 2595 5437 2792 5506; x_wconf 88' lang='lat' dir='ltr'><strong>lignum</strong></span> <span class='ocrx_word' id='word_1_921' title='bbox 2841 5427 2965 5485; x_wconf 86' lang='lat' dir='ltr'><strong>illud</strong></span> <span class='ocrx_word' id='word_1_922' title='bbox 2991 5425 3077 5479; x_wconf 90' lang='lat' dir='ltr'><strong>ubi</strong></span> <span class='ocrx_word' id='word_1_923' title='bbox 3109 5431 3261 5478; x_wconf 90' lang='lat' dir='ltr'><strong>erant</strong></span> <span class='ocrx_word' id='word_1_924' title='bbox 3290 5422 3388 5475; x_wconf 70' lang='lat' dir='ltr'><strong>ﬁxa</strong></span> <span class='ocrx_word' id='word_1_925' title='bbox 3417 5435 3580 5474; x_wconf 85' lang='lat' dir='ltr'><strong>mem-</strong></span> 
     </span>
    </p>
   </div>
   <div class='ocr_carea' id='block_1_118' title="bbox 2013 5511 3554 5598">
    <p class='ocr_par' dir='ltr' id='par_1_118' title="bbox 2013 5511 3554 5598">
     <span class='ocr_line' id='line_1_118' title="bbox 2013 5511 3554 5598; baseline -0.024 0"><span class='ocrx_word' id='word_1_926' title='bbox 2013 5546 2104 5598; x_wconf 85' lang='lat' dir='ltr'><strong>bra</strong></span> <span class='ocrx_word' id='word_1_927' title='bbox 2137 5535 2414 5595; x_wconf 90' lang='lat' dir='ltr'><strong>morientis</strong></span> <span class='ocrx_word' id='word_1_928' title='bbox 2434 5575 2449 5596; x_wconf 92' lang='lat'><strong>,</strong></span> <span class='ocrx_word' id='word_1_929' title='bbox 2475 5530 2634 5586; x_wconf 88' lang='lat' dir='ltr'><strong>etiam</strong></span> <span class='ocrx_word' id='word_1_930' title='bbox 2665 5520 2911 5579; x_wconf 85' lang='lat' dir='ltr'><strong>cathedra</strong></span> <span class='ocrx_word' id='word_1_931' title='bbox 2941 5515 3098 5570; x_wconf 76' lang='lat' dir='ltr'><strong>fuerit</strong></span> <span class='ocrx_word' id='word_1_932' title='bbox 3124 5512 3360 5583; x_wconf 85' lang='lat' dir='ltr'><strong>magistri</strong></span> <span class='ocrx_word' id='word_1_933' title='bbox 3385 5511 3554 5564; x_wconf 89' lang='lat' dir='ltr'><strong>docen</strong></span> 
     </span>
    </p>
   </div>
   <div class='ocr_carea' id='block_1_119' title="bbox 2017 5601 3589 5690">
    <p class='ocr_par' dir='ltr' id='par_1_119' title="bbox 2017 5601 3589 5690">
     <span class='ocr_line' id='line_1_119' title="bbox 2017 5601 3589 5690; baseline -0.022 0"><span class='ocrx_word' id='word_1_934' title='bbox 2017 5637 2100 5690; x_wconf 87' lang='lat' dir='ltr'><strong>tis.</strong></span> <span class='ocrx_word' id='word_1_935' title='bbox 2144 5632 2222 5686; x_wconf 76' lang='lat' dir='ltr'><strong>Ex</strong></span> <span class='ocrx_word' id='word_1_936' title='bbox 2261 5627 2360 5681; x_wconf 89' lang='lat' dir='ltr'><strong>hac</strong></span> <span class='ocrx_word' id='word_1_937' title='bbox 2398 5636 2522 5676; x_wconf 85' lang='lat' dir='ltr'><strong>sana</strong></span> <span class='ocrx_word' id='word_1_938' title='bbox 2561 5616 2796 5671; x_wconf 88' lang='lat' dir='ltr'><strong>doctrina</strong></span> <span class='ocrx_word' id='word_1_939' title='bbox 2823 5610 3077 5666; x_wconf 87' lang='lat' dir='ltr'><strong>didicerat</strong></span> <span class='ocrx_word' id='word_1_940' title='bbox 3104 5607 3296 5662; x_wconf 82' lang='lat' dir='ltr'><strong>Paulus</strong></span> <span class='ocrx_word' id='word_1_941' title='bbox 3322 5601 3589 5659; x_wconf 71' lang='lat' dir='ltr'><strong>apostolus</strong></span> 
     </span>
    </p>
   </div>
   <div class='ocr_carea' id='block_1_120' title="bbox 2087 5727 2704 5810">
    <p class='ocr_par' dir='ltr' id='par_1_120' title="bbox 2087 5727 2704 5810">
     <span class='ocr_line' id='line_1_120' title="bbox 2087 5727 2704 5810; baseline -0.026 -16"><span class='ocrx_word' id='word_1_942' title='bbox 2087 5745 2161 5810; x_wconf 86' lang='lat' dir='ltr'><strong>(a)</strong></span> <span class='ocrx_word' id='word_1_943' title='bbox 2182 5740 2281 5791; x_wconf 80' lang='lat' dir='ltr'><strong>\‘id.</strong></span> <span class='ocrx_word' id='word_1_944' title='bbox 2306 5749 2468 5802; x_wconf 56' lang='lat' dir='ltr'><strong>snpra,</strong></span> <span class='ocrx_word' id='word_1_945' title='bbox 2489 5736 2639 5780; x_wconf 82' lang='lat' dir='ltr'><strong>&#39;I‘ract.</strong></span> <span class='ocrx_word' id='word_1_946' title='bbox 2659 5727 2704 5778; x_wconf 91' lang='lat'><strong>8.</strong></span> 
     </span>
    </p>
   </div>
  </div>
