4076 6466
541 284 668 340 1951

532 397 672 467 quod
699 398 956 467 docebat,
976 399 1185 468 quando
1219 399 1425 456 dicebat
1442 421 1452 454 :
1471 401 1531 456 Si
1556 403 1665 467 quis
1696 412 1862 456 autem
1891 403 1993 457 suis
2015 445 2028 468 ,
2053 413 2102 458 et

532 489 749 542 maxime
769 487 1048 544 domesticis
1067 508 1163 544 non
1179 491 1417 562 providet,
1434 491 1584 560 ﬁdem
1601 494 1812 562 negarit,
1837 502 1882 546 et
1903 504 1972 546 est
1989 493 2104 560 inli-

533 579 633 632 deli
650 581 862 634 deterior
875 581 916 653 (l
937 581 1066 634 Tim.
1089 598 1140 646 v,
1160 582 1234 650 8).
1255 581 1387 650 Quid
1405 590 1580 636 autem
1597 591 1702 636 tam
1716 585 1904 653 cuique
1920 584 2102 639 dome-

531 671 720 724 sticum
757 687 912 742 quam
939 685 1186 741 parentes
1213 673 1355 736 filiis,
1375 675 1914 742 autparentibuslilii?
1940 675 2104 745 Hujus

530 763 708 832 itaque
724 765 1052 819 saluberrimi
1067 765 1308 834 prarcepti
1327 765 1437 835 ipse
1454 767 1702 837 magister
1717 776 2018 821 sanctorum
2034 767 2100 822 de

529 855 706 922 scipso
733 855 1083 910 constituebat
1109 857 1428 924 exemplum,
1451 858 1657 925 quando
1685 873 1788 911 non
1817 869 1868 911 ut
1895 858 2102 913 famula:

531 941 674 997 Deus
703 959 859 1012 quam
888 955 1159 999 creaverat
1188 954 1241 1000 et
1269 947 1510 1016 regebat,
1536 946 1627 1001 sed
1656 957 1712 1000 ut
1751 949 1903 1001 matri
1942 948 2101 1002 homo

528 1033 593 1088 de
622 1049 722 1104 qua
752 1044 962 1089 creatus
991 1035 1161 1090 fuerat
1198 1048 1250 1089 et
1291 1051 1446 1105 quam
1485 1039 1844 1106 relinquebat,
1876 1039 2099 1093 alterum

531 1139 624 1190 pro
653 1137 710 1177 se
737 1124 1126 1192 quodanunodo
1159 1125 1322 1180 lilium
1364 1127 1690 1196 providebat.
1719 1127 1847 1181 Nam
1877 1144 1971 1182 cur
2001 1128 2102 1184 hec

527 1211 727 1279 fecerit,
752 1214 891 1282 quod
922 1217 1158 1285 sequitur
1206 1217 1402 1271 indicat
1431 1236 1442 1270 :
1473 1220 1544 1271 ait
1569 1219 1709 1272 enim
1737 1221 2095 1289 Evangelista,

526 1301 592 1353 Et
619 1319 681 1355 et:
708 1303 796 1356 illa
826 1305 949 1358 liora
976 1309 1166 1376 accepit
1189 1325 1295 1362 eam
1320 1308 1592 1378 discipulus
1618 1311 1668 1363 in
1697 1328 1804 1376 sua,
1831 1312 1894 1366 de
1922 1315 2099 1382 seipso

523 1391 724 1446 dicens.
757 1394 842 1448 Sic
869 1397 1063 1466 quippe
1095 1415 1510 1454 commemorare
1533 1415 1590 1455 se
1615 1403 1768 1467 solet,
1793 1403 1932 1472 quod
1975 1421 2096 1459 eum

521 1480 770 1551 diligebat
795 1485 1098 1556 Jesus:qui
1145 1491 1323 1558 utique
1363 1506 1584 1556 omnes,
1635 1492 1732 1546 sed
1771 1492 1938 1560 ipsum
1987 1509 2097 1563 prae

519 1574 729 1628 czctcris
782 1583 835 1628 et
876 1576 1179 1631 familiarius
1220 1579 1498 1648 diligebat,
1542 1581 1612 1634 ita
1661 1591 1717 1635 ut
1759 1582 1808 1635 in
1854 1585 2096 1640 convivio

519 1677 680 1730 super
721 1674 904 1732 pectus
944 1683 1094 1722 suum
1135 1671 1466 1726 discumbere
1509 1671 1704 1728 faceret
1751 1674 1928 1743 (Joan.
1971 1693 2090 1742 vni,

517 1749 608 1820 ⁴23)
637 1768 650 1814 ;
679 1755 837 1808 credo
866 1765 919 1808 ut
946 1755 1096 1811 istius
1131 1759 1435 1828 Evangelii,
1467 1762 1607 1830 quod
1647 1777 1739 1829 per
1767 1779 1886 1816 eum
1927 1763 2094 1819 fuerat

521 1841 898 1908 prtedieatnrus
920 1886 935 1912 ,
968 1846 1195 1902 divinam
1228 1851 1592 1906 excellentiam
1625 1851 1724 1908 hoc
1754 1853 1910 1908 modo
1936 1855 2093 1911 altius

515 1936 930 1991 commendaret.
1957 1983 1960 1986 ι
2063 2005 2065 2008 .

584 2024 636 2078 5.
678 2025 778 2080 Sed
807 2027 858 2080 in
885 2043 1000 2096 qua:
1030 2045 1124 2082 sua
1155 2029 1387 2086 Joannes
1433 2043 1657 2090 matrem
1689 2035 1894 2090 Domini
1930 2053 2088 2092 accc-

518 2113 632 2181 pit?
655 2114 836 2184 Neque
858 2119 998 2172 enim
1027 2136 1128 2173 non
1149 2137 1214 2175 ex
1239 2123 1316 2176 eis
1341 2133 1453 2177 erat
1479 2125 1568 2194 qui
1591 2126 1836 2180 dixerunt
1863 2129 1933 2193 ei,
1959 2127 2089 2181 Ecce

511 2221 602 2259 nos
627 2206 904 2262 dimisimus
933 2213 1121 2276 omnia,
1159 2223 1205 2266 et
1230 2216 1384 2268 secuti
1409 2233 1579 2270 smnus
1623 2227 1684 2270 te.
1712 2217 1813 2272 Sed
1855 2218 1922 2272 ibi
1959 2234 2090 2290 quo—

510 2311 610 2363 que
635 2298 888 2362 audierat,
911 2301 1236 2372 Quicumque
1281 2305 1376 2358 ista
1419 2305 1675 2361 dimiserit
1724 2319 1936 2379 propter
1981 2324 2084 2372 me,

509 2387 730 2455 accipiet
759 2390 807 2442 in
839 2390 936 2445 hoc
956 2393 1146 2446 smculo
1176 2396 1375 2450 centies
1397 2405 1594 2450 tantum
1625 2397 1832 2467 (Matth.
1861 2415 1967 2462 xix,
1992 2399 2082 2465 27,

507 2475 618 2544 29).
651 2477 886 2533 Habebat
931 2496 1056 2550 ergo
1093 2483 1178 2536 ille
1219 2484 1504 2553 discipulus
1533 2489 1896 2557 centupliciter
1936 2490 2084 2558 plura

506 2581 664 2634 quam
691 2569 1000 2636 dimiserat,
1029 2574 1079 2626 in
1112 2589 1227 2642 quae
1257 2578 1548 2646 susciperet
1589 2579 1703 2660 ejus
1743 2590 1961 2636 matrem
1993 2582 2082 2651 qui

505 2657 589 2710 illa
637 2657 946 2716 donaverat.
995 2663 1098 2718 Sed
1144 2666 1192 2718 in
1237 2681 1297 2720 ea
1343 2670 1596 2724 societate
1637 2657 1821 2724 beatus
1849 2671 2081 2728 Joannes

502 2758 778 2816 receperat
801 2753 1126 2820 centuplum,
1154 2755 1236 2808 ubi
1266 2771 1420 2811 nemo
1449 2758 1658 2814 diccbat
1685 2761 1880 2830 aliquid
1901 2775 2074 2827 suum,

499 2835 593 2890 sed
639 2847 790 2893 erant
832 2841 937 2894 illis
983 2846 1158 2898 omnia
1202 2849 1532 2914 communia;
1560 2851 1692 2906 sicut
1721 2853 1771 2905 in
1799 2852 2080 2921 Apostolo-

499 2939 617 2978 rum
641 2928 854 2983 Actibus
883 2933 1135 3001 scriptum
1167 2945 1264 2989 est.
1297 2937 1386 2992 Sic
1429 2940 1568 2992 enim
1615 2943 1848 3009 Apostoli
1893 2954 2072 3010 erant,

498 3016 644 3082 quasi
677 3017 806 3070 nihil
833 3019 1108 3088 habentes,
1137 3035 1188 3077 et
1214 3028 1387 3079 omnia
1419 3029 1744 3095 possidentes
1768 3033 1830 3102 (ΙΙ
1859 3032 1974 3088 Cor.
1999 3051 2066 3102 v1,

497 3103 607 3174 10).
641 3105 916 3173 Quomodo
943 3126 1068 3180 ergo
1096 3121 1317 3168 matrem
1365 3117 1599 3186 magistri
1645 3131 1701 3174 et
1743 3123 1947 3178 Domini
1989 3129 2070 3180 sui

493 3193 780 3264 discipulus
801 3210 852 3253 ct
877 3199 1100 3256 famulus
1127 3209 1330 3274 accepit
1359 3209 1408 3262 in
1441 3225 1552 3272 sua,
1583 3213 1666 3267 ubi
1694 3215 1892 3284 aliquid
1917 3235 2068 3274 suum

492 3300 648 3341 neum
677 3287 922 3344 dicebat?
953 3293 1028 3346 An
1073 3295 1192 3362 quia
1239 3298 1394 3366 paulo
1443 3311 1562 3368 post
1607 3303 1659 3356 in
1702 3306 1888 3360 eodem
1935 3309 2067 3365 libro

487 3375 696 3444 legitur,
727 3379 976 3452 Quotquot
1000 3386 1129 3438 enim
1161 3405 1467 3456 possessores
1513 3396 1815 3461 prwdiorunt
1853 3399 1932 3453 rel
1975 3403 2066 3456 do-

487 3486 680 3524 morum
709 3485 867 3540 erant,
891 3478 1150 3532 uendentes
1177 3480 1448 3546 a/ferebaut
1477 3489 1634 3554 pretia
1653 3506 1852 3558 eorum,
1894 3505 1938 3548 et
1967 3513 2061 3566 po-

483 3561 664 3614 nebant
683 3563 751 3614 ad
775 3565 923 3633 pedes
947 3568 1297 3635 Apostolorum
1318 3589 1336 3627 :
1361 3575 1742 3633 distribuebatur
1764 3594 1929 3637 autem
1952 3588 2063 3641 uui-

483 3652 663 3719 cuique
691 3665 838 3723 prout
868 3674 993 3726 opus
1023 3671 1127 3712 erat
1155 3663 1286 3730 (Act.
1319 3680 1386 3728 tv,
1417 3666 1630 3740 32-35),
1663 3671 2057 3745 intelligendum

475 3752 558 3808 est
595 3743 670 3798 sic
699 3743 1032 3802 distributum
1075 3751 1236 3808 fuisse
1284 3755 1404 3810 huic
1443 3757 1700 3829 discipulo
1742 3767 1882 3834 quod
1926 3785 2058 3838 opus

480 3845 592 3888 erat
613 3877 625 3896 ,
661 3847 711 3888 ut
741 3838 844 3891 illic
871 3840 1025 3893 etiam
1057 3843 1220 3897 beata!
1249 3846 1420 3900 .‘llarite
1451 3858 1694 3920 nunquam
1737 3859 1918 3912 matris
1943 3861 2058 3930 ejus

481 3927 651 3993 pnt‘lin
707 3940 1014 3996 pmmretur;
1069 3937 1338 4004 magisque
1386 3940 1462 3994 sic
1513 3941 1766 3999 debemus
1816 3950 2056 4020 accipere

475 4019 616 4084 quod
653 4018 848 4074 dictum
878 4033 990 4088 est,
1023 4025 1102 4078 Ea:
1126 4027 1214 4080 illa
1245 4029 1368 4082 liora
1402 4035 1614 4104 suscepit
1642 4053 1749 4089 eam
1780 4039 2054 4110 discipulus

477 4107 526 4158 iu
557 4124 668 4170 sua,
698 4119 754 4162 nt
776 4111 838 4164 ad
861 4112 972 4180 ejus
995 4129 1172 4169 curam
1196 4119 1445 4189 quidquid
1468 4124 1514 4176 ei
1535 4135 1676 4180 esset
1697 4133 2051 4187 necessarium

477 4198 802 4264 p'lrtinerct?
843 4200 1086 4272 Suscepit
1129 4222 1253 4276 ergo
1296 4226 1410 4263 eam
1463 4213 1513 4266 in
1555 4229 1669 4281 sua,
1697 4234 1799 4272 non
1829 4221 2048 4291 pra-dia,

473 4301 591 4352 qua)
612 4287 748 4341 nulla
769 4292 976 4360 prepria
1010 4297 1344 4364 possidebat;
1370 4303 1459 4355 sed
1484 4305 1675 4374 oflicia,
1701 4287 2048 4383 qumpropria

469 4377 859 4446 dispensatione
887 4389 1219 4456 exsequenda
1245 4395 1480 4449 curabat.

538 4470 590 4522 4.
641 4469 838 4527 Deinde
885 4477 1151 4548 subjungit
1195 4500 1207 4534 :
1262 4502 1279 4534 ι
1329 4485 1512 4542 Postea
1544 4491 1716 4548 sciens
1743 4495 1896 4552 Jesus
1925 4503 2044 4568 quia

465 4560 640 4612 omnia
664 4577 1024 4620 consunnnala
1048 4581 1187 4634 sunt,
1214 4583 2042 4662 utconsummari-turScriptura,

557 4649 594 4702 it
643 4667 654 4702 :
708 4651 860 4706 Sitio.
901 4655 1004 4710 Vas
1041 4675 1166 4729 ergo
1207 4665 1432 4732 positum
1480 4683 1590 4724 erat
1619 4688 1769 4730 aceto
1797 4679 2041 4752 plenum;

467 4739 538 4792 illi
571 4761 578 4789 :
603 4753 741 4796 utem
775 4748 1046 4818 spongiam
1075 4752 1277 4818 plenam
1307 4767 1457 4812 aceto
1487 4761 1717 4834 hysaopo
1747 4769 2042 4846 circumpo:

462 4839 666 4896 nentes,
697 4835 997 4892 obtulerunt
1021 4841 1096 4895 ori
1119 4843 1252 4912 ejus.
1281 4843 1408 4901 Cum
1437 4867 1560 4922 ergo
1582 4860 1866 4928 accepisset
1888 4863 2040 4921 Jesus

461 4931 666 4975 acetum
692 4967 706 4990 ,
753 4925 882 4982 dixit
929 4947 941 4983 :
987 4931 1419 4992 Consummatum
1449 4953 1546 4996 est.
1581 4945 1640 4998 lit
1672 4925 1919 5006 inclinato
1947 4972 2036 5009 ca-

461 5012 594 5080 pite,
646 5017 859 5072 tradidit
902 5022 1161 5090 spiritum.
1199 5045 1216 5076 ι
1272 5027 1398 5094 Quis
1441 5043 1750 5106 potestqna‘.
1781 5043 1937 5110 facit,
1967 5047 2036 5102 ita

457 5101 769 5172 disponere,
810 5114 1073 5178 quomodo
1113 5117 1372 5185 disposuit
1401 5120 1559 5176 homo
1585 5127 1682 5182 iste
1707 5145 1825 5200 qua:
1850 5149 2036 5204 passus

455 5195 579 5246 est?
621 5195 721 5250 Sed
770 5197 926 5252 homo
956 5205 1213 5261 mediator
1243 5209 1333 5263 Dei
1363 5219 1408 5266 ct
1445 5213 1713 5273 hominum
1740 5237 1754 5285 ;
1787 5222 1945 5278 homo
1970 5229 2036 5285 de

455 5297 561 5352 quo
586 5289 892 5354 pra-dictum
926 5291 1131 5361 legitur,
1163 5298 1227 5351 Et
1257 5300 1414 5354 homo
1439 5313 1519 5358 est
1539 5348 1551 5368 ,
1575 5312 1765 5378 etquis
1784 5328 2035 5384 agnoscet

455 5377 620 5428 Cllltt?
663 5382 910 5445 quoniam
959 5383 1195 5444 homines
1233 5407 1326 5460 per
1367 5411 1498 5463 quos
1531 5397 1642 5454 haec
1671 5403 1897 5474 liebaut,
1928 5425 2032 5466 non

453 5471 808 5532 agnoscebant
845 5473 1105 5532 hominem
1141 5480 1320 5536 Dctun.
1353 5485 1523 5542 llotno
1553 5507 1778 5563 namque
1806 5513 2030 5568 appare-

455 5554 544 5608 bat
567 5559 650 5624 qui
684 5560 818 5614 Deus
841 5563 1068 5634 latebat;
1096 5572 1389 5637 patiebatur
1414 5577 1525 5634 ha'c
1557 5586 1731 5638 omnia
1757 5589 1842 5656 qui
1863 5605 2028 5659 appa-

455 5647 622 5712 rebat,
654 5659 706 5704 et
733 5651 866 5707 idem
902 5656 1010 5725 ipse
1032 5660 1344 5729 disponebat
1375 5667 1484 5724 haec
1503 5673 1675 5727 omnia
1697 5678 1786 5730 aui
1811 5678 2021 5738 latebat.

1469 291 1532 345 1N
1570 289 1846 345 JOANNIS
1885 287 2350 358 EVANGELIUM,
2390 293 2446 350 S.
2487 297 2850 358 AUGUSTINI

3648 325 3788 384 1952

2215 401 2354 456 Vidit
2383 423 2510 476 ergo
2533 409 2654 480 quia
2681 429 3043 475 consummata
3072 433 3194 480 sunt
3219 430 3395 486 omnia
3425 448 3540 504 qua:
3565 453 3786 508 oporte-

2211 492 2300 546 bat
2338 506 2393 549 nt
2436 499 2618 558 fierent
2655 516 2931 579 antequam
2961 518 3221 585 acciperet
3245 535 3450 580 acetum
3477 538 3530 584 et
3553 533 3788 590 traderet

2211 587 2450 650 spiritum
2481 608 2494 654 ;
2534 603 2690 664 atque
2731 609 2787 653 ut
2825 601 2923 658 hoc
2965 607 3120 662 etiam
3157 627 3614 676 consvunmaretur
3641 627 3784 694 quod

2211 671 2376 694 ουκ,
2651 687 2681 694 .-

3471 671 3601 676 --__-
3644 671 3784 694 τη..

2209 671 2476 746 Scriptura
2522 687 2866 758 praedixerat,
2911 695 2978 750 Et
3017 699 3071 752 in
3111 703 3194 754 siti
3236 723 3345 760 mea
3383 720 3677 778 potaveruut
3705 737 3788 772 me

2207 777 2346 822 aceto
2390 770 2556 842 (Psal.
2599 794 2798 850 vant,
2843 785 2968 860 22),
3013 789 3164 870 Sitio,
3193 795 3360 867 inquit
3383 770 3401 854 ἐ
3433 811 3678 875 tanquam
3705 811 3784 864 di-

2206 870 2382 928 ceret,
2435 864 2546 920 lloc
2589 869 2764 926 minus
2813 865 3046 948 fecistis,
3097 884 3218 941 date
3265 864 3404 956 quod
3429 864 3772 955 estis..lud-.ei

2205 954 2397 1024 quippe
2445 957 2544 1026 ipsi
2588 973 2738 1018 erant
2777 979 2982 1024 acetum
3005 1014 3018 1037 ,
3059 974 3439 1046 dcgenerantes
3465 1001 3494 1041 a
3523 989 3647 1044 vino
3676 993 3782 1047 Pa-

2206 1045 2554 1106 triareharum
2593 1063 2646 1108 et
2685 1057 3101 1132 Prophetarum;
3136 1045 3195 1124 et
3241 1081 3489 1144 tanquam
3520 1081 3587 1136 de
3617 1085 3774 1152 pleno

2205 1150 2360 1204 vase,
2407 1140 2473 1196 de
2498 1143 2770 1214 iniquitate
2796 1156 2974 1210 mundi
3005 1157 3164 1228 hujus
3189 1140 3423 1236 impleti,
3453 1187 3546 1228 cor
3575 1140 3780 1233 haben-

2207 1235 2284 1280 tcs
2325 1230 2467 1284 velut
2503 1239 2809 1308 spongiam,
2845 1252 3147 1306 cavernosis
3185 1257 3575 1324 quodammodo
3620 1277 3780 1338 atque

2207 1325 2455 1378 tortuosis
2478 1325 2707 1386 latibulis
2727 1331 3138 1397 fraudulentum.
3169 1347 3467 1420 llyssopum
3489 1366 3661 1412 autem
3687 1325 3776 1418 cui

2200 1410 2691 1484 circumposuerunt
2735 1429 3006 1498 spongiam
3051 1445 3202 1492 aceto
3245 1442 3486 1510 plenam,
3525 1453 3776 1518 quosnam

2203 1498 2350 1518 ..μέν
2468 1515 2477 1518 -
2531 1507 2543 1518 .

2203 1498 2363 1556 herba
2403 1515 2482 1560 est
2529 1507 2778 1579 humilis,
2824 1527 2876 1572 et
2920 1533 3106 1590 pectus
3145 1498 3776 1604 purgat,

2199 1590 2546 1653 humilitatem
2569 1617 2924 1674 congruenter
2947 1590 3276 1686 accipimus":
3297 1590 3454 1694 quain
3481 1631 3778 1690 circumde-

2197 1681 2423 1750 derunt,
2474 1698 2528 1743 et
2570 1707 2628 1748 se
2671 1697 3080 1761 circumvenisse
3123 1721 3454 1778 putaverunt.
3505 1722 3654 1780 Unde
3693 1740 3776 1784 est

2197 1771 2322 1828 illud
2370 1777 2421 1832 in
2467 1784 2704 1852 psalmo,
2753 1790 2996 1864 Asperges
3042 1815 3121 1854 me
3159 1804 3392 1874 Ityssopo,
3419 1821 3465 1864 et
3495 1819 3776 1874 mandabat

2197 1861 2365 1932 (Psal.
2411 1884 2442 1922 ι
2461 1910 2474 1934 ,
2494 1872 2528 1926 9
2553 1873 2594 1940 ).
2621 1861 3068 1956 Cbristinamque
3093 1861 3386 1954 humilitate
3415 1905 3770 1974 mundamur;

2195 1959 2314 2022 quia
2361 1959 2461 2013 nisi
2509 1961 2832 2026 lmmiliasset
2877 1981 3253 2051 semetipsum,
3301 1987 3469 2047 factus
3513 1996 3773 2056 obcdiens

2195 2061 2359 2117 usque
2393 2053 2460 2106 ad
2499 2067 2720 2115 mortem
2743 2068 2923 2122 crucis
2953 2067 3204 2146 (Philipp.
3237 2095 3306 2146 ιι,
3335 2083 3424 2152 8),
3455 2101 3558 2140 non
3589 2053 3770 2161 utique

3119 2141 3126 2144 _
3151 2141 3162 2146 _
3291 2141 3302 2146 ,
3369 2141 3383 2152 ,
3413 2141 3422 2147 ,
3596 2141 3768 2161 πτη-

2193 2141 2403 2208 sanguis
2431 2144 2546 2214 ejus
2571 2149 2622 2204 in
2651 2163 2986 2219 peccatorum
3017 2167 3380 2227 remissionem
3401 2216 3416 2241 ,
3447 2175 3545 2234 hoc
3569 2189 3684 2250 est,
3715 2184 3768 2238 in

2193 2237 2422 2284 nostram
2452 2237 2849 2300 mnndationem'
2875 2247 3060 2308 fuisset
3085 2257 3304 2316 effusus.

2261 2318 2312 2372 5.
2358 2320 2468 2376 Nec
2507 2340 2718 2385 moveat
2751 2339 3015 2403 quomodo
3043 2350 3258 2418 spongia
3287 2355 3364 2407 ori
3391 2357 3506 2425 ejus
3535 2367 3766 2428 potuerit

3074 2406 3086 2414 _
3177 2406 3206 2418 ν
3357 2406 3362 2407 ,
3399 2406 3504 2425 vr-

2189 2406 2458 2466 admoveri
2483 2455 2498 2478 ,
2525 2418 2612 2485 qui
2642 2419 2692 2473 in
2722 2437 2879 2480 cruce
2909 2429 3074 2487 fuerat
3095 2439 3354 2496 exaltatus
3374 2459 3402 2498 a
3435 2451 3769 2512 terrm-Sicut

2187 2501 2328 2554 enim
2365 2507 2502 2574 apud
2549 2511 2681 2568 alios
2719 2523 3069 2590 evangelistas
3093 2529 3312 2600 legitur,
3341 2540 3484 2606 quod
3513 2543 3598 2596 hic.
3625 2561 3763 2614 pra:-

2189 2593 2428 2661 tcrmisit,
2439 2595 2489 2650 in
2503 2603 2759 2660 arundine
2769 2618 2849 2662 est
2861 2610 3138 2687 factumlbl
3141 2593 3266 2676 att/1.
3281 2593 3757 2698 xxi'tt,48,etMrarc.

2185 2698 2269 2749 xv,
2299 2686 2424 2752 56),.
2445 2701 2501 2744 ut
2525 2692 2576 2746 in
2599 2700 2816 2768 Spongia
2839 2704 2956 2760 talis
2976 2686 3128 2776 potus
3151 2713 3216 2768 ad
3237 2721 3408 2775 crucis
3423 2686 3664 2780 sublimia
3685 2729 3764 2784 le-

2183 2785 2408 2833 varetur.
2445 2782 2544 2838 Per
2556 2790 2867 2848 arundinem
2890 2813 3016 2854 vero
3037 2801 3302 2873 Scriptura
3323 2811 3718 2881 significabatur
3737 2863 3754 2887 ,

2180 2880 2294 2934 qurc
2315 2868 2625 2938 implebatur
2641 2877 2742 2935 hoc
2767 2882 2926 2942 facto.
2945 2888 3088 2946 Sicut
3106 2868 3246 2950 enim
3267 2868 3437 2969 lingiia
3463 2904 3654 2962 dicitur
3673 2911 3758 2968 vel

2175 2971 2345 3026 grteca
2371 2963 2451 3018 vel
2475 2965 2630 3022 latina
2651 3011 2665 3034 ,
2695 2973 2774 3028 vel
2805 2976 2904 3031 alia
2933 2983 3180 3050 qumlibet
3201 3001 3392 3046 sonum
3415 2996 3750 3071 significans,

2175 3052 2262 3119 qui
2305 3054 2477 3126 lingua
2523 3063 2818 3132 promitur;
2865 3071 2941 3126 sic
2975 3078 3178 3133 arundo
3205 3080 3308 3136 dici
3337 3097 3508 3153 poteSt
3527 3091 3747 3162 littera,

2175 3157 2292 3208 qua:
2329 3149 2590 3206 arundine
2615 3157 2880 3214 scribitur.
2909 3163 3014 3218 Sed
3043 3183 3204 3225 sonos
3229 3174 3584 3243 significantes
3606 3187 3752 3241 vocis

2175 3231 2415 3291 humana?
2468 3243 2806 3304 usitatissime
2844 3251 3070 3312 dicimus
3105 3259 3308 3331 linguas
3359 3285 3371 3322 :

2172 3340 2296 3379 vero
2317 3332 2627 3390 arundinem
2655 3339 2755 3395 dici
2777 3385 2792 3410 ,
2820 3360 2925 3412 quo
2951 3351 3124 3406 minus
3148 3363 3230 3410 est
3249 3359 3518 3428 usitatum,
3543 3381 3608 3418 eo
3631 3384 3749 3422 uta-

2167 3417 2248 3485 gis
2284 3429 2366 3475 est
2403 3426 2622 3494 mystice
2659 3431 2958 3502 ﬁguratum.
3001 3441 3246 3502 Faciebat
3277 3451 3372 3504 ista
3398 3417 3749 3524 ρορῇιιεεῖᾇῆ-

2171 3511 2285 3577 pius
2305 3554 2318 3575 ,
2361 3518 2656 3584 patiebatur
2699 3525 2796 3581 ista
2831 3532 3132 3590 misericors
3163 3541 3420 3600 Christus.
3449 3547 3546 3613 Qui
3579 3551 3744 3607 facie-

2167 3599 2283 3668 bat,
2331 3607 2452 3674 qnid
2500 3611 2696 3668 faceret
2737 3621 3002 3678 nesciebat
3038 3643 3050 3678 :
3091 3629 3178 3698 qui
3207 3633 3501 3698 patiebatur
3519 3649 3698 3695 autem
3723 3684 3740 3708 ,

2165 3706 2270 3748 non
2315 3697 2484 3753 solum
2531 3705 2654 3772 quid
2703 3707 2856 3766 ﬁeret
2901 3723 2954 3768 et
2991 3732 3088 3772 cur
3117 3721 3266 3778 fieret
3295 3727 3526 3796 sciebat,
3555 3748 3742 3790 verum

2164 3787 2320 3840 etiam
2351 3789 2417 3845 de
2445 3795 2581 3850 male
2611 3797 2924 3859 facientibus
2951 3807 3088 3864 bene
3111 3812 3222 3881 ipse
3245 3813 3488 3874 faciebat.

2231 3879 2284 3932 6.
2313 3880 2440 3936 Cum
2469 3903 2585 3956 ergo
2613 3896 2874 3961 accepisset
2898 3897 3050 3956 Jesus
3073 3915 3286 3975 acetum,
3307 3910 3436 3965 dixit
3453 3931 3472 3966 .'
3493 3914 3739 3972 Consum-

2161 3980 2348 4024 malum
2375 3985 2465 4027 est.
2495 3977 2660 4045 Quid,
2693 3984 2790 4038 nisi
2813 3989 2949 4056 quod
2977 3994 3250 4062 prophetia
3274 4007 3420 4055 tanto
3445 4015 3567 4060 ante
3595 4021 3736 4075 pra:-

2157 4061 2402 4116 dixerat?
2430 4066 2626 4123 Deinde
2645 4073 2764 4142 quia
2787 4077 2914 4132 nihil
2941 4097 3262 4142 remanserat
3283 4091 3424 4158 quod
3447 4103 3732 4168 antequam

2159 4162 2450 4208 moreretur
2476 4157 2590 4212 ﬁeri
2619 4162 2794 4220 adhuc
2821 4181 3108 4242 oporteret,
3143 4157 3388 4248 tanquam
3419 4185 3507 4238 ille
3527 4165 3614 4255 qui
3637 4203 3736 4258 po-

2157 4248 2396 4298 testatem
2447 4247 2669 4306 habebat
2713 4259 2938 4322 ponendi
2979 4265 3206 4321 animam
3245 4285 3424 4335 suam,
3459 4285 3512 4328 et
3541 4277 3734 4332 iterum

2155 4335 2394 4387 sumendi
2416 4352 2532 4392 eam
2558 4341 2734 4412 (Joau.
2770 4361 2798 4398 κ
2821 4389 2834 4413 ,
2859 4351 2944 4420 18)
2966 4393 2980 4416 ,
3015 4359 3236 4422 peractis
3265 4364 3510 4418 omnibus
3539 4379 3736 4436 quand

2153 4436 2527 4492 peragerentur
2575 4439 2958 4506 exspectabat,
3010 4444 3262 4504 Inclinato
3309 4456 3472 4522 capite
3521 4459 3732 4514 tradidit

2141 4512 2399 4578 spiritum.
2428 4519 2558 4586 Quis
2585 4523 2652 4576 ita
2679 4526 2876 4583 dormit
2902 4535 3112 4600 quando
3141 4512 3392 4610 voluerit,
3418 4548 3554 4602 sicut
3573 4549 3730 4606 Jesus

2149 4615 2389 4662 mortuus
2429 4621 2508 4666 est
2557 4619 2768 4683 quando
2818 4623 3024 4679 voluit?
3066 4628 3193 4696 Quis
3241 4634 3308 4687 ita
3351 4649 3548 4694 vestem
3581 4645 3730 4710 ponit

2149 4698 2360 4760 quando
2381 4703 2640 4771 voluerit,
2673 4709 2809 4765 sicut
2833 4728 2890 4766 se
2917 4730 3078 4773 carne
3107 4725 3252 4777 exuit
3279 4730 3491 4794 quando
3522 4735 3684 4789 voluit
3707 4739 3730 4790 ’ἒ

2147 4787 2274 4853 Quis
2299 4789 2366 4842 ita
2389 4807 2506 4846 cum
2537 4797 2758 4854 voluerit
2785 4803 2921 4870 abit,
2945 4812 3211 4875 quomodo
3229 4831 3346 4868 cum
3369 4821 3532 4876 voluit
3550 4825 3728 4880 obiit?

2145 4881 2348 4946 Quanta
2388 4887 2644 4952 speranda
2684 4892 2762 4946 vel
2791 4895 3018 4952 timenda
3051 4911 3279 4970 potestas
3305 4917 3384 4962 est
3407 4909 3723 4980 judicantis,

2145 4971 2186 5023 si
2215 4977 2456 5042 apparuit
2483 4986 2624 5034 tanta
2655 4985 2970 5042 morientis?

2635 5095 3040 5159 TRACTATUS
3085 5106 3246 5163 CXX.

2141 5201 2216 5254 Ab
2251 5221 2308 5257 eo
2337 5207 2471 5276 quod
2499 5211 2747 5278 sequitur,
2777 5214 2941 5271 Judari
2971 5235 3094 5290 ergo
3113 5264 3128 5288 ,
3159 5227 3404 5293 quoniam
3441 5248 3723 5300 parasceve

2209 5307 2344 5362 erat,
2364 5311 2486 5365 etc.;
2515 5317 2669 5370 usque
2691 5306 2760 5358 ad
2785 5307 2865 5372 id,
2889 5309 3129 5366 Nondum
3153 5317 3291 5372 enim
3313 5321 3553 5376 Sciebant
3576 5325 3721 5380 Scri-

2211 5397 2448 5456 pturam.
2499 5395 2616 5462 quia
2667 5409 2875 5464 oportet
2918 5416 3037 5454 eum
3081 5419 3108 5456 a
3155 5410 3378 5464 mortuis
3421 5428 3718 5485 resurgere.

2207 5477 2334 5544 Cap.
2365 5496 2452 5534 XIX
2476 5523 2490 5549 ,
2533 5483 2604 5552 ᾗ.
2633 5485 2826 5554 lii-42,
2857 5500 2903 5542 et
2934 5508 3044 5562 cap.
3077 5511 3141 5547 xx
3165 5537 3178 5558 ,
3224 5497 3292 5566 ᾗ.
3325 5501 3431 5556 1-9.

2211 5595 2258 5648 Ι.
2307 5595 2652 5665 Posteaquam
2705 5600 2954 5656 Dominus
2989 5604 3147 5658 desus
3172 5649 3186 5672 ,
3217 5624 3311 5675 per
3345 5611 3444 5665 etis
3474 5616 3718 5671 onmibus

2135 5703 2251 5756 qum
2287 5695 2407 5742 ante
2447 5704 2594 5742 suam
2639 5703 2858 5744 mortem
2888 5696 3060 5764 peragi
3093 5709 3336 5766 oportere
3368 5705 3676 5770 pra‘seichat
3697 5747 3717 5776 ,
