4076 6474
262 366 283 419 1
295 362 398 418 953

258 474 472 548 quando
517 472 682 527 voluit
721 441 933 526 tradidit
971 469 1211 538 spiritum
1234 511 1246 533 ,
1289 485 1405 539 qum
1439 468 1629 522 deinde
1659 473 1839 521 secuta

256 575 380 622 sunt
405 608 418 629 ,
463 563 794 634 Evangelista
825 571 1070 616 narrante
1097 562 1384 616 videmnus.
1423 580 1440 612 1
1477 561 1642 616 Judaei
1673 574 1800 629 ergo
1823 600 1837 622 ,
1870 601 1877 606 .

257 656 460 725 inquit,
503 655 749 724 quoniam
792 667 1075 723 parascevc
1112 660 1256 718 erat,
1287 661 1342 706 ut
1371 666 1475 706 non
1506 661 1841 706 remanerent

257 750 307 802 in
350 762 513 801 cruce
542 760 761 814 corpora
790 744 1008 798 sabbato
1039 744 1174 813 (erat
1199 745 1338 797 cnim
1367 757 1587 811 magnus
1613 742 1724 796 dies
1754 742 1840 794 illc

253 839 525 909 sabbati),
572 845 890 906 rogaverunt
919 835 1142 889 Pilatum
1173 845 1228 888 ut
1256 833 1624 903 frangerentur
1653 847 1837 886 eorum

253 947 410 987 crura
431 973 447 997 ,
480 939 533 984 et
563 930 893 983 tollerentur.
933 947 950 979 1
977 926 1090 980 Non
1119 941 1270 980 crura
1296 926 1634 983 tollerentur,
1664 924 1755 977 sed
1787 924 1837 976 hi

253 1024 448 1092 quibus
478 1021 596 1076 ideo
624 1019 999 1090 frangebantur
1027 1030 1080 1072 ut
1105 1027 1437 1072 morerentur
1457 1060 1470 1082 ,
1494 1027 1546 1072 et
1569 1017 1838 1070 auferren-

253 1124 340 1166 tur
369 1129 435 1168 ex
464 1113 606 1182 ligno
631 1129 643 1175 ;
677 1128 742 1164 ne
774 1110 1062 1180 pendentes
1085 1111 1134 1164 in
1157 1109 1399 1164 crucibus
1423 1124 1668 1179 magnum
1697 1107 1834 1161 diem

252 1205 447 1258 festum
476 1204 554 1256 sui
583 1203 754 1256 diurni
786 1202 801 1234 ¹
830 1203 1091 1256 cruciatus
1121 1202 1337 1255 horrore
1365 1199 1623 1255 foedarent

322 1294 375 1346 2.
414 1313 433 1345 1
471 1293 739 1348 Venerunt
764 1308 890 1362 ergo
912 1292 1104 1345 milites
1125 1334 1137 1355 ,
1171 1301 1219 1345 et
1247 1292 1401 1362 primi
1429 1291 1638 1360 quidem
1668 1290 1837 1358 frege-

253 1395 373 1438 runt
413 1400 565 1440 Crura
588 1427 602 1450 ,
635 1395 688 1438 et
718 1384 932 1437 alterius
961 1385 1047 1453 qui
1079 1383 1360 1438 crucifixus
1387 1393 1466 1438 est
1494 1398 1610 1436 cum
1642 1399 1724 1436 eo.
1758 1383 1833 1436 Ad

251 1477 430 1530 Jcsnm
482 1488 656 1531 autem
700 1491 818 1529 cum
867 1475 1166 1537 venissent,
1214 1485 1268 1529 ut
1308 1475 1547 1528 viderunt
1583 1490 1701 1527 011111
1725 1475 1832 1542 jam

253 1577 518 1620 mortuum
545 1609 558 1630 ,
609 1582 710 1619 non
745 1565 1012 1634 fregerunt
1038 1566 1151 1634 ejus
1181 1581 1333 1618 crura
1362 1583 1374 1618 :
1407 1565 1498 1619 scd
1533 1580 1664 1617 unus
1693 1565 1832 1618 mili-

251 1671 363 1713 tum
395 1661 575 1715 lancea
597 1660 732 1713 latus
759 1661 871 1728 ejus
901 1660 1106 1729 aperuit
1131 1702 1145 1726 ,
1174 1669 1225 1712 et
1249 1658 1500 1713 continuo
1526 1659 1686 1713 exivit
1713 1675 1836 1711 san-

249 1754 367 1821 guis
397 1761 449 1806 et
475 1753 919 1823 aquaJVigilanti
951 1753 1111 1806 verbo
1139 1751 1464 1822 Evargclista
1498 1767 1622 1805 usus
1643 1759 1748 1814 est,
1779 1760 1834 1804 nt

249 1861 356 1897 non
385 1844 620 1908 diceret,
653 1845 810 1898 Latus
831 1846 944 1914 ejus
969 1844 1226 1913 percussit
1249 1887 1262 1908 ,
1295 1852 1383 1896 aut
1408 1843 1721 1906 vulneravit,
1743 1850 1834 1895 aut

249 1934 376 2003 quid
419 1935 560 1990 aliud
587 1952 600 1999 ;
644 1935 736 1989 sed
759 1977 771 1997 ,
804 1936 998 2005 aperuit
1031 1950 1049 1987 :
1079 1943 1132 1986 ut
1162 1934 1265 1986 illic
1292 1933 1682 2001 quodammodo
1713 1933 1831 1985 vita:

248 2025 443 2077 ostium
474 2025 824 2094 panderetur,
851 2025 989 2078 unde
1011 2024 1350 2078 Sacramenta
1382 2023 1630 2078 Ecclesia:
1652 2039 1833 2076 mana-

251 2123 476 2181 vernnt,
523 2117 636 2168 sine
662 2115 848 2185 quibus
875 2114 940 2168 ad
972 2115 1128 2167 vitam
1160 2130 1276 2183 qua:
1308 2129 1428 2167 vera
1459 2115 1559 2166 vita
1587 2123 1694 2178 est,
1725 2129 1828 2166 non

248 2203 494 2258 intratur.
527 2205 616 2259 Ille
646 2206 856 2274 sanguis
886 2206 934 2258 in
970 2205 1332 2258 remissionem
1364 2204 1508 2258 fusus
1537 2213 1616 2258 est
1646 2218 1831 2272 pecca-

249 2306 421 2350 torum
457 2313 470 2348 :
503 2313 636 2366 aqua
668 2297 750 2350 illa
782 2298 1010 2350 salutare
1039 2307 1292 2364 temperat
1324 2295 1606 2365 poculum;
1641 2294 1751 2348 lure
1778 2303 1830 2348 et

247 2387 514 2441 lavacrum
555 2399 765 2458 pra'stat
785 2431 799 2454 ,
828 2398 881 2444 et
911 2400 1109 2458 potum.
1145 2389 1254 2444 lloc
1280 2389 1663 2460 praenuntiahat
1687 2387 1827 2458 quod

245 2479 360 2534 Noe
393 2481 442 2532 iu
475 2481 640 2535 latere
660 2497 798 2536 arcu:
823 2483 1014 2534 ostium
1051 2481 1415 2550 laerrcjussus
1443 2489 1523 2534 est
1552 2479 1702 2549 (lien.
1736 2496 1782 2532 vi
1808 2519 1822 2540 ,

248 2571 375 2636 16),
419 2587 520 2640 qua
567 2571 824 2626 intrarent
858 2572 1104 2625 animalia
1144 2587 1260 2640 qua:
1301 2587 1405 2625 non
1445 2583 1594 2625 erant
1629 2573 1828 2625 diluvio

247 2661 480 2729 peritura
502 2703 516 2722 .
540 2661 730 2730 quibus
755 2662 1188 2731 prwligurabatur
1209 2663 1462 2716 Ecclesia.
1487 2661 1708 2731 Propter
1729 2664 1829 2718 hoc

246 2751 416 2819 prima
463 2753 656 2806 mulier
691 2753 820 2806 facta
857 2761 942 2807 est
968 2752 1034 2807 de
1064 2753 1226 2808 latere
1253 2753 1350 2807 viri
1377 2752 1687 2807 dormientis
1715 2753 1824 2824 (Id.

246 2856 310 2905 ιι,
352 2842 446 2910 22)
467 2883 482 2906 ,
526 2853 576 2896 01
615 2843 873 2911 appellata
904 2853 985 2896 est
1014 2843 1116 2896 vita
1149 2853 1419 2913 materque
1446 2844 1682 2898 vivorum
1715 2844 1822 2915 (Id.

243 2946 341 2998 tn,
384 2932 498 3000 ΞΟ).
543 2932 785 3002 Magnum
829 2935 1023 3004 quippe
1067 2935 1378 3004 significavit
1423 2935 1616 2988 bonum
1651 2977 1664 3000 ,
1707 2945 1828 2988 ante

244 3041 494 3095 magnum
528 3028 969 3095 prievarieationis
992 3028 1184 3080 malum
1209 3029 1245 3078 ί.
1270 3027 1364 3081 1110
1381 3027 1643 3082 secundus
1660 3028 1827 3082 Adam

245 3117 502 3170 inclinato
539 3117 708 3187 capite
751 3117 800 3170 in
841 3133 996 3171 cruce
1022 3118 1305 3183 dormivit,
1340 3127 1394 3172 nt
1423 3119 1543 3174 inde
1571 3119 1827 3174 formare-

245 3216 334 3262 tnr
378 3209 425 3262 ei
475 3209 665 3279 conjnx
689 3252 701 3273 ,
746 3210 884 3280 qvod
911 3211 976 3264 de
1007 3212 1172 3266 latere
1202 3213 1512 3267 dormientis
1539 3212 1756 3267 efﬂuxit.
1785 3214 1828 3268 Ο

243 3316 391 3354 mors
433 3302 571 3355 unde
620 3303 811 3356 mortui
858 3303 1214 3358 reviviscunt!
1265 3304 1398 3372 Quid
1445 3307 1545 3360 isto
1576 3305 1830 3376 sanguine

243 3391 537 3446 mundius?
562 3394 682 3462 quid
709 3395 925 3449 vulnere
953 3396 1052 3450 isto
1070 3396 1372 3452 salubrius?

316 3485 368 3539 5.
421 3483 490 3537 Et
529 3489 612 3555 qui
660 3488 808 3552 vidit,
854 3490 1060 3568 inquit,
1105 3497 1441 3552 testimonium
1479 3500 1759 3569 perhibuit,
1789 3505 1834 3552 et

252 3603 426 3640 rerum
450 3599 522 3643 est
551 3588 885 3642 testimonium
916 3591 1024 3660 ejus
1052 3607 1070 3644 :
1098 3600 1143 3644 et
1168 3590 1254 3645 ille
1272 3592 1363 3645 scit
1383 3593 1500 3664 quia
1529 3609 1642 3645 vera
1669 3593 1791 3646 dicit
1815 3635 1828 3658 ,

245 3688 303 3730 ut
341 3686 392 3732 et
432 3695 517 3732 vos
544 3680 774 3732 credatis.
808 3679 920 3734 Non
948 3680 1109 3747 dixit,
1139 3691 1195 3735 ut
1222 3692 1273 3736 et
1302 3697 1395 3735 vos
1418 3682 1630 3747 sciatis;
1663 3683 1754 3736 sed
1781 3694 1833 3736 ut

245 3767 463 3821 credatis
498 3783 517 3821 :
543 3767 643 3821 scit
680 3769 820 3821 enim
849 3770 935 3838 qui
964 3770 1116 3833 vidit,
1147 3769 1296 3838 cujus
1325 3771 1505 3825 credat
1533 3771 1833 3825 testimonio

245 3857 336 3926 qui
377 3873 480 3910 non
511 3859 657 3910 vidit.
688 3858 850 3928 Magis
875 3869 1048 3912 autem
1080 3859 1146 3915 ad
1179 3861 1330 3914 fidem
1362 3861 1580 3916 credere
1608 3864 1836 3932 pertinet

246 3962 407 4015 quam
435 3948 632 4001 videre.
663 3948 790 4002 Nam
819 3949 941 4018 quid
969 3960 1049 4003 cst
1075 3951 1210 4003 aliud
1233 3952 1469 4015 credere,
1495 3969 1649 4022 quam
1677 3953 1829 4006 lident

247 4039 654 4092 accommodate
677 4040 699 4089 ’ἰ
742 4037 902 4093 Facta
928 4051 1041 4094 sunt
1071 4043 1198 4094 enim
1227 4043 1352 4106 hac,
1385 4044 1570 4111 inquit,
1604 4053 1654 4096 ut
1686 4044 1828 4096 Scri-

249 4140 400 4196 ptura
438 4130 744 4199 impleretur.
774 4129 842 4185 Os
871 4149 967 4186 nou
998 4136 1340 4188 comminuetis
1369 4152 1432 4188 ex
1452 4152 1526 4188 eo.
1558 4134 1622 4188 Et
1651 4137 1829 4190 iterum

247 4221 355 4272 alia
403 4220 670 4289 Scriptura
712 4222 869 4287 dicit,
925 4223 1172 4280 Videbunt
1216 4227 1266 4278 in
1309 4243 1454 4292 quem
1493 4228 1826 4295 cortﬁxerunt.

249 4312 372 4366 Dno
417 4313 714 4370 testimonia
756 4316 822 4370 de
862 4315 1147 4386 Scripturis
1171 4319 1400 4372 reddidit
1424 4319 1646 4388 singulis
1675 4320 1833 4374 rebus

249 4419 386 4470 quas
431 4405 598 4459 factas
643 4406 806 4461 fuisse
856 4411 1105 4463 narravit.
1150 4410 1281 4464 Nam
1325 4412 1445 4481 quia
1484 4411 1724 4477 dixerat,
1757 4412 1836 4464 Ad

248 4493 427 4548 Jesum
452 4506 617 4549 autem
647 4515 761 4551 cum
788 4500 1027 4553 venissent
1051 4542 1064 4564 ,
1095 4510 1146 4552 ut
1174 4501 1402 4554 viderunt
1432 4519 1542 4554 eum
1557 4503 1670 4570 jam
1702 4519 1836 4556 mor-

253 4597 392 4638 tuum
417 4628 431 4651 ,
463 4605 561 4640 non
593 4589 848 4658 fregerunt
877 4592 983 4658 ejus
1012 4607 1161 4643 crura
1180 4632 1194 4656 ,
1222 4590 1287 4645 ad
1318 4591 1416 4645 hoc
1440 4592 1664 4660 pertinet
1689 4593 1833 4645 testi-

251 4678 491 4730 monium
512 4721 526 4742 ,
563 4677 633 4732 0s
662 4697 758 4732 non
783 4682 1124 4735 comminuetis
1153 4699 1216 4735 ea:
1234 4699 1290 4735 eo
1314 4699 1332 4735 :
1351 4683 1489 4752 quod
1516 4694 1834 4752 pr.eceptum

249 4781 332 4823 est
372 4773 451 4825 cis
493 4774 578 4842 qni
614 4775 884 4831 celebrare
922 4776 1273 4846 Paschajnssi
1301 4788 1421 4832 sunt
1446 4780 1556 4831 ovis
1590 4780 1832 4834 immola-

250 4863 396 4915 tione
432 4865 482 4916 in
517 4866 678 4918 veteri
709 4866 876 4935 Lege,
906 4883 1021 4937 qua:
1049 4868 1333 4922 Dominica:
1365 4870 1623 4938 paSsionis
1647 4871 1831 4925 umbra

246 4971 616 5030 prmccsserat.
647 4961 794 5017 Unde
825 4961 1025 5018 Pascha
1047 4975 1270 5018 nostrum
1290 4967 1575 5018 immolatus
1597 4967 1836 5020 0810111⁸1-

245 5062 356 5105 stus
388 5053 426 5123 (l
459 5052 576 5106 Cor.
602 5070 665 5118 v,
698 5055 749 5126 7)
782 5055 881 5109 :de
904 5073 1009 5125 quo
1030 5067 1082 5110 et
1106 5056 1264 5111 Isaias
1285 5059 1540 5128 propheta
1573 5061 1828 5128 1111011110-

247 5154 351 5209 rat,
385 5145 528 5200 Sicut
556 5147 661 5200 ovis
685 5147 753 5201 ad
781 5149 1140 5202 immolandum
1162 5150 1338 5203 ductus
1357 5161 1427 5204 est
1451 5150 1503 5220 (1
1509 5152 1602 5204 sai.
1627 5169 1732 5214 Ltll,
1756 5152 1831 5222 7).

247 5237 380 5292 1.οω
421 5239 541 5307 quia
580 5239 924 5307 subjunxerat
950 5241 1164 5306 dicens,
1194 5242 1300 5298 Sed
1329 5260 1460 5297 unus
1485 5245 1697 5298 militum
1721 5245 1834 5299 lan-

242 5347 334 5384 cea
380 5332 512 5387 latus
547 5335 660 5405 ejus
697 5334 934 5403 aperuit;
969 5335 1035 5390 ad
1064 5335 1162 5392 hoc
1185 5337 1414 5406 pertinet
1435 5338 1658 5393 alterum
1687 5336 1832 5392 testi-

311 5559 328 5588 ⁸
352 5565 493 5616 μοι,
539 5557 772 5610 diuturni.
814 5557 902 5608 Alli
939 5558 1162 5620 codices,
1203 5558 1385 5609 dum

313 5620 333 5648 ¹
361 5626 412 5667 tn
437 5623 594 5671 tribus
618 5630 819 5692 κδξμτι
837 5635 883 5692 a;_
899 5624 959 5671 ud
979 5619 1702 5692 “eunuchum.haecverba,
1726 5630 1834 5692 ante

243 5692 478 5793 1371111111
501 5681 904 5793 Ἦῳυλιὶτηιὶοηὶς
929 5682 1122 5743 malum,
1151 5679 1357 5743 additur,
1381 5679 1430 5732 in
1453 5679 1614 5733 habitu
1625 5679 1834 5744 jacentis

345 5755 514 5793 aranei
550 5757 606 5793 ts.

1326 349 1732 408 TRACTATUS
1767 346 1930 404 CXX.
1985 348 2207 410 CAPUT
2249 355 2388 411 XlX.

3390 373 3517 429 19ῢέ

1954 465 2206 530 111011111111,
2237 467 2481 524 Videbunt
2503 472 2551 525 in
2579 489 2720 543 quem
2749 479 3063 546 con/iterant
3087 501 3104 536 :
3122 485 3205 538 ubi
3236 489 3523 556 promissus

1950 562 2026 607 est
2049 555 2308 621 Christus,
2329 561 2376 613 in
2397 578 2455 616 ea
2475 580 2574 632 qua
2593 567 2873 621 crucifixus
2897 583 2975 625 est
3004 589 3163 628 carne
3192 555 3464 634 venturus.

2018 647 2071 699 4.
2126 665 2144 698 1
2193 649 2315 703 Post
2356 651 2468 708 11100
2506 666 2679 710 autem
2723 664 2924 730 rogavit
2964 665 3188 720 Pilatum
3226 670 3420 742 Joseph
3455 677 3524 731 ab

1945 737 2236 792 Arimathia
2286 741 2372 813 (eo
2409 747 2546 814 quod
2589 761 2730 804 esset
2767 753 3052 824 discipulus
3091 759 3216 814 Jesu
3239 805 3251 826 ,
3288 737 3523 823 occultus

1946 839 2120 929 autem
2155 845 2370 901 propter
2399 849 2593 892 metum
2621 842 2948 918 Jnda'ortnn)
2968 892 2982 915 ,
3014 861 3071 904 ut
3097 853 3304 911 tolleret
3331 873 3522 929 eorpus

1945 920 2067 1020 ι10811
2095 940 2104 973 :
2131 932 2182 975 ct
2215 926 2450 991 permisit
2483 929 2696 985 Pilatus.
2731 935 2882 991 Venit
2911 954 3070 1010 ergo,
3104 954 3156 998 ct
3187 947 3303 1001 tulit
3329 920 3520 1020 eorpns
3549 973 3557 1002 ‘.
3610 977 3620 984 -

1943 1010 2086 1064 Jesu.
2123 1013 2276 1069 Venit
2315 1013 2487 1072 autem
2517 1020 2829 1079 Nicodamus
2853 1070 2866 1092 ,
2896 1032 2981 1098 qui
3011 1046 3225 1090 venerat
3251 1040 3312 1091 ad
3339 1010 3516 1096 ,10811111

1945 1114 2098 1157 110010
2156 1107 2382 1174 primum
2409 1150 2421 1173 ,
2472 1109 2644 1166 fcrens
2687 1117 2962 1173 mixturam
3009 1126 3236 1194 myrrha:
3280 1139 3332 1182 ct
3372 1133 3519 1186 aloes

1943 1196 2088 1261 quasi
2116 1195 2276 1251 libras
2306 1211 2536 1254 centum.
2570 1223 2587 1254 1
2623 1205 2733 1259 Non
2765 1208 2834 1261 ita
2859 1211 3279 1284 distinguendum
3326 1233 3401 1274 cst
3423 1266 3435 1288 ,
3464 1235 3518 1278 ut

1942 1283 2204 1348 dicamus,
2250 1289 2465 1354 prinmm
2514 1297 2677 1360 ferens
2722 1298 2989 1353 mixturam
3027 1283 3290 1374 myrrluv;
3334 1312 3425 1365 sed
3463 1324 3518 1368 111

1940 1375 2077 1441 quod
2110 1375 2302 1430 dictum
2331 1383 2682 1450 est,primum,
2717 1388 2779 1440 ad
2806 1392 3129 1458 snperiorezn
3159 1412 3370 1454 sensum
3394 1417 3516 1471 per-

1943 1465 2123 1516 tineat.
2162 1467 2385 1522 Venerat
2417 1475 2556 1526 enim
2583 1475 2900 1533 Nicodemns
2926 1484 2988 1536 ad
3021 1485 3197 1540 Jeszun
3229 1507 3384 1546 nocte
3411 1496 3513 1563 pri-

1940 1570 2080 1606 mum
2107 1597 2121 1620 ,
2149 1558 2286 1625 quod
2313 1560 2446 1614 idem
2472 1562 2701 1620 Joannes
2724 1573 2953 1624 narravit
2983 1574 3029 1626 in
3056 1578 3315 1642 prioribus
3346 1558 3513 1636 Evan-

1937 1648 2055 1715 gelii
2094 1650 2173 1702 sui
2220 1654 2453 1718 partilms
2502 1655 2672 1725 (Joan.
2716 1676 2801 1726 111,
2848 1664 2868 1716 1
2898 1706 2912 1729 ,
2941 1665 3018 1733 ‘2).
3053 1668 3144 1721 Hie
3171 1688 3296 1741 ergo
3325 1675 3515 1730 intelli-

1936 1739 2164 1806 gendum
2198 1755 2275 1795 est
2305 1744 2369 1797 ad
2394 1745 2572 1800 Jesnm
2593 1791 2606 1813 ,
2634 1765 2735 1803 non
2761 1761 2883 1808 tunc
2905 1757 3074 1811 solum
3096 1801 3108 1824 ,
3135 1739 3377 1820 sed—tunc
3404 1769 3515 1835 pri-

1939 1844 2079 1882 unum
2109 1832 2314 1886 venisse
2339 1834 2682 1892 Nicodemum
2705 1857 2718 1904 ;
2745 1844 3030 1901 ventitasse
3050 1858 3223 1903 autem
3253 1832 3432 1921 postea
3457 1867 3514 1912 ut

1937 1921 2086 1976 fieret
2110 1924 2371 1980 audiendo
2398 1928 2683 1999 discipulus
2718 1952 2728 1985 :
2759 1937 2896 2002 quod
2928 1948 3072 1994 certe
3103 1943 3258 1998 modo
3285 1947 3335 1999 in
3365 1964 3515 2004 reve-

1937 2014 2133 2069 latione
2154 2020 2392 2086 corporis
2415 2019 2700 2076 beatissimi
2728 2025 2979 2095 Stephani
3005 2030 3112 2084 fere
3126 2036 3369 2091 omnibus
3381 2054 3510 2108 gen-

1937 2106 2074 2159 tibns
2116 2109 2410 2163 declaratur
2449 2113 2542 2183 (a).
2583 2117 2890 2186 Acceperunt
2926 2138 3040 2192 ergo
3069 2140 3250 2194 corpus
3273 2106 3432 2195 Jesu,
3465 2144 3512 2187 et

1934 2197 2208 2265 ligaverunt
2248 2199 2374 2253 illud
2411 2203 2575 2257 linteis
2614 2223 2726 2260 cum
2764 2213 3100 2278 aromatibus,
3144 2219 3272 2271 sicut
3304 2237 3409 2276 mos
3437 2236 3507 2278 est

1930 2287 2123 2344 Iudicis
2151 2291 2378 2360 scprlire.
2431 2294 2542 2347 Non
2576 2297 2704 2350 mihi
2734 2301 2938 2355 videtur
2962 2304 3290 2377 Evangelista
3319 2312 3508 2368 frustra

1931 2381 2106 2437 dicere
2152 2385 2408 2448 voluisse,
2459 2390 2584 2442 sicut
2630 2407 2736 2444 mos
2778 2403 2850 2446 cst
2893 2393 3090 2452 Judaei:
3137 2403 3345 2470 sepelire
3385 2421 3402 2458 :
3440 2407 3510 2462 ita

1931 2473 2159 2544 quippe,
2202 2477 2300 2530 nisi
2347 2478 2531 2541 fallor.
2572 2481 2846 2537 admonuit
2887 2486 2936 2538 in
2979 2486 3280 2557 hujusmodi
3321 2494 3510 2551 officiis

1931 2585 2048 2636 quae
2074 2569 2296 2623 mortuis
2324 2570 2668 2640 exhibentur,
2700 2590 2903 2630 morem
2929 2579 3180 2650 cujusque
3202 2587 3372 2653 gentis
3393 2605 3510 2642 esse

1931 2659 2266 2712 servandum.

2003 2752 2054 2806 5.
2107 2751 2228 2804 Erat
2264 2763 2428 2806 autem
2473 2755 2522 2806 in
2563 2756 2670 2809 loco
2701 2757 2782 2810 ubi
2811 2761 3080 2828 cruciﬁxus
3105 2773 3176 2815 est
3195 2807 3208 2827 ,
3233 2765 3434 2833 hortus,
3463 2779 3509 2822 et

1931 2843 1981 2895 iu
2009 2844 2152 2896 horto
2180 2855 2546 2898 monumcutmn
2574 2865 2751 2900 novum
2773 2893 2786 2913 ,
2816 2850 2865 2902 in
2889 2868 2985 2919 quo
3009 2856 3228 2908 nondum
3249 2859 3508 2928 quisquam

1932 2935 2123 3003 positus
2161 2945 2282 2988 erat.
2327 2936 2471 2990 Sicut
2503 2939 2551 2990 in
2581 2938 2752 2992 Marha
2786 2941 3002 3010 virginis
3032 2953 3181 2998 utero
3207 2962 3360 3001 nemo
3387 2963 3510 3005 ante

1934 3026 2077 3079 illum
2097 3071 2110 3092 ,
2145 3045 2298 3082 nemo
2330 3040 2442 3096 post
2470 3031 2612 3083 illum
2638 3043 2922 3101 conceptus
2943 3045 3056 3100 est;
3087 3038 3152 3090 ita
3183 3038 3230 3091 in
3261 3040 3360 3095 hoc
3390 3059 3508 3096 111οο

1934 3129 2183 3172 nnmento
2216 3133 2369 3171 nemo
2398 3128 2520 3172 ante
2548 3121 2728 3187 illum,
2761 3138 2917 3177 nemo
2948 3134 3064 3192 post
3094 3127 3240 3181 illum
3271 3131 3510 3199 sepultus

1932 3217 2034 3263 est.
2074 3227 2090 3258 1
2133 3209 2204 3263 1111
2247 3223 2372 3278 ergo
2417 3219 2630 3278 propter
2674 3227 2992 3280 paraseeven
3019 3215 3356 3282 Judmorum.
3389 3224 3508 3295 quia

1928 3301 2073 3372 juxta
2105 3309 2219 3355 erat
2240 3309 2667 3376 monumentum,
2705 3323 2992 3378 posuerunt
3011 3306 3210 3372 10811111.
3244 3340 3262 3372 1
3293 3323 3515 3378 Accele-

1941 3411 2107 3454 ratam
2134 3399 2244 3453 vult
2271 3396 2488 3469 intelligi
2521 3404 2882 3470 sepulturam,
2915 3422 2981 3460 ne
3011 3409 3472 3478 advesperasceret
3497 3433 3512 3480 ;

1936 3487 2145 3558 quando
2168 3505 2276 3557 jam
2306 3501 2520 3559 propter
2542 3506 2890 3560 parasccven,
2926 3511 3080 3564 quam
3103 3513 3306 3554 etenam
3332 3518 3514 3570 puram

1935 3577 2102 3633 Jndzei
2131 3580 2287 3633 latine
2311 3583 2550 3634 usitatius
2575 3583 2712 3651 apud
2741 3600 2835 3637 nos
2856 3599 3064 3653 vocant,
3091 3589 3266 3645 facere
3292 3595 3394 3650 tale
3415 3597 3486 3650 ali
3509 3629 3516 3637 -

1936 3670 2059 3739 quid
2090 3688 2192 3723 non
2225 3672 2433 3726 lichat.

2007 3764 2059 3819 6.
2097 3764 2211 3819 Una
2239 3775 2404 3819 autent
2432 3766 2620 3820 sabbati
2651 3767 2814 3822 Maria
2844 3770 3144 3844 Magdalene
3187 3779 3314 3830 venit
3341 3797 3505 3846 mane,

1937 3870 2050 3906 cum
2067 3855 2232 3906 adhuc
2256 3856 2467 3908 tenebrae
2487 3867 2664 3922 essent,
2690 3859 2756 3909 ad
2777 3873 3187 3927 monumentum;
3209 3875 3255 3919 et
3283 3868 3402 3920 vidit
3431 3871 3512 3922 la-

1939 3947 2102 4016 pidem
2125 3946 2377 3998 sublatum
2402 3964 2432 3998 a
2460 3959 2798 4003 monumento.
2828 3949 2937 4005 Una
2969 3954 3172 4008 sabbati
3207 3965 3288 4010 est
3307 3999 3321 4022 ,
3351 3975 3509 4028 quem

1935 4039 2042 4106 jam
2075 4038 2211 4093 diem
2243 4039 2563 4092 dominicum
2587 4050 2801 4108 propter
2831 4043 3035 4097 Domini
3069 4050 3510 4104 resurrectionem

1939 4145 2054 4184 mos
2099 4129 2430 4185 Christianus
2467 4132 2727 4201 appellat:
2754 4149 2910 4200 quem
2956 4137 3233 4192 Matthzeus
3279 4144 3423 4196 solus
3455 4145 3506 4198 in

1939 4220 2296 4290 Evangelistis
2317 4221 2541 4290 primum
2564 4224 2766 4277 sabbati
2786 4227 3074 4281 nominavit
3093 4228 3302 4299 (Matth.
3328 4249 3514 4298 xxvnt,

1941 4312 2014 4382 ·1).
2048 4309 2282 4366 Cucurrit
2311 4329 2448 4381 ergo,
2491 4322 2537 4364 et
2565 4314 2694 4365 venit
2737 4314 2804 4366 ad
2834 4313 3095 4369 Simonem
3128 4317 3352 4388 Petrum,
3382 4333 3427 4375 et
3453 4326 3519 4377 ad

1939 4403 2097 4457 alium
2123 4404 2422 4472 discipulum
2453 4420 2595 4473 quem
2623 4405 2822 4458 amabat
2846 4405 3028 4470 Jesus;
3057 4419 3101 4462 et
3137 4411 3256 4464 dicit
3278 4413 3347 4466 eis
3371 4430 3389 4466 :
3411 4415 3518 4467 Tu-

1940 4496 2104 4550 lerunt
2149 4495 2422 4548 Dominum
2461 4496 2524 4547 de
2547 4506 2885 4553 monumento.
2919 4506 2965 4551 et
3007 4502 3256 4556 nescimus
3312 4504 3518 4576 11111ρο-

1938 4597 2146 4640 suerunt
2181 4603 2312 4638 eum.
2344 4585 2593 4639 Nonnulli
2635 4586 2846 4640 codices
2883 4590 3041 4643 etiam
3085 4594 3243 4659 grmei
3297 4593 3514 4660 habent,

1940 4679 2184 4732 Tutcrunt
2214 4677 2487 4730 Dominum
2517 4693 2699 4737 meum,
2731 4679 2868 4745 quod
2917 4680 3080 4734 videri
3110 4683 3308 4736 dictum
3341 4694 3514 4754 potest

1941 4771 2286 4840 propensiore
2316 4768 2586 4822 charitatis
2610 4769 2692 4822 vel
2725 4768 3002 4823 famulatus
3030 4774 3218 4825 ali‘eetn
3244 4791 3255 4835 ;
3284 4776 3374 4827 sed
3406 4775 3507 4828 hac

1941 4865 1991 4918 in
2019 4863 2252 4933 pluribus
2273 4859 2544 4915 codicibus
2561 4875 2694 4928 quos
2720 4860 2770 4913 in
2801 4873 3049 4931 promptu
3077 4861 3374 4928 habuimus,
3408 4882 3511 4920 non

1941 4957 2171 5010 inventu
2200 4972 2226 4991 ι·
2248 4993 2261 5006 .

1960 5063 1969 5071 ·
2013 5049 2064 5100 7.
2097 5045 2235 5099 Eaiit
2265 5060 2382 5114 ergo
2413 5041 2595 5098 Petrus
2614 5052 2661 5096 et
2685 5043 2770 5097 ille
2807 5043 2939 5097 alius
2963 5045 3262 5111 discipulus,
3294 5056 3340 5098 et
3369 5063 3513 5100 vene-

1940 5148 2055 5192 runt
2085 5137 2152 5190 ad
2201 5143 2597 5189 monumentum.
2630 5133 2903 5188 Currebant
2946 5144 3113 5189 autem
3141 5136 3240 5188 duo
3269 5138 3440 5202 simul,
3468 5147 3516 5192 et

1940 5231 1996 5285 il!
2050 5230 2180 5282 alius
2227 5226 2504 5296 discipulus
2547 5225 2872 5295 prtccucurrit
2909 5225 3057 5278 citius
3087 5225 3259 5289 Petro,
3311 5239 3354 5280 et
3380 5229 3511 5284 venit

1943 5326 2132 5394 primus
2159 5320 2226 5374 ad
2260 5328 2657 5374 monumentum.
2683 5317 3016 5372 Advertenda
3043 5317 3127 5372 hic
3153 5327 3208 5372 et
3235 5333 3478 5374 common
3501 5349 3516 5361 -

1942 5415 2116 5472 danda
2156 5424 2240 5470 est
2267 5412 2653 5483 rccapitnlatio,
2699 5409 2965 5480 quomodo
2993 5410 3217 5465 reditum
3255 5421 3334 5465 est
3361 5412 3424 5464 ad
3459 5412 3509 5468 id

2003 5553 2075 5616 (a)
2106 5558 2214 5602 Eam
2243 5549 2620 5617 revelationem,
2657 5545 2945 5617 .quanignsius
2975 5544 3120 5617 etiam
3145 5544 3394 5617 .‘(ieodgmi
3412 5559 3520 5594 cor-

1941 5605 2031 5681 rus
2051 5605 2300 5664 detectum
2327 5614 2427 5682 fuit,
2468 5609 2525 5656 ad
2553 5605 2793 5682 'aani‘dld
2829 5605 3254 5682 fit-remnrefcrunt,
3285 5605 3399 5657 freti

1939 5668 2164 5730 auri-me
2205 5675 2388 5723 Lucium
2437 5669 2740 5732 lil‘t‘Sl)_\l0|‘l,
2782 5670 2828 5718 in
2870 5668 3033 5718 libello
3072 5671 3158 5719 hac
3195 5669 3259 5719 de
3297 5684 3351 5718 re

1939 5744 2134 5805 scripto.
