4076 6468
541 322 680 381 1955

541 439 682 514 quod
712 437 880 493 fuerat
913 430 1364 506 prmtermissum;
1393 435 1448 481 et
1491 433 1665 478 tamen
1711 419 1869 514 quasi
1910 416 2009 470 hoc
2038 427 2124 468 se-

546 513 798 604 queretur
826 528 1132 598 adjunctum
1160 533 1262 578 est.
1283 521 1412 576 Cum
1442 517 1583 572 enim
1627 515 1736 584 jam
1767 513 2008 575 dixisset,
2046 523 2124 561 ue-

543 633 722 678 nerunt
751 619 819 674 ad
845 627 1239 680 monumentum,
1259 621 1533 681 regressus
1551 613 1634 660 est
1657 613 1715 660 ut
1735 609 1976 658 narraret
1991 614 2127 669 quo-

545 714 704 770 modo
729 718 1016 772 venerunt;
1042 719 1198 776 atque
1225 705 1296 756 ait
1313 744 1328 764 ,
1351 697 1616 753 currebant
1637 705 1804 750 autem
1831 693 1932 746 duo
1953 689 2124 754 simul,

545 815 648 860 ctc.
673 803 774 859 Ubi
803 799 1036 856 ostendit
1081 795 1220 866 quod
1249 803 1582 862 prmcurrens
1624 787 1690 842 ad
1721 792 2126 841 monumentum

545 897 694 968 prior
731 894 934 948 venerit
956 891 1093 944 alius
1123 887 1210 940 ille
1259 881 1573 951 discipulus,
1606 893 1765 948 quem
1797 877 2030 945 seipsum
2057 873 2130 928 si-

545 967 782 1056 gniﬁcat,
811 982 904 1038 sed
937 991 1182 1048 tanquam
1211 975 1276 1030 de
1299 975 1403 1028 alio
1432 980 1618 1027 cuncta
1645 977 1826 1023 narrat
1852 967 1891 1016 ⁸.

619 1077 670 1130 8.
703 1094 722 1128 ι
755 1075 821 1128 Et
849 1087 968 1126 cum
995 1067 1400 1130 seinclinasset,
1440 1063 1628 1132 inquit,
1667 1059 1796 1114 vidit
1821 1058 1990 1128 posita
2025 1056 2130 1110 lin-

547 1165 798 1230 teamina,
831 1178 932 1216 non
963 1169 1137 1213 tamen
1161 1156 1416 1210 introivit.
1456 1153 1614 1208 Venit
1646 1165 1774 1222 ergo
1801 1150 1983 1204 Simon
2027 1140 2128 1201 Pe-

549 1271 663 1314 trus
706 1270 933 1326 sequens
964 1267 1106 1316 eum,
1157 1257 1210 1304 et
1259 1245 1498 1302 introivit
1527 1245 1578 1298 in
1612 1247 2050 1304 monumentum;
2079 1247 2134 1292 et

549 1350 678 1404 vidit
699 1345 1000 1402 linteamina
1025 1343 1214 1412 posita,
1250 1349 1302 1395 et
1329 1338 1602 1394 sudarium
1627 1333 1766 1404 quod
1787 1333 2135 1400 fueratsuper

551 1449 711 1512 caput
741 1439 876 1508 ejus,
921 1451 1026 1490 non
1057 1450 1176 1489 cum
1219 1429 1614 1486 linteaminibus
1643 1427 1896 1497 positum,
1923 1423 2016 1478 sed
2045 1438 2134 1478 se-

549 1532 774 1603 paratim
826 1527 1116 1584 involutum
1170 1525 1221 1580 in
1274 1538 1435 1578 unum
1484 1521 1678 1574 locum.
1733 1536 1752 1570 ›
1812 1517 2136 1571 Pntamusne

549 1625 679 1679 nihil
709 1624 806 1678 ista
831 1619 1164 1692 signiﬁcant?
1191 1617 1531 1686 Nequaquam
1561 1612 1662 1666 hoc
1685 1609 2003 1680 putaverim.
2027 1607 2134 1662 Sed

549 1715 617 1770 ad
658 1716 759 1768 alia
801 1713 1130 1774 festinamus,
1183 1709 1232 1763 in
1283 1707 1474 1777 quibus
1515 1701 1784 1758 immorari
1829 1700 2138 1770 qumstionis

551 1807 636 1862 vel
654 1805 990 1860 obscuritatis
1009 1800 1232 1870 alicujus
1255 1797 1568 1852 necessitate
1589 1793 1978 1863 compellimur.
2001 1789 2136 1844 Nam

554 1899 652 1952 ista
672 1913 787 1967 qua:
817 1909 909 1964 per
933 1892 1105 1960 seipsa
1125 1887 1402 1944 manifesta
1430 1895 1573 1950 sunt,
1597 1883 1724 1954 quid
1748 1881 1950 1951 singula
1977 1880 2136 1934 etiam

555 1987 872 2058 signiﬁcent,
904 1997 1144 2052 qumrere
1173 1990 1369 2034 sanctze
1399 1977 1612 2046 quidem
1639 1973 1844 2028 delicia:
1867 1979 2008 2036 sunt,
2041 1967 2138 2023 sed

555 2078 867 2138 otiosorum,
897 2071 1036 2142 quod
1069 2085 1172 2123 non
1200 2083 1382 2120 smnus
1407 2081 1526 2120 nos.

627 2168 680 2222 9.
708 2167 850 2220 Tunc
894 2181 1010 2234 ergo
1039 2161 1254 2226 introiit,
1306 2169 1352 2212 et
1381 2155 1468 2210 ille
1521 2139 1800 2226 discipulus
1829 2153 1913 2223 qui
1941 2158 2142 2204 venerat

559 2259 749 2332 primus
771 2258 838 2310 ad
863 2263 1256 2309 monumentum.
1299 2251 1448 2304 Prior
1475 2249 1640 2310 venit,
1673 2256 1726 2300 et
1765 2245 2034 2317 posterior
2063 2243 2144 2297 in-

563 2352 736 2407 travit.
763 2349 943 2416 Neque
967 2345 1068 2400 hoc
1098 2345 1278 2412 utique
1302 2349 1472 2406 vacat,
1503 2339 1594 2394 sed
1641 2337 1771 2392 mihi
1803 2336 1869 2390 ad
1898 2337 1994 2390 ista
2036 2349 2144 2388 non

560 2451 732 2496 vacat.
769 2439 829 2492 fit
859 2438 999 2501 vidit,
1029 2435 1214 2505 inquit,
1239 2443 1284 2486 et
1313 2431 1546 2486 credidit.
1575 2429 1670 2484 llic
1701 2427 2142 2496 nonnulliparum

563 2531 918 2590 attendentes,
957 2535 1141 2596 putant
1189 2523 1290 2578 hoc
1341 2521 1600 2577 Joannem
1643 2519 1956 2582 credidisse,
2004 2517 2146 2586 quod

561 2624 717 2678 Jesus
743 2619 1062 2682 resurrexit;
1092 2615 1186 2672 sed
1211 2614 1350 2685 quod
1383 2614 1640 2682 sequitur,
1671 2611 1772 2664 hoc
1787 2625 1894 2664 non
1925 2608 2142 2663 indicat.

565 2714 698 2784 Quid
727 2713 826 2766 sibi
857 2712 998 2766 enim
1049 2709 1161 2762 vult
1205 2706 1348 2777 quod
1393 2705 1572 2760 statim
1603 2702 1863 2771 adjunxit,
1897 2699 2144 2753 Nondum

567 2807 695 2859 enim
723 2803 942 2858 sciebant
974 2801 1314 2870 Scripturam,
1358 2797 1475 2866 quia
1517 2805 1712 2865 Oportet
1744 2811 1858 2847 cum
1883 2809 1912 2844 a
1939 2792 2144 2844 mortuis

565 2895 858 2966 resurgere?
883 2892 996 2948 Non
1023 2905 1148 2962 ergo
1187 2905 1306 2944 cum
1334 2885 1556 2942 credidit
1585 2885 1966 2946 resurrexisse,
1991 2897 2150 2952 quem

567 2986 836 3043 nesciebat.
871 2994 1118 3052 oportere
1157 2994 1452 3048 resurgere.
1493 2976 1628 3046 Quid
1665 2989 1793 3045 ergo
1825 2973 1990 3027 vidit?
2025 2973 2152 3043 quid

568 3077 822 3133 ('t‘cditlil?
853 3075 992 3128 Vidit
1021 3073 1217 3126 scilicet
1248 3071 1403 3124 illane
1436 3077 1856 3129 n'ionumentum,
1885 3074 1938 3119 et
1975 3066 2151 3120 credi-

568 3171 645 3224 dit
686 3169 825 3238 quod
855 3167 1060 3220 dixerat
1109 3163 1314 3226 mulier,
1367 3175 1488 3215 eum
1537 3159 1604 3214 de
1645 3167 1989 3212 monumento
2031 3171 2152 3212 esse

570 3262 853 3316 sublatum.
885 3257 1126 3310 Nondum
1169 3255 1299 3308 enint
1349 3253 1570 3306 sciebant
1619 3251 1939 3321 Scripturam
1965 3289 1980 3317 ,
2032 3253 2150 3318 quia

571 3359 817 3422 aporleret
846 3365 955 3401 eum
982 3365 1012 3399 a
1040 3347 1246 3398 mortuis
1285 3359 1563 3414 resurgere.
1597 3342 1666 3396 Et
1702 3343 1820 3395 ideo
1847 3340 2058 3412 quando
2103 3340 2156 3394 id

573 3445 640 3498 ab
671 3443 786 3512 ipso
813 3441 1040 3494 Domino
1067 3437 1381 3502 audiebant,
1424 3435 1663 3506 quamvis
1690 3435 2024 3504 apertissime
2073 3433 2156 3488 di-

573 3543 814 3596 ceretur;
838 3529 1219 3584 consuetudine
1241 3525 1488 3580 audiendi
1519 3525 1586 3578 ab
1617 3525 1709 3578 illo
1727 3524 2024 3593 parabolas,
2047 3538 2152 3578 non

572 3625 950 3694 intelligebant,
967 3633 1014 3676 et
1031 3620 1226 3690 aliquid
1239 3619 1378 3673 aliud
1393 3635 1514 3673 eum
1530 3617 1826 3688 signiﬁcare
1841 3615 2152 3671 credebant.

573 3716 678 3771 Sed
696 3731 756 3770 ea
783 3731 898 3784 qua:
916 3723 1206 3784 sequuntur
1229 3713 1280 3766 in
1308 3727 1608 3766 sermonem
1637 3713 1795 3765 alium
1827 3711 2154 3765 differamus.

1037 3822 1443 3878 TRACTATUS
1483 3821 1670 3877 CXXI.

573 3938 652 3992 De
679 3955 736 3992 eo
765 3937 897 4008 quod
925 3937 1167 4008 sequitur,
1201 3936 1460 3988 Abierunt
1483 3949 1610 4004 ergo
1631 3934 1828 3990 iterum
1855 3934 1922 3988 ad
1955 3943 2156 3989 semet-

645 4030 788 4098 ipsos
827 4027 1104 4094 discipuli;
1147 4041 1302 4092 usque
1331 4025 1496 4088 adid,
1537 4025 1686 4079 Beati
1737 4025 1826 4094 qui
1857 4039 1964 4078 non
2007 4023 2160 4078 vide-

645 4129 767 4173 runt
789 4128 844 4174 et
867 4118 1226 4172 crediderunt.
1256 4115 1380 4186 Cap.
1413 4131 1504 4182 xx,
1551 4116 1586 4186 i’
1611 4157 1624 4170 .
1651 4116 1834 4170 10-29.

647 4213 697 4265 l.
725 4211 1001 4266 Snblatnm
1031 4223 1150 4264 esse
1175 4209 1459 4262 Dominum
1485 4207 1552 4262 de
1589 4217 1956 4274 monumento,
1992 4208 2158 4262 disci-

576 4303 716 4374 pulis
743 4305 862 4372 ejus
889 4301 1048 4356 Petro
1068 4309 1122 4354 et
1147 4299 1340 4354 .loanni
1389 4299 1721 4354 nuntiaverat
1743 4299 1906 4353 Maria
1937 4301 2154 4369 Magda-

577 4397 733 4451 lene:
763 4409 868 4465 quo
891 4393 964 4448 illi
993 4393 1283 4457 venientes,
1323 4393 1640 4447 invenerunt
1685 4391 1799 4447 sola
1827 4393 2155 4459 linteamina,

575 4488 768 4558 quibus
796 4501 990 4555 corpus
1015 4484 1186 4540 fuerat
1233 4485 1560 4548 involutum;
1591 4492 1646 4538 et
1681 4483 1808 4554 quid
1851 4483 1994 4538 aliud
2037 4497 2158 4538 cre-

577 4582 706 4636 dere
741 4585 1051 4649 potuerunt,
1095 4577 1192 4630 nisi
1223 4576 1364 4646 quod
1399 4575 1625 4641 dixerat,
1675 4575 1816 4645 quod
1857 4575 2014 4630 etiam
2044 4575 2156 4644 ipsa

577 4669 911 4729 crediderat?
953 4669 1194 4722 Abierant
1233 4685 1354 4739 ergo
1383 4669 1563 4722 iterum
1591 4668 1658 4722 ad
1688 4669 1979 4738 semetipsos
2007 4669 2160 4722 disci-

580 4767 690 4840 puli
720 4783 738 4822 :
769 4767 818 4822 id
843 4774 944 4830 est,
989 4765 1079 4820 ubi
1109 4763 1436 4830 habitabant,
1467 4773 1522 4817 et
1563 4751 1702 4818 unde
1749 4763 1818 4818 ad
1847 4777 2162 4818 monumen-

581 4874 690 4917 tum
711 4866 1072 4916 cucurrerunt.
1105 4856 1274 4910 Maria
1301 4867 1466 4910 autem
1491 4857 1655 4910 stabat
1682 4857 1750 4909 ad
1777 4867 2158 4910 monumentum

580 4955 704 5026 foris
757 4951 984 5024 plorans.
1033 4949 1170 5003 Viris
1199 4948 1342 5004 enim
1381 4947 1764 5012 redeuntibus,
1809 4946 2157 5002 inﬁrmiorem

578 5059 766 5100 sexum
789 5045 840 5096 in
863 5041 1050 5096 eodem
1083 5041 1199 5096 loco
1221 5039 1407 5094 fortior
1431 5039 1622 5110 ﬁgebat
1648 5039 1888 5094 allectus.
1919 5040 1984 5094 Et
2011 5039 2153 5094 oculi

579 5139 668 5208 qui
697 5137 980 5190 Dominum
1021 5135 1344 5202 quaesierunt
1369 5139 1422 5187 et
1451 5147 1556 5185 non
1597 5131 1930 5196 invenerant,
1987 5132 2160 5201 lacry-

581 5229 683 5282 mis
705 5227 811 5296 jam
833 5225 1111 5288 vacabant,
1141 5223 1368 5293 amplius
1405 5223 1651 5278 dolentes
1685 5224 1828 5292 quod
1873 5226 2045 5278 fuerat
2093 5225 2162 5280 de

582 5326 928 5372 monumento
965 5317 1187 5380 ablatus,
1217 5329 1374 5385 quam
1401 5315 1542 5386 quod
1563 5314 1736 5370 fuerat
1763 5315 1816 5370 in
1849 5315 1994 5386 ligno
2021 5315 2164 5369 occi-

583 5423 707 5473 sus;
741 5409 986 5478 quoniam
1015 5409 1252 5478 magistri
1289 5409 1440 5473 tanti,
1467 5410 1621 5479 cujus
1661 5409 1741 5464 eis
1767 5409 1870 5462 vita
1893 5409 2162 5462 subtracta

648 5541 768 5612 Uir.
789 5537 935 5602 Lugd.
964 5548 1025 5612 et
1049 5547 1188 5600 \-'en.,
1225 5541 1310 5612 sed
1333 5547 1560 5612 tanquam
1583 5543 1644 5594 de
1679 5542 1793 5602 alio,
1825 5559 1956 5597 ntere
1980 5553 2166 5612 sancta?

585 5609 864 5670 Sct‘t‘ptttrw,
887 5611 1060 5653 cuncta
1097 5611 1281 5670 narret.
1316 5609 1494 5670 _\_erba,
1523 5619 1660 5656 more
1683 5615 1862 5658 sancta:
1885 5610 2162 5670 Scripturar,

584 5665 642 5712 ad
667 5669 858 5732 textum
891 5679 984 5713 non
1007 5667 1522 5732 pertinere_videntur,
1549 5677 1600 5718 et
1631 5670 1754 5732 apud
1787 5677 1860 5720 Er.
1885 5665 2024 5720 Guili.
2049 5665 2167 5722 nec;

584 5739 682 5775 non
702 5724 830 5787 apud
845 5731 976 5786 l.ov.,
999 5724 1134 5778 uncis
1151 5724 1518 5778 concluduntur.
1569 5737 1628 5780 Μ.

1491 307 1558 364 lN
1594 301 1870 363 JOANNIS
1907 293 2380 362 EVANGELIIJM,
2421 294 2476 353 S.
2519 295 2884 356 AUGUSTlNl

3673 295 3814 358 1956

2231 411 2422 478 fuerat,
2455 429 2554 468 nec
2579 414 2834 469 memoria
2865 411 3194 470 remanebat.
3243 409 3483 470 Tenebat
3527 414 3708 485 itaque
3749 415 3816 471 ad

2233 513 2632 558 monumentum
2667 505 2776 574 jam
2825 504 2980 558 dolor
3024 503 3125 560 iste
3175 505 3477 560 mulierem.
3507 503 3640 562 Cum
3693 521 3812 578 ergo

2232 595 2394 662 ﬂeret,
2425 595 2681 648 inclinavit
2715 612 2767 650 se
2791 605 2838 649 et
2865 597 3122 667 prospexit
3169 598 3224 650 in
3265 607 3665 651 monumentum.
3707 599 3817 652 Cur

2235 685 2334 740 hoc
2363 687 2544 742 fecerit
2575 688 2772 743 nescio.
2815 687 2926 744 Non
2969 688 3110 743 enim
3141 689 3413 743 nesciebat
3443 704 3546 744 non
3577 690 3650 744 ibi
3681 705 3808 746 esse

2229 777 2338 847 jam
2365 793 2520 847 quem
2561 780 2864 850 qumrebat;
2907 779 3338 850 quandoquidem
3385 779 3511 836 inde
3545 779 3813 835 sublatum

2235 877 2290 924 et
2317 871 2589 939 discipulis
2627 872 2736 940 ipsa
2779 871 3146 934 nuntiaverat;
3173 881 3227 925 et
3261 871 3332 924 illi
3371 871 3437 924 ad
3491 885 3822 924 monumen-

2239 971 2346 1015 tum
2365 971 2640 1026 venerant,
2671 973 2724 1017 et
2753 978 2861 1017 non
2902 963 3074 1017 solum
3103 962 3375 1026 intuendo,
3407 961 3502 1018 sed
3527 963 3689 1017 etiam
3737 964 3816 1016 in-

2237 1053 2426 1108 trando
2471 1069 2665 1124 corpus
2705 1053 2918 1108 Domini
2948 1055 3286 1123 qumsierant,
3339 1068 3436 1107 nec
3477 1054 3814 1107 invenerant.

2235 1145 2374 1212 Quid
2411 1147 2510 1200 sibi
2541 1161 2667 1216 ergo
2704 1147 2816 1200 vult
2839 1145 2981 1216 quod
3025 1146 3124 1199 ista
3150 1159 3270 1199 cum
3301 1143 3473 1208 ﬁeret,
3519 1159 3734 1198 rursum
3759 1143 3812 1197 in

2239 1249 2642 1294 monumentum
2689 1239 2938 1292 inclinata
2987 1236 3292 1308 prospexit?
3339 1236 3526 1292 Utrum
3557 1235 3702 1304 quod
3735 1235 3824 1289 ni-

2239 1333 2404 1386 mium
2423 1331 2654 1396 dolebat,
2690 1345 2788 1386 nec
2813 1331 2922 1384 suis
2953 1345 3052 1385 nec
3097 1330 3306 1384 illorum
3337 1329 3506 1384 oculis
3538 1328 3696 1383 facile
3725 1344 3824 1398 pn-

2243 1423 2385 1476 tabat
2413 1436 2534 1476 esse
2561 1421 2918 1476 credendum?
2943 1422 3022 1475 An
3063 1421 3238 1490 potius
3277 1419 3456 1474 divino
3486 1420 3742 1473 instinctu
3768 1419 3820 1472 in

2239 1515 2418 1568 animo
2462 1513 2580 1582 ejus
2625 1513 2872 1568 etl‘ectum
2918 1522 2998 1567 est
3039 1519 3100 1566 ut
3143 1510 3508 1580 prospiceret?
3544 1510 3827 1579 Prospexit

2240 1603 2402 1670 enim,
2435 1603 2501 1656 Et
2532 1603 2652 1657 vidit
2706 1603 2834 1658 duos
2874 1603 3078 1674 angelos
3119 1603 3173 1655 in
3199 1599 3348 1662 albis,
3381 1601 3626 1667 sedentes,
3665 1611 3826 1653 unum

2241 1697 2310 1748 ad
2333 1705 2503 1764 caput,
2540 1705 2585 1750 et
2609 1713 2764 1750 unum
2791 1695 2859 1748 ad
2883 1695 3052 1766 pedes,
3081 1693 3165 1748 ubi
3189 1696 3407 1763 positum
3437 1697 3600 1764 fuerat
3637 1709 3822 1762 corpus

2242 1785 2384 1842 Jcsu.
2409 1788 2542 1856 Quid
2569 1787 2808 1858 estquod
2836 1803 2971 1842 unus
2995 1787 3060 1841 ad
3086 1795 3264 1856 caput,
3295 1794 3350 1841 et
3379 1786 3444 1840 ad
3475 1784 3640 1854 pedes
3681 1785 3822 1839 alter

2245 1880 2492 1935 sedebat?
2513 1881 2626 1943 An,
2670 1881 2917 1950 quoniam
2966 1878 3056 1948 qui
3107 1893 3281 1948 gnece
3319 1877 3508 1946 Angeli
3553 1875 3824 1940 dicuntur,

2245 1971 2406 2025 latine
2432 1980 2557 2025 sunt
2585 1971 2772 2034 nuntii,
2795 1971 2896 2024 isto
2919 1969 3077 2023 modo
3099 1969 3290 2022 Christi
3313 1967 3658 2038 Evangelium
3683 1965 3830 2020 velut

2245 2076 2276 2114 a
2303 2061 2475 2129 capite
2517 2076 2684 2130 usque
2729 2060 2796 2115 ad
2828 2059 3007 2130 pedes,
3053 2060 3122 2114 ab
3151 2057 3301 2114 initio
3349 2073 3518 2128 usque
3566 2057 3618 2111 in
3665 2055 3830 2111 ﬁnem

2246 2151 2615 2222 signiﬁcabant
2636 2165 2754 2206 esse
2783 2147 3170 2204 nuntiandum?
3195 2147 3380 2202 Dicunt
3401 2150 3444 2202 ei
3471 2147 3548 2201 illi
3576 2163 3595 2200 :
3619 2146 3831 2210 Mulier,

2247 2245 2368 2315 quid
2397 2244 2608 2312 ploras?
2629 2243 2766 2296 Dicit
2793 2243 2862 2297 eis
2887 2259 2907 2296 :
2933 2241 3066 2310 Quia
3104 2241 3321 2295 tulerunt
3345 2239 3616 2294 Dominum
3644 2256 3832 2304 meum,

2249 2344 2296 2389 et
2323 2335 2487 2390 nescio
2515 2335 2599 2389 ubi
2629 2345 2906 2406 posuerunt
2947 2351 3080 2388 eum.
3125 2333 3313 2405 Angcli
3359 2333 3622 2406 lacrymas
3649 2332 3838 2404 prohi-

2251 2429 2446 2484 hebant
2475 2447 2487 2482 :
2513 2429 2598 2484 ubi
2626 2429 2750 2499 quid
2793 2427 2934 2484 aliud
2963 2443 3124 2500 quam
3177 2427 3414 2483 futurum
3439 2428 3838 2498 quodammodo

2249 2521 2500 2590 gaudium
2529 2520 2882 2574 nuntiabant?
2907 2521 2980 2574 Ita
3007 2520 3148 2575 enim
3167 2519 3436 2585 dixerunt,
3468 2520 3604 2586 Quid
3623 2519 3838 2590 ploras?

2252 2627 2314 2666 ac
2341 2612 2384 2665 si
2426 2611 2684 2676 dicerent,
2713 2613 2830 2668 Noli
2863 2613 3094 2681 plorare.
3128 2613 3198 2667 At
3219 2613 3304 2666 illa
3335 2627 3428 2669 eos
3453 2623 3640 2682 putans
3667 2613 3842 2666 inter-

2253 2719 2468 2772 rogasse
2494 2705 2809 2770 nescientes,
2847 2719 3036 2758 causas
3077 2702 3254 2774 prodit
3281 2703 3653 2774 lacrymarnm.
3705 2702 3846 2767 Quia

2255 2795 2496 2860 tulerunt,
2539 2796 2726 2864 inquit,
2779 2795 3052 2848 Dominum
3093 2810 3302 2848 meum:
3352 2795 3629 2848 Dominum
3673 2808 3840 2848 suum

2255 2899 2454 2940 vocans
2481 2899 2674 2958 corpus
2702 2887 2946 2940 exanime
2993 2886 3208 2940 Domini
3257 2887 3359 2952 sui,
3406 2901 3434 2940 a
3472 2895 3580 2941 toto
3633 2895 3844 2956 partem

2255 2977 2591 3048 signiﬁcans;
2623 2977 2757 3031 sicut
2785 2993 2970 3032 omnes
2999 2977 3317 3032 conﬁtemur
3356 2977 3538 3032 Jesum
3569 2975 3846 3030 Christum

2257 3067 2449 3120 Filium
2481 3067 2570 3122 Dei
2604 3068 2816 3123 unicum
2853 3067 3139 3122 Dominum
3182 3077 3444 3133 nostrum,
3491 3066 3630 3138 quod
3657 3066 3852 3138 utique

2258 3160 2414 3214 simul
2441 3169 2522 3214 est
2545 3171 2598 3216 et
2625 3161 2856 3216 Verbum
2884 3171 2936 3216 et
2964 3163 3138 3216 anima
3166 3171 3220 3217 et
3245 3177 3390 3228 caro,
3421 3163 3728 3217 crucifixum
3759 3171 3850 3216 ta-

2260 3267 2380 3304 men
2407 3261 2459 3305 et
2483 3253 2743 3320 sepultum
2767 3295 2780 3316 ,
2815 3267 2933 3306 cum
2969 3253 3082 3308 sola
3111 3252 3230 3322 ejus
3268 3254 3470 3322 sepulta
3502 3255 3570 3308 sit
3594 3269 3736 3308 caro.
3775 3251 3852 3306 Et
3913 3301 3936 3314 ,

2259 3343 2445 3406 nescio,
2473 3343 2659 3412 inquit,
2693 3343 2773 3396 ubi
2798 3355 3070 3412 posuerunt
3097 3360 3230 3397 eum.
3263 3344 3384 3398 llzec
3411 3353 3526 3399 erat
3550 3359 3707 3398 causa
3736 3359 3852 3398 ma-

2256 3437 2343 3506 jor
2362 3437 2584 3502 doloris,
2615 3437 2736 3507 quia
2769 3439 3037 3492 nesciebat
3083 3453 3187 3508 quo
3219 3438 3318 3492 iret
3351 3437 3416 3491 ad
3455 3437 3848 3492 censolandum

2261 3527 2522 3582 dolorem.
2557 3528 2662 3582 Sed
2703 3527 2834 3582 hora
2856 3529 2967 3597 jam
2999 3537 3213 3583 venerat
3245 3544 3346 3598 qua
3379 3529 3428 3582 id
3455 3527 3594 3598 quod
3629 3529 3854 3582 nuntia-

2265 3629 2372 3675 tum
2398 3621 2789 3691 quodammodo
2821 3621 2991 3676 fuerat
3019 3622 3085 3674 ah
3121 3619 3325 3690 angelis
3351 3617 3482 3674 ﬂere
3512 3619 3850 3690 prohibenti—

2263 3711 2378 3778 bus,
2411 3712 2660 3782 gaudium
2687 3713 2996 3768 succcderet
3026 3711 3258 3766 ﬂetibus.

2333 3803 2387 3856 2.
2417 3803 2650 3874 Denique
2682 3803 2854 3870 clune
2895 3819 3013 3858 cum
3053 3803 3296 3870 dixisset,
3341 3817 3596 3858 conversa
3625 3811 3710 3859 est
3751 3818 3850 3858 rc-

2263 3903 2516 3960 trorsum,
2544 3905 2596 3950 et
2621 3895 2746 3948 vidit
2769 3895 2948 3948 Jesum
2979 3903 3228 3960 stzmtem,
3267 3905 3320 3948 et
3347 3909 3452 3948 non
3493 3895 3695 3949 sciebat
3721 3895 3854 3965 quia

2263 3987 2420 4042 Jesus
2439 3995 2538 4039 est.
2574 3985 2710 4040 Dicit
2733 3987 2779 4040 ei
2801 3985 2957 4041 Jesus
2986 4004 2998 4040 :
3033 3985 3239 4052 Mulier,
3275 3986 3400 4056 quid
3428 3985 3642 4054 ploras?
3676 3983 3856 4055 Quem

2263 4077 2494 4148 quaeris?
2521 4077 2610 4131 Illa
2639 4077 2947 4132 existimans
2986 4077 3106 4147 quia
3147 4075 3461 4132 hortulanus
3501 4086 3672 4144 esset,
3715 4077 3856 4132 dicit

2265 4169 2314 4223 ei
2343 4187 2356 4222 :
2389 4169 2632 4234 Domine,
2666 4169 2710 4224 si
2745 4179 2797 4222 tu
2823 4169 3082 4222 sustulisti
3109 4184 3252 4232 eum,
3277 4169 3441 4223 dicito
3471 4168 3600 4222 mihi
3624 4168 3712 4222 ubi
3741 4183 3850 4238 po-

2266 4260 2416 4313 suisti
2443 4275 2586 4326 eum,
2616 4269 2670 4313 ct
2696 4275 2794 4330 ego
2815 4276 2935 4314 eum
2963 4261 3162 4315 tollam.
3191 4261 3331 4316 Dicit
3356 4261 3405 4315 ei
3435 4261 3590 4316 Jesus
3623 4279 3637 4316 :
3661 4261 3855 4317 Maria.

2263 4351 2534 4406 Conversa
2563 4353 2649 4406 illa
2674 4352 2802 4406 dicit
2830 4354 2899 4420 ei,
2945 4353 3215 4418 Rabboni;
3260 4353 3400 4423 quod
3447 4353 3644 4408 dicitur
3679 4353 3860 4424 Magi-

2266 4453 2393 4500 ster.
2431 4464 2450 4496 ι
2485 4445 2650 4500 Nemo
2692 4445 3046 4500 calumnietur
3086 4446 3290 4501 mulieri
3339 4445 3481 4516 quod
3509 4445 3858 4499 hortulanum

2265 4537 2458 4591 dixerit
2483 4536 2776 4604 dominum,
2811 4545 2862 4591 et
2887 4536 3069 4592 Jesum
3109 4535 3438 4606 Magistrum.
3471 4535 3543 4589 lbi
3582 4535 3724 4592 enim
3753 4549 3856 4590 ro-

2266 4628 2440 4698 gabat,
2472 4626 2558 4682 hic
2583 4627 2940 4697 agnoscebat:
2965 4628 3034 4682 ibi
3065 4626 3362 4682 honorabat
3387 4626 3658 4684 hominem
3689 4643 3718 4680 a
3739 4641 3855 4696 quo

2267 4717 2582 4772 beneﬁcium
2613 4717 2950 4786 postulabat;
2977 4719 3062 4773 hic
3091 4720 3357 4774 recolebat
3385 4719 3656 4774 doctorem
3685 4735 3855 4787 aquo

2266 4807 2572 4864 discernere
2591 4807 2822 4866 humana
2847 4817 2902 4866 et
2927 4810 3104 4866 divina
3123 4809 3383 4866 discebat.
3417 4809 3732 4882 Appellabat
3751 4811 3858 4866 do-

2266 4899 2470 4953 minum
2496 4901 2646 4968 cujus
2689 4899 2880 4955 ancilla
2923 4915 3028 4955 non
3081 4909 3218 4968 erat,
3269 4910 3328 4955 ut
3361 4917 3456 4970 per
3483 4917 3604 4956 eum
3653 4917 3856 4972 perve-

2267 4989 2404 5044 niret
2455 4989 2520 5044 ad
2553 4989 2832 5044 Dominum
2869 4990 3020 5060 cujus
3049 4999 3184 5045 erat.
3208 4991 3376 5045 Aliter
3405 5007 3534 5062 ergo
3561 4991 3859 5046 Dominum

2265 5079 2436 5146 dixit,
2487 5077 2810 5136 Sustulerunt
2857 5079 3126 5135 Dominum
3179 5097 3379 5146 meum;
3425 5083 3576 5136 aliter
3619 5089 3804 5136 autem
3831 5121 3850 5145 ,

2267 5171 2502 5238 Domine,
2533 5173 2578 5227 si
2615 5183 2667 5226 tu
2716 5173 2962 5227 sustulisti
3003 5189 3134 5228 eum.
3185 5172 3317 5226 Nam
3347 5181 3402 5227 et
3439 5171 3721 5242 Propheta:
3749 5187 3856 5243 ap-

2267 5267 2596 5336 pellaverunt
2643 5265 2887 5320 dominos
2941 5281 3034 5320 eos
3084 5266 3174 5335 qui
3223 5266 3464 5320 homines
3509 5275 3698 5328 erant;
3745 5265 3852 5320 sed

2267 5359 2422 5414 aliter
2451 5359 2596 5414 illum
2627 5357 2693 5412 dc
2721 5373 2826 5428 quo
2865 5357 3120 5426 scriptum
3159 5365 3272 5423 est,
3303 5355 3550 5410 Dominus
3577 5371 3762 5410 nomen
3811 5357 3860 5412 ei

2271 5449 2441 5523 (Pent.
2472 5465 2636 5512 vau,
2667 5449 2744 5520 5).
2769 5449 2872 5504 Sed
2901 5449 2997 5502 ista
3031 5448 3220 5502 mulier
3246 5463 3364 5518 qua:
3380 5448 3492 5518 jam
3525 5446 3699 5502 fuerat
3725 5462 3864 5502 cons

2270 5557 2424 5596 versa
2453 5551 2744 5595 retrorsum
2773 5549 2828 5593 ut
2855 5539 3060 5593 videret
3077 5537 3280 5602 Jesum,
3310 5538 3524 5608 quando
3547 5553 3668 5592 eum
3699 5546 3862 5606 puta-

2275 5637 2348 5690 vit
2368 5649 2487 5690 esse
2513 5631 2881 5696 hortulanum,
2913 5639 2966 5686 et
2993 5645 3114 5685 cum
3161 5631 3251 5686 illo
3295 5633 3476 5700 utique
3515 5630 3860 5699 loquebatur,

2277 5725 2544 5803 quomodo
2571 5739 2756 5780 rursus
2785 5738 3038 5778 conversa
3061 5723 3274 5788 dicitur,
3307 5731 3364 5776 ut
3387 5723 3436 5777 ei
3463 5721 3684 5780 diceret.
3717 5721 3864 5774 Rab-
