4076 6476
308 329 433 391 lilii?

301 449 446 516 boni,
479 446 581 502 nisi
608 445 730 518 qula
751 453 874 500 tunc
896 455 1149 498 conversa
1171 451 1414 508 corpore,
1434 436 1573 507 quod
1601 450 1708 490 non
1732 440 1870 497 erat,

304 539 521 610 pittavit,
552 551 691 592 nunc
719 535 876 590 corde
901 547 1175 595 conversa,
1205 530 1344 600 quod
1373 537 1487 596 erat
1513 525 1768 596 agnovit?

367 631 420 682 3.
458 647 476 680 α
509 628 645 682 Dicit
671 627 717 681 ei
741 626 893 680 .lesus
923 641 936 677 :
963 621 1079 677 Noli
1107 637 1192 676 me
1215 629 1448 690 tangere,
1472 617 1703 673 nondum
1731 615 1872 670 enim

297 720 514 775 escendi
556 719 621 772 ad
668 718 877 770 Patrem
917 728 1093 768 meum
1125 729 1138 766 :
1165 711 1298 765 vade
1343 719 1518 764 autem
1567 707 1632 762 ad
1684 706 1874 760 fratres

298 825 466 875 meos,
499 819 552 863 et
580 809 663 862 dic
690 807 786 872 eis,
804 803 1048 861 Asceudo
1075 803 1140 857 ad
1168 802 1374 857 Patrem
1393 816 1566 856 meum
1591 810 1643 853 et
1663 799 1872 853 Patrem

297 913 554 968 vestrum,
587 901 751 956 Deum
783 913 958 952 meum
986 904 1040 950 et
1063 897 1223 949 Deum
1251 901 1508 948 vestrum.
1540 910 1559 943 ι
1594 891 1684 945 Est
1713 891 1762 943 in
1793 889 1876 943 his

297 994 475 1048 verbis
505 990 644 1060 quod
699 988 934 1042 breviter
978 985 1206 1055 quidem,
1251 983 1346 1038 sed
1398 991 1573 1036 tamen
1621 979 1874 1033 attentius

297 1093 624 1156 pertractare
665 1080 939 1135 debemus.
985 1078 1141 1132 .Iesus
1189 1077 1380 1145 quippe
1428 1073 1705 1127 mulierem
1757 1085 1874 1139 qua:

297 1179 444 1231 illum
478 1174 784 1244 magistrum
826 1169 1039 1240 agnovit
1065 1177 1118 1221 et
1168 1165 1472 1236 appellavit,
1523 1177 1643 1217 cum
1686 1161 1797 1213 lucc
1823 1159 1873 1213 ei

297 1266 676 1337 resjionderet,
721 1263 879 1317 [idem
928 1259 1279 1316 docebat:et
1315 1256 1630 1311 hortulanus
1683 1254 1770 1307 ille
1821 1252 1874 1306 in

295 1366 412 1433 ejus
445 1361 624 1428 corde,
674 1369 923 1428 tanquam
977 1356 1028 1410 in
1071 1354 1226 1408 horto
1272 1365 1370 1406 suo
1415 1361 1635 1420 granum
1674 1343 1874 1413 sinapis

296 1455 614 1511 seminabat.
645 1450 781 1519 Quid
803 1456 886 1502 est
913 1460 1058 1516 ergo,
1093 1443 1218 1498 Noli
1261 1457 1340 1495 me
1386 1437 1627 1518 tangere?
1667 1437 1734 1490 Et
1760 1443 1874 1488 tan-

297 1561 456 1614 quam
486 1543 642 1611 hujus
664 1536 1029 1610 prohibitionis
1051 1547 1208 1589 causa
1233 1536 1579 1602 quaereretur,
1607 1524 1871 1594 adjunxit,

299 1613 525 1690 nondum
550 1633 683 1687 enim
707 1628 909 1685 escendi
929 1627 996 1680 ad
1026 1615 1230 1679 Patrem
1258 1637 1444 1676 meum.
1469 1618 1606 1686 Quid
1631 1625 1712 1671 est
1740 1613 1874 1669 hoc?

297 1727 351 1782 Si
381 1735 529 1779 stans
557 1724 606 1777 iu
639 1731 776 1777 terra
807 1734 908 1774 non
941 1717 1206 1786 tangitur,
1254 1711 1448 1768 sedens
1477 1710 1528 1762 in
1573 1707 1710 1762 caelo
1737 1719 1874 1774 quo-

299 1817 459 1872 modo
486 1816 553 1869 ab
585 1812 887 1868 hominibus
913 1806 1252 1878 tangeretur?
1282 1804 1380 1871 Qui
1409 1811 1554 1857 certe
1590 1806 1873 1867 antequam

299 1907 632 1970 ascenderet,
661 1902 934 1970 discipulis
961 1916 1019 1954 se
1063 1896 1382 1968 tangeudum
1435 1893 1624 1947 obtulit
1668 1891 1872 1956 dicens,

298 2001 433 2052 sicut
475 1997 645 2050 Lucas
692 1992 1014 2062 evangelista
1062 1996 1301 2053 testatur,
1349 1983 1586 2054 Palpate,
1613 1991 1659 2036 et
1696 1981 1872 2050 videte,

297 2090 413 2157 quia
437 2087 644 2153 spiritus
672 2097 872 2138 carnem
899 2092 940 2134 et
971 2095 1083 2134 ossa
1124 2094 1226 2131 non
1255 2075 1418 2141 habet,
1447 2073 1572 2127 sicut
1597 2086 1673 2124 me
1696 2069 1873 2122 uidetis

299 2179 479 2231 habere
500 2176 646 2247 (Luc.
673 2189 816 2239 xxrv,
836 2171 928 2242 39)
951 2167 1280 2238 :velquando
1295 2166 1426 2220 dixit
1444 2162 1704 2231 discipulo
1730 2159 1875 2212 Tho-

300 2285 419 2333 ma',
451 2266 602 2336 Infer
648 2265 861 2336 digitum
905 2271 1045 2315 tuum
1070 2260 1185 2323 huc,
1221 2267 1266 2311 et
1293 2255 1402 2309 vide
1423 2269 1598 2307 manus
1632 2267 1798 2315 .meas,
1830 2257 1876 2302 et

298 2360 424 2426 a/Ter
451 2373 662 2412 manum
685 2349 840 2420 tuam,
865 2363 912 2407 et
935 2353 1072 2405 mitte
1097 2353 1148 2404 in
1176 2348 1306 2402 latus
1331 2362 1515 2402 meum.
1543 2343 1670 2410 Quis
1698 2349 1872 2393 autem

299 2463 405 2506 tam
429 2451 500 2506 sit
522 2447 801 2507 absurdus,
833 2452 892 2499 ut
916 2444 1058 2499 dicat
1099 2456 1218 2496 eum
1263 2457 1292 2494 a
1339 2436 1612 2506 discipulis
1661 2432 1872 2503 quidem

297 2552 581 2610 antequam
613 2539 677 2592 ad
724 2537 932 2591 Patrem
979 2531 1322 2594 ascendisset,
1352 2528 1580 2582 voluisse
1606 2540 1664 2579 se
1696 2523 1870 2592 tangi;

296 2649 325 2686 a
357 2631 671 2686 mulieribus
691 2636 864 2682 autem
893 2625 1148 2688 noluisse,
1181 2622 1279 2675 nisi
1309 2635 1427 2674 cum
1456 2615 1780 2672 ascendisset
1807 2612 1874 2667 ad

297 2723 549 2780 Patrem?
578 2721 683 2778 Sed
708 2734 805 2774 nec
843 2719 941 2784 sic,
980 2717 1065 2785 qui
1096 2714 1275 2779 vellet,
1306 2711 1549 2778 desipere
1587 2707 1869 2760 sineretur.

298 2817 573 2886 Leguntur
613 2812 752 2867 enim
803 2811 964 2866 etiam
1007 2806 1216 2861 feminae
1261 2810 1378 2870 post
1427 2796 1873 2854 resurrectionem

297 2884 582 2978 antequam
602 2905 666 2959 ad
692 2904 902 2958 Patrem
945 2896 1276 2958 ascenderet,
1317 2891 1552 2960 tetigisse
1577 2888 1780 2951 Jesum,
1813 2884 1866 2940 in

299 2999 489 3069 quibus
527 3003 644 3049 erat
685 2992 843 3047 etiam
883 2990 994 3058 ipsa
1041 2986 1203 3039 Maria
1252 2981 1576 3052 Magdalene,
1623 2985 1874 3030 narrante

299 3067 548 3144 Matthmo
569 3084 708 3156 quod
729 3082 1021 3137 occurrerit
1044 3079 1146 3132 illis
1164 3075 1316 3130 Jesus
1334 3074 1535 3137 dicens,
1554 3069 1722 3124 Aucte.
1755 3067 1875 3121 Illa:

300 3191 464 3232 autent
508 3183 844 3236 accesserunt,
878 3173 1063 3240 inquit,
1102 3177 1147 3221 et
1191 3174 1451 3220 tenuerunt
1500 3162 1648 3232 pedes
1687 3161 1794 3228 ejus
1830 3167 1876 3212 et

300 3271 635 3324 adorarerunt
676 3281 788 3321 eum
832 3261 1040 3336 (Matth.
1088 3273 1269 3320 xxvm,
1319 3254 1395 3327 9).
1454 3255 1565 3308 lloc
1605 3270 1635 3306 a
1669 3250 1875 3306 Joanne

301 3361 715 3431 praetermissum
739 3365 839 3419 est,
875 3353 969 3410 sed
998 3368 1026 3405 a
1054 3350 1300 3406 Mattlueo
1318 3362 1499 3402 verum
1521 3347 1738 3400 dictum.
1769 3343 1874 3398 lle-

300 3461 405 3508 stat
425 3465 556 3521 ergo
579 3461 628 3502 ut
652 3446 859 3519 aliquod
888 3446 942 3498 in
970 3445 1050 3497 bis
1079 3441 1252 3497 verbis
1270 3442 1428 3494 lateat
1447 3444 1833 3492 sacramentum
1856 3451 1872 3500 ;

301 3545 440 3614 quod
471 3543 586 3597 sive
628 3541 977 3602 inveniamus,
1020 3535 1131 3589 sive
1171 3533 1408 3588 invenire
1456 3531 1672 3584 minime
1701 3527 1877 3582 valea-

301 3649 442 3701 mus,
491 3634 665 3687 inesse
713 3642 888 3684 tamen
925 3627 1068 3681 nullo
1112 3623 1272 3678 modo
1319 3621 1559 3677 dubitare
1597 3619 1871 3674 debemus.

301 3730 408 3781 Aut
432 3739 560 3794 ergo
582 3725 658 3778 sic
686 3723 884 3776 dictum
937 3725 1047 3784 est,
1081 3715 1208 3770 Noli
1258 3730 1338 3768 me
1382 3722 1604 3782 tangere,
1651 3709 1876 3762 nondum

302 3819 437 3872 enim
458 3815 660 3869 escendi
681 3815 747 3866 ad
768 3811 975 3866 Patrem
1005 3824 1188 3873 meum,
1216 3815 1273 3862 ut
1311 3807 1367 3860 in
1395 3805 1480 3860 illa
1511 3802 1707 3858 femina
1742 3802 1875 3871 ligu-

309 3917 520 3964 raretur
539 3905 776 3960 Ecclesia
811 3903 878 3956 de
905 3901 1181 3963 Gentibus,
1216 3913 1330 3968 qum
1376 3897 1428 3950 in
1470 3896 1738 3949 Christum
1771 3908 1876 3947 non

303 3998 553 4062 credidit,
582 3997 680 4050 nisi
707 4010 827 4049 cum
866 3991 1190 4046 ascendisset
1215 3989 1281 4043 ad
1312 3989 1522 4042 Patrem
1548 4005 1562 4040 :
1585 3995 1676 4040 aut
1703 3986 1780 4040 sic
1824 3986 1876 4038 in

303 4109 365 4148 se
417 4089 560 4146 credi
591 4088 758 4142 voluit
793 4085 968 4146 Iesus,
1010 4084 1112 4138 hoc
1149 4090 1264 4147 est,
1310 4082 1388 4134 sic
1432 4094 1492 4133 se
1535 4077 1880 4148 spiritualiter

305 4183 483 4252 tangi,
513 4179 654 4250 quod
683 4179 792 4247 ipse
819 4185 873 4231 et
899 4176 1056 4229 Pater
1084 4187 1246 4226 unum
1273 4172 1399 4226 sint.
1423 4170 1550 4239 Ejus
1575 4169 1769 4239 quippe
1795 4167 1880 4220 in-

308 4277 450 4330 timis
475 4273 716 4330 sensibus
743 4267 1130 4341 quodammodo
1150 4264 1386 4322 ascendit
1411 4263 1476 4317 ad
1517 4263 1749 4326 Patrem,
1794 4259 1884 4328 qui

308 4368 386 4421 sic
414 4367 466 4419 in
494 4379 559 4419 eo
581 4361 862 4433 profecerit
887 4368 946 4414 ut
976 4357 1114 4413 Patri
1135 4363 1387 4426 agnoscat
1415 4352 1671 4422 aequalem
1696 4349 1884 4404 :aliter

310 4473 416 4510 non
449 4464 595 4509 recte
627 4452 874 4521 tangitur,
924 4449 975 4503 id
1025 4455 1135 4510 est,
1165 4445 1318 4498 aliter
1363 4457 1474 4496 non
1515 4451 1657 4495 recte
1684 4440 1734 4493 in
1764 4453 1882 4493 eum

309 4547 568 4600 creditur.
624 4544 838 4597 Poterat
875 4548 1051 4593 autem
1090 4535 1166 4591 sic
1195 4533 1413 4588 credere
1449 4530 1634 4596 Maria,
1662 4539 1720 4584 ut
1762 4543 1884 4583 eum

313 4646 526 4709 putaret
551 4637 803 4704 imparem
834 4631 997 4695 Patri,
1025 4627 1165 4699 quod
1192 4626 1368 4695 utique
1415 4621 1722 4693 prohibetur
1767 4633 1887 4672 cum

312 4730 362 4784 ei
394 4725 608 4788 dicitur,
639 4721 764 4777 Noli
792 4737 870 4775 me
914 4716 1226 4789 tangere:id
1267 4726 1368 4781 est,
1414 4712 1532 4768 Noli
1573 4716 1627 4765 in
1680 4725 1766 4764 me
1814 4710 1891 4763 sic

313 4818 556 4882 credere,
585 4812 1028 4886 quemadmodum
1057 4808 1232 4862 adhuc
1251 4807 1429 4876 sapis;
1461 4803 1569 4858 noli
1597 4812 1743 4856 tuum
1771 4816 1892 4854 sen-

313 4927 436 4966 sum
477 4913 583 4963 huc
621 4921 785 4976 usque
815 4901 1130 4973 pertendere
1168 4897 1310 4969 quod
1333 4912 1427 4966 pro
1455 4905 1506 4950 te
1543 4894 1709 4949 laetus
1747 4907 1889 4957 sum,

315 5016 419 5056 nec
439 4999 664 5054 transire
689 4995 756 5051 ad
774 4994 898 5050 illud
924 5008 1018 5062 per
1032 4990 1172 5062 quod
1191 4989 1324 5044 laeta
1345 5003 1425 5045 es.
1451 4984 1728 5053 Quomodo
1749 4984 1890 5039 enim

316 5108 425 5147 non
451 5089 742 5145 carnaliter
783 5086 958 5140 adhuc
995 5086 1047 5138 in
1082 5098 1204 5138 eum
1249 5080 1517 5142 credebat,
1561 5093 1719 5148 quem
1759 5077 1894 5131 sicut

320 5181 596 5235 hominem
639 5176 830 5232 ﬂebat?
858 5174 1102 5228 Nondum
1140 5173 1271 5226 enim
1314 5169 1548 5232 escendi,
1595 5167 1795 5236 inquit,
1829 5165 1896 5218 ad

323 5272 539 5325 Patrem
567 5285 732 5322 meum
753 5283 772 5322 :
797 5267 868 5322 ibi
896 5281 980 5320 me
1009 5273 1212 5334 tanges,
1257 5261 1465 5330 quando
1493 5275 1578 5314 me
1607 5257 1893 5313 credideris

322 5363 468 5418 Patri
523 5377 628 5415 non
675 5361 931 5430 imparem
987 5357 1176 5424 Deum.
1221 5352 1361 5406 Vade
1397 5361 1564 5414 autem
1605 5350 1671 5403 ad
1719 5353 1898 5420 fratres

322 5470 486 5520 meos,
511 5462 558 5508 et
588 5454 670 5506 die
692 5453 784 5516 eis,
815 5448 1044 5504 Ascendo
1081 5448 1147 5502 ad
1177 5445 1384 5501 Patrem
1407 5459 1568 5498 meum
1610 5453 1656 5497 et
1691 5441 1900 5496 Patrem

324 5557 565 5600 vestrum.
595 5545 707 5599 Non
725 5545 818 5608 ait,
841 5544 1046 5598 Patrem
1071 5549 1306 5595 nostrum
1331 5557 1344 5590 :
1365 5539 1520 5592 aliter
1548 5551 1674 5606 ergo
1700 5551 1898 5599 meum,

326 5640 486 5695 aliter
529 5649 797 5703 vestrum;
830 5646 1016 5691 natura
1071 5648 1282 5696 meum,
1327 5632 1494 5701 gratia
1547 5637 1803 5685 vestrum.
1839 5626 1902 5681 Et

333 5731 501 5786 Deum
532 5749 714 5798 meum,
740 5741 784 5786 et
811 5730 967 5784 Deum
998 5735 1224 5782 vestrum.
1249 5725 1427 5795 Neque
1449 5724 1532 5779 hic
1558 5723 1707 5789 dixit,
1738 5721 1901 5777 Deum

1401 312 1806 374 TRACTATUS
1842 309 2025 370 CXXI.
2067 316 2289 376 CAPUT
2331 319 2447 376 XX.
2485 341 2492 350 ·

3403 332 3544 389 1958

1981 445 2214 490 nostrum
2241 453 2253 490 :
2285 453 2410 509 ergo
2439 446 2495 495 et
2533 439 2619 495 hic
2655 440 2810 497 aliter
2849 457 3046 510 meum,
3080 444 3234 502 aliter
3269 458 3541 516 vestrum;

1980 525 2143 580 Deum
2165 543 2341 583 meum
2369 530 2470 584 sub
2497 546 2602 600 quo
2630 539 2684 586 et
2709 545 2808 602 ego
2847 533 3006 588 homo
3039 549 3154 588 sum
3175 576 3190 601 ,
3238 539 3402 593 Deum
3448 556 3541 597 ve-

1978 624 2144 670 strum
2173 617 2308 673 inter
2326 635 2460 689 quos
2485 630 2538 675 et
2559 621 2728 690 ipsum
2755 622 3014 678 mediator
3041 639 3178 679 sum.

2013 767 2018 770 _
2048 707 2102 759 4.
2147 725 2165 758 ε
2205 707 2354 764 Venit
2378 710 2537 764 Maria
2563 712 2867 782 Magdalene
2890 716 3212 771 annuntians
3236 716 3507 786 discipulis
3529 762 3543 784 ,

1978 796 2110 863 Quia
2136 799 2240 853 vidi
2290 801 2603 870 Dominum,
2631 814 2686 860 et
2725 805 2837 860 haec
2879 806 3010 861 dixit
3057 808 3206 862 mihi.
3233 807 3362 863 Cum
3403 821 3547 867 esset

1978 904 2104 957 ergo
2145 903 2265 945 sero
2290 891 2376 946 die
2421 892 2506 946 illa
2547 909 2648 947 una
2690 896 3059 962 sabbatorum,
3091 908 3144 953 et
3189 899 3331 955 fores
3371 911 3548 956 essent

1979 980 2206 1047 clausae,
2239 981 2327 1035 ubi
2357 993 2506 1036 erant
2526 983 2767 1054 discipuli
2793 989 3091 1058 congregati
3115 1001 3330 1058 propter
3351 1000 3546 1046 metum

1977 1070 2278 1126 Judaeorum
2304 1114 2319 1139 ,
2350 1073 2496 1128 venit
2521 1073 2678 1130 Jesus
2700 1116 2716 1141 ,
2739 1084 2793 1130 et
2829 1079 2975 1132 stetit
3021 1079 3072 1132 in
3102 1080 3309 1142 medio,
3343 1091 3395 1134 et
3421 1081 3546 1136 dicit

1978 1163 2054 1217 eis
2083 1180 2098 1218 :
2124 1163 2228 1217 Pax
2270 1163 2440 1218 vobis.
2482 1166 2548 1220 Et
2588 1180 2708 1221 cum
2751 1167 2851 1222 hoc
2902 1169 3157 1237 dixisset,
3185 1171 3421 1226 ostendit
3464 1173 3544 1227 eis

1979 1267 2165 1307 manus
2193 1261 2247 1308 et
2270 1253 2423 1309 latus.
2465 1275 2482 1308 υ
2511 1257 2656 1311 Clavi
2683 1259 3038 1314 enimmanus
3068 1262 3288 1316 lixcrant
3310 1303 3326 1324 ,
3356 1263 3539 1318 lancea

1979 1341 2116 1396 latus
2143 1342 2256 1412 ejus
2284 1353 2600 1413 aperuerat:
2624 1347 2710 1400 ubi
2738 1346 2803 1402 ad
2846 1348 3194 1404 dubitantium
3240 1352 3402 1406 corda
3449 1369 3542 1408 sa-

1980 1433 2187 1502 nanda,
2227 1435 2504 1491 vulnerum
2544 1447 2666 1492 sunt
2692 1450 2897 1494 servata
2943 1443 3178 1511 vestigia.
3205 1443 3322 1498 Muli
3367 1455 3543 1499 autem

1979 1526 2219 1593 corporis
2247 1525 2333 1579 ubi
2372 1527 2622 1583 divinitas
2660 1538 2802 1593 erat,
2829 1531 2960 1585 ostia
2990 1533 3166 1587 clausa
3192 1549 3295 1589 non
3323 1535 3547 1590 obstite-

1981 1626 2123 1671 runt.
2153 1618 2244 1674 llle
2287 1619 2481 1689 quippe
2507 1636 2609 1676 non
2649 1621 2726 1676 eis
2767 1622 2961 1691 apertis
2992 1624 3187 1679 intrare
3211 1628 3410 1694 potuit,
3441 1643 3546 1696 quo

1980 1717 2229 1763 nascente
2258 1710 2530 1780 virginitas
2553 1711 2737 1765 matris
2763 1712 3009 1767 inviolata
3048 1715 3356 1782 permansit.
3381 1715 3550 1770 Gavisi

1980 1808 2094 1853 sunt
2120 1815 2237 1870 ergo
2257 1801 2523 1871 discipuli,
2546 1803 2651 1857 viso
2671 1801 2906 1858 Domino.
2931 1803 3072 1858 Dixit
3092 1822 3209 1876 ergo
3233 1807 3304 1860 eis
3330 1809 3506 1862 iterum
3532 1825 3549 1862 :

1984 1890 2099 1946 Pax
2137 1893 2290 1947 vobis.
2338 1893 2550 1949 lteratio
2588 1897 2917 1952 confirmatio
2943 1909 3051 1963 est;
3077 1900 3190 1968 ipse
3226 1902 3420 1970 quippe
3461 1903 3550 1956 ιιςιι

1981 1999 2075 2052 per
2103 1984 2408 2053 prophetam
2438 1988 2748 2055 promissam
2785 2003 2965 2057 pacem
2995 2005 3157 2060 super
3185 2007 3363 2060 pacem
3391 1992 3542 2065 (lsai.

1980 2089 2100 2128 xxv't
2121 2116 2133 2138 ,
2157 2072 2232 2148 '5).
2258 2075 2402 2130 Sicut
2424 2077 2557 2130 misit
2577 2095 2654 2131 me
2673 2077 2849 2145 Pater,
2875 2079 3072 2150 inquit,
3097 2091 3146 2135 et
3169 2099 3259 2152 ego
3279 2084 3420 2138 mitto
3440 2101 3544 2140 vos.

1979 2162 2254 2232 quualem
2286 2164 2425 2219 Patri
2455 2165 2642 2221 Filium
2683 2169 2955 2234 novimus,
2988 2170 3080 2224 sed
3123 2170 3212 2225 hic
3252 2174 3407 2228 verba
3437 2175 3548 2228 Me-

1980 2251 2199 2306 diatoris
2222 2255 2578 2322 agnoscimus.
2621 2255 2847 2311 Medium
2882 2259 3072 2328 quippe
3101 2277 3159 2316 se
3203 2263 3437 2317 ostendit
3465 2264 3548 2317 di-

1982 2341 2150 2396 cendo
2170 2379 2187 2406 ,
2215 2343 2309 2398 llle
2338 2359 2456 2408 me,
2487 2354 2541 2399 et
2569 2360 2668 2415 ego
2693 2361 2805 2400 vos.
2839 2346 2950 2400 Hoc
2979 2365 3091 2402 cum
3120 2351 3357 2416 dixisset,
3389 2354 3550 2420 insuf-

1979 2433 2153 2501 ﬂauit,
2176 2442 2222 2486 et
2261 2433 2389 2487 dixit
2413 2434 2483 2487 eis
2506 2449 2525 2488 :
2547 2434 2770 2504 Accipite
2807 2435 3057 2506 Spiritum
3095 2451 3341 2492 sanctum.
3378 2440 3548 2494 lusul-

1980 2522 2156 2578 llando
2186 2525 2496 2594 signiﬁcavit
2518 2524 2768 2594 Spiritum
2793 2538 3030 2580 sanctum
3054 2543 3158 2582 non
3191 2529 3360 2583 Patris
3385 2531 3548 2585 solius

1980 2630 2097 2670 esse
2121 2616 2372 2685 Spiritum
2400 2659 2413 2684 ,
2436 2617 2529 2671 sed
2557 2626 2611 2671 et
2639 2632 2809 2671 suum.
2845 2617 3068 2682 Quorum
3110 2620 3431 2685 remiseritis,
3467 2622 3548 2674 in-

1979 2709 2125 2778 quit,
2152 2718 2354 2778 peccata
2373 2750 2385 2773 ,
2410 2710 2727 2762 remittuntur
2765 2711 2871 2772 eis;
2897 2719 2942 2763 et
2982 2727 3192 2779 quorum
3219 2713 3547 2779 retinueritis,

1978 2808 2164 2852 retenta
2185 2809 2318 2852 sunt.
2345 2799 2592 2853 Ecclesiae
2622 2799 2850 2853 charitas
2885 2817 3002 2869 qua:
3034 2817 3126 2868 per
3149 2801 3400 2870 Spiritum
3424 2817 3548 2855 san-

1979 2897 2121 2944 ctmn
2151 2889 2456 2942 dill'unditur
2499 2889 2552 2942 in
2575 2889 2818 2942 cordibus
2848 2891 3060 2953 nostris,
3087 2877 3395 2959 participium
3425 2907 3548 2945 suo-

1979 2994 2094 3030 rum
2141 2989 2353 3046 peccata
2399 2977 2655 3031 dimittit:
2689 2995 2870 3031 eorum
2925 2989 3100 3033 autem
3143 2980 3232 3048 qui
3277 2997 3379 3034 non
3425 2993 3549 3035 sunt

1981 3069 2095 3137 ejus
2121 3067 2401 3136 participes
2421 3109 2435 3133 ,
2471 3077 2628 3121 tenet.
2676 3067 2794 3121 ldeo
2839 3076 3178 3136 posteaquam
3205 3069 3366 3134 dixit,
3396 3072 3544 3123 Acci—

1980 3163 2080 3233 pite
2123 3161 2370 3229 Spiritum
2412 3169 2668 3223 sanctum;
2703 3161 2802 3214 hoc
2843 3162 3093 3214 continuo
3118 3161 3186 3215 de
3215 3171 3545 3230 peccatorum

1980 3254 2292 3309 remissione
2319 3268 2382 3307 ac
2407 3253 2711 3306 detentione
2739 3252 2981 3319 subjecit.

2053 3345 2102 3398 5.
2156 3362 2174 3394 t
2203 3342 2435 3398 Thomas
2457 3351 2629 3397 autem
2658 3358 2795 3396 unus
2820 3359 2882 3398 ex
2905 3342 3216 3406 duodecim,
3247 3344 3334 3410 qui
3356 3343 3547 3398 dicitur

1982 3435 2257 3508 Didymus,
2279 3451 2380 3489 non
2403 3444 2514 3489 erat
2538 3436 2754 3488 cum'eis
2775 3433 2983 3503 quando
3005 3435 3146 3488 venit
3172 3433 3323 3488 Jesus
3351 3454 3362 3487 :
3390 3435 3550 3489 Dixe-

1982 3538 2104 3583 runt
2149 3542 2276 3597 ergo
2316 3528 2361 3580 ei
2400 3527 2485 3580 alii
2531 3524 2772 3594 discipuli
2803 3544 2814 3579 :
2845 3525 3080 3580 Vidimus
3125 3526 3420 3578 Dominum.
3462 3525 3552 3579 Ille

1982 3629 2158 3674 autem
2180 3619 2310 3672 dixit
2342 3618 2419 3671 eis
2448 3635 2459 3669 :
2485 3617 2592 3670 Nisi
2624 3617 2805 3671 videro
2833 3616 2883 3669 in
2915 3615 3156 3668 manibus
3186 3615 3300 3683 ejus
3331 3615 3549 3668 fixuram

1982 3710 2280 3772 clavorum,
2305 3719 2357 3762 et
2382 3710 2583 3761 mittam
2611 3707 2828 3776 digitum
2861 3722 3034 3760 meum
3081 3707 3132 3759 in
3177 3707 3345 3759 locmu
3377 3709 3553 3759 clavo-

1985 3817 2100 3855 rum
2123 3801 2140 3866 ζ
2169 3809 2221 3853 et
2257 3801 2455 3852 mittam
2480 3815 2688 3852 manmn
2715 3813 2882 3850 meam
2909 3798 2958 3850 in
2985 3797 3117 3851 latus
3143 3799 3256 3865 ejus
3277 3839 3288 3860 ,
3314 3814 3414 3851 non
3438 3815 3552 3851 cre-

1985 3892 2127 3945 dam.
2157 3890 2221 3944 Et
2266 3898 2385 3958 post
2412 3890 2523 3942 dies
2567 3900 2686 3942 octo
2732 3890 2918 3942 iterum
2965 3895 3115 3940 erant
3158 3888 3396 3956 discipuli
3439 3889 3553 3955 ejus

1985 3981 2126 4034 intus
2146 4020 2160 4046 ,
2187 3988 2240 4034 et
2267 3979 2497 4033 Thomas
2519 3993 2634 4032 cmn
2659 3978 2755 4032 eis.
2785 3977 2934 4030 Venit
2961 3975 3114 4032 Jesus
3136 3977 3310 4044 januis
3336 3979 3552 4042 clausis,

1986 4073 2204 4128 etstctit
2229 4073 2279 4125 in
2322 4071 2530 4132 medio,
2566 4079 2616 4122 et
2643 4068 2810 4122 dixit:
2836 4069 2943 4122 Pax
2989 4068 3156 4122 vobis.
3196 4069 3389 4122 Deinde
3429 4069 3555 4122 dicit

1989 4165 2206 4220 Thomte
2239 4160 2417 4217 :Inl'er
2470 4161 2686 4229 digitum
2739 4169 2885 4212 tuum
2935 4157 3072 4220 huc,
3101 4167 3153 4211 et
3202 4137 3317 4212 vide
3368 4175 3553 4211 manus

1989 4272 2134 4310 meas
2155 4297 2168 4319 ,
2193 4266 2243 4308 et
2272 4254 2402 4308 alTer
2424 4267 2634 4304 manum
2667 4261 2803 4303 tuam
2825 4291 2840 4315 ,
2864 4259 2912 4303 et
2940 4251 3086 4303 mitte
3109 4250 3159 4302 in
3186 4249 3318 4302 latus
3343 4267 3551 4309 meum:

1991 4360 2042 4404 el
2063 4349 2170 4403 noli
2197 4362 2315 4403 esse
2337 4343 2666 4408 incredulus,
2693 4342 2781 4396 sed
2813 4343 2996 4395 lidelis.
3020 4340 3304 4408 Respondit
3327 4341 3558 4394 Thomas

1992 4452 2044 4498 et
2072 4443 2204 4496 dixit
2240 4439 2287 4496 ei
2318 4455 2331 4491 :
2363 4438 2614 4492 Dominus
2645 4451 2791 4489 meus
2821 4443 2873 4487 et
2899 4433 3041 4488 Deus
3080 4449 3243 4486 meus.
3285 4452 3302 4484 ι
3345 4434 3561 4488 Videbat

1995 4533 2346 4602 tangebatque
2391 4529 2690 4590 hominem,
2719 4534 2772 4579 et
2813 4523 3164 4578 00nlilebatur
3194 4523 3357 4576 Deum
3405 4538 3559 4590 quem

1996 4640 2099 4678 non
2128 4622 2340 4675 videbat
2367 4634 2535 4686 neque
2569 4616 2846 4685 tangebat;
2877 4615 2967 4669 sed
2999 4630 3090 4683 per
3121 4613 3218 4667 hoc
3243 4613 3382 4681 quod
3412 4612 3558 4666 vide-

1997 4717 2087 4770 bat
2109 4722 2266 4781 atque
2293 4709 2565 4779 tangebat,
2586 4707 2710 4761 illud
2738 4709 2844 4775 jam
2877 4714 3075 4760 remota
3097 4701 3422 4758 dubitatione
3449 4716 3564 4755 cre-

1998 4805 2173 4861 debat.
2205 4801 2340 4855 Dicit
2365 4801 2411 4854 ei
2448 4798 2481 4852 Ι
2489 4815 2599 4852 esus
2624 4814 2640 4850 :
2665 4798 2793 4861 Quia
2825 4795 2988 4849 vidisti
3013 4812 3088 4848 me
3108 4837 3122 4860 ,
3149 4793 3421 4847 credidisti.
3450 4792 3563 4845 Non

2000 4898 2103 4964 ait,
2134 4892 2345 4963 tetigisti
2375 4887 2490 4954 me;
2524 4889 2646 4956 sed,
2677 4887 2845 4942 vidisti
2885 4903 3003 4939 me:
3031 4869 3276 4956 quoniam
3308 4882 3568 4953 generalis

2002 4980 2387 5058 quodammodo
2409 4995 2596 5035 sensus
2623 4987 2707 5033 est
2735 4978 2897 5031 visus.
2924 4976 3053 5029 Nam
3083 4983 3137 5029 et
3163 4989 3257 5044 per
3279 4973 3408 5025 alio.-
3437 4986 3570 5039 qna-

2002 5091 2122 5136 tuor
2147 5092 2336 5132 sensus
2365 5073 2626 5128 nominari
2652 5071 2787 5126 solet
2813 5088 2826 5124 :
2851 5069 2993 5122 velut
3020 5081 3138 5121 cum
3164 5057 3407 5127 dicimus,
3433 5061 3569 5116 Audi

2002 5185 2056 5227 et
2083 5171 2202 5225 vide
2229 5183 2383 5238 quam
2429 5166 2562 5219 bene
2604 5171 2755 5217 sonet
2785 5203 2798 5221 .
2827 5157 2964 5214 ollae
3007 5165 3058 5211 et
3085 5155 3204 5209 vide
3245 5168 3398 5221 quam
3441 5151 3575 5205 bene

2005 5266 2145 5319 oleat
2167 5303 2179 5325 ,
2203 5269 2354 5331 gusta
2384 5265 2435 5311 ct
2461 5255 2578 5308 vide
2608 5267 2762 5320 quam
2796 5251 2929 5303 bene
2957 5247 3160 5313 sapiat,
3194 5250 3347 5311 tange
3373 5249 3426 5295 et
3453 5238 3574 5292 vide

2007 5369 2162 5425 quam
2193 5352 2328 5406 bene
2371 5347 2558 5402 caleat.
2600 5343 2806 5410 Ubique
2849 5339 3060 5402 sonuit,
3092 5335 3258 5401 Vide,
3288 5348 3408 5388 cum
3434 5331 3576 5385 visus

2009 5423 2219 5516 proprie
2257 5455 2360 5494 non
2385 5445 2606 5506 negetur
2632 5432 2696 5486 ad
2724 5431 2902 5486 oculos
2931 5427 3216 5498 pertinere.
3241 5423 3391 5481 Unde
3412 5433 3460 5477 et
3495 5423 3581 5478 hic

2009 5515 2121 5607 ipse
2167 5533 2460 5595 Dominus,
2498 5525 2666 5596 Infer,
2711 5521 2908 5592 inquit,
2941 5519 3153 5591 digitum
3192 5527 3330 5570 tuum
3372 5515 3502 5582 huc,
3535 5525 3582 5568 et

2009 5627 2121 5683 uide
2149 5639 2326 5679 manus
2355 5635 2489 5675 meas
2513 5633 2530 5672 :
2550 5615 2673 5687 quid
2695 5612 2833 5667 aliud
2860 5613 2930 5666 ait
2955 5625 3137 5681 quam,
3155 5608 3334 5680 Tange
3354 5618 3406 5663 et
3428 5607 3581 5662 vide?

2015 5719 2120 5775 Nec
2148 5726 2321 5770 tamen
2364 5711 2544 5766 oculos
2589 5707 2673 5762 ille
2712 5702 3016 5760 habebatin
3059 5702 3240 5774 digito.
3290 5701 3429 5770 Ergo
3469 5701 3582 5755 sive
