4028 6474
513 318 536 370 ί
545 315 652 372 959

511 424 762 482 intuendo
782 465 795 488 ,
827 423 940 477 sive
979 421 1138 478 etiam
1177 419 1440 490 tangendo
1460 459 1474 484 ,
1508 417 1638 482 Quia
1659 419 1828 472 vidisti
1859 434 1966 482 me,
1997 417 2082 470 in-

425 543 430 548 -
510 516 622 584 quit
643 557 656 576 ,
685 512 958 568 credidisti.
983 511 1234 580 Quamvis
1257 511 1358 563 dici
1390 509 1554 578 possit
1581 523 1684 561 non
1713 521 1898 560 ausum
1923 506 2084 561 fuisse

509 603 826 672 discipulum
859 611 1102 670 tangere,
1133 613 1252 653 cum
1283 613 1339 651 se
1363 597 1580 651 oﬂ'erret
1607 597 1694 650 ille
1721 595 2039 664 tangendum
2067 613 2080 648 :

513 711 616 750 non
649 695 788 749 enim
818 693 1068 760 scriptum
1096 699 1177 744 est
1197 731 1210 754 ,
1241 689 1306 742 Et
1345 687 1512 756 tetigit
1555 687 1808 741 Thomas.
1837 687 1940 740 Sed
1971 685 2085 740 sive

511 785 817 856 aspiciendo
867 791 1096 845 tantum,
1131 780 1242 832 sive
1288 780 1446 833 etiam
1492 777 1754 847 tangendo
1808 778 1994 832 viderit
2034 785 2087 830 et

512 875 829 939 crediderit,
861 871 982 926 iliud
1004 871 1140 939 quod
1169 868 1424 938 sequitur,
1457 870 1624 938 magis
1659 871 1894 938 gentium
1928 867 2086 920 Iidem

515 969 766 1036 pr:cdicat
792 973 948 1034 atque
989 962 1356 1026 commendat,
1384 959 1528 1014 Beati
1563 962 1646 1029 qui
1689 977 1790 1012 non
1817 960 2048 1012 uiderunt
2069 999 2084 1022 ,

514 1067 560 1114 et
585 1055 920 1110 crediderunt.
941 1051 1202 1106 Przeteriti
1222 1052 1473 1119 temporis
1501 1067 1624 1104 usus
1649 1059 1730 1102 est
1757 1049 1951 1114 verbis,
1971 1056 2088 1101 tan-

513 1163 670 1220 quam
699 1146 784 1210 ille
807 1144 894 1212 qui
919 1142 1058 1210 quod
1082 1153 1194 1196 erat
1225 1142 1454 1196 futurum
1474 1184 1488 1207 ,
1519 1141 1569 1194 in
1601 1156 1692 1194 sua
1715 1149 1935 1194 noverat
1956 1155 2088 1208 prie-

515 1237 868 1292 destinatione
900 1235 1010 1305 jam
1041 1234 1257 1289 factum.
1291 1233 1395 1288 Sed
1435 1233 1542 1302 jam
1575 1247 1751 1286 sermo
1779 1233 1878 1286 iste
1905 1247 1932 1284 a
1963 1247 2088 1301 pro-

515 1327 717 1380 lixitate
755 1325 1082 1380 cohibendus
1121 1335 1204 1379 est
1227 1343 1239 1378 :
1263 1324 1480 1378 donabit
1527 1324 1780 1378 Dominus
1816 1332 1872 1376 ut
1911 1323 1978 1378 de
2008 1323 2090 1379 his

517 1431 634 1488 quae
657 1425 880 1483 restant,
921 1416 1051 1470 alias
1080 1415 1426 1485 disputemus.

975 1568 1382 1624 TRACTA'IUS
1419 1567 1625 1622 CXXII.

517 1699 598 1753 De
624 1715 680 1752 eo
717 1699 849 1768 quod
884 1699 1125 1766 sequitur,
1156 1697 1310 1750 Multa
1338 1696 1549 1766 quidem
1577 1704 1628 1750 et
1655 1695 1756 1750 alia
1793 1695 1940 1766 signa
1969 1693 2091 1750 fecit

588 1787 740 1842 Jesus
763 1804 776 1850 ;
802 1803 958 1858 usque
985 1787 1051 1839 ad
1095 1787 1148 1839 id
1173 1827 1186 1850 ,
1221 1787 1287 1839 Et
1323 1801 1442 1840 cum
1475 1786 1602 1839 tanti
1629 1793 1809 1840 essent
1832 1827 1846 1850 ,
1879 1799 1982 1838 non
2009 1793 2093 1840 est

589 1877 812 1930 scissum
843 1887 976 1930 rete.
1010 1875 1138 1946 Cap.
1173 1890 1274 1940 xx,
1325 1875 1360 1944 7
1395 1875 1430 1944 ᾗ
1454 1909 1468 1926 .
1500 1873 1602 1940 50,
1629 1875 1690 1929 51
1717 1915 1731 1938 ,
1755 1883 1798 1928 et
1823 1891 1936 1944 cap.
1967 1889 2086 1940 ut,

606 1965 680 2034 θ.
711 1965 862 2020 1-11.

599 2096 650 2149 1.
692 2095 816 2149 Post
861 2095 1216 2150 narrationem
1259 2097 1336 2150 rei
1382 2105 1579 2166 gestia,
1609 2095 1661 2150 in
1704 2113 1806 2166 qua
1861 2095 2092 2151 Thomas

522 2185 810 2254 discipulus
831 2171 1022 2239 oblatis
1051 2187 1150 2239 sibi
1185 2186 1460 2256 tangendis
1486 2185 1537 2239 in
1566 2185 1762 2239 Christi
1792 2201 1950 2240 carne
1981 2187 2093 2240 vnl-

523 2291 708 2330 nerum
741 2276 896 2338 locis,
927 2277 1055 2330 vidit
1097 2277 1238 2346 quod
1281 2277 1496 2331 credere
1522 2277 1732 2332 nolebat
1761 2286 1814 2332 et
1833 2277 2090 2341 credidit;

523 2365 808 2436 interponit
833 2364 947 2418 haec
967 2367 1286 2434 evangelista
1311 2365 1572 2432 Joannes,
1603 2374 1656 2420 et
1679 2366 1846 2420 dicit:
1883 2385 1900 2418 ι
1935 2367 2092 2421 Multa

523 2455 734 2524 quidem
758 2463 810 2509 ct
832 2456 932 2508 alia
961 2456 1106 2525 signa
1141 2457 1260 2510 fecit
1283 2456 1434 2510 Jesns
1461 2456 1512 2509 in
1541 2467 1828 2526 conspectu
1859 2457 2092 2528 discipu-

525 2545 692 2598 lorum
737 2561 949 2598 suorum
975 2587 988 2608 ,
1017 2562 1132 2614 qum
1179 2531 1282 2599 non
1311 2555 1432 2599 sunt
1469 2547 1662 2616 scripta
1704 2547 1753 2600 in
1799 2547 1933 2602 libro
1973 2549 2091 2603 lioc.

527 2635 653 2690 lla-c
679 2643 853 2688 autem
898 2637 1090 2704 scripta
1135 2645 1292 2703 sunt,
1325 2647 1378 2690 ut
1417 2638 1645 2692 credatis
1673 2639 1791 2708 quia
1832 2639 1987 2694 Jesus
2015 2649 2092 2694 est

522 2725 766 2779 Christus
810 2723 969 2779 Filius
997 2725 1122 2790 Dei;
1146 2735 1198 2780 et
1227 2733 1286 2779 ut
1311 2727 1586 2782 credentes
1605 2769 1619 2792 ,
1651 2729 1812 2782 vitam
1855 2729 2090 2783 habeatis

523 2815 579 2868 in
608 2823 820 2870 nomine
841 2817 973 2884 ejus.
1013 2833 1032 2867 ι
1065 2815 1176 2868 Hoc
1198 2816 1482 2884 capitulum
1507 2819 1774 2872 velutlibri
1795 2819 2095 2888 ltujusindi-

523 2915 610 2960 cat
631 2907 790 2960 ﬁnem
821 2923 832 2957 :
863 2907 958 2961 sed
987 2917 1229 2960 narratur
1256 2907 1340 2961 hic
1360 2907 1550 2962 deinde
1574 2909 2014 2978 quemadmodum
2037 2923 2096 2964 se

525 2997 942 3052 manifestaverit
991 2997 1246 3052 Dominus
1293 2998 1360 3052 ad
1407 3013 1552 3052 mare
1593 2999 1910 3060 Tiberiadis,
1939 3011 1992 3054 et
2044 3001 2094 3053 in

527 3097 744 3156 captura
775 3088 995 3157 piscium
1025 3089 1473 3142 commendaverit
1513 3089 1763 3142 Ecclesia:
1792 3105 2095 3143 sacramen-

528 3187 674 3244 tum,
703 3179 874 3248 qualis
901 3179 1070 3234 futura
1112 3189 1194 3235 est
1239 3181 1416 3233 ultima
1447 3183 1838 3236 resurrectione
1863 3192 2097 3237 mortuo-

525 3275 704 3328 rum‘.
736 3274 814 3328 Ad
858 3273 959 3327 hoc
1010 3275 1182 3344 itaque
1219 3275 1692 3328 eomnicndandum
1742 3276 1918 3330 valere
1955 3279 2096 3331 arbi-

527 3372 660 3430 tror,
689 3364 826 3434 quiid
857 3373 1104 3433 tanquam
1146 3367 1265 3419 linis
1295 3366 1634 3436 interpositus
1661 3377 1741 3420 est
1781 3367 1924 3430 libri,
1955 3367 2095 3436 quod

526 3467 666 3513 esset
691 3457 849 3511 etiam
890 3467 1150 3512 secutura:
1191 3459 1505 3512 narratiOnis
1553 3461 1700 3528 quasi
1745 3461 2054 3528 promiiiium
2079 3499 2092 3524 ,

527 3549 668 3620 quod
698 3549 746 3604 ei
778 3549 1166 3619 quodammodo
1210 3551 1404 3605 faceret
1452 3551 1851 3605 eminentiorem
1884 3550 2056 3604 locum
2077 3593 2094 3618 ,

525 3657 644 3710 quin
687 3643 922 3696 narratio
973 3643 1156 3713 incipit
1207 3642 1272 3695 ita
1301 3657 1312 3693 :
1345 3659 1364 3693 (
1414 3643 1599 3696 Postea
1645 3643 1997 3696 inanil‘esuivit
2039 3657 2098 3698 se

525 3733 716 3787 iterum
747 3732 900 3786 Jesus
919 3732 984 3787 ad
1016 3749 1162 3788 mare
1188 3733 1516 3798 Tiberiadis;
1549 3733 2096 3787 manifestavitautem

525 3824 604 3878 sic
655 3823 818 3877 Erant
841 3823 997 3876 simul
1025 3823 1204 3878 Simon
1237 3825 1424 3878 Petrus
1453 3834 1506 3878 et
1531 3823 1761 3879 Thomas
1790 3825 1878 3894 qui
1909 3825 2099 3880 dicitur

525 3913 779 3984 Didymus
802 3955 816 3978 ,
848 3924 901 3966 et
933 3913 1224 3968 Nathanacl
1261 3915 1348 3982 qui
1377 3923 1491 3968 erat
1526 3930 1553 3968 a
1581 3913 1722 3970 Cana
1753 3915 1981 3970 Galiltem
2001 3957 2016 3982 ,
2047 3925 2100 3970 et

523 4005 615 4059 lilii
642 4003 881 4058 Zebedzci
900 4045 914 4068 ,
941 4013 994 4058 et
1033 4007 1119 4058 alii
1147 4023 1210 4058 ex
1241 4001 1513 4074 disCipulis
1553 4006 1666 4076 ejus
1694 4006 1818 4060 duo.
1863 4007 1994 4060 Dicit
2021 4009 2099 4062 eis

523 4095 706 4149 Simon
745 4095 968 4148 Petrus:
997 4095 1144 4150 Vado
1175 4096 1386 4164 piscari.
1431 4097 1620 4150 Dicunt
1647 4098 1692 4151 ei
1724 4115 1736 4150 :
1769 4097 2019 4153 Venimus
2045 4109 2099 4154 et

523 4199 621 4238 nos
645 4194 835 4238 tecum.
876 4205 894 4236 ι

595 4274 660 4327 2.
691 4275 866 4342 Quaeri
911 4276 1044 4330 solet
1093 4277 1160 4332 de
1209 4279 1308 4331 hac
1355 4277 1644 4346 piscatione
1685 4277 2093 4348 discipulorum,

524 4380 620 4420 cur
647 4365 902 4419 redierint
929 4365 1112 4421 Petrus
1142 4375 1193 4421 ct
1235 4367 1324 4420 lilii
1365 4367 1607 4421 Zebedaai
1632 4368 1698 4421 ad
1725 4367 1774 4422 id
1801 4369 1940 4438 quod
1985 4369 2098 4426 fue-

523 4467 648 4510 runt
685 4457 992 4528 priusquam
1038 4474 1066 4510 a
1109 4458 1336 4514 Domino
1383 4469 1910 4516 vocarenturzerant
1954 4466 2096 4520 enim

523 4549 812 4618 piscatores
838 4548 1047 4618 quando
1072 4550 1147 4604 eis
1173 4549 1339 4617 dixit,
1373 4550 1546 4604 Venite
1565 4563 1676 4622 post
1705 4571 1782 4606 me
1801 4597 1814 4622 ,
1837 4566 1882 4608 et
1911 4558 2094 4624 faciam

521 4655 605 4692 ros
655 4639 929 4708 piscatores
976 4639 1233 4692 hominum
1270 4641 1478 4711 (.iIatt/t.
1511 4657 1585 4706 IV',
1637 4643 1744 4714 i9).
1790 4643 1936 4701 Tunc
1973 4663 2093 4701 cum

521 4729 714 4798 quippe
732 4729 804 4782 illi
829 4729 994 4784 secuti
1012 4739 1154 4796 sunt,
1170 4739 1224 4784 ut
1249 4733 1548 4801 magisterio
1563 4733 1676 4803 ejus
1705 4735 1900 4792 relictis
1925 4739 2094 4792 omni-

525 4817 623 4872 bus
666 4819 998 4874 adlia-rercnt
1039 4837 1052 4873 :
1083 4821 1135 4873 in
1165 4829 1363 4875 tantum
1415 4833 1470 4877 ut
1495 4839 1613 4878 cum
1647 4825 1714 4879 ab
1737 4841 1802 4880 eo
1830 4826 1978 4882 dives
2005 4829 2095 4885 ille

521 4909 686 4963 tristis
715 4909 1057 4978 abscederet,
1083 4913 1167 4966 cui
1198 4913 1432 4980 dixerat,
1471 4913 1643 4980 Vade,
1677 4919 1832 4972 vende
1864 4935 1976 4990 qui:
2003 4921 2094 4972 Ita-

519 5003 629 5064 bes,
663 5012 708 5055 et
749 5001 814 5054 da
839 5003 1145 5074 pauperibus
1169 5047 1182 5068 ,
1205 5013 1252 5057 et
1297 5003 1492 5058 habebis
1519 5007 1806 5062 thesaurum
1843 5012 1894 5063 in
1927 5010 2050 5064 calo
2073 5029 2094 5076 ;

479 5093 482 5096 ’
519 5101 563 5145 ct
589 5093 724 5156 veni,
754 5111 955 5164 sequere
975 5111 1052 5148 me
1071 5137 1082 5156 ,
1111 5093 1315 5148 diceret
1342 5097 1388 5148 ei
1419 5097 1609 5151 Petrus
1629 5140 1644 5160 ,
1673 5096 1805 5152 Ecce
1827 5117 1916 5154 nos
1945 5101 2094 5154 diuti-

517 5185 672 5236 simus
697 5185 882 5250 omnia,
915 5195 958 5237 et
979 5187 1136 5237 secuti
1164 5203 1337 5239 sumus
1360 5195 1406 5240 te
1433 5185 1538 5254 (Id.
1573 5204 1658 5241 nx
1678 5229 1691 5252 ,
1723 5189 1784 5242 21
1813 5230 1825 5252 ,
1861 5191 1948 5255 22,
1973 5191 2088 5264 27).

519 5276 652 5344 Quid
675 5286 755 5331 est
778 5293 902 5347 ergo
922 5278 1060 5347 quod
1087 5295 1224 5332 nunc
1248 5281 1396 5347 quasi
1419 5283 1455 5333 Α
1469 5281 1727 5348 postulatu
1757 5283 1939 5337 relicto
1961 5281 2091 5338 ﬁunt

519 5367 658 5435 quod
686 5365 916 5434 fuerunt,
950 5381 1002 5423 et
1029 5369 1168 5438 quod
1195 5369 1507 5424 dimiserant
1537 5381 1778 5440 repetunt
1801 5413 1814 5438 ,
1841 5381 2088 5443 tanquam

519 5459 667 5513 obliti
711 5461 848 5528 quod
893 5460 1202 5528 audierant,
1253 5461 1416 5515 Nemo
1469 5479 1656 5532 ponens
1697 5481 1900 5518 manum
1941 5483 2093 5536 super

517 5553 744 5597 aratrum
761 5585 776 5610 ,
801 5555 849 5598 et
877 5547 1144 5617 respiciens
1183 5555 1314 5602 retro
1333 5589 1350 5616 ,
1375 5560 1524 5618 aptus
1551 5559 1622 5602 est
1663 5565 1814 5619 regno
1853 5551 2090 5604 cwlorum

583 5703 598 5735 ι
625 5707 696 5749 Er.
724 5699 868 5763 Lugd.
893 5707 942 5750 et
965 5708 1104 5762 \‘en.,
1128 5700 1416 5754 resurrectio
1437 5707 1746 5753 mortuorum.
1803 5709 1856 5750 Μ.

1459 309 1524 362 IN
1560 305 1835 362 JOANNIS
1873 305 2333 372 EVANGEIJUM,
2375 303 2432 360 S.
2475 303 2836 362 AUGUSTINI

3627 306 3760 361 1930

2189 417 2335 490 (Luc.
2388 435 2474 486 ix,
2529 419 2678 490 62)?
2727 419 2878 488 Quod
2930 419 2974 473 si
3007 417 3254 474 fecissent
3297 419 3550 474 defuncto
3597 419 3760 488 Jesu,

2189 511 2490 578 priusquam
2515 511 2882 564 rt-Surrexisset
2915 525 2942 561 a
2965 512 3186 563 mortuis
3213 529 3224 563 :
3249 511 3388 580 quod
3413 511 3626 580 quidem
3655 527 3760 565 non

2193 606 2466 666 poterant,
2497 600 2744 668 quoniam
2775 599 2890 652 dies
2921 615 3024 665 quo
3048 601 3330 654 cruciﬁxus
3357 611 3466 666 est,
3497 611 3636 654 totos
3665 616 3760 654 eos

2191 691 2400 742 tenebat
2427 699 2673 750 attentos.
2705 705 2870 756 usque
2895 691 2958 742 ad
2983 689 3097 758 ejus
3117 691 3462 758 sepulturam,
3495 707 3614 761 qua:
3639 701 3764 746 ante

2192 795 2464 847 vesperam
2499 780 2630 834 facta
2659 789 2770 844 est;
2795 795 3022 849 sequens
3043 789 3216 834 autem
3245 781 3358 835 dies
3389 791 3501 835 erat
3531 783 3760 846 sabbati,

2191 869 2400 938 quando
2427 871 2505 924 eis
2531 885 2733 924 morem
2759 871 2980 940 patrium
3011 873 3344 924 servantibus
3372 915 3382 936 ,
3411 875 3620 941 operari
3655 875 3758 926 uti-

2191 977 2292 1032 que
2319 977 2420 1016 non
2453 962 2674 1026 licebat;
2707 963 2861 1016 tertio
2895 977 3020 1016 vero
3047 963 3132 1016 die
3161 963 3412 1016 Dominus
3437 965 3762 1026 resurrexit.

2191 1067 2388 1120 eosque
2425 1054 2688 1106 revocavit
2729 1052 2794 1106 ad
2825 1067 2972 1120 spem
2999 1067 3154 1121 quam
3201 1053 3268 1108 dc
3298 1053 3386 1106 illo
3418 1069 3519 1106 non
3563 1053 3768 1110 habere

2185 1143 2294 1211 jam
2339 1153 2610 1212 cmpcrant
2642 1159 2654 1195 :
2684 1153 2856 1196 tamen
2903 1143 2944 1194 si
2991 1155 3112 1196 tunc
3152 1143 3432 1202 fet-issent.
3461 1153 3768 1212 putaremus

2191 1247 2283 1288 eos
2311 1233 2398 1287 illa
2421 1249 2538 1303 qua:
2557 1235 2762 1286 animos
2781 1249 2962 1288 eorum
2987 1241 3332 1300 occupaverat
3353 1275 3366 1294 ,
3395 1235 3770 1302 desperatione

2195 1323 2401 1378 fecisse.
2443 1323 2592 1377 Nunc
2621 1339 2746 1376 vero
2779 1333 2894 1390 post
2923 1339 3042 1376 cunt
3073 1323 3170 1374 sibi
3211 1323 3274 1376 de
3301 1324 3544 1390 sepulcro
3583 1323 3768 1378 reddi-

2193 1421 2302 1466 tutn
2329 1412 2534 1478 vivum,
2561 1423 2680 1481 post
2698 1411 2923 1466 oblatam
2947 1413 3053 1466 suis
3079 1412 3249 1465 oculis
3277 1421 3330 1466 et
3355 1413 3631 1474 manibus.
3661 1429 3766 1466 non

2193 1503 2362 1556 solum
2395 1503 2700 1568 videndam,
2731 1518 2912 1556 verum
2937 1502 3094 1556 etiam
3123 1501 3434 1571 tangendam
3465 1513 3624 1570 atque
3654 1505 3768 1572 pai-

2191 1595 2418 1663 pandam
2465 1595 2708 1650 rediviva:
2749 1583 3410 1650 carnis'evidentissimum
3451 1595 3766 1656 veritatem;

2193 1698 2314 1757 post
2369 1689 2600 1758 inspecta
2657 1688 2932 1740 vulnerum
2985 1686 3131 1748 loca,
3187 1699 3352 1754 usque
3403 1686 3468 1738 ad
3536 1687 3768 1754 apostoli

2195 1777 2236 1830 Τ
2239 1779 2414 1831 hama:
2452 1776 2838 1832 confessionem
2858 1817 2872 1842 ,
2901 1776 2990 1846 qui
3031 1790 3089 1830 se
3129 1775 3284 1830 aliter
3307 1776 3630 1830 crediturum
3663 1792 3771 1830 non

2194 1881 2312 1922 esse
2365 1867 2714 1935 priedixcrat;
2761 1876 2881 1936 post
2927 1873 3200 1936 acceptum
3243 1865 3358 1934 ejus
3415 1864 3772 1920 insematione

2195 1959 2448 2030 Spiritum
2477 1969 2744 2022 sanctum,
2775 1967 2896 2029 post
2923 1959 3078 2012 verba
3111 1959 3160 2010 in
3197 1971 3318 2011 suas
3349 1973 3504 2012 aures
3527 1957 3646 2025 ejus
3673 1972 3770 2011 ore

2197 2051 2395 2120 prolata
2416 2093 2430 2117 ,
2461 2051 2603 2104 Sicut
2631 2049 2764 2102 misit
2801 2065 2878 2102 me
2901 2047 3078 2111 Pater,
3122 2057 3167 2101 et
3196 2063 3286 2118 ego
3313 2048 3454 2102 mitto
3481 2063 3566 2100 vos
3591 2063 3608 2102 :
3637 2062 3770 2116 quo“

2195 2160 2308 2198 rum
2351 2143 2634 2196 remiseritis
2683 2149 2884 2212 peccata
2905 2181 2918 2204 ,
2963 2140 3280 2194 remittuntur
3331 2139 3428 2200 eis,
3459 2147 3508 2192 et
3557 2154 3768 2208 quorum

2195 2233 2516 2296 retinneritis,
2539 2241 2730 2285 retenta
2751 2241 2865 2284 sunt
2885 2229 3060 2299 (Joan.
3089 2245 3182 2294 xx,
3201 2227 3392 2299 21—225)
3409 2249 3422 2280 :
3437 2229 3612 2282 subito
3636 2227 3772 2281 ﬁunt

2197 2327 2332 2378 sicut
2355 2323 2592 2388 fuerant,
2621 2337 2726 2377 non
2749 2322 3052 2384 hominum,
3081 2321 3174 2374 sed
3206 2321 3428 2390 piscium
3451 2319 3770 2388 piscatores.

2267 2417 2320 2470 5.
2365 2416 2456 2469 llis
2490 2429 2616 2484 ergo
2655 2429 2786 2483 quos
2825 2413 2925 2466 hoc
2963 2423 3140 2466 movet
3181 2409 3608 2480 rit-Spondendum
3649 2419 3772 2475 est,

2199 2522 2304 2560 non
2328 2521 2420 2560 eos
2449 2505 2608 2560 fuisse
2639 2505 2931 2575 prohibitos
2969 2513 3084 2557 arte
3125 2517 3248 2565 sua,
3279 2501 3416 2554 licita
3457 2501 3660 2556 scilicet
3685 2509 3774 2554 at-

2197 2613 2300 2668 que
2350 2611 2632 2660 concessa,
2687 2595 2878 2650 victum
2935 2593 3294 2648 necessarium
3349 2607 3628 2660 quzrrerc,
3689 2591 3774 2645 sui

2197 2689 2536 2758 Apostolatus
2559 2687 2854 2756 integritate
2879 2693 3084 2738 servata
3107 2725 3120 2746 ,
3149 2683 3190 2736 si
3221 2682 3430 2752 quando
3457 2682 3600 2736 unde
3625 2682 3778 2736 vive-

2199 2789 2318 2834 rent
2343 2778 2482 2834 aliud
2532 2777 2928 2832 nonbaberent.
2975 2775 3084 2829 Nisi
3129 2773 3266 2828 forte
3293 2774 3554 2842 quispiam
3585 2783 3778 2840 putare

2199 2869 2414 2924 audebit
2436 2878 2526 2922 aut
2544 2869 2740 2930 dicere,
2769 2867 3062 2934 apostolum
3085 2865 3304 2918 Paulum
3329 2879 3430 2918 non
3455 2863 3778 2932 pertinuisse

2199 2961 2263 3015 ad
2295 2975 2478 3015 eorum
2509 2959 2884 3028 perfectionem
2907 2957 2994 3026 qui
3017 2956 3210 3008 relictis
3229 2956 3476 3010 omnibus
3495 2953 3772 3008 Christum

2199 3053 2364 3108 secuti
2387 3061 2534 3114 sunt,
2561 3051 2808 3121 quoniam
2853 3066 2919 3104 ne
2961 3063 3276 3118 quemquam
3303 3063 3486 3101 eorum
3525 3057 3776 3116 gravaret

2199 3144 2388 3214 quibus
2427 3143 2766 3211 Evangelium
2813 3140 3165 3209 przrdicabat,
3210 3155 3362 3192 suum
3413 3139 3606 3192 victum
3659 3139 3774 3192 suis

2201 3233 2444 3288 inanibus
2469 3231 2788 3300 transigebat
2811 3229 2876 3302 (11
2903 3229 3079 3283 Thess.
3111 3245 3164 3284 tu
3187 3271 3201 3294 ,
3225 3227 3278 3300 8)
3307 3244 3320 3280 :
3351 3227 3438 3282 ubi
3471 3227 3635 3296 magis
3667 3227 3774 3280 im-

2201 3325 2396 3394 pletum
2434 3331 2516 3377 est
2557 3321 2698 3391 quod
2741 3321 2844 3386 ait,
2883 3319 3006 3373 Plus
3035 3320 3262 3372 onmibus
3307 3319 3408 3370 illis
3435 3317 3692 3382 laboraui;
3717 3325 3776 3370 et

2199 3413 2471 3483 adjunxit,
2507 3411 2626 3466 Non
2669 3421 2835 3464 autem
2859 3426 2986 3480 ego,
3021 3409 3108 3462 sed
3145 3409 3310 3478 gratia
3349 3406 3443 3459 Dei
3483 3405 3722 3476 mecum(
3758 3406 3778 3460 ι

2201 3505 2318 3560 Cor.
2351 3522 2436 3572 xv,
2471 3501 2558 3577 10)
2585 3525 2598 3560 :
2627 3515 2684 3559 ut
2714 3505 2812 3558 hoc
2841 3517 3050 3573 quoque
3073 3509 3324 3570 appareat
3355 3499 3444 3552 Dei
3471 3498 3656 3568 gratia:
3681 3498 3780 3550 de-

2201 3599 2518 3668 putandum,
2549 3596 2690 3666 quod
2729 3605 2784 3650 et
2821 3595 2998 3648 animo
3023 3605 3078 3649 et
3115 3609 3338 3662 corpore
3369 3601 3576 3661 paterat
3605 3605 3776 3660 uSque

2199 3691 2334 3745 adeo
2365 3691 2480 3760 plus
2519 3689 2624 3743 illis
2649 3688 2893 3744 omnibus
2929 3688 3168 3742 laborare
3189 3727 3202 3748 ,
3235 3696 3294 3738 ut
3331 3701 3500 3754 neque
3537 3693 3776 3738 cessaret

2199 3784 2266 3839 ab
2297 3783 2582 3852 Evangelia
2621 3778 2986 3850 printlicando.
3019 3791 3190 3846 neque
3215 3786 3388 3830 tamen
3431 3789 3496 3830 ex
3535 3775 3778 3843 Evange-

2201 3874 2273 3928 iio
2293 3915 2308 3938 ,
2341 3873 2478 3928 sicut
2503 3873 2610 3936 illi,
2639 3877 2958 3924 sustentaret
2983 3867 3118 3922 hanc
3139 3867 3328 3928 vitam;
3358 3879 3478 3920 cum
3508 3865 3556 3918 id
3583 3881 3676 3934 per
3699 3873 3778 3919 tot

2200 3973 2388 4035 gentes
2413 3964 2466 4016 in
2492 3961 2682 4032 quibus
2711 3959 2904 4014 Christi
2936 3973 3128 4014 nomen
3161 3973 3264 4012 non
3293 3955 3462 4010 fuerat
3489 3953 3776 4024 propheta-

2203 4065 2312 4108 tum
2347 4055 2386 4116 ¹,
2414 4051 2580 4105 niulto
2633 4051 2789 4103 latius
2833 4057 2992 4118 atque
3041 4047 3266 4102 fertilius
3305 4047 3612 4100 seminaret.
3677 4045 3776 4099 Ubi

2201 4143 2434 4197 ostendit
2461 4157 2524 4196 ex
2575 4141 2862 4209 Evangelia
2887 4139 3128 4202 vivendi,
3177 4139 3276 4192 hoc
3321 4145 3404 4192 est
3449 4138 3643 4190 victum
3673 4135 3774 4188 ba-

2201 4232 2390 4298 bendi,
2419 4249 2520 4286 non
2577 4231 2947 4286 necessitatem
2997 4228 3264 4298 Apostolis
3317 4226 3650 4296 impositam,
3679 4224 3777 4280 sed

2201 4332 2516 4394 potestatem
2563 4323 2762 4377 datam.
2807 4320 2974 4389 Quam
3025 4327 3336 4390 potestatem
3391 4327 3778 4373 conuneinorat

2201 4416 2340 4470 idem
2365 4415 2640 4484 apostolus
2665 4415 2846 4468 dicens
2879 4429 2892 4465 :
2930 4431 2948 4464 t
2983 4411 3037 4468 Si
3069 4427 3164 4466 nos
3184 4412 3334 4466 vobis
3361 4411 3650 4480 spiritualia
3685 4425 3776 4464 se-

2201 4507 2516 4560 minavimus
2536 4547 2551 4572 ,
2575 4520 2820 4575 magnum
2847 4514 2929 4559 est
2953 4505 2996 4558 si
3017 4513 3192 4558 vestra
3217 4503 3448 4556 carnalia
3476 4503 3778 4556 metamus?

2199 4600 2256 4654 Si
2286 4601 2372 4654 alii
2413 4601 2688 4670 potestatis
2715 4608 2903 4654 vestrae
2933 4599 3276 4668 participant,
3315 4613 3416 4650 non
3446 4597 3612 4668 magis
3641 4597 3778 4650 nos?

2199 4691 2304 4746 Sed
2343 4707 2447 4745 non
2479 4705 2692 4756 sumus,
2730 4709 2750 4742 ι
2784 4690 2987 4760 inquit,
3021 4707 3040 4740 ι
3070 4690 3150 4744 usi
3195 4689 3294 4744 hac
3339 4697 3620 4756 potestate.
3657 4705 3680 4738 ι
3713 4686 3780 4740 Et

2201 4785 2356 4854 paulo
2381 4793 2526 4850 post:
2549 4801 2566 4834 ι
2587 4783 2684 4848 Qui
2707 4783 2858 4834 altari
2873 4782 3130 4844 serviunt,
3153 4798 3172 4831 ι
3197 4779 3382 4848 inquit,
3409 4797 3426 4829 ι
3449 4779 3600 4832 altari
3621 4791 3780 4832 com-

2201 4875 2624 4945 partiuntur;sic
2655 4883 2706 4927 et
2734 4873 2990 4926 Dominus
3019 4871 3282 4924 ordinavit
3309 4870 3390 4924 his
3415 4869 3504 4939 qui
3539 4869 3776 4936 Evange-

2199 4968 2326 5021 lium
2343 4969 2672 5030 aununtiant,
2691 4967 2756 5018 dc
2775 4963 3060 5032 Evangelio
3080 4965 3256 5018 vivere
3277 4981 3288 5016 :
3308 4977 3406 5032 ego
3426 4970 3604 5016 autem
3625 4961 3778 5016 nullo

2201 5059 2388 5112 horum
2418 5073 2544 5112 usus
2567 5073 2702 5110 sum.
2731 5075 2746 5106 ι
2783 5057 2922 5110 Satis
2947 5056 3100 5126 igitur
3127 5063 3368 5123 apertum
3401 5062 3504 5120 est,
3533 5069 3640 5110 non
3673 5054 3780 5108 im-

2199 5146 2566 5216 peratum,sed
2585 5147 2634 5198 in
2655 5155 2914 5214 potestate
2929 5147 2968 5198 Α
2979 5145 3195 5212 postolis
3219 5143 3466 5212 positum,
3493 5141 3782 5196 utaliunde

2201 5237 2556 5292 nonvivereut
2575 5237 2674 5290 nisi
2689 5252 2752 5290 ex
2773 5235 3078 5304 Evangelio,
3099 5244 3150 5288 et
3163 5235 3228 5286 ab
3243 5235 3322 5288 cis
3333 5235 3520 5302 quibus
3537 5235 3785 5302 Evange-

2199 5327 2324 5382 lium
2341 5327 2676 5396 praedicando
2689 5325 2978 5394 Spiritualia
2997 5323 3346 5389 seminabant,
3361 5322 3596 5376 carnalia
3621 5333 3786 5376 mete-

2201 5433 2347 5484 rent;
2370 5421 2468 5473 hoc
2483 5429 2581 5482 est,
2600 5418 2772 5472 carnis
2795 5417 2948 5484 hujus
2965 5417 3374 5470 sustentaculum
3403 5423 3704 5478 sumerent,
3723 5423 3780 5469 et

2201 5523 2450 5582 tanquam
2465 5509 2654 5564 milites
2666 5509 2860 5563 Christi
2873 5507 3190 5576 stipendium
3205 5507 3435 5560 debitum
3449 5505 3558 5560 acci
3567 5517 3785 5574 pereat,

2197 5708 2217 5752 ⁸
2249 5643 2278 5752 τί
2305 5648 2413 5690 Lov.
2433 5675 2449 5702 ,
2493 5643 2824 5704 propagattmt.
2863 5638 2954 5688 Sed
2999 5645 3096 5687 Am.
3147 5637 3252 5686 nail.
3297 5647 3346 5688 et
3389 5645 3492 5688 Mss.
3515 5677 3527 5698 ,
3573 5642 3794 5693 urovhc-

2217 5717 2248 5752 a
2273 5717 2366 5752 im.

2217 5717 2266 5752 αι
2273 5717 2348 5752 nm
2355 5739 2366 5751 .
