4076 6480
351 384 478 440 1961

344 507 481 556 sicut
521 516 552 557 a
599 501 1008 573 provincialibus
1053 500 1251 559 Christi
1289 501 1391 578 (a).
1422 505 1577 562 Unde
1624 506 1765 563 idem
1810 507 1926 577 ipse

343 596 496 651 miles
526 596 771 666 egregius
803 595 958 666 paulo
981 598 1224 666 superius
1250 596 1316 652 de
1342 596 1441 653 hac
1461 614 1519 654 re
1539 598 1775 667 dixerat,
1805 599 1928 667 Quis

341 688 523 741 militat
546 688 654 743 suis
680 688 943 758 stipendiis
980 705 1204 758 unquam
1224 688 1270 760 (l
1299 689 1416 745 Cor.
1447 706 1535 757 rx,
1583 692 1787 760 11-15,
1833 691 1928 761 7)?

339 779 494 850 Quod
527 789 703 837 tamen
732 780 844 851 ipse
878 780 1131 848 faciebat,
1154 782 1275 853 quia
1302 784 1421 853 plus
1452 784 1555 840 illis
1578 784 1824 840 omnibus
1850 784 1929 839 la-

337 874 580 930 borabat.
609 873 667 930 Si
684 888 812 943 ergo
837 873 1021 929 beatus
1044 873 1239 929 Paulus
1267 883 1325 929 ut
1347 890 1410 930 ea
1440 884 1701 945 potestate
1719 916 1735 940 ,
1766 890 1925 947 quam

336 966 578 1037 profecto
606 981 729 1022 cum
750 967 961 1023 caeteris
989 966 1261 1038 Evangelii
1283 969 1724 1039 praedicatoribus
1756 968 1923 1025 habe-

336 1057 427 1112 bat
444 1098 460 1123 ,
491 1073 597 1113 non
619 1073 741 1113 cum
771 1058 980 1113 ceteris
1008 1068 1265 1125 uteretur,
1292 1059 1385 1114 sed
1412 1073 1509 1114 suo
1532 1060 1796 1131 stipendio
1819 1060 1924 1116 mi-

332 1150 540 1216 litaret,
567 1166 634 1205 ne
663 1159 851 1221 gentes
889 1164 920 1204 a
964 1152 1178 1207 nomine
1215 1150 1417 1206 Christi
1465 1152 1673 1221 penitus
1718 1152 1923 1209 alienas

331 1240 574 1297 doctrina
601 1241 717 1312 ejus
758 1241 908 1312 quasi
947 1242 1149 1297 venalis
1190 1241 1515 1309 oﬁ‘enderet,
1543 1243 1698 1299 aliter
1723 1243 1920 1300 educa-

330 1341 450 1398 tus,
487 1342 659 1388 artem
696 1349 855 1403 quam
897 1348 1002 1389 non
1046 1343 1269 1390 noverat
1310 1333 1527 1400 didicit,
1560 1344 1618 1390 ut
1642 1335 1766 1391 dum
1810 1335 1922 1391 suis

327 1426 575 1481 manibus
615 1427 931 1497 transigitur
978 1427 1188 1493 doctor,
1216 1427 1393 1482 nullus
1419 1437 1728 1495 gravaretur
1765 1428 1917 1483 audi-

327 1528 444 1586 tor;
475 1528 676 1590 quanto
703 1521 871 1590 magis
918 1518 1106 1575 beatus
1149 1520 1367 1586 Petrus,
1400 1521 1489 1590 qui
1527 1520 1638 1591 jam
1686 1522 1919 1592 piscator

324 1610 497 1666 fuerat
517 1652 531 1675 ,
558 1611 699 1681 quod
728 1620 946 1667 noverat
971 1612 1129 1678 fecit,
1162 1612 1207 1667 si
1246 1611 1313 1667 ad
1360 1626 1597 1682 praesens
1624 1612 1752 1668 illud
1778 1623 1915 1668 tem-

322 1718 425 1773 pus
446 1745 461 1770 ,
495 1702 636 1757 aliud
661 1704 803 1758 unde
825 1704 1060 1771 viveret,
1093 1719 1200 1759 non
1227 1704 1470 1759 invenit?

402 1795 454 1848 4.
498 1795 602 1849 Sed
623 1795 966 1863 respondebit
991 1796 1252 1865 quispiam
1287 1813 1300 1848 :
1331 1796 1397 1851 Et
1416 1810 1512 1850 cur
1536 1810 1643 1850 non
1674 1795 1910 1864 invenit,

334 1901 457 1940 cum
484 1887 740 1942 Dominus
762 1889 1065 1957 promiserit
1091 1889 1275 1944 dicens
1293 1930 1309 1956 ,
1340 1889 1562 1955 Quaerito
1586 1890 1801 1960 primum
1827 1906 1909 1942 re-

324 1997 482 2051 gnum
506 1990 554 2035 et
590 1982 842 2053 justitiam
870 1982 967 2036 Dei
984 2024 1000 2050 ,
1032 1992 1076 2037 et
1105 1983 1211 2039 Itth
1240 1985 1408 2037 omnia
1432 1994 1748 2055 opponentur
1775 1983 1911 2039 vobis

326 2071 540 2144 (Matth.
582 2089 655 2141 vr,
702 2074 839 2144 55)?
885 2075 1112 2131 Prorsus
1138 2076 1301 2130 etiam
1348 2076 1426 2130 sic
1466 2076 1723 2131 Dominus
1769 2075 1911 2146 quod

318 2166 565 2234 promisit
586 2166 837 2235 implevit.
871 2166 1003 2221 Nam
1030 2167 1148 2236 quis
1173 2167 1309 2221 alius
1338 2168 1509 2237 pisces
1535 2168 1625 2238 qui
1644 2182 1909 2237 caperen-

319 2266 406 2312 tur
437 2259 722 2329 apposuit?
757 2260 846 2330 qui
884 2276 988 2314 non
1018 2260 1086 2315 ob
1111 2260 1252 2314 aliud
1276 2260 1575 2315 credendus
1610 2270 1692 2316 est
1719 2260 1799 2316 eis
1826 2260 1910 2316 in-

325 2350 557 2419 gessisse
580 2351 854 2419 penuriam
881 2367 982 2420 qua
1006 2352 1449 2420 compellerentur
1494 2351 1573 2405 ire
1604 2350 1867 2420 piscatum
1886 2392 1904 2418 ,

319 2441 426 2496 nisi
451 2441 767 2512 dispositum
799 2444 982 2497 volens
1012 2442 1262 2497 exhibere
1295 2442 1606 2496 miraculum
1628 2460 1641 2496 :
1662 2451 1719 2497 ut
1746 2443 1905 2498 simul

318 2544 374 2590 et
417 2537 796 2605 prmdicatores
848 2535 1118 2605 Evangelii
1174 2536 1253 2591 sui
1299 2544 1568 2606 pasceret,
1622 2543 1677 2591 et
1728 2536 1903 2604 ipsum

319 2628 663 2698 Evangelium
706 2638 854 2683 tanto
898 2639 1230 2687 sacramento
1259 2628 1401 2700 quod
1438 2638 1551 2683 erat.
1578 2627 1646 2683 de
1681 2644 1903 2683 numero

316 2720 539 2789 piscium
568 2722 1035 2776 commendaturus
1051 2731 1286 2792 augeret.
1316 2722 1392 2776 De
1410 2736 1511 2792 qua
1539 2736 1598 2776 re
1623 2721 1781 2776 etiam
1802 2736 1903 2776 nos

316 2812 459 2880 quod
492 2812 606 2881 ipse
636 2815 961 2883 apposuerit,
991 2812 1167 2867 dicere
1187 2812 1300 2882 jam
1331 2812 1611 2867 debemus.

388 2902 441 2958 5.
485 2902 622 2956 Dicit
647 2919 773 2972 ergo
802 2902 981 2958 Simon
1016 2902 1201 2956 Petrus
1228 2919 1247 2955 :
1284 2902 1425 2956 Vada
1455 2903 1659 2971 piscari.
1710 2900 1901 2958 Dicunt

317 2995 364 3049 ei
393 2996 483 3065 qui
512 3011 635 3051 cum
662 2996 753 3049 illo
777 3006 930 3051 erant
958 3012 971 3048 :
1012 2994 1248 3050 Venimus
1271 3004 1318 3050 et
1342 3011 1434 3049 nos
1460 3003 1641 3048 tecum.
1666 2992 1735 3049 Et
1762 2998 1899 3050 carie-

313 3099 434 3143 runt
454 3100 501 3142 et
522 3088 852 3145 ascenderunt
880 3091 931 3144 in
962 3105 1177 3145 navem:
1204 3100 1249 3144 et
1274 3090 1363 3145 illa
1389 3100 1533 3145 nocte
1552 3090 1680 3145 nihil
1707 3106 1897 3160 appre-

312 3180 613 3235 henderunt.
640 3179 794 3235 Mane
820 3191 987 3236 autem
1002 3182 1117 3252 jam
1143 3186 1277 3253 facta
1301 3182 1431 3237 stetit
1448 3182 1479 3236 ,Ι
1487 3199 1598 3237 esus
1618 3182 1671 3236 in
1698 3180 1898 3246 littore;

312 3287 413 3326 non
446 3282 615 3326 tamen
652 3284 986 3344 cognoverunt
1024 3273 1261 3345 discipuli
1297 3275 1417 3346 quia
1450 3274 1601 3327 Iesus
1641 3282 1733 3329 est.
1761 3272 1900 3329 Dicit

315 3379 437 3434 ergo
457 3366 528 3420 eis
552 3364 704 3419 Iesus
734 3381 752 3419 :
780 3363 957 3434 Pueri,
980 3366 1227 3438 numquid
1254 3366 1642 3437 pulmentarium
1664 3366 1853 3421 habetis
1871 3367 1899 3422 2

317 3454 706 3526 Responderunt
736 3459 781 3512 ei
814 3474 835 3512 :
862 3457 1003 3512 Non.
1046 3458 1179 3511 Dicit
1204 3459 1275 3513 eis
1303 3473 1323 3511 :
1354 3456 1538 3513 Mittite
1560 3460 1613 3513 in
1640 3459 1900 3513 dexteram

313 3548 501 3619 navigii
523 3557 641 3612 rete,
666 3558 712 3603 et
737 3550 1013 3603 invenietis.
1049 3548 1297 3603 Miserum
1317 3567 1455 3620 ergo,
1478 3562 1524 3604 et
1541 3551 1657 3620 jam
1683 3568 1782 3605 non
1805 3567 1897 3605 va-

311 3639 478 3694 lebant
504 3640 636 3695 illud
681 3643 878 3695 trahere
902 3658 932 3694 a
958 3641 1278 3695 multitudine
1323 3642 1553 3712 piscium.
1597 3641 1735 3697 Dicit
1780 3660 1898 3714 ergo

310 3733 594 3802 discipulus
622 3734 707 3787 ille
735 3750 881 3803 quem
919 3734 1153 3804 diligebat
1181 3731 1332 3787 Iesus
1350 3774 1365 3799 ,
1411 3731 1568 3787 Petro
1604 3750 1625 3788 .'
1655 3732 1899 3790 Dominus

310 3838 407 3883 est.
440 3826 621 3883 Simon
656 3826 841 3883 Petrus
868 3844 981 3882 cum
1006 3827 1223 3881 audisset
1244 3826 1364 3898 quia
1396 3824 1645 3882 Dominus
1674 3836 1749 3881 est
1768 3868 1781 3891 ,
1813 3836 1898 3881 tu-

310 3921 429 3975 nica
446 3921 695 3976 succinxit
718 3937 772 3975 se
791 3963 805 3986 ,
842 3930 947 3974 erat
971 3922 1102 3974 enim
1128 3920 1317 3985 nudus,
1351 3929 1396 3974 et
1424 3920 1558 3973 misit
1587 3936 1642 3975 se
1660 3920 1713 3975 in
1737 3936 1894 3973 mare.

311 4014 417 4067 Alii
449 4022 615 4068 autem
652 4012 888 4082 discipuli
935 4012 1133 4084 navigio
1170 4021 1405 4065 venerunt
1444 4011 1572 4082 (non
1592 4012 1725 4065 enim
1751 4011 1899 4082 longe

311 4116 457 4161 eram
481 4124 513 4160 a
540 4117 693 4175 terra,
720 4105 809 4159 sed
832 4106 976 4176 quasi
1002 4105 1180 4159 cubitis
1208 4103 1482 4174 ducentis),
1515 4104 1766 4158 trahentes
1793 4112 1898 4159 rete

312 4198 550 4269 piscium.
579 4195 645 4252 Ut
663 4213 779 4268 ergo
806 4195 1161 4249 descenderunt
1196 4197 1247 4249 in
1269 4204 1485 4259 terram,
1517 4195 1745 4249 viderunt
1773 4212 1897 4266 pru-

313 4306 407 4343 nas
436 4289 626 4358 positas
647 4330 661 4353 ,
708 4298 756 4342 et
790 4288 975 4358 piscem
1007 4287 1378 4358 superpositum
1404 4329 1417 4352 ,
1460 4298 1506 4341 et
1536 4303 1733 4356 panem.
1762 4284 1899 4339 Dicit

311 4382 387 4434 eis
410 4380 599 4434 Jesus:
630 4378 819 4446 A/Ierte
847 4380 909 4433 de
938 4379 1152 4448 piscibus
1170 4395 1293 4446 quos
1322 4379 1722 4448 apprehettdistis
1744 4395 1895 4433 nunc.

312 4470 554 4525 Ascendit
577 4471 758 4525 Simon
784 4467 969 4523 Petrus
987 4509 1003 4533 ,
1026 4480 1071 4523 et
1101 4469 1255 4522 traxit
1274 4479 1373 4523 rete
1398 4469 1450 4521 in
1481 4479 1664 4523 terram
1694 4468 1898 4534 plenum

311 4567 514 4637 magnis
552 4565 769 4637 piscibus
810 4574 1009 4617 centum
1061 4563 1419 4634 quinquaginta
1465 4562 1640 4616 tribus.
1690 4561 1755 4616 Et
1786 4578 1899 4616 cum

312 4660 441 4711 tanti
472 4665 649 4722 essent,
683 4645 783 4709 non
806 4665 876 4709 est
900 4656 1112 4709 scissum
1140 4665 1262 4708 rete.

387 4749 442 4803 6.
485 4748 596 4802 Hoc
616 4758 698 4803 est
720 4762 967 4817 magnum
988 4756 1377 4801 sacramentum
1396 4746 1446 4799 in
1465 4761 1657 4817 magno
1681 4745 1900 4801 Joannis

313 4841 643 4911 Evangelio;
686 4850 742 4895 et
764 4848 824 4893 ut
856 4840 1224 4895 vehementius
1253 4838 1714 4894 commendaretur
1736 4881 1749 4904 ,
1784 4838 1899 4893 loco

322 4934 515 4989 ultimo
543 4931 819 5002 scriptum.
853 4930 1004 4997 Quod
1031 4946 1158 5001 ergo
1186 4939 1391 5001 septem
1422 4930 1661 5000 discipuli
1691 4929 1901 4985 fuerunt

319 5026 377 5081 in
411 5026 510 5080 ista
536 5025 848 5094 piscatione,
880 5023 1088 5089 Petrus,
1120 5030 1173 5076 et
1202 5022 1463 5089 Thomas,
1489 5030 1545 5077 et
1568 5020 1859 5075 Nathanael
1882 5062 1898 5087 ,

311 5130 372 5176 et
401 5120 507 5174 duo
535 5119 628 5173 ﬁlii
657 5117 898 5173 Zebedzei
918 5158 933 5183 ,
980 5125 1035 5171 et
1073 5116 1161 5170 alii
1189 5115 1295 5169 duo
1325 5129 1550 5184 quorum
1586 5114 1799 5168 nomina
1825 5124 1902 5167 ta-

311 5221 541 5276 centur,
591 5211 679 5265 isti
706 5224 803 5263 suo
825 5206 1128 5279 septenario
1160 5221 1382 5261 numero
1408 5204 1567 5261 ﬁnem
1598 5204 1901 5274 signiﬁcant

313 5304 597 5375 temporis.
631 5302 945 5358 Universum
976 5300 1171 5370 quippe
1212 5308 1416 5367 septem
1458 5298 1644 5353 diebus
1668 5298 1903 5352 volvitur

314 5408 551 5467 tempus.
582 5395 660 5449 Ad
688 5393 789 5448 hoc
817 5393 1047 5463 pertinet
1075 5388 1216 5460 quod
1241 5404 1396 5443 mane
1422 5387 1560 5442 facto
1581 5387 1735 5442 Jesus
1757 5388 1903 5442 stetit

389 5549 463 5621 (9)
496 5546 672 5597 amnes
692 5548 867 5621 me,
1287 5543 1672 5621 maqu
1702 5543 1905 5621 ιρείρίε-

313 5604 479 5661 bant':
553 5623 615 5658 uo
654 5604 878 5670 speciare
916 5604 1106 5655 videtur
1133 5604 1247 5655 illud
1281 5604 1428 5668 supra
1460 5606 1510 5654 in
1540 5612 1692 5654 'lract.
1736 5604 1818 5666 l3;
1855 5622 1902 5656 ιι.

319 5672 383 5719 17
406 5686 416 5719 :
453 5688 476 5717 ι
779 5670 909 5718 enim
932 5673 984 5717 et
1006 5667 1229 5717 desertor
1251 5674 1407 5717 terret
1427 5665 1792 5719 provincialem:
1817 5673 1902 5719 sed

319 5672 383 5744 η
406 5686 418 5744 =_
453 5688 476 5717 ι
499 5665 761 5744 “iam?
779 5670 984 5744 ante-“
999 5667 1229 5744 sese?!
1251 5665 1407 5744 Wet
1427 5665 1906 5744 ριρνίιὲίξίειέεὲξιξῖξρά

325 5741 534 5805 sum
579 5728 627 5805 in
664 5734 833 5805 castris
861 5731 945 5805 eis
966 5730 1222 5805 “aliqua!
1270 5728 1907 5805 illi_vr9>1ik9‘!a!‘?9£¢ri"e

325 5812 353 5840 ι
370 5796 477 5907 ivra“
445 5807 543 5858 quo
563 5797 781 5858 signatus
802 5801 896 5853 est,
914 5792 1005 5842 hoc
1020 5791 1225 5842 attendit
1245 5792 1329 5854 qui
1353 5791 1529 5841 terreri
1552 5797 1604 5841 et
1624 5791 1788 5842 seduci
1812 5806 1907 5842 non

327 5874 355 5903 ι
480 5888 493 5905 ι
517 5872 540 5903 ι

570 5940 798 6004 Sutor.
839 5942 1120 6002 Ληουεῖ.
1164 5937 1254 5999 Ill

1426 389 1838 450 TRACTATUS
1872 391 2087 450 CXXII.
2127 396 2357 453 CAPUT
2392 398 2514 456 XX.

3480 403 3619 463 i962

2034 508 2087 563 in
2117 509 2328 578 littore;
2357 514 2478 583 quia
2506 516 2668 569 etiam
2695 513 2843 572 littus
2866 514 2987 573 linis
3015 526 3097 574 est
3120 504 3303 589 maris,
3332 530 3388 579 et
3413 523 3535 581 ideo
3555 502 3619 581 ﬁ?

2034 615 2156 655 nem
2187 602 2448 673 signiﬁcat
2473 606 2672 661 saeculi.
2699 607 2957 663 Eumdem
2984 610 3148 667 ﬁnem
3178 614 3358 670 saeculi
3380 617 3616 673 ostendit

2032 702 2087 748 et
2107 695 2247 764 quod
2278 697 2469 754 Petrus
2489 709 2602 754 rete
2629 702 2857 756 extraxit
2887 703 2939 757 in
2971 713 3190 772 terram,
3215 705 3317 761 hoc
3342 716 3426 763 est
3454 708 3508 765 in
3528 709 3619 764 lit-

2032 791 2136 838 tus.
2168 786 2321 853 Quod
2342 789 2453 857 ipse
2475 790 2728 849 Dominus
2746 795 2971 863 aperuit,
2998 795 3089 849 ubi
3114 796 3220 851 alio
3244 798 3473 867 quodam
3495 798 3615 854 loco

2030 873 2098 929 de
2125 890 2318 946 sagena
2349 879 2402 933 in
2428 895 2573 936 mare
2600 884 2760 937 missa
2776 884 3175 941 similitudinem
3200 888 3384 943 dedit:
3409 890 3479 945 Et
3503 908 3614 947 eam

2028 967 2253 1033 trahunt,
2285 969 2476 1040 inquit,
2499 972 2565 1024 ad
2595 972 2755 1028 littus.
2783 974 2935 1043 Quod
2962 976 3106 1031 littus
3131 978 3257 1047 quid
3284 990 3428 1036 esset
3445 997 3613 1052 expo-

2028 1072 2197 1125 nens,
2239 1060 2313 1115 ait
2352 1076 2366 1114 :
2402 1061 2494 1117 Sic
2527 1064 2623 1117 erit
2657 1066 2710 1119 in
2741 1071 3172 1131 consummatione
3192 1072 3367 1126 muli
3389 1072 3607 1144 (Matth.

2026 1163 2142 1215 xm,
2174 1151 2265 1218 48,
2292 1152 2405 1225 49).

2100 1244 2150 1296 7.
2193 1244 2299 1300 Sed
2330 1245 2419 1300 illa
2448 1247 2593 1346 verbi
2622 1256 2736 1317 est,
2769 1266 2875 1307 non
2914 1254 2989 1308 rei
3032 1264 3195 1325 gestae
3232 1258 3481 1327 parabola
3509 1276 3524 1312 :
3553 1274 3613 1316 re
3638 1230 3661 1346 Ῐ

2022 1344 2201 1390 autem
2228 1346 2397 1407 gesta,
2424 1340 2561 1395 sicut
2585 1342 2686 1397 hoc
2713 1344 2831 1399 loco
2846 1346 3074 1416 qualiter
3100 1348 3152 1402 in
3183 1350 3365 1406 steculi
3393 1353 3500 1409 ﬁne
3522 1353 3608 1412 fu-

2023 1432 2142 1482 tura
2170 1428 2273 1496 sit,
2320 1430 2391 1485 ita
2424 1431 2677 1487 Dominus
2704 1435 2806 1490 alia
2835 1437 3128 1506 piscatione
3154 1440 3469 1510 signiﬁcavit
3497 1444 3604 1499 Ec-
3639 1435 3648 1447 ’

2021 1515 2238 1572 clesiam
2266 1520 2493 1590 qualiter
2535 1539 2675 1577 nunc
2711 1526 2800 1579 sit.
2828 1526 2981 1594 Quod
3019 1538 3195 1585 autem
3237 1526 3363 1586 illud
3396 1533 3521 1589 fecit
3554 1535 3605 1589 in

2019 1607 2171 1665 initio
2200 1613 2590 1681 praedicationis
2621 1631 2731 1672 suae
2750 1660 2766 1685 ,
2807 1617 2911 1673 hoc
2953 1636 3079 1675 vero
3106 1632 3226 1691 post
3254 1628 3604 1682 resurrectio-

2019 1716 2141 1757 nem
2182 1717 2334 1759 suam
2356 1746 2371 1771 ,
2421 1706 2547 1763 hinc
2584 1709 2818 1765 ostendit
2857 1711 3001 1766 illam
3038 1723 3311 1784 capturam
3344 1719 3599 1787 piscium,

2016 1794 2187 1851 bonos
2212 1805 2267 1852 et
2292 1799 2464 1855 malos
2484 1801 2803 1871 signiﬁcare,
2834 1820 2970 1874 quos
2990 1822 3130 1861 nunc
3160 1807 3320 1863 habet
3336 1810 3602 1878 Ecclesia;

2017 1886 2172 1941 istam
2200 1904 2328 1943 vero
2358 1893 2724 1948 tantummodo
2746 1893 2934 1961 bonos,
2966 1912 3100 1967 quos
3128 1897 3341 1954 habebit
3371 1901 3422 1955 in
3445 1912 3605 1958 aeter-

2016 1993 2185 2045 num,
2215 1981 2481 2051 completa
2524 1983 2574 2037 in
2626 1982 2729 2038 ﬁne
2776 1984 2933 2056 hujus
2980 1989 3159 2043 saeculi
3213 1993 3604 2049 resurrectione

2013 2079 2365 2128 mortuorum.
2390 2074 2625 2144 Denique
2654 2075 2725 2131 ibi
2754 2076 2910 2133 Jesus
2935 2094 3040 2134 non
3068 2081 3203 2135 sicut
3236 2081 3321 2137 hic
3345 2083 3398 2137 in
3425 2084 3604 2141 littore

2012 2166 2226 2233 stabat,
2258 2167 2471 2237 quando
2496 2170 2652 2237 jussit
2677 2170 2854 2241 pisces
2898 2174 3048 2241 capi;
3095 2175 3188 2229 sed
3230 2178 3502 2231 ascendens
3544 2178 3599 2231 in

2013 2273 2169 2312 unam
2202 2260 2370 2313 navim
2396 2276 2509 2330 qua:
2531 2271 2637 2314 erat
2662 2262 2886 2317 Simonis
2906 2305 2920 2327 ,
2955 2268 3149 2336 rogavit
3190 2284 3304 2320 eum
3328 2278 3383 2321 ut
3407 2286 3438 2321 a
3466 2280 3599 2322 terra

2009 2353 2270 2407 reduceret
2305 2354 2581 2424 pusillum;
2610 2364 2657 2407 et
2678 2355 2731 2407 in
2757 2371 2816 2409 ea
2838 2358 3013 2410 sedens
3040 2357 3247 2411 docebat
3292 2359 3480 2413 turbas.
3533 2359 3601 2414 Ut

2008 2445 2220 2499 cessavit
2247 2454 2415 2499 autem
2440 2446 2596 2515 loqui,
2620 2446 2748 2501 dixit
2773 2449 2840 2501 ad
2871 2448 3130 2503 Simonem
3162 2466 3180 2503 :
3209 2450 3322 2505 Duc
3345 2452 3397 2505 in
3418 2452 3596 2518 altum,

2009 2546 2057 2591 et
2083 2536 2250 2591 laxate
2272 2538 2399 2591 retia
2419 2548 2582 2592 vestra
2601 2540 2652 2592 in
2674 2552 2954 2609 capturum.
2987 2541 3051 2595 Et
3085 2541 3193 2596 illic
3214 2543 3355 2612 quod
3385 2552 3597 2614 captum

2008 2639 2090 2685 est
2120 2630 2342 2701 piscium
2371 2631 2423 2684 in
2450 2632 2706 2686 naviculis
2736 2631 2854 2699 fuit,
2898 2647 3001 2687 n0n
3034 2633 3169 2687 sicut
3210 2633 3298 2689 hic
3340 2648 3455 2691 rete
3506 2652 3599 2691 ex-

2008 2731 2285 2780 traxerunt
2314 2724 2366 2780 in
2395 2733 2612 2779 terram.
2637 2725 2729 2778 llis
2754 2726 2917 2793 signis
2932 2735 2986 2780 et
3005 2727 3050 2780 si
3068 2743 3168 2795 qua
3200 2728 3301 2781 alia
3324 2729 3594 2798 potuerint

2006 2816 2265 2886 reperiri,
2299 2816 2368 2871 ibi
2401 2815 2642 2870 Ecclesia
2667 2816 2718 2869 in
2749 2815 2851 2870 hoc
2879 2818 3075 2871 saeculo
3096 2859 3110 2882 ,
3150 2818 3235 2872 hic
3258 2835 3383 2874 vero
3406 2820 3457 2873 in
3486 2821 3593 2876 ﬁne

2006 2909 2189 2964 saeculi
2218 2909 2441 2978 ﬁgurata
2470 2916 2553 2963 est
2593 2925 2605 2961 :
2635 2908 2755 2961 ideo
2784 2907 2915 2961 illud
2940 2918 3062 2962 ante
3086 2951 3100 2975 ,
3147 2909 3247 2963 hoc
3271 2920 3444 2965 autem
3472 2920 3595 2982 post

2004 3001 2451 3055 resurrectionem
2471 2999 2677 3053 Domini
2704 2997 2899 3052 factum
2928 3009 3045 3062 est;
3075 3002 3195 3068 quia
3219 3001 3289 3054 ibi
3319 3017 3417 3055 nos
3436 3000 3594 3057 Chri-

2004 3098 2119 3144 stus
2146 3090 2462 3160 signiﬁcavit
2478 3101 2710 3154 vocatos,
2734 3088 2820 3144 hic
2840 3090 3201 3144 resuscitatos.
3230 3090 3306 3146 Ibi
3332 3093 3462 3147 retia
3486 3108 3592 3149 non

2004 3182 2287 3236 mittuntur
2333 3182 2385 3235 in
2428 3181 2736 3245 dexteram,
2785 3195 2853 3234 ne
2892 3180 3035 3234 solos
3065 3181 3363 3251 signiﬁcent
3390 3183 3591 3253 bonos,

2004 3289 2107 3330 nec
2128 3274 2184 3327 in
2212 3273 2482 3327 sinistram
2515 3314 2530 3339 ,
2577 3286 2643 3325 ne
2670 3272 2815 3324 solos
2848 3271 3049 3336 malos;
3082 3272 3175 3326 sed
3208 3271 3591 3340 indifferenter,

2004 3364 2219 3432 Latrate,
2251 3364 2439 3433 inquit,
2480 3363 2606 3416 retia
2630 3371 2792 3415 vestra
2811 3361 2864 3413 in
2890 3371 3177 3429 capturum,
3211 3371 3267 3416 ut
3294 3364 3590 3432 permixtos

2004 3456 2359 3527 intelligamus
2385 3455 2551 3510 bonos
2578 3464 2627 3510 et
2669 3454 2838 3507 malos
2863 3470 2874 3505 :
2909 3454 2995 3507 hic
3024 3462 3222 3520 autem,
3250 3455 3437 3525 inquit,
3465 3455 3591 3511 Mit-

2005 3550 2091 3603 tite
2108 3550 2163 3603 in
2187 3549 2444 3602 derteram
2473 3547 2656 3617 navigii
2677 3556 2800 3612 rete,
2836 3555 2891 3600 ut
2918 3546 3236 3614 signiﬁcaret
3257 3563 3351 3601 eos
3372 3550 3459 3618 qui
3485 3558 3595 3603 sta-

2004 3640 2132 3696 bant
2158 3641 2225 3695 ad
2255 3641 2551 3707 dexteram,
2580 3641 2722 3693 solos
2740 3640 2926 3694 bonos.
2952 3638 3026 3693 lbi
3059 3648 3170 3694 rete
3196 3652 3411 3710 propter
3429 3642 3593 3711 signi-

2004 3733 2207 3787 ﬁcanda
2256 3732 2541 3788 schismata
2590 3733 2936 3801 rumpebatur
2978 3749 2991 3785 :
3038 3732 3123 3788 hic
3169 3749 3296 3788 vero
3340 3737 3589 3804 quoniam

2004 3834 2130 3878 tunc
2171 3824 2279 3893 jam
2312 3823 2362 3878 in
2407 3823 2495 3876 illa
2540 3838 2743 3877 summa
2770 3838 2900 3892 pace
2929 3834 3233 3878 sanctorum
3265 3826 3409 3878 nulla
3436 3836 3592 3880 erunt

2003 3916 2310 3981 schismata,
2342 3914 2594 3984 pertinuit
2622 3913 2687 3966 ad
2718 3913 3110 3982 Evangelistam
3137 3913 3339 3980 dicere,
3373 3914 3440 3968 Et
3469 3933 3585 3969 cum

2003 4007 2130 4060 tanti
2157 4015 2347 4070 essent,
2382 4004 2433 4059 id
2463 4012 2580 4071 est,
2607 4012 2716 4058 tam
2744 4004 2955 4074 magni,
2979 4021 3078 4058 non
3110 4017 3179 4059 est
3213 4008 3423 4060 scissum
3451 4018 3588 4075 rete;

2004 4107 2254 4168 tauquam
2287 4096 2414 4150 illud
2450 4096 2739 4165 respiceret
2769 4095 2858 4150 ubi
2888 4098 3110 4151 scissum
3138 4108 3253 4163 est,
3278 4108 3334 4154 et
3363 4101 3415 4154 in
3446 4102 3587 4157 illius
3609 4110 3624 4123 ‘

2004 4190 2131 4245 mali
2159 4189 2556 4260 comparatione
2584 4187 2982 4243 commendaret
3009 4189 3110 4243 hoc
3137 4189 3356 4244 bonum.
3393 4190 3469 4247 lhi
3495 4208 3588 4247 ca-

2005 4292 2093 4354 pta
2115 4292 2197 4338 est
2222 4282 2503 4337 multitudo
2531 4281 2754 4351 piscium
2778 4290 2921 4335 tanta
2937 4321 2951 4345 ,
2985 4290 3041 4334 ut
3060 4281 3275 4351 impleta
3306 4282 3410 4337 duo
3434 4285 3585 4339 navi-

2003 4376 2087 4446 gia
2117 4384 2483 4445 mergerentur
2509 4372 2657 4442 (Luc.
2688 4388 2741 4440 v,
2766 4372 2886 4441 5-7)
2908 4413 2923 4437 ,
2952 4372 3002 4426 id
3032 4381 3146 4438 est,
3180 4372 3232 4425 in
3258 4374 3588 4435 submersio-

2004 4482 2128 4521 nem
2154 4477 2521 4536 premerentur
2554 4483 2567 4518 :
2596 4479 2704 4517 non
2734 4464 2879 4517 enim
2904 4478 3076 4517 mersa
3106 4472 3229 4517 sunt
3256 4505 3268 4528 ,
3291 4465 3386 4519 sed
3409 4476 3583 4522 tamen

2003 4554 2320 4625 periclitata.
2347 4552 2498 4609 Unde
2523 4554 2665 4608 enim
2686 4552 2918 4607 existunt
2941 4552 2993 4607 in
3026 4552 3279 4619 Ecclesia,
3307 4561 3448 4611 tanta
3470 4574 3589 4626 qua:

2002 4648 2298 4720 gemimus;
2332 4647 2434 4701 nisi
2456 4661 2576 4701 cum
2599 4655 2758 4700 tantae
2786 4646 3108 4700 multitudini
3148 4645 3334 4699 obsisti
3361 4663 3465 4701 non
3491 4665 3589 4719 po-
3638 4720 3643 4723 _

2004 4748 2130 4805 test,
2158 4754 2275 4809 qua:
2290 4737 2355 4792 ad
2384 4736 2827 4805 submergendam
2850 4735 3228 4805 propemodum
3254 4735 3585 4807 disciplinam

2007 4832 2168 4885 intrat
2192 4846 2313 4885 cum
2342 4829 2581 4883 moribus
2609 4830 2721 4882 suis
2747 4842 2778 4881 a
2807 4838 3111 4882 sanctorum
3153 4828 3341 4882 itinere
3381 4831 3588 4898 penitus

2007 4922 2232 4978 alienis?
2266 4921 2363 4975 Hic
2410 4931 2590 4974 autem
2622 4921 2880 4974 miserunt
2909 4930 3021 4974 rete
3056 4920 3107 4972 iu
3132 4919 3403 4975 dexteram
3462 4938 3585 4991 par-

2009 5025 2137 5082 tem,
2168 5026 2214 5070 et
2225 5018 2337 5085 jam
2360 5031 2459 5067 non
2482 5013 2707 5067 valebant
2737 5012 2868 5066 illud
2889 5013 3085 5067 trahere
3102 5030 3134 5066 a
3156 5013 3473 5068 multitudine
3504 5018 3585 5085 pi-

2009 5108 2186 5162 scium.
2215 5105 2352 5175 Quid
2378 5114 2493 5170 est,
2526 5106 2640 5175 jam
2676 5120 2777 5158 non
2803 5103 3029 5157 valebant
3062 5102 3189 5155 illud
3209 5104 3406 5155 trahere
3431 5132 3448 5159 ν
3490 5107 3589 5160 nisi

2009 5202 2132 5271 quia
2162 5200 2235 5254 illi
2262 5199 2349 5269 qui
2378 5198 2645 5268 pertinent
2671 5196 2736 5249 ad
2767 5194 3208 5248 resurrectionem
3239 5192 3358 5244 vitze
3380 5236 3392 5257 ,
3433 5197 3482 5250 id
3511 5209 3593 5251 est

2009 5291 2077 5346 ad
2107 5290 2376 5345 dexteram
2403 5329 2416 5350 ,
2444 5294 2501 5342 et
2521 5289 2659 5341 intra
2679 5283 2952 5339 christiani
2984 5282 3215 5336 nominis
3236 5283 3368 5336 retia
3398 5284 3590 5341 detun-

2011 5390 2209 5453 guntur
2232 5421 2247 5447 ,
2293 5378 2502 5433 nonnisi
2530 5378 2582 5432 in
2607 5378 2785 5433 littore
2803 5415 2819 5439 ,
2866 5372 2917 5427 id
2942 5380 3024 5426 est
3047 5371 3100 5425 in
3130 5372 3233 5426 ﬁne
3262 5375 3441 5427 saeculi
3466 5392 3585 5431 cum

2012 5475 2428 5535 resurrexerint,
2478 5466 2848 5538 apparebunt?
2895 5464 3019 5520 Ideo
3062 5481 3165 5519 non
3198 5465 3474 5523 valuerunt
3516 5474 3591 5527 sic

2013 5566 2226 5621 trahere
2252 5564 2383 5619 retia
2406 5604 2421 5628 ,
2452 5570 2505 5615 ut
2532 5561 2584 5613 in
2605 5575 2791 5614 navem
2817 5557 3160 5613 refunderent
3186 5573 3321 5628 quos
3339 5575 3589 5629 ceperant

2016 5660 2215 5728 pisces;
2248 5658 2382 5710 sicut
2407 5653 2472 5707 de
2503 5652 2604 5705 illis
2634 5651 2877 5705 omnibus
2906 5648 3098 5703 factum
3128 5660 3229 5717 est,
3262 5654 3450 5720 quibus
3478 5668 3595 5713 rete

2014 5750 2309 5818 disruptum
2337 5786 2352 5812 ,
2392 5754 2445 5799 et
2485 5744 2737 5798 navicula:
2778 5757 2975 5812 pressu:
3020 5750 3160 5796 sunt.
3212 5743 3376 5798 liabet
3415 5758 3590 5802 autem

2016 5845 2147 5898 istos
2170 5841 2384 5895 dextros
2412 5837 2649 5893 Ecclesia
2664 5845 2786 5907 post
2812 5836 2968 5889 ﬁnem
2991 5834 3111 5888 vita:
3144 5835 3300 5898 huius
3327 5835 3378 5889 in
3407 5851 3594 5896 somno

2794 5927 3391 6008 (Soixante-deux.)
