4076 6524
434 449 567 508 1965

430 564 656 620 omnino
673 561 750 617 ibi
761 576 874 616 non
884 559 1091 615 futuros
1108 575 1126 624 ;-
1143 572 1268 613 cum
1284 556 1531 622 dixisset,
1547 553 1791 610 Minimus
1810 550 2008 606 vocabi-

431 667 513 711 tur
530 658 586 710 in
598 655 1015 726 remediorum,
1033 654 1290 706 continud
1303 649 1548 720 subjecit,
1563 646 1696 702 Dico
1710 646 1840 701 enim
1851 644 2006 709 vobis,

429 765 546 819 quia
589 746 690 800 nisi
709 744 1034 799 «tardaverit
1065 742 1267 811 iustitia
1288 748 1447 796 vestra
1481 739 1595 812 plus
1621 746 1772 810 qum
1801 736 2010 792 Scriba-

429 845 542 894 im
567 849 614 893 et
641 837 1045 900 Pharisaeorum;
1060 834 1428 889 non‘irurabitis
1467 833 1520 886 in
1543 847 1756 901 regnum
1775 829 2012 883 calorum

431 931 715 1001 aliculam
733 931 798 984 Η
821 958 848 968 -
866 928 979 999 S0).
1004 927 1092 982 illil
1111 931 1236 980 sunt
1251 936 1425 991 certe,
1449 921 1647 980 Scriba:
1667 931 1720 976 et
1735 921 2008 984 Pharissci,

428 1023 520 1093 (pri
538 1020 852 1076 cathedram
892 1019 1064 1090 Moysi
1085 1018 1292 1082 sedent,
1339 1021 1393 1071 et
1434 1016 1500 1070 de
1545 1015 1734 1082 quibus
1760 1013 1859 1074 ait,
1885 1011 2012 1078 Quae

428 1114 774 1185 dormt-prcita
795 1127 816 1174 ε
835 1123 948 1183 qua
974 1119 1138 1164 am
1164 1111 1380 1180 faciunt,
1413 1111 1576 1180 facere
1603 1107 1758 1160 nolite
1787 1121 1808 1159 ξ
1832 1105 2009 1158 dicunt

427 1208 568 1262 enim
603 1217 649 1260 et
697 1213 804 1259 non
845 1205 1040 1277 [acuat
1084 1202 1212 1275 Hd.
1268 1209 1425 1269 nul,
1464 1200 1520 1268 2,
1552 1201 1650 1274 5):
1682 1201 1873 1254 docent
1898 1213 2011 1253 ser-

426 1298 702 1363 menibus,-
717 1297 858 1367 quod
885 1298 1102 1352 solvunt
1117 1295 1371 1350 moribus.
1389 1295 1734 1364 Consequens
1755 1302 1845 1348 est
1857 1297 2002 1362 ergo,

428 1405 490 1446 ac
508 1395 606 1462 qui.
623 1391 874 1446 minimus
892 1390 1046 1444 estin
1074 1399 1240 1458 regno
1253 1388 1541 1451 cmicrrims
1563 1387 1732 1457 qualis
1753 1388 1902 1440 nunc;
1925 1394 2007 1441 est

429 1481 662 1536 Ecclesia
679 1513 696 1547 ε
722 1479 1088 1534 ιιοηεὶηετοτὶιι
1117 1493 1342 1547 regnum
1371 1477 1650 1540 «olorum,
1683 1475 1862 1546 qualis-
1885 1488 2006 1529 tunc

425 1575 530 1630 erit
549 1574 822 1638 Ecclesiae
836 1571 1096 1642 quoniam"
1112 1571 1358 1626 docendo
1367 1570 1514 1640 quod
1529 1570 1714 1634 δοινίι,ι
1729 1567 1804 1622 εὰ-
1821 1571 2003 1622 eorum

425 1665 736 1726 societatem
761 1663 859 1733 qui!
890 1663 1098 1718 faciunt
1114 1661 1256 1732 quod
1286 1661 1480 1716 docent
1496 1701 1510 1724 ,
1534 1675 1647 1714 non
1669 1658 1955 1728 pertinebit
1987 1677 2000 1712 :

426 1768 487 1815 eo
506 1759 637 1814 ideo!
654 1773 768 1814 non
789 1758 900 1812 erit:
925 1758 986 1810 in.
1009 1769 1234 1810 numero
1263 1754 1484 1824 piscium
1510 1767 1818 1822 magnorum
1835 1766 2006 1820 aquo-

427 1852 565 1906 niam
594 1852 680 1920 qui
699 1850 869 1922 [iecerit
909 1858 959 1902 et
987 1848 1233 1918 docuerit,
1256 1859 1468 1918 magnus
1487 1847 1742 1901 vocabitur
1769 1847 1822 1898 in
1850 1847 2004 1915 regno

425 1945 683 1998 sclorum.
715 1943 780 1998 Et
827 1943 955 2014 quia
978 1942 1068 1997 hic
1109 1955 1329 2011 mag-nus
1353 1941 1488 2005 erit,
1527 1940 1648 1994 ideo
1669 1938 1741 1994 ibi
1761 1938 2004 2002 erit,-u=bi

425 2034 677 2088 minimus
705 2035 802 2088 ille
831 2048 937 2088 non
968 2035 1098 2088 erit.-
1120 2031 1308 2103 Usque
1327 2031 1472 2086 adeo'
1489 2031 1684 2100 quippe
1725 2029 1805 2084 ibl'
1828 2029 2004 2099 magni

425 2135 604 2190 erunt,
634 2135 692 2179 ut
732 2127 818 2194 qui
849 2127 1022 2179 minor
1047 2125 1251 2189 ibirest‘a
1287 2123 1456 2192 major
1491 2124 1560 2177 sit
1583 2133 1648 2178 eo
1669 2135 1784 2192 quo
1803 2121 1889 2174 hic
1913 2129 2005 2174 ne-

426 2232 513 2270 ruo
543 2217 712 2285 major
737 2221 819 2272 est
852 2215 960 2287 (Id.
987 2232 1060 2281 xr,
1092 2215 1201 2288 lat).
1240 2215 1347 2270 Sed
1380 2224 1556 2269 tamen
1584 2214 1672 2284 qui
1708 2214 1795 2269 hic
1827 2214 2003 2282 magni

423 2319 584 2376 sunt,
609 2311 664 2364 id
691 2320 802 2378 est-,~
834 2311 931 2380 qui'
962 2309 1502 2380 ui'reguo'cmlorum,
1535 2308 1624 2362 ubi
1649 2322 1842 2377 sagena
1871 2320 2002 2360 con-

422 2412 609 2471 glvcgnc
625 2402 801 2456 bonos
826 2411 884 2455 et
905 2402 1091 2465 malos,
1127 2401 1322 2455 faciunt
1351 2401 1486 2454 bona
1513 2409 1645 2469 qua?
1665 2399 1880 2464 docent,
1905 2397 2002 2468 ipsi

422 2502 578 2546 erunt
605 2492 655 2545 iu
699 2492 974 2561 illarregnii
999 2491 1572 2546 calorum-aeternitate
1593 2489 1839 2558 majores,
1869 2503 2004 2558 quos

423 2584 516 2638 isti
547 2583 624 2638 ad-
659 2584 928 2638 desieram
969 2593 1028 2637 et
1055 2582 1511 2638 resurrectionem
1531 2581 1651 2635 Vitae
1677 2581 2003 2649 pertinentes

421 2675 664 2731 indicans
681 2677 872 2744 pisces;
893 2675 1143 2745 Sequitur
1164 2674 1236 2729 de
1256 2673 1480 2744 prandio
1507 2672 1715 2727 Domini
1736 2686 1856 2726 cum
1891 2671 2004 2724 istis

422 2773 624 2837 septem
649 2767 940 2838 discipulis,
971 2769 1028 2820 et!
1052 2767 1119 2822 de
1147 2767 1230 2821 his
1255 2776 1373 2836 quas
1393 2767 1513 2836 post
1542 2765 1832 2835 prandium
1854 2765 2001 2818 locu-

423 2865 635 2925 tus-eat,
662 2858 815 2913 a‘c'de
840 2858 1003 2927 ipsius
1033 2857 1312 2927 Evangelii!
1329 2858 1574 2922 termino,
1609 2857 1672 2911 ut!
1695 2857 1834 2910 Deus
1861 2853 2004 2926 quod

422 2949 704 3005 donaveris
733 2949 1105 3004 diaeramus-‘a
1123 2950 1228 3005 sed
1244 2949 1346 3004 hoc
1388 2963 1494 3004 non
1518 2955 1604 3005 est
1629 2949 1730 3004 isto
1753 2951 2004 3004 sermone

421 3041 818 3097 cunctandum.

875 3153 1280 3222 'l‘RA’C'P-ATUS
1317 3155 1545 3222 CXXI“.

421 3263 499 3330 De
520 3293 576 3330 eo
605 3263 752 3346 quod‘
766 3269 886 3331 dicit
907 3277 1077 3346 Jesus,
1108 3267 1312 3344 Venite,
1342 3268 1634 3349 prandete;
1662 3295 1817 3350 usque
1833 3280 1899 3333 ad
1924 3281 2000 3348 id,

495 3365 606 3424 lloc
631 3379 806 3425 autem
830 3369 981 3436 dixit,
1015 3371 1317 3440 signiﬁcans
1363 3387 1464 3442 qua
1496 3380 1667 3428 morte
1686 3371 2002 3429 clarificatu-

491 3462 583 3518 rus
606 3473 747 3519 esset
774 3455 958 3520 Deum.
991 3464 1117 3536 Cap.
1148 3481 1259 3528 χιι,
1295 3465 1331 3535 ᾗ
1355 3504 1368 3518 .
1397 3464 1580 3520 12-19.

493 3582 546 3636 l.
574 3581 634 3650 In
657 3594 724 3635 eo
760 3580 1078 3650 quodtertio
1114 3580 1370 3634 Dominus
1407 3588 1529 3648 post
1555 3580 2000 3636 resurrectionem

421 3671 777 3730 manifestavit
802 3687 862 3726 se
881 3671 1152 3741 discipulis
1179 3672 1324 3736 suisp
1359 3672 1496 3726 beati
1517 3671 1742 3726 Joamis
1775 3672 2000 3740 apostoli

423 3764 769 3834 Evangelium
795 3766 1108 3819 terminatur
1142 3783 1154 3819 :
1183 3765 1235 3820 in
1265 3776 1371 3833 quo
1400 3765 1508 3832 jam
1538 3765 1995 3834 pertractavimus,

421 3866 480 3911 ut
500 3857 779 3922 valuimus,
809 3866 1010 3926 partem
1040 3857 1310 3926 priorem,-
1346 3839 1512 3924 usque
1555 3855 1621 3910 ad
1671 3871 1793 3910 eum
1823 3856 2000 3910 locum

420 3947 513 4002 ubi
540 3958 806 4002 narratum
862 3957 943 4002 est
990 3957 1172 4018 captos
1214 3947 1376 4002 fuisse
1406 3947 1582 4016 pisces
1604 3957 1816 4003 centum
1845 3949 2002 4018 quin-

419 4041 668 4110 quaginta
688 4050 794 4096 tres
820 4054 851 4094 a
871 4039 1141 4108 discipulis
1167 4038 1355 4109 quibus
1389 4052 1448 4092 se
1491 4037 1908 4104 demonstravit,
1936 4048 1991 4094 et

419 4147 542 4186 cum
572 4132 746 4201 magni
791 4140 989 4198 essent,
1039 4131 1170 4186 retia
1222 4145 1327 4186 non
1356 4144 1476 4186 esse
1521 4130 1778 4200 disrupta.
1803 4131 2000 4188 Deinde

420 4239 538 4292 quae
565 4234 864 4293 sequuntur.
900 4223 1281 4289 consideranda
1311 4231 1431 4288 sunt
1446 4251 1474 4289 ,ι
1493 4229 1548 4277 et
1566 4231 1819 4292 quantum
1850 4223 2000 4294 adju-

419 4325 506 4368 vat
529 4315 802 4380 Dominus,
835 4316 978 4370 sicut
998 4330 1098 4370 res.
1136 4315 1400 4384 postulem
1422 4314 1700 4378 videbitur,
1731 4314 2000 4370 disseren-

420 4405 506 4459 da.
570 4405 788 4461 Peracta
843 4407 1040 4476 quippe
1080 4406 1169 4458 illa
1202 4405 1510 4474 piscatione,
1546 4403 1683 4458 Dicit
1706 4407 1776 4458 eis
1801 4406 1949 4460 Jesus
1979 4421 1998 4460 :

429 4494 621 4564 Venite,
643 4499 898 4568 prandete.
924 4497 988 4551 Et
1019 4512 1162 4550 nemo
1176 4496 1389 4549 audebat
1417 4496 1828 4552 discumbentium
1850 4499 2004 4551 inter»

419 4605 596 4662 rogare
610 4606 744 4656 eum,
765 4588 840 4643 Tu
849 4589 959 4660 quis
971 4605 1019 4656 es
1035 4587 1060 4641 ?
1078 4588 1284 4641 scientes
1298 4587 1414 4650 quia
1434 4585 1680 4641 Dominus
1691 4597 1780 4640 est.
1802 4587 1856 4642 Si
1873 4602 2002 4657 ergo

418 4682 675 4745 sciebant,
699 4681 822 4750 quid
840 4694 976 4750 opus
989 4687 1106 4734 erat
1125 4685 1183 4733 ut
1198 4677 1618 4747 interrogarent?
1635 4677 1678 4732 si
1696 4687 1874 4734 autem
1889 4693 1998 4734 non

418 4791 552 4845 opus
567 4781 704 4838 erat,
724 4788 888 4842 quare
907 4772 1104 4826 dictum
1127 4778 1228 4836 est,
1241 4811 1244 4816 .
1258 4786 1360 4824 non
1379 4768 1662 4834 audebant;
1689 4773 1836 4838 quasi
1869 4787 2002 4841 opus

417 4876 579 4931 esset,
599 4865 693 4923 sed
712 4867 899 4921 timore
915 4865 1093 4934 aliquo
1115 4878 1217 4918 non
1235 4863 1522 4918 auderent?
1549 4862 1750 4918 Sensus
1763 4877 1890 4934 ergo
1917 4864 2002 4920 hic

418 4969 528 5016 est:
545 4965 693 5016 tanta
715 4965 830 5012 erat
857 4956 1120 5012 evidentia
1136 4955 1392 5020 veritatis,
1409 4969 1512 5024 qua
1531 4952 1690 5010 Iesus
1715 4955 1819 5010 illis
1843 4956 2000 5010 disci-

417 5050 552 5122 pulis
578 5049 887 5120 apparebat,
913 5055 969 5100 ut
990 5060 1175 5101 eorum
1209 5060 1316 5100 non
1345 5044 1516 5100 solum
1543 5059 1752 5115 negare,
1789 5043 1881 5100 sed
1902 5059 2001 5102 nec

416 5140 659 5196 dubitare
684 5123 896 5208 quidem
929 5137 1068 5192 ullus
1093 5136 1343 5202 auderet;
1369 5135 1618 5206 quoniam
1653 5136 1696 5190 si
1724 5137 2001 5205 quisquam

416 5230 704 5294 dubitaret,
732 5229 912 5298 utique
938 5228 1264 5300 interrogare
1291 5226 1526 5281 deberet.
1551 5223 1639 5280 Sic
1662 5239 1788 5295 ergo
1801 5225 2002 5281 dictum

416 5329 519 5386 est,
550 5319 715 5372 Nemo
740 5317 954 5373 audebat
983 5333 1098 5372 eum
1127 5318 1454 5392 interrogare,
1486 5313 1562 5370 Tu
1602 5317 1713 5385 quis
1737 5331 1788 5371 es
1812 5315 1838 5368 ἱ)
1869 5331 1932 5371 ac
1956 5318 2001 5372 si

417 5410 706 5475 diceretur,
735 5408 905 5464 Nemo
929 5408 1155 5463 audebat
1177 5407 1419 5462 dubitare
1445 5405 1584 5476 quod
1613 5407 1728 5478 ipse
1749 5416 1910 5478 esset.

485 5487 540 5554 ‘2.
575 5499 642 5555 Et
668 5501 798 5554 venit
824 5498 997 5578 Iesus,
1025 5508 1071 5578 et
1091 5499 1271 5569 accipit
1297 5515 1498 5573 panem,
1529 5507 1576 5552 et
1597 5498 1684 5552 dat
1715 5500 1806 5565 eis,
1845 5509 1890 5553 et
1920 5501 2000 5570 pi-

414 5608 545 5645 scem
574 5591 820 5646 similiter.
838 5575 974 5646 Ecce
991 5575 1189 5670 dictum
1210 5598 1290 5646 est
1315 5588 1473 5644 etiam
1495 5588 1632 5658 quid-
1647 5589 1998 5658 pranderent:

415 5683 484 5737 de
507 5699 612 5752 quo
652 5683 872 5753 prandio
911 5683 1106 5753 aliquid
1152 5698 1314 5738 suave
1342 5697 1406 5737 ac
1432 5675 1642 5736 salubre
1689 5681 1923 5737 dicemus
1949 5692 2003 5739 et

417 5791 537 5843 nos,
561 5777 603 5831 si
627 5785 807 5846 pascat
834 5786 888 5833 et
907 5791 1024 5832 nos.
1053 5775 1310 5846 Superius
1336 5782 1605 5829 narratum
1629 5781 1713 5830 est
1741 5775 1882 5850 quod
1915 5776 2004 5848 isti

420 5865 682 5938 discipuli,
724 5867 935 5939 quando
971 5866 1359 5924 descenderunt
1405 5871 1459 5920 in
1512 5874 1728 5934 terram,
1774 5866 2004 5922 viderunt
2049 5931 2066 5940 ι,

1481 433 1884 518 TRACTATUS
1920 434 2146 491 CXXIII.
2187 437 2408 496 CAPUT
2447 437 2589 498 XXI.

3561 454 3695 504 19(μὶ

2113 568 2302 622 prunas
2337 555 2562 628 positas;
2586 562 2634 609 et
2658 555 2844 625 piscem
2869 558 3266 628 superpositum,
3283 570 3328 614 et
3354 578 3554 631 partem.
3583 558 3688 622 Ubi

2116 659 2222 698 non
2265 655 2347 700 est
2397 645 2791 718 intelligendum
2840 649 3000 704 etiam
3057 655 3455 722 superpositum.
3495 672 3685 726 panem

2115 734 2278 792 ﬁnisse
2317 740 2519 806 prunis,
2566 741 2662 795 sed
2696 748 2898 797 tantum
2933 745 3372 813 subaudiendum,
3405 748 3679 807 Viderunt.

2113 825 2264 894 Quod
2290 829 2506 884 verbum
2533 832 2577 885 si
2597 841 2901 902 repetamus
2928 851 2992 890 eo
3021 835 3138 892 loco
3155 836 3244 891 ubi
3274 841 3690 900 subaudiendum

2113 927 2214 983 est,
2248 919 2320 974 ita
2349 927 2518 975 tctum
2556 923 2660 978 dici
2700 929 2873 992 potest
2902 943 2918 978 ε
2950 926 3206 982 Viderunt-
3244 941 3439 999 prunas
3465 935 3688 1002 positas,

2113 1019 2166 1065 et
2190 1010 2388 1081 piscem
2415 1017 2828 1082 superpositum,
2862 1026 2917 1072 et
2942 1027 3138 1087 panem
3172 1021 3436 1079 viderunt.
3485 1025 3582 1083 Vel
3619 1029 3686 1083 ita

2116 1103 2294 1170 potius
2323 1122 2335 1158 :
2371 1104 2625 1160 Viderunt
2650 1123 2846 1176 prunas
2871 1111 3090 1178 positas,
3118 1122 3172 1167 et
3200 1115 3406 1183 piscem
3427 1132 3686 1190 superpo-

2112 1195 2294 1262 situm,
2327 1197 2574 1252 viderunt
2599 1209 2653 1253 et
2682 1215 2894 1269 panem.
2922 1202 3150 1260 lubente
3167 1207 3326 1262 etiam
3355 1209 3578 1266 Domino
3599 1222 3687 1267 at-

2114 1287 2347 1342 tulerunt
2371 1298 2427 1343 et
2440 1290 2508 1344 de
2536 1291 2770 1360 piscibus
2796 1309 2928 1362 quos
2962 1295 3059 1365 ipsi
3105 1309 3384 1367 ceperant;
3430 1305 3570 1372 quod
3594 1317 3686 1359 eos

2111 1375 2302 1433 fecisse
2353 1382 2593 1450 quamvis
2642 1397 2672 1438 a
2721 1395 2970 1442 narrante
3019 1402 3134 1442 non
3171 1400 3314 1445 esset
3349 1405 3683 1463 exiit-essum,

2113 1477 2286 1524 tamen
2314 1472 2834 1542 Durninum-jussisse
2884 1491 2994 1530 nou
3027 1480 3238 1534 tacitum
3267 1485 3484 1539 est.‘Ait
3503 1488 3644 1541 enim
3669 1505 3682 1541 :

2111 1559 2300 1628 Aﬁ'erte
2319 1563 2382 1615 de
2396 1563 2618 1631 piscibus
2636 1581 2758 1634 (pros
2783 1569 3182 1638 apprehendistis
3211 1589 3341 1627 nunc
3361 1575 3536 1646 (Joan.
3567 1592 3681 1644 xxr,

2110 1652 2163 1719 9,
2196 1653 2307 1723 10).
2338 1655 2402 1708 Et
2428 1657 2605 1724 utique
2625 1658 2842 1726 jiubente
2867 1661 2957 1714 illo
2974 1677 3063 1715 eos
3087 1679 3189 1717 non
3213 1665 3400 1721 fecisse
3417 1669 3536 1738 quis
3563 1685 3682 1726 cre-

2108 1743 2237 1798 dat?
2264 1744 2395 1799 Hino
2428 1761 2565 1816 ergo
2595 1749 2716 1802 lbeit
2739 1750 3026 1817 prandium
3049 1753 3300 1808 Dominus
3339 1758 3444 1812 illis
3483 1770 3685 1830 septem

2111 1835 2388 1903 discipulis
2413 1839 2549 1899 suis,-
2570 1837 2637 1892 de
2671 1840 2810 1907 pisce
2833 1841 3032 1895 scilicet
3051 1856 3206 1912 quem
3232 1849 3416 1914 prunis
3434 1865 3688 1922 superpo-

2109 1925 2278 1978 situur
2300 1927 2559 1991 vidtérant',
2588 1928 2708 1983 huic
2727 1929 3100 2000 adjungeusex
3126 1934 3230 1989 illis
3255 1951 3388 2004 quos
3412 1953 3684 2011 ceperant,

2108 2025 2163 2071 et
2189 2016 2256 2071 de
2296 2032 2434 2086 pane
2471 2035 2626 2088 quem
2674 2022 3018 2079 nihilominus
3045 2039 3148 2080 eos-
3175 2027 3373 2085 vidisse
3411 2043 3680 2092 narratum

2107 2117 2206 2162 est.
2232 2109 2396 2164 Piscis
2417 2125 2587 2178 assus,
2613 2111 2855 2166 Christus
2879 2123 2964 2168 est-
2990 2130 3200 2185 passus;
3223 2118 3338 2188 ipse
3358 2130 3441 2176 est
3458 2131 3511 2178 et
3535 2127 3681 2193 panis

2109 2201 2196 2267 qui
2221 2199 2287 2254 de
2325 2203 2470 2256 caelo
2486 2202 2760 2258 descendit
2784 2203 2890 2275 (Μ.
2915 2223 2990 2268 vr,
3020 2207 3133 2277 41).
3165 2209 3295 2264 Huic
3322 2212 3682 2282 iucorporatur

2109 2289 2344 2344 Ecclesia
2365 2291 2430 2344 ad
2453 2293 2869 2361 participanda")
2890 2297 3262 2352 beatitudinem
3288 2304 3682 2371 sempiternam.

2111 2380 2332 2450 Propter
2352 2381 2499 2452 quod
2520 2382 2854 2449 dictum-esus
2877 2385 3066 2452 Alia-te
3093 2390 3156 2442 de
3174 2391 3394 2460 piscibus
3427 2407 3556 2465 quos
3599 2411 3683 2466 trp"-

2111 2474 2442 2542 prelrendistis
2469 2493 2642 2542 nunc;
2670 2482 2728 2532 ut:
2763 2495 2962 2535 omnes
2985 2483 3082 2550 qui
3101 2482 3236 2537 hanc
3255 2500 3414 2554 spem'
3432 2489 3683 2558 gerimus,

2110 2581 2206 2634 per
2244 2567 2390 2621 illum
2443 2572 2800 2637 septenarium
2840 2577 3116 2629 nur‘uerum
3156 2577 3557 2648 discipulorum,
3597 2597 3689 2653 per

2109 2673 2263 2725 quem
2289 2667 2467 2728 potest
2491 2659 2592 2715 hoc
2616 2662 2936 2718 loco'noslra
2967 2667 3282 2722 universitas
3308 2671 3524 2742 intelligi
3557 2676 3687 2743 ligu-

2110 2758 2243 2812 rata,
2300 2757 2444 2802 tanto
2471 2749 2818 2806 Sacramenta
2845 2767 2942 2808 uos
2965 2759 3356 2814 communicare
3384 2775 3679 2832 nossemus,

2108 2839 2355 2894 cteidem
2399 2841 2710 2897 beatitudini
2752 2845 2959 2899 sociari.
3006 2846 3117 2902 Hoc
3164 2850 3369 2906 Domini
3409 2855 3684 2921 prandium

2107 2937 2196 2985 est
2215 2945 2333 2985 cum
2362 2932 2636 3001 discipulis
2656 2935 2785 2996 suis,
2824 2935 2890 2990 ad
2922 2937 3061 3006 quod
3082 2938 3312 2994 Joannes
3340 2942 3683 3015 Evangelium

2105 3036 2284 3089 suum,
2309 3037 2430 3078 cum
2461 3024 2678 3083 haberet
2696 3027 2764 3082 d‘c
2783 3028 2998 3084 Christo
3011 3031 3112 3085 alia
3138 3034 3300 3088 ruulta
3320 3049 3438 3105 quae
3463 3038 3681 3105 diceret,

2108 3131 2316 3186 magna,
2347 3125 2403 3172 ut
2421 3119 2688 3186 existimo,
2717 3131 2778 3176 et
2800 3131 2988 3177 rerum
3007 3136 3315 3195 magnarum
3355 3133 3685 3202 contempla—

2109 3210 2254 3265 tione
2273 3211 2562 3268 concludit.
2606 3214 2703 3268 llic
2729 3215 2872 3270 enim
2895 3217 3128 3272 Ecclesia
3154 3221 3326 3289 qualis
3355 3223 3406 3276 in
3433 3226 3561 3279 solis
3588 3226 3683 3279 bo-

2109 3301 2194 3355 nis
2217 3301 2390 3356 futura
2417 3313 2518 3368 est,
2543 3304 2869 3375 significatur
2891 3319 2988 3376 per
3004 3319 3275 3378 capturam
3298 3317 3510 3369 centum
3533 3320 3687 3387 qutu-

2107 3392 2362 3462 quaginta
2408 3396 2580 3450 trium'
2608 3396 2865 3465 piscium;
2915 3407 2968 3452 et
3017 3397 3096 3456 eis
3143 3406 3232 3469 qui
3276 3401 3390 3457 haec
3439 3406 3690 3474 credunt;-

2107 3495 2344 3553 sperant,
2373 3485 2614 3558 diligunt,
2652 3489 2982 3558 participatio
3011 3498 3171 3545 tanta-2
3211 3494 3550 3554 beatitudluls
3590 3508 3686 3570 per

2106 3576 2209 3632 hoc
2239 3579 2511 3646 prandium
2538 3581 2948 3637 demonstratur.

2177 3669 2230 3722 ὃ.
2263 3667 2375 3721 Hoc
2405 3671 2530 3739 jam‘
2557 3673 2727 3734 tertio,
2777 3673 2978 3742 inquit",
3027 3677 3388 3745 mani/esturbs"
3419 3691 3492 3734 est
3533 3681 3692 3738 Iesus

2106 3758 2368 3828 discipulis
2390 3763 2494 3814 suis
2514 3779 2670 3826 ,aoum
2702 3765 3048 3818 resirrreaiisset
3078 3783 3111 3818 a
3137 3771 3362 3824 mortuis.
3395 3773 3545 3836 Quod
3574 3789 3681 3829 non

2105 3852 2170 3906 ad
2211 3853 2351 3921 ipsas
2376 3854 2898 3922 demonstrationes,-:
2921 3855 3016 3911 sed
3043 3859 3107 3911 ad
3137 3859 3491 3917 dies‘rel‘erre"
3517 3864 3681 3921 debe-

2105 3958 2224 3998 mus
2266 3943 2338 4012 (id
2367 3953 2450 3998 est
2491 3945 2660 4012 primo
2707 3945 2971 4010 die,.cum
3016 3951 3276 4016 surrexit;
3322 3961 3376 4006 et
3413 3957 3532 4022 poSt
3567 3955 3682 4011 dies

2105 4044 2255 4099 octo,
2287 4035 2498 4104 quando
2534 4029 2824 4106 discipulus
2850 4037 3241 4095 Thomas-vidit
3277 4052 3340 4096 et
3362 4046 3602 4110 credidit,
3629 4055 3694 4102 et-

2108 4125 2262 4180 lrodie
2289 4125 2499 4196 quando
2527 4126 2631 4182 hoc
2658 4127 2730 4182 de
2749 4129 2980 4197 piscibus
3019 4131 3173 4195 fecit;
3205 4142 3325 4200 post
3348 4145 3486 4204 quor
3505 4145 3680 4193 autem

2104 4215 2218 4271 dies
2246 4217 2306 4271 id-
2328 4217 2542 4285 fecerit,:
2562 4217 2757 4273 dictrun
2785 4221 3070 4292 nonest):
3102 4237 3221 4277 nam
3253 4225 3368 4294 ipso
3398 4228 3569 4297 primo
3596 4231 3683 4286 die

2105 4323 2214 4362 non
2251 4309 2413 4363 semel
2443 4310 2588 4375 visus
2622 4319 2722 4374 est,
2771 4311 2907 4365 sicut
2943 4312 3395 4383 Evangelislarum
3445 4321 3680 4377 omnium

2108 4399 2402 4454 testimonia
2444 4400 2633 4454 collata
2678 4401 3045 4457 demonstrant
3090 4422 3103 4457 :
3143 4405 3258 4471 sed,
3307 4409 3444 4463 sicut
3485 4411 3684 4466 dictum

2105 4501 2207 4556 est,
2239 4491 2526 4546 secundum
2565 4492 2688 4546 dies
2710 4495 3048 4550 numeranda:
3075 4506 3198 4552 sunt
3227 4499 3682 4558 manifestationes
3726 4483 3728 4485 b

2105 4583 2253 4651 ejus,
2287 4591 2341 4637 ut
2368 4584 2466 4636 ista
2510 4583 2577 4637 sit
2607 4585 2799 4647 tertia;
2827 4585 2996 4653 prima
3032 4588 3225 4656 quippe
3267 4589 3506 4645 habenda
3538 4595 3606 4647 sit
3638 4596 3696 4660 ‘,~

2105 4672 2394 4741 eademque
2418 4689 2521 4726 una
2546 4681 2766 4743 propter
2783 4676 3138 4745 unum'diem,
3164 4680 3682 4751 quotiescumque-se
3725 4721 3728 4728 ι

2105 4775 2158 4820 et
2196 4765 2632 4835 quibuscumque,
2673 4766 2758 4822 die
2797 4768 2889 4822 illo
2925 4783 3031 4838 quo
3067 4772 3378 4837 resurrexit,
3414 4774 3681 4841 ostendit;

2105 4856 2335 4912 secunda
2365 4866 2484 4926 post
2508 4858 2882 4923 diesioetopet
2909 4859 3022 4914 haec
3052 4861 3223 4923 tertia,
3257 4869 3310 4915 et
3336 4862 3528 4920 deinde
3552 4879 3684 4935 quo-
3729 4857 3739 4906 ἱ

2109 4954 2206 5006 ties
2230 4951 2395 5005 voluit
2414 4965 2579 5020 usque
2601 4951 3336 5023 ad'diem'quadragcsirnum,
3365 4961 3684 5024 queascem

2106 5043 2194 5097 diti
2214 5043 2265 5096 in
2292 5042 2509 5105 omium;
2541 5043 2780 5111 quamvis
2806 5057 2908 5097 non
2936 5043 3261 5112 scripta-sint
3283 5046 3482 5099 omnia.

2177 5137 2230 5190 4.
2268 5154 2288 5186 ι
2322 5132 2455 5189 Cum
2503 5150 2630 5204 ergo
2673 5135 3026 5204 prandissent,
3066 5137 3194 5190 dicit
3234 5138 3450 5192 Simoni'
3480 5139 3679 5194 Petro:

2107 5227 2287 5284 Simon
2317 5227 2555 5291 Joannis,
2584 5228 2758 5297 diligis
2787 5230 3019 5297 me’plbs
3047 5229 3160 5283 his?
3193 5231 3327 5284 Dicit
3351 5233 3400 5284 ei
3434 5232 3648 5286 :‘Etiam

2108 5321 2365 5384 Domine,
2397 5329 2452 5374 tu
2477 5321 2582 5374 scis
2610 5321 2748 5389 quia‘
2770 5329 2990 5374 amo-te.
3027 5320 3163 5375 Dicit
3193 5323 3242 5376 ei
3271 5322 3481 5377 :Pasce
3518 5337 3676 5393 agnm

2107 5427 2275 5468 meos.
2311 5413 2446 5466 Dicit
2486 5411 2536 5466 ei
2577 5413 2810 5465 iterum“:
2837 5411 3036 5466 Simon'
3063 5411 3300 5477 Joannis,
3343 5413 3517 5484 diligis
3556 5431 3643 5469 me
3663 5415 3696 5468 2-

2107 5505 2196 5558 Ait
2223 5504 2297 5558 illi
2329 5521 2340 5557 :
2376 5503 2564 5566 Etiam,
2601 5502 2840 5566 Domine,
2887 5512 2940 5555 tu
2979 5504 3084 5556 scis
3127 5504 3409 5572 quia-‘amo
3448 5515 3517 5560 te.
3547 5506 3698 5560 Dicit

2107 5595 2197 5650 ei':
2229 5595 2392 5648 Pasce
2420 5608 2588 5662 agnos
2621 5598 2788 5646 meos.
2819 5593 2955 5647 Dicit
2985 5594 3035 5648 ei
3075 5597 3231 5649 tertio
3264 5615 3278 5650 :
3306 5595 3488 5652 Simon
3517 5600 3679 5652 Joan-

2107 5687 2210 5751 nis,
2241 5699 2394 5741 amas
2416 5698 2504 5739 me
2519 5683 2924 5737 i-Goutristatus
2961 5693 3042 5738 est
3073 5685 3281 5752 Petrus,
3323 5688 3605 5758 quia-dixit
3633 5691 3682 5744 ei

2110 5777 2284 5840 tertio,
2314 5776 2473 5828 Amas
2499 5789 2616 5840 me;
2643 5783 2696 5828 et
2719 5773 2845 5827 dicit
2869 5775 2916 5828 ei
2948 5793 2960 5825 :
2993 5775 3235 5844 Domine,
3270 5788 3322 5834 tu
3350 5781 3526 5834 oruuia
3552 5795 3681 5851 scrs,

2174 5879 2192 5908 ί
2217 5881 2315 5933 Est,
2336 5877 2472 5938 juxta
2496 5882 2568 5924 Er.
2595 5875 2740 5936 Lugd.
2770 5880 2821 5924 et
2841 5881 2957 5924 Veu.
3028 5884 3082 5926 tu.
