4076 6506
476 333 612 386 1967

471 453 528 498 tu
567 442 672 498 scis
715 439 836 510 quia
880 454 999 493 amo
1045 447 1117 494 te.
1165 438 1302 492 Dicit
1346 437 1392 490 ei
1436 453 1448 488 :
1491 436 1657 490 Pasce
1701 449 1828 489 oves
1875 449 2040 488 meas.

471 534 660 599 Amen,
687 547 842 587 amen
868 531 987 586 dico
1017 531 1140 595 tibi;
1169 545 1288 584 cum
1309 543 1453 582 esses
1473 526 1672 597 junior,
1693 527 1942 596 cingebas
1971 536 2043 593 te,

471 635 526 681 et
553 624 860 680 ambulabas
889 623 976 677 ubi
1005 621 1223 677 volebas
1257 639 1269 673 :
1298 634 1416 674 cum
1444 627 1620 673 autem
1653 619 1915 680 senueris,
1949 633 2048 672 ex-

473 717 662 773 tendes
683 729 870 770 manus
895 723 1032 780 tuas,
1065 722 1120 766 et
1142 713 1270 764 alius
1299 719 1349 764 te
1375 709 1569 778 cinget,
1599 717 1652 764 et
1677 709 1834 762 ducet
1857 724 1963 778 quo
1995 717 2048 762 tu

472 826 580 862 non
597 808 696 862 vis.
719 807 830 861 Hoc
856 813 1028 858 autem
1053 803 1208 866 dixit,
1223 801 1524 870 signiﬁcans
1541 815 1642 868 qua
1671 807 1840 853 morte
1855 798 2050 852 clarifi-

468 909 684 954 caturus
698 907 840 954 esset
859 897 1045 950 Deum.
1061 913 1080 945 ι
1099 893 1249 948 Hunc
1263 891 1463 945 invenit
1484 891 1682 945 exitum
1701 890 1788 944 ille
1804 899 2046 958 negator,

469 1001 525 1047 et
551 1000 785 1054 amator;
820 983 1186 1056 prinsumendo
1225 984 1413 1046 elatus,
1445 981 1687 1052 negando
1733 989 2044 1050 prostratus,

467 1083 646 1138 ﬂendo
675 1089 944 1150 purgatus,
978 1076 1280 1130 conﬁtendo
1311 1075 1578 1145 probatus,
1613 1073 1863 1144 patiendo
1893 1087 2048 1128 coro-

468 1181 622 1226 natus
653 1189 665 1224 :
699 1171 840 1224 hunc
865 1168 1064 1222 invenit
1089 1167 1307 1230 exitum,
1341 1175 1398 1220 ut
1425 1181 1520 1235 pro
1545 1165 1657 1234 ejus
1685 1165 1899 1218 nomine
1929 1167 2050 1232 per-

465 1263 602 1318 fecta
647 1261 929 1315 dilectione
971 1269 1289 1320 moreretur,
1333 1272 1454 1310 cum
1493 1269 1599 1326 quo
1643 1272 1702 1310 se
1731 1256 2046 1308 moriturum

465 1347 710 1424 perversa
751 1351 1088 1407 festinatione
1125 1351 1463 1420 promiserat.
1497 1347 1678 1401 Faciat
1717 1347 1830 1416 ejus
1869 1361 2049 1400 resur-

463 1447 697 1502 rectione
727 1444 986 1510 ﬁrmatus,
1015 1442 1159 1514 quod
1191 1444 1472 1496 immature
1509 1438 1860 1508 pollicebatur
1893 1437 2045 1492 inﬁr-

462 1554 600 1592 mus.
649 1536 763 1591 Hoc
807 1537 946 1590 enim
997 1535 1310 1604 Oportebat,
1361 1540 1418 1585 ut
1465 1531 1610 1600 prius
1659 1529 1902 1584 Christus
1949 1542 2047 1597 pro

460 1627 604 1682 Petri
655 1628 846 1692 salute,
876 1624 1067 1678 deinde
1101 1625 1288 1678 Petrus
1319 1637 1416 1691 pro
1440 1620 1636 1675 Christi
1670 1617 2046 1689 prindicatione

459 1727 778 1772 moreretur.
821 1717 1210 1785 Praeposterum
1255 1713 1350 1767 fuit
1395 1712 1534 1780 quod
1571 1711 1770 1766 audere
1813 1719 2048 1780 cmperat

459 1809 690 1865 humana
719 1809 1022 1873 temeritas,
1054 1822 1176 1862 cum
1234 1807 1392 1860 istum
1421 1803 1772 1873 disposuisset
1799 1802 2045 1856 ordinem

459 1901 674 1956 veritas.
704 1901 948 1954 Animam
979 1913 1130 1952 suam
1159 1913 1218 1952 se
1247 1898 1540 1967 positurum
1574 1911 1672 1966 pro
1699 1893 1912 1951 Christo
1943 1896 2042 1950 Pe—

459 2001 570 2046 trus
603 1991 816 2060 putabat
843 1989 1019 2060 (Joan.
1057 2003 1172 2055 xm,
1205 1989 1320 2059 57),
1365 2005 1460 2058 pro
1491 1987 1778 2042 liberatore
1807 1987 2044 2042 liberan-

455 2083 586 2148 dus;
627 2097 746 2136 cum
778 2082 1018 2136 Christus
1049 2081 1281 2136 venisset
1315 2081 1546 2134 animam
1587 2095 1736 2134 suam
1777 2081 2044 2149 positurus

460 2191 564 2245 pro
589 2175 698 2229 suis
752 2175 1001 2230 omnibus
1027 2176 1069 2242 ί,
1097 2174 1152 2228 in
1181 2175 1372 2244 quibus
1409 2183 1526 2228 erat
1563 2184 1616 2228 et
1641 2173 1868 2237 Petrus;
1901 2172 2042 2242 quod

456 2280 584 2320 ecce
622 2265 730 2335 jam
773 2265 968 2319 factum
1015 2273 1116 2318 est.
1149 2265 1300 2318 Nunc
1338 2265 1446 2333 jam
1497 2263 1718 2317 firmitas
1755 2263 1932 2318 cordis
1973 2264 2041 2318 ad

455 2355 846 2426 suscipiendam
887 2364 1112 2408 mortem
1154 2370 1251 2424 pro
1282 2353 1496 2408 nomine
1523 2354 1732 2408 Domini
1765 2369 1886 2408 vera
1927 2355 2042 2423 ipso

453 2447 688 2502 donante
725 2455 982 2509 sumatur,
1015 2462 1120 2500 non
1155 2445 1288 2500 falsa
1319 2446 1474 2500 nobis
1511 2446 1810 2500 errantibus
1841 2461 2045 2514 prinsu-

453 2545 646 2592 matur.
681 2538 830 2593 Nunc
858 2547 940 2592 est
969 2546 1024 2591 ut
1053 2539 1174 2590 vitae
1203 2537 1361 2605 hujus
1387 2551 1494 2592 non
1525 2545 1824 2591 metuamus
1857 2537 2040 2590 inter-

457 2629 586 2684 itum
615 2647 629 2696 ;
663 2631 785 2700 quia
809 2639 1122 2698 resurgente
1137 2628 1364 2682 Domino
1389 2627 1512 2680 vitae
1536 2627 1752 2681 alterius
1769 2627 2041 2695 praecessit

452 2721 774 2789 exemplum.
809 2719 958 2773 Nunc
987 2733 1089 2784 est,
1118 2718 1297 2784 Petre,
1331 2728 1389 2771 ut
1417 2725 1644 2772 mortem
1673 2733 1780 2770 non
1813 2719 2034 2784 timeas;

451 2815 572 2885 quia
599 2813 727 2867 vivit
749 2827 907 2882 quem
935 2823 1204 2864 mortuum
1231 2809 1470 2876 dolebas,
1501 2819 1556 2864 et
1578 2825 1734 2879 quem
1763 2825 1858 2878 pro
1887 2811 2038 2866 nobis

451 2905 584 2960 mori
623 2903 821 2958 carnali
861 2915 1044 2956 amore
1089 2899 1408 2970 prohibebas
1437 2899 1772 2969 (Matt/LXVI,
1803 2899 1898 2965 21,
1919 2898 2033 2971 22).

451 2995 628 3051 Ausus
651 3009 712 3050 es
739 2993 1030 3064 praevenire
1058 2992 1357 3059 ductorem,
1389 2991 1684 3046 formidasti
1709 2992 1824 3062 ejus
1853 3007 2035 3062 perse-

449 3097 688 3144 cutorem
718 3106 733 3142 :
755 3088 864 3157 jam
889 3087 1062 3156 pretio
1083 3099 1180 3155 pro
1205 3092 1256 3138 te
1279 3084 1416 3149 fuso,
1444 3099 1584 3138 nunc
1612 3092 1692 3138 est
1719 3095 1775 3137 ut
1797 3085 2036 3154 sequaris

449 3189 769 3248 emptorem,
820 3187 874 3234 et
925 3179 1164 3246 sequaris
1215 3175 1432 3230 omnino
1473 3189 1643 3244 usque
1694 3174 1760 3229 ad
1807 3185 2034 3230 mortem

447 3271 641 3326 crucis.
670 3271 840 3325 Verba
879 3271 995 3340 ejus
1041 3267 1254 3332 audisti,
1301 3281 1459 3336 quem
1493 3266 1600 3336 jam
1631 3281 1874 3320 veracem
1906 3281 2032 3336 pro-

445 3363 615 3426 basti;
651 3377 928 3432 passurum
955 3369 1010 3417 te
1053 3361 1168 3432 ipse
1197 3357 1472 3429 praedixit,
1501 3358 1590 3428 qui
1634 3365 1685 3413 te
1715 3357 2036 3427 prindixerat

445 3447 780 3528 negaturum.

515 3548 569 3602 5.
597 3545 704 3600 Sed
736 3545 876 3614 prius
904 3543 1164 3598 Dominus
1190 3541 1332 3612 quod
1361 3541 1564 3596 sciebat
1590 3541 1900 3611 interrogat,
1933 3557 2034 3598 nec

443 3639 641 3703 semel,
671 3636 768 3692 sed
796 3638 988 3691 iterum
1017 3651 1079 3690 ac
1103 3636 1291 3700 tertio,
1325 3644 1502 3688 utrum
1529 3633 1718 3688 Petrus
1755 3651 1878 3690 eum
1908 3635 2031 3689 dili-

441 3741 570 3804 gat;
599 3745 698 3786 nec
726 3729 869 3796 aliud
917 3729 1072 3783 toties
1114 3727 1260 3782 audit
1289 3743 1318 3781 a
1348 3727 1527 3792 Petro,
1555 3742 1714 3797 quam
1747 3741 1807 3782 se
1847 3727 2028 3797 diligi;

443 3838 546 3879 nec
573 3821 715 3876 aliud
757 3822 913 3876 toties
941 3819 1279 3876 commendat
1317 3818 1495 3880 Petro,
1539 3834 1697 3890 quam
1743 3833 1864 3873 suas
1903 3833 2030 3872 oves

441 3915 608 3985 pasci.
640 3912 902 3968 Redditur
945 3911 1212 3980 negationi
1251 3910 1406 3964 trinae
1455 3909 1592 3962 trina
1636 3909 1919 3972 confessio,
1961 3923 2030 3964 ne

439 4005 616 4058 minus
643 4003 810 4056 amori
838 4002 1014 4070 lingua
1039 4001 1236 4054 serviat
1255 4015 1412 4069 quam
1441 3999 1639 4065 timori,
1663 4007 1717 4053 et
1741 4000 1859 4068 plus
1883 3999 2028 4054 vocis

440 4095 687 4150 elicuisse
707 4093 946 4148 videatur
969 4105 1114 4145 mors
1136 4092 1439 4154 imminens,
1463 4107 1620 4161 quam
1639 4091 1746 4145 vita
1769 4107 2024 4160 praesens.

437 4186 518 4240 Sit
543 4185 740 4238 amoris
781 4184 1033 4248 oflicium,
1067 4198 1285 4252 pascere
1325 4183 1649 4237 dominicum
1685 4199 1935 4254 gregem;
1979 4185 2023 4239 si

435 4277 535 4332 fuit
557 4276 763 4330 timoris
789 4275 1063 4340 indicium,
1083 4291 1274 4344 negare
1297 4283 1583 4344 pastorem.
1599 4273 1696 4342 Qui
1725 4276 1826 4330 hoc
1845 4277 2022 4331 animo

437 4377 660 4440 pascunt
685 4383 810 4423 oves
835 4367 1064 4435 Christi,
1095 4375 1154 4422 ut
1181 4381 1302 4420 suas
1323 4367 1484 4420 velint
1513 4383 1633 4421 esse
1661 4382 1768 4421 non
1800 4367 2018 4436 Christi,

434 4477 492 4516 se
520 4461 906 4516 convincuntur
929 4475 1126 4522 amare,
1161 4475 1268 4514 non
1295 4459 1600 4524 Christum;
1625 4462 1708 4514 vel
1735 4460 2014 4531 gloriandi,

429 4553 516 4608 vel
555 4552 898 4618 dominandi,
926 4551 1008 4606 vel
1045 4551 1354 4620 acquirendi
1390 4551 1712 4622 cupiditate,
1745 4568 1848 4606 non
1887 4551 2018 4608 obe-

429 4643 612 4699 diendi
638 4653 694 4698 et
717 4643 1064 4697 subveniendi
1091 4652 1146 4695 et
1169 4643 1280 4696 Deo
1307 4643 1546 4711 placendi
1573 4643 1856 4698 charitate.
1887 4641 2020 4698 Con-

431 4746 510 4792 tra
535 4735 635 4790 hos
657 4750 786 4806 ergo
819 4736 1001 4805 vigilat
1041 4735 1196 4788 toties
1225 4734 1492 4788 inculcata
1517 4735 1616 4788 ista
1650 4749 1754 4788 vox
1781 4734 2011 4803 Christi,

427 4845 562 4900 quos
605 4829 889 4898 Apostolus
931 4828 1094 4900 gemit
1134 4842 1228 4882 sua
1273 4841 1536 4896 quaerere,
1581 4843 1682 4880 nou
1735 4843 1852 4896 qua:
1890 4827 2016 4884 Jesu

425 4923 620 4978 Christi
653 4922 904 4994 (Philipp.
941 4938 995 4986 ιι,
1026 4920 1142 4991 21).
1179 4919 1312 4975 Nam
1348 4919 1474 4990 quid
1519 4929 1596 4974 est
1638 4919 1800 4984 aliud,
1831 4919 2015 4992 Diligis

425 5015 546 5068 me?
573 5032 720 5086 pasce
739 5031 849 5068 oues
872 5029 1006 5067 meas
1021 5053 1036 5078 ,
1063 5027 1220 5082 quam
1241 5012 1284 5065 si
1311 5011 1598 5077 diceretur,
1627 5009 1684 5066 Si
1712 5027 1798 5066 me
1817 5013 2008 5082 diligis,

426 5121 532 5160 non
581 5117 633 5160 te
674 5121 890 5175 pascere
928 5105 1098 5174 cogita
1133 5104 1272 5158 :sed
1313 5117 1441 5159 oves
1487 5119 1658 5170 meas,
1695 5105 1830 5158 sicut
1867 5119 2014 5160 meas

422 5211 604 5265 pasce,
645 5213 750 5252 non
789 5199 922 5251 sicut
949 5206 1096 5258 tuas;
1135 5195 1356 5264 gloriam
1397 5209 1566 5248 meam
1601 5197 1652 5248 in
1692 5195 1770 5250 eis
1801 5213 2009 5266 qumre,

425 5303 530 5342 non
573 5297 744 5354 tuam;
787 5289 1077 5342 dominium
1106 5303 1314 5350 meum,
1339 5303 1444 5340 non
1475 5295 1653 5352 tuum;
1688 5287 1834 5341 lucra
1869 5303 2006 5354 mea,

422 5393 530 5432 non
572 5387 690 5443 tua;
723 5393 789 5432 ne
833 5379 906 5432 sis
950 5379 1000 5431 in
1025 5391 1210 5432 eorum
1237 5377 1490 5432 societate
1523 5377 1611 5446 qui
1649 5379 1916 5446 pertinent
1942 5379 2008 5434 ad

423 5477 666 5540 tempora
693 5471 987 5538 periculosa
1006 5513 1020 5536 ,
1053 5472 1258 5540 seipsos
1295 5481 1562 5534 amantes,
1593 5480 1647 5525 et
1674 5481 1864 5527 caetera
1889 5488 2010 5542 qua:

421 5557 546 5614 huic
569 5559 832 5614 malorum
861 5561 1008 5616 initio
1029 5563 1448 5617 connectuntur?
1471 5560 1606 5616 Cum
1623 5563 1764 5618 enim
1785 5563 2008 5620 dixisset

421 5651 730 5721 Apostolus,
763 5669 782 5702 ι
819 5651 990 5707 Erunt
1009 5653 1154 5708 enim
1177 5653 1420 5710 homines
1443 5653 1650 5724 seipsos
1674 5661 1950 5723 amantes;
1977 5673 2000 5710 ι

402 5781 406 5788 τ
483 5761 1197 5826 ίωοωοιρνοηᾱιοοῶιω.

1395 325 1456 376 IN
1495 323 1770 378 manuus
1806 317 2275 388 nuncnum,
2314 317 2370 374 s.
2413 316 2786 376 AUGUSTINI

3585 321 3614 376 ἰ
3629 321 3732 380 968

2160 441 2372 488 secutus
2402 433 2666 503 adjunxit,
2703 451 2722 485 ι
2751 433 3027 488 Amatores
3055 433 3734 505 pecuniae,elati,superbi,

2155 523 2484 594 blaSphemi,
2511 526 2816 595 parentibus
2847 541 2950 580 non
2989 526 3319 595 obedientes,
3361 527 3586 598 ingrati,
3617 545 3732 585 sce-

2151 617 2292 682 lesti,
2322 616 2623 686 irreligiosi,
2655 618 2770 672 sine
2797 617 3096 686 aﬁ'ectione,
3127 619 3473 684 detractores,
3507 621 3739 678 inconti-

2153 717 2363 774 nentes,
2408 708 2660 774 immites,
2713 709 2828 763 sine
2877 709 3217 780 benignitate,
3253 711 3576 781 proditores,
3617 729 3737 782 pro-

2153 812 2328 864 caces,
2351 800 2553 866 caecati,
2583 799 2908 869 voluptatum
2931 809 3194 857 amatores
3221 801 3390 872 magis
3415 818 3578 873 quam
3607 803 3734 871 Dei;

2153 886 2410 943 habentes
2438 891 2672 959 speciem
2703 891 2930 960 pietatis,
2958 891 3206 947 virtutem
3229 901 3406 946 autem
3433 892 3552 963 ejus
3577 894 3740 950 abne-

2148 989 2336 1048 gantes
2367 997 2386 1032 ι
2419 979 2486 1048 (ll
2511 979 2640 1034 Tim.
2659 996 2736 1046 ιιι,
2761 981 2902 1051 1-5).
2931 981 3058 1036 Haec
3071 982 3246 1036 omnia
3265 983 3399 1037 mala
3416 982 3484 1036 ab
3503 999 3572 1039 eo
3603 984 3740 1041 velut

2150 1071 2296 1126 fonte
2323 1080 2574 1139 manant,
2603 1073 2744 1142 quod
2775 1075 3000 1143 primum
3038 1075 3242 1144 posuit,
3271 1076 3462 1146 seipsos
3485 1087 3735 1132 eruentes.

2149 1163 2336 1220 Merito
2355 1165 2550 1220 dicitur
2571 1165 2748 1230 Petro,
2767 1164 2952 1237 Diligis
2973 1167 3092 1220 me?
3111 1176 3166 1222 et
3185 1169 3490 1238 respondet,
3513 1169 3646 1222 Anio
3665 1179 3738 1234 te;

2149 1257 2304 1327 eique
2325 1257 2568 1322 refertur,
2594 1256 2756 1312 Pasce
2785 1275 2942 1330 agnos
2969 1276 3105 1314 meos
3135 1277 3154 1313 :
3181 1271 3234 1315 et
3264 1261 3364 1315 hoc
3393 1261 3610 1327 iterum,
3641 1262 3737 1318 hoc

2151 1349 2325 1403 tertio.
2357 1348 2458 1404 Ubi
2487 1351 2646 1404 etiam
2667 1349 3064 1406 demonstratur
3090 1366 3251 1406 unum
3275 1361 3435 1421 atque
3457 1352 3604 1406 idem
3625 1367 3736 1408 esse

2147 1453 2386 1494 amorem
2429 1448 2484 1495 et
2511 1441 2850 1497 dilectionem
2879 1458 2892 1495 :
2923 1457 3043 1496 nam
3079 1442 3236 1497 etiam
3264 1443 3522 1498 Dominus
3565 1445 3715 1499 novis

2151 1532 2286 1588 sime
2327 1548 2436 1586 non
2479 1534 2570 1600 ait,
2612 1532 2799 1604 Diligis
2837 1551 2952 1601 me;
2980 1534 3090 1599 sed,
3115 1535 3270 1589 Amas
3309 1536 3430 1589 me.’
3455 1534 3577 1590 Non
3617 1551 3740 1606 ergo

2149 1639 2248 1678 nos
2266 1667 2282 1691 ,
2309 1623 2402 1678 sed
2435 1625 2605 1694 ipsum
2632 1641 2900 1691 amemus;
2935 1635 2986 1679 et
3015 1625 3066 1678 in
3096 1626 3377 1696 pascendis
3403 1627 3602 1682 ovibus
3628 1627 3738 1696 ejus

2149 1730 2212 1770 ea
2236 1732 2354 1785 qua:
2385 1725 2507 1770 sunt
2536 1716 2672 1786 ejus,
2707 1733 2813 1770 non
2841 1733 2901 1770 ea
2923 1733 3040 1784 qua:
3067 1725 3190 1770 sunt
3218 1726 3394 1772 nostra
3413 1733 3736 1788 quaeramus.

2147 1805 2338 1863 Nescio
2357 1825 2460 1878 quo
2477 1810 2621 1865 enim
2639 1811 2992 1880 inexplicabili
3015 1810 3192 1876 modo,
3215 1811 3455 1880 quisquis
3471 1812 3734 1882 seipsum,

2147 1911 2254 1952 non
2283 1899 2448 1954 Deum
2472 1909 2634 1967 amat,
2662 1917 2767 1955 non
2793 1917 2852 1955 se
2874 1909 3044 1965 amat;
3073 1910 3126 1955 et
3150 1903 3386 1972 quisquis
3416 1903 3612 1968 Deum,
3639 1919 3738 1958 non

2151 1989 2385 2060 seipsum
2397 2001 2558 2057 amat,
2583 1992 2696 2061 ipse
2715 2007 2774 2046 se
2795 2001 2956 2046 amat.
2969 1992 3068 2060 Qui
3087 1993 3228 2046 enim
3247 2007 3350 2048 non
3371 2003 3548 2062 potest
3561 1995 3736 2050 vivere

2147 2081 2216 2135 de
2247 2095 2326 2146 se,
2351 2084 2580 2136 moritur
2609 2083 2788 2154 utique
2815 2083 3042 2138 amando
3070 2099 3128 2138 se
3160 2102 3174 2137 :
3205 2099 3308 2138 non
3335 2099 3462 2154 ergo
3487 2099 3554 2140 se
3577 2093 3734 2150 amat,

2147 2173 2236 2242 qui
2267 2189 2334 2227 ne
2363 2175 2505 2228 vivat
2531 2189 2590 2228 se
2627 2183 2786 2228 amat.
2817 2173 2950 2229 Cum
2980 2191 3108 2230 vero
3143 2175 3229 2230 ille
3249 2175 3496 2246 .diligitur
3537 2177 3609 2233 de
3636 2192 3736 2246 quo

2145 2267 2360 2334 vivitur,
2391 2284 2496 2322 non
2529 2283 2588 2323 se
2613 2268 2878 2338 diligendo
2905 2269 3072 2338 magis
3097 2268 3302 2336 diligit,
3336 2269 3424 2338 qui
3455 2279 3736 2339 propterea

2146 2373 2250 2412 non
2285 2374 2342 2412 se
2381 2358 2586 2430 diligit,
2615 2367 2674 2414 ut
2711 2375 2832 2414 eum
2861 2359 3044 2430 diligat
3068 2360 3136 2414 de
3171 2375 3276 2429 quo
3301 2361 3449 2415 vivit.
3481 2361 3606 2416 Non
3635 2363 3736 2417 sint

2145 2466 2272 2521 ergo
2297 2452 2486 2521 seipsas
2515 2461 2736 2506 amantes
2755 2453 2842 2522 qui
2867 2463 3088 2522 pascunt
3116 2467 3242 2508 oves
3271 2452 3490 2520 Christi,
3523 2469 3599 2509 ne
3627 2464 3736 2509 tan-

2143 2558 2302 2612 quam
2328 2558 2472 2609 suas,
2501 2543 2596 2597 sed
2623 2553 2871 2612 tanquam
2901 2545 3066 2612 ipsius
3093 2559 3184 2599 eas
3213 2555 3464 2613 pascant;
3495 2555 3554 2600 et
3577 2547 3734 2601 velint

2144 2649 2210 2688 ex
2239 2634 2344 2688 illis
2372 2650 2468 2688 sua
2499 2634 2642 2688 lucra
2675 2636 3008 2706 conquirere.
3039 2636 3176 2690 sicut
3201 2645 3448 2691 amatores
3469 2637 3734 2706 pecunia;

2145 2725 2230 2778 vel
2257 2725 2334 2778 cis
2361 2725 2660 2791 dominari,
2688 2726 2824 2780 sicut
2853 2726 3006 2788 elati;
3041 2727 3125 2782 vel
3163 2727 3376 2798 gloriari
3413 2730 3482 2782 de
3510 2728 3731 2784 honori-

2142 2813 2242 2868 bus
2266 2831 2399 2885 quos
2432 2817 2500 2870 ab
2523 2817 2600 2872 eis
2629 2825 2878 2878 sumunt,
2911 2818 3046 2872 sicut
3069 2819 3304 2888 superbi;
3336 2820 3416 2874 vel
3443 2821 3496 2874 in
3523 2829 3731 2876 tantum

2143 2907 2392 2976 progredi
2433 2915 2490 2962 ut
2517 2913 2676 2962 etiam
2711 2908 2952 2962 hznreses
2983 2908 3196 2976 faciant,
3239 2911 3376 2964 sicut
3403 2911 3689 2982 blasphemi
3709 2927 3731 2966 .·

2141 3013 2240 3052 nec
2263 2998 2454 3053 cedant
2479 3001 2674 3054 sanctis
2701 3001 2959 3069 patribus,
2993 3001 3128 3054 sicut
3158 3002 3450 3070 parentibus
3477 3019 3588 3058 non
3615 3004 3730 3059 obs.

2139 3089 2372 3154 dientes;
2409 3099 2464 3146 et
2499 3091 2576 3146 eis
2610 3091 2701 3162 qui
2727 3093 2844 3146 illos
2882 3093 3152 3163 corrigere
3175 3093 3361 3148 volunt
3399 3095 3522 3162 quia
3555 3097 3732 3166 perire

2140 3181 2344 3245 nolunt,
2374 3181 2512 3234 mala
2551 3197 2645 3250 pro
2674 3182 2828 3237 bonis
2858 3183 3102 3248 reddant,
3132 3185 3270 3239 sicut
3300 3185 3530 3257 ingrati:
3561 3188 3728 3244 inter-

2138 3271 2316 3326 ﬁciant
2349 3273 2552 3326 animas
2585 3283 2639 3328 et
2665 3289 2789 3328 suas
2823 3284 2877 3330 et
2917 3276 3148 3344 alienas,
3179 3277 3317 3333 sicut
3353 3280 3592 3345 scelesti;
3619 3297 3728 3336 ma-

2139 3371 2288 3418 terna
2320 3364 2570 3419 Ecclesiae
2595 3366 2796 3421 viscera
2825 3367 3104 3437 dissipent,
3138 3370 3272 3425 sicut
3297 3371 3563 3443 irreligiosi
3579 3392 3604 3442 ;
3630 3391 3730 3430 non

2135 3457 2523 3525 compatiantur
2561 3457 2818 3526 inﬁrmis,
2861 3461 2998 3514 sicut
3038 3461 3147 3516 sine
3188 3463 3490 3532 affectione;
3529 3466 3728 3523 famam

2135 3558 2440 3602 sanctorum
2465 3549 2732 3606 maculare
2757 3562 3038 3618 conentur,
3063 3554 3200 3609 sicut
3220 3557 3524 3613 deti-actores
3537 3577 3559 3624 ;
3581 3560 3728 3632 cupi-

2135 3639 2326 3695 ditates
2373 3641 2630 3710 pessimas
2669 3659 2774 3696 non
2813 3645 3114 3712 refrenent,
3153 3649 3288 3704 sicut
3323 3651 3727 3716 incontinentes;

2135 3742 2418 3787 exerceant
2459 3733 2598 3800 lites,
2645 3734 2784 3788 sicut
2821 3737 3070 3802 t'mmites;
3113 3741 3354 3794 nesciant
3404 3743 3722 3810 subvenire,

2134 3824 2270 3880 sicut
2310 3827 2418 3879 sine
2451 3825 2785 3896 benignitate;
2811 3827 3046 3883 indicent
3087 3829 3316 3885 inimicis
3357 3833 3568 3901 piorum
3611 3851 3727 3904 quin

2133 3917 2440 3972 occultanda
2475 3919 2853 3987 cognoverint,
2901 3922 3038 3974 sicut
3077 3923 3387 3990 proditores;
3436 3924 3726 3981 humanam

2131 4010 2501 4065 verecundiam
2555 4010 2907 4066 inverecunda
2963 4014 3317 4084 exagitatione
3371 4019 3721 4086 perturbent,

2129 4102 2266 4156 sicut
2293 4119 2526 4172 procaces
2547 4118 2568 4166 ;
2598 4119 2700 4157 non
2737 4105 3032 4176 intelligant
3059 4123 3230 4177 neque
3257 4125 3378 4178 qua:
3405 4109 3720 4180 loquuntur,

2128 4211 2300 4267 neque
2323 4197 2390 4251 de
2417 4197 2608 4267 quibus
2634 4197 2907 4254 afﬁrmant
2933 4200 2977 4270 (Ι
3005 4199 3134 4254 Tim.
3163 4219 3199 4268 ι,
3235 4202 3312 4274 7),
3343 4203 3481 4258 sicut
3507 4205 3722 4270 circuli;

2127 4287 2336 4342 laetitias
2360 4289 2597 4344 carnales
2637 4292 2998 4361 spiritualibus
3021 4294 3226 4364 gaudiis
3256 4305 3606 4366 anteponant,
3629 4299 3706 4353 sic

2127 4389 2183 4434 ut
2243 4381 2556 4452 voluptatum
2593 4395 2841 4438 amatores
2880 4387 3041 4456 magis
3084 4403 3235 4454 quam
3267 4385 3379 4441 Dei.
3415 4388 3539 4443 Haec
3573 4390 3718 4445 enim

2123 4481 2282 4544 atque
2315 4473 2614 4544 liujusmodi
2645 4477 2798 4542 vitia,
2831 4477 2944 4532 sive
2971 4479 3060 4531 uni
3095 4479 3294 4532 homini
3323 4479 3566 4534 accidant
3597 4497 3716 4536 om-

2123 4567 2229 4631 nia,
2260 4566 2372 4620 sive
2399 4566 2480 4620 his
2505 4567 2627 4632 alia,
2663 4568 2764 4621 illis
2793 4567 2895 4621 alia
2923 4567 3284 4635 dominentur,
3317 4586 3381 4625 ex
3417 4571 3504 4626 illa
3533 4573 3717 4628 radice

2122 4657 2513 4725 quodammodo
2567 4659 2858 4727 pullulant,
2891 4675 3010 4714 cum
3058 4670 3182 4715 sunt
3235 4663 3479 4718 homines
3521 4665 3716 4734 δείρεοι

2119 4759 2364 4802 amantes.
2393 4748 2543 4815 Quod
2572 4750 2756 4803 vitium
2801 4751 3030 4805 maxime
3067 4753 3362 4808 cavendum
3389 4765 3474 4810 est
3511 4755 3590 4809 eis
3621 4755 3712 4827 qui

2119 4850 2342 4909 pascunt
2375 4855 2500 4894 oves
2526 4839 2745 4908 Christi,
2777 4857 2843 4897 ne
2879 4857 2972 4898 sua
3009 4857 3280 4914 quierant,
3309 4862 3414 4901 non
3441 4863 3558 4917 quae
3583 4847 3710 4902 Jesu

2118 4929 2349 4998 Christi;
2395 4941 2449 4987 et
2491 4933 2544 4987 in
2590 4949 2716 4987 usus
2756 4935 3100 5005 cupiditatum
3148 4953 3362 4993 suarum
3407 4939 3706 5006 conferant,

2117 5037 2216 5091 pro
2247 5023 2437 5092 quibus
2467 5026 2678 5095 sanguis
2717 5025 2863 5082 fusus
2901 5039 2980 5082 est
3028 5027 3244 5084 Christi.
3273 5031 3434 5100 Cujus
3472 5047 3626 5088 amor
3653 5035 3705 5088 in

2117 5128 2181 5168 eo
2209 5115 2297 5183 qui
2327 5116 2493 5184 pascit
2521 5131 2648 5171 oves
2677 5117 2792 5187 ejus
2811 5159 2824 5178 ,
2857 5117 2911 5172 in
2937 5129 3042 5173 tam
3071 5135 3319 5190 magnum
3355 5122 3514 5177 debet
3542 5125 3704 5194 Spiri-

2118 5206 2312 5260 tualem
2333 5223 2575 5292 crescere
2595 5209 2862 5276 ardorem,
2885 5219 2944 5265 ut
2964 5215 3138 5267 vincat
3159 5213 3318 5267 etiam
3341 5217 3529 5270 mortis
3551 5226 3704 5272 natu-

2113 5299 2278 5352 ralem
2319 5300 2585 5370 timorem,
2621 5317 2726 5372 quo
2759 5303 2894 5357 mori
2939 5305 3206 5372 nolumus,
3251 5315 3302 5362 et
3331 5309 3545 5376 quando
3578 5324 3698 5364 cum

2114 5388 2326 5446 Christo
2373 5392 2558 5447 vivere
2603 5395 2864 5448 volumus.
2911 5393 3042 5448 Nam
3091 5405 3142 5450 et
3188 5398 3460 5467 apostolus
3505 5399 3696 5455 Paulus

2113 5479 2239 5536 dicit
2268 5498 2326 5537 se
2353 5483 2548 5539 habere
2578 5485 3060 5555 concupiscentiam
3091 5486 3309 5544 dissolvi
3341 5499 3395 5544 et
3423 5507 3542 5546 esse
3573 5507 3692 5546 cum

2111 5572 2324 5631 Christo
2357 5573 2614 5648 (Philipp.
2641 5593 2676 5642 ι,
2709 5577 2804 5648 25)
2837 5596 2851 5633 :
2883 5579 3180 5649 ingemiscit
3211 5591 3387 5638 tamen
3412 5593 3686 5655 gravatus,

2109 5675 2166 5723 et
2193 5683 2298 5724 non
2326 5669 2440 5724 vult
2465 5669 2770 5740 exSpoliari,
2803 5669 2897 5725 sed
2925 5673 3287 5742 supervestiri,
3318 5683 3376 5729 ut
3402 5675 3687 5731 absorbea-

2110 5771 2199 5818 tur
2239 5763 2464 5821 mortale
2506 5779 2538 5819 a
2565 5763 2670 5820 vita
2709 5763 2776 5834 (ll
2801 5761 2920 5820 Cor.
2968 5781 3020 5834 v,
3059 5765 3139 5836 4).
3165 5767 3233 5825 Ει
3266 5767 3390 5824 huic
3433 5769 3685 5828 Dominus
