4076 6466
394 509 643 566 dilectori
687 524 807 581 suo,
851 510 980 570 Cum
1016 517 1259 584 senueris,
1303 517 1494 587 inquit,
1533 518 1766 574 extendes
1806 534 1988 575 manus

395 609 541 668 tuas,
581 611 629 656 et
656 604 789 658 alius
828 614 876 658 te
913 606 1106 678 cinget,
1151 617 1194 662 et
1223 609 1367 663 ducet
1393 626 1491 678 quo
1531 619 1582 664 tn
1612 627 1713 664 non
1747 612 1840 666 vis.
1866 609 1989 666 Hoc

395 696 531 748 enim
561 696 619 772 ei
647 697 796 764 dixit,
819 700 1112 771 signiﬁcans
1159 719 1257 772 qua
1288 715 1445 758 morte
1480 705 1852 773 clariﬁcaturus
1881 715 1987 760 erat

396 788 582 845 Deum.
614 791 896 862 Extendes,
930 795 1128 866 inquit,
1159 813 1338 853 manus
1363 808 1476 852 tuas
1495 841 1509 865 ,
1544 800 1643 854 hoc
1663 810 1744 854 est
1773 801 1985 856 cruciﬁ-

393 883 560 952 geris.
583 882 664 938 Ad
688 888 787 940 hoc
805 895 985 942 autem
1005 899 1063 943 ut
1085 890 1288 955 venias,
1306 891 1437 945 alius
1459 900 1505 946 te
1530 893 1713 964 cinget,
1743 904 1790 946 et
1815 894 1983 961 ducet,
2020 889 2028 898 ”

395 989 505 1028 non
533 990 640 1046 quo
665 978 765 1045 vis,
797 980 890 1033 sed
918 998 1016 1051 quo
1041 999 1143 1037 non
1171 984 1261 1036 vis.
1299 983 1452 1039 Prius
1481 985 1611 1040 dixit
1640 987 1779 1057 quod
1811 987 1980 1055 ﬁeret,

393 1073 452 1120 et
493 1066 688 1122 deinde
711 1072 980 1140 quomodo
1021 1075 1192 1130 tieret.
1225 1075 1340 1131 Non
1371 1078 1510 1132 enim
1551 1079 1856 1144 crucifixus,
1889 1081 1985 1136 sed

392 1157 576 1228 utique
605 1162 994 1233 cruciﬁgendus
1019 1180 1124 1235 quo
1154 1168 1317 1221 nollet
1346 1177 1429 1222 est
1455 1169 1644 1224 ductus
1675 1189 1688 1223 :
1719 1187 1837 1226 nam
1865 1188 1986 1227 cru-

391 1248 584 1304 ciﬁxus
613 1265 716 1305 non
742 1269 848 1322 quo
877 1255 1092 1310 nolebat
1118 1257 1268 1324 abiit,
1296 1259 1389 1314 sed
1420 1261 1596 1330 potius
1619 1278 1723 1332 quo
1748 1264 1980 1319 volebat.

391 1339 615 1398 Solutus
643 1345 838 1416 quippe
877 1363 906 1400 a
933 1363 1158 1418 corpore
1183 1352 1396 1407 volebat
1431 1370 1552 1411 esse
1579 1371 1700 1410 cum
1739 1355 1981 1426 Christo,

390 1434 488 1488 sed
535 1435 578 1488 si
622 1437 736 1492 ﬁeri
786 1449 993 1508 posset,
1037 1453 1232 1512 praeter
1269 1447 1452 1502 mortis
1492 1449 1787 1504 molestiam
1819 1452 1981 1508 vitam

388 1529 802 1596 concupiscebat
829 1541 1082 1588 aaternam
1119 1553 1130 1589 :
1163 1537 1228 1591 ad
1255 1554 1411 1608 quam
1454 1541 1751 1598 molestiam
1791 1545 1982 1600 nolens

387 1619 580 1675 ductus
600 1633 713 1688 est,
744 1625 838 1680 sed
877 1628 946 1681 ab
973 1643 1034 1683 ea
1065 1631 1252 1685 volens
1281 1633 1503 1689 eductus
1541 1647 1622 1690 est
1652 1655 1664 1690 :
1699 1639 1888 1694 nolens
1913 1639 1982 1696 ad

387 1725 508 1766 eam
540 1715 702 1781 venit,
731 1715 825 1772 sed
850 1720 1034 1775 volens
1067 1737 1184 1776 eam
1211 1725 1370 1792 vicit;
1403 1738 1456 1781 et
1487 1727 1697 1798 reliquit
1726 1730 1866 1786 hunc
1895 1732 1979 1787 in-

388 1803 654 1862 ﬁrmitatis
694 1807 941 1868 affectum
980 1831 1086 1885 quo
1111 1833 1269 1873 nemo
1297 1820 1412 1874 vult
1451 1823 1615 1888 mori,
1651 1839 1816 1894 usque
1845 1826 1980 1882 adeo

385 1903 681 1956 naturalem
701 1946 714 1968 ,
747 1913 806 1959 ut
833 1922 956 1960 eum
988 1909 1143 1964 beato
1171 1911 1330 1966 Petro
1367 1930 1464 1968 nec
1492 1927 1738 1972 senectus
1767 1918 1980 1978 auferre

385 1995 653 2060 potuerit,
699 1998 782 2050 cui
818 1998 1014 2054 dictum
1055 2011 1156 2065 est,
1190 2003 1316 2058 Cum
1354 2009 1597 2074 senueris,
1630 2009 1841 2066 duceris
1879 2030 1978 2082 quo

385 2098 485 2135 non
517 2084 607 2137 vis.
650 2085 876 2157 Propter
912 2106 1006 2144 nos
1045 2096 1400 2150 consolandos
1447 2099 1585 2153 hunc
1621 2102 1779 2155 etiam
1825 2104 1874 2157 in
1919 2119 1979 2160 se

385 2174 776 2255 transﬁguravit
820 2181 938 2257 ipse
979 2184 1242 2256 Salvator,
1289 2189 1508 2257 dicens,
1561 2191 1740 2257 Pater,
1784 2197 1828 2248 si
1865 2197 1978 2264 ﬁeri

383 2283 564 2339 ootest,
599 2285 817 2331 transeat
846 2294 876 2330 a
909 2296 987 2332 me
1015 2281 1148 2335 calix
1173 2283 1266 2336 iste
1294 2281 1508 2353 (Matth.
1537 2300 1685 2348 xxvr,
1719 2285 1810 2354 '59)
1843 2305 1855 2340 :
1886 2289 1976 2358 qui

383 2365 564 2436 utique
582 2369 714 2422 mori
732 2381 976 2437 venerat,
1002 2387 1098 2427 nec
1119 2373 1348 2430 habebat
1366 2376 1554 2431 mortis
1573 2380 1972 2448 necessitatem,

380 2459 476 2512 sed
505 2458 852 2528 voluntatem,
873 2471 1137 2532 potestate
1167 2465 1435 2534 positurus
1459 2469 1692 2524 animam
1717 2485 1890 2535 suam,
1922 2482 1977 2528 et

381 2565 568 2606 rursus
593 2566 710 2606 eam
739 2559 1000 2621 potestate
1026 2565 1353 2626 sumpturus.
1385 2559 1492 2615 Sed
1518 2562 1763 2618 molestia
1794 2581 1961 2635 quan‘

383 2650 666 2712 tacumque
693 2645 762 2698 sit
802 2648 1017 2709 mortis,
1049 2647 1207 2703 debet
1245 2665 1362 2705 eam
1392 2652 1606 2710 vincere
1635 2657 1715 2711 vis
1740 2659 1969 2726 amoris,
2002 2649 2005 2651 ’

381 2750 486 2803 quo
515 2745 724 2791 amatur
753 2739 839 2793 ille
857 2741 945 2808 qui
965 2756 1083 2794 cum
1105 2743 1173 2796 sit
1193 2745 1298 2797 vita
1322 2755 1524 2811 nostra,
1555 2749 1714 2803 etiam
1743 2762 1971 2807 mortem

379 2829 545 2882 voluit
585 2830 817 2898 perferre
855 2848 949 2902 pro
978 2835 1151 2889 nobis.
1185 2836 1317 2890 Nam
1354 2839 1396 2893 si
1438 2839 1581 2895 nulla
1618 2852 1755 2897 esset
1785 2845 1973 2899 mortis

382 2921 459 2974 vel
491 2937 649 2991 parva
686 2925 926 2980 molestia
948 2967 964 2993 ,
1006 2944 1110 2982 non
1155 2942 1295 2985 esset
1329 2942 1430 2986 tam
1459 2949 1648 3004 magna
1677 2946 1968 3010 martyrum

379 3015 567 3084 gloria.
597 3014 698 3070 Sed
737 3017 779 3070 si
819 3029 1002 3089 pastor
1026 3020 1195 3075 bonus
1225 3024 1312 3093 qui
1349 3027 1524 3094 posuit
1548 3028 1778 3083 animam
1820 3045 1969 3086 suam

378 3122 476 3176 pro
501 3110 687 3163 ovibus
712 3111 822 3165 suis
843 3110 1019 3180 (Joan.
1051 3131 1106 3179 x,
1136 3116 1222 3182 t8,
1252 3118 1361 3188 11),
1395 3135 1458 3173 ex
1492 3121 1620 3190 ipsis
1647 3124 1836 3178 ovibus
1864 3135 1968 3180 tam

379 3201 576 3254 multos
598 3202 694 3255 sibi
719 3213 978 3275 martyres
1003 3205 1153 3273 fecit;
1182 3219 1379 3276 quanto
1399 3213 1565 3281 magis
1583 3213 1781 3269 debent
1802 3233 1971 3287 usque

379 3293 446 3346 ad
477 3301 701 3348 mortem
736 3311 829 3364 pro
860 3298 1078 3353 veritate
1107 3310 1341 3368 certare,
1373 3314 1425 3357 et
1457 3321 1622 3375 usque
1655 3307 1720 3360 ad
1752 3311 1968 3379 sangui—

380 3404 502 3442 nem
531 3390 783 3443 adversus
811 3403 1104 3460 peccatum,
1130 3397 1321 3464 quibus
1347 3413 1475 3452 oves
1494 3399 1634 3468 ipsas
1651 3402 1966 3470 pascendas,

381 3478 486 3534 hoc
509 3489 610 3546 est,
638 3481 906 3537 docendas
926 3486 1292 3558 regendasque
1314 3491 1634 3546 committit?
1654 3495 1732 3548 Ac
1749 3511 1842 3564 per
1870 3498 1971 3552 hoc

381 3574 720 3645 praecedente
751 3578 1010 3646 passionis
1051 3579 1165 3648 ejus
1192 3583 1470 3652 exemplo,
1503 3585 1620 3654 quis
1657 3602 1761 3640 non
1793 3590 1969 3646 videat

381 3667 549 3735 magis
587 3666 781 3722 debere
832 3669 1085 3723 imitando
1127 3675 1322 3740 pastori
1370 3674 1574 3730 hmrere
1617 3687 1874 3747 pastores,
1923 3683 1968 3738 si

381 3772 501 3810 eum
529 3758 708 3812 multa:
734 3759 894 3813 etiam
920 3761 1135 3815 imitata:
1162 3772 1286 3817 sunt
1311 3780 1456 3830 oves,
1491 3769 1591 3822 sub
1619 3785 1726 3838 quo
1754 3782 1968 3840 pastore

381 3861 486 3901 uno
514 3849 564 3902 in
595 3865 755 3920 grege
785 3866 910 3915 uno,
944 3862 994 3905 et
1022 3862 1259 3922 pastores
1291 3857 1388 3925 ipsi
1419 3869 1541 3912 sunt
1571 3863 1742 3915 oves?
1769 3862 1967 3920 Omnes

380 3939 574 4008 quippe
608 3939 730 3995 fecit
764 3957 885 3996 suas
918 3958 1072 4009 oves,
1105 3961 1200 4014 pro
1227 3947 1419 4016 quibus
1449 3958 1531 4004 est
1560 3954 1808 4011 omnibus
1839 3972 1965 4027 pas-

380 4043 505 4095 sus;
537 4032 657 4100 quia
687 4041 741 4086 et
774 4033 883 4102 ipse
910 4044 968 4088 ut
1008 4051 1104 4104 pro
1130 4038 1379 4095 omnibus
1418 4051 1704 4112 pateretur,
1739 4049 1854 4104 ovis
1884 4059 1966 4107 est

377 4120 564 4178 factus.

829 4243 1240 4302 TRACTATUS
1277 4248 1512 4306 CXXIV.

379 4353 454 4406 Ab
491 4370 548 4407 eo
593 4353 722 4419 loco,
758 4355 825 4410 Et
859 4373 981 4412 cum
1012 4359 1113 4414 hoc
1142 4361 1380 4428 dixisset,
1422 4365 1550 4422 dicit
1584 4370 1633 4424 ei
1672 4388 1684 4424 :
1727 4371 1962 4443 Sequere

451 4463 556 4510 me,
581 4457 869 4520 etc.,usque
885 4451 938 4503 in
966 4451 1119 4520 ﬁnem
1141 4452 1566 4530 Evangelii.Cap.
1603 4477 1717 4527 XXI,
1767 4465 1802 4533 ᾗ
1827 4505 1839 4518 .
1873 4467 1965 4521 l9-

445 4535 568 4609 25).
1087 4556 1090 4560 ~

449 4650 498 4702 l.
540 4648 655 4704 Non
704 4665 861 4721 parva
913 4664 1134 4722 qumslio
1184 4665 1286 4724 est,
1337 4673 1433 4714 cur
1476 4665 1716 4732 apostolo
1766 4666 1958 4739 Petro,

376 4742 588 4810 quando
613 4759 672 4798 se
702 4747 860 4800 tertio
896 4747 1253 4806 manifestavit
1293 4752 1586 4824 discipulis,
1629 4757 1961 4818 dixerit‘Do-

375 4837 569 4900 minus,
601 4837 822 4907 Sequere
863 4856 977 4907 me;
1019 4842 1085 4897 de
1127 4846 1366 4913 apostolo
1405 4858 1579 4904 autem
1620 4852 1842 4922 Joanne,
1873 4856 1962 4911 Sic

373 4946 488 4983 eum
511 4931 621 4984 uoto
650 4949 850 4986 manere
868 4934 1024 4988 donec
1044 4937 1272 5002 veniam;
1297 4939 1418 5008 quid
1450 4942 1518 4995 ad
1541 4944 1628 4998 te?
1660 4947 1789 5002 lluic
1812 4965 1960 5019 qum-

374 5021 557 5087 stioni,
597 5033 851 5091 quantum
891 5025 1147 5082 Dominus
1189 5030 1302 5099 ipse
1344 5031 1642 5099 donaverit,
1685 5038 1795 5094 sive
1841 5057 1962 5111 per-

375 5113 687 5180 tractanda),
715 5116 826 5170 sive
855 5118 1120 5172 solvendae
1144 5135 1445 5178 sermonem
1479 5128 1824 5186 novissimum
1858 5134 1955 5190 hu-

368 5205 456 5273 jus
521 5208 699 5275 operis
752 5209 1124 5279 impendimus.
1179 5213 1310 5269 Cum
1373 5232 1500 5288 ergo
1555 5227 1959 5290 praenuntiasset

373 5297 634 5352 Dominus
655 5299 834 5367 Petro,
859 5319 959 5373 qua
986 5315 1158 5361 morte
1183 5308 1309 5362 clari
1319 5310 1567 5368 licaturus
1594 5327 1736 5372 esset
1763 5320 1955 5389 Deum,

369 5389 491 5444 dicit
518 5392 566 5445 ei
585 5409 606 5445 :
628 5391 846 5465 Sequere
863 5412 961 5450 me.
986 5396 1258 5454 Conversus
1282 5401 1462 5457 Petrus
1486 5406 1609 5458 vidit
1635 5407 1783 5463 illum
1803 5412 1954 5468 disci-

371 5481 547 5550 pulum
565 5497 712 5549 quem
737 5484 973 5556 diligebat
994 5486 1162 5552 Iesus,
1189 5502 1469 5560 sequentem
1498 5510 1517 5548 :
1538 5498 1623 5567 qui
1656 5511 1700 5551 et
1735 5506 1958 5558 recubuit

369 5573 420 5626 in
441 5589 585 5628 cena
606 5591 757 5646 super
782 5587 952 5647 pectus
972 5581 1100 5650 ejus,
1129 5591 1175 5635 et
1199 5583 1345 5648 dixit,
1375 5584 1609 5652 Domine,
1642 5592 1751 5660 quis
1777 5603 1848 5647 est
1871 5598 1958 5666 qui

368 5667 533 5718 tradet
561 5669 647 5722 te?
680 5667 831 5723 Hunc
867 5688 984 5742 ergo
1020 5691 1131 5728 cum
1175 5677 1374 5732 vidisset
1410 5679 1608 5747 Petrus,
1642 5684 1763 5738 dicit
1787 5686 1912 5742 Iesu
1939 5707 1958 5745 :

370 5752 610 5823 Domine,
641 5758 722 5813 hic
747 5771 915 5816 autem
941 5765 1101 5831 quid?
1127 5765 1262 5822 Dicit
1285 5770 1330 5823 ei
1353 5769 1504 5826 Iesus
1532 5790 1550 5827 :
1589 5773 1678 5829 Sic
1704 5793 1816 5830 eum
1844 5781 1957 5836 voto

371 5861 577 5904 mere
617 5850 777 5908 donec
818 5856 1051 5920 ueniam;
1096 5860 1217 5927 quid
1263 5861 1332 5914 ad
1374 5864 1462 5918 te?
1505 5864 1582 5920 Tu
1614 5883 1695 5922 me
1731 5885 1954 5934 sequere.

1383 399 1794 460 TRAC'I‘ATUS
1827 397 2062 459 CXXIV.
2103 402 2329 462 CAPUT
2369 405 2508 464 XXI.

3540 424 3562 480 ί
3571 422 3680 481 970

2095 518 2236 574 Exin
2266 539 2384 594 ergo
2412 541 2574 579 sermo
2607 527 2701 582 iste
2734 529 2862 582 inter
2890 531 3092 602 fratres,
3131 532 3249 599 quia
3277 533 3554 600 discipulus
3591 542 3680 593 itte

2092 629 2192 666 non
2218 616 2447 670 moritur.
2482 617 2548 671 Et
2574 635 2672 673 non
2713 620 2840 674 dixit
2863 622 2907 675 ei
2945 621 3115 687 Jesus,
3151 623 3272 680 Non
3296 630 3508 684 moritur
3525 645 3548 696 ,°
3565 632 3677 700 sed,

2093 703 2182 758 Sic
2221 723 2331 759 eum
2363 709 2474 762 volo
2507 727 2707 765 manere
2739 713 2896 767 donec
2920 715 3114 768 veniam
3131 733 3150 781 ;
3169 716 3294 789 quid
3325 721 3392 772 ad
3425 721 3513 776 te?
3539 721 3675 779 Ecce

2091 810 2367 867 quousque
2411 799 2462 853 in
2502 801 2602 856 hoc
2630 803 2917 875 Evangelio
2945 807 3248 864 extenditur
3271 812 3515 881 quaestio,
3557 829 3678 884 quae

2090 900 2182 940 sua
2213 889 2568 958 profunditate
2610 911 2712 948 non
2755 898 3091 953 mediocriter
3129 909 3359 954 mentem
3391 904 3677 960 scrutantis

2089 989 2322 1034 exercet.
2354 981 2461 1036 Cur
2511 985 2652 1040 enim
2698 987 2888 1043 dicitur
2939 991 3114 1057 Petro,
3165 992 3383 1064 Sequere
3427 1011 3527 1063 me,
3576 1011 3674 1053 nec

2089 1070 2281 1127 dicitur
2310 1077 2516 1130 caeteris
2541 1079 2629 1148 qui
2676 1081 2832 1135 simul
2866 1083 3124 1138 aderant?
3173 1086 3239 1140 Et
3276 1087 3511 1156 profecto
3547 1103 3670 1146 eum

2088 1165 2225 1219 sicut
2271 1169 2577 1238 magistrum
2631 1171 2875 1243 discipuli
2928 1177 3306 1247 sequebantur.
3355 1180 3458 1236 Sed
3512 1182 3557 1236 si
3607 1181 3676 1238 ad

2089 1259 2388 1325 passionem
2417 1262 2810 1333 intelligendum
2832 1277 2932 1330 est,
2958 1272 3208 1341 numquid
3241 1273 3387 1327 solus
3416 1289 3511 1343 pro
3531 1273 3678 1330 chri-

2087 1349 2257 1404 stiana
2287 1353 2512 1409 veritate
2543 1372 2727 1425 passus
2765 1368 2848 1415 est
2877 1361 3100 1417 Petrus?
3141 1363 3328 1420 Nonne
3372 1366 3440 1419 ibi
3474 1377 3588 1425 erat
3618 1369 3675 1427 in

2087 1442 2190 1498 illis
2240 1457 2441 1516 septem
2482 1451 2618 1505 alius
2661 1452 2798 1506 ﬁlius
2830 1454 3072 1510 Zebedaei
3111 1457 3272 1512 frater
3309 1459 3549 1526 Joannis,
3581 1461 3673 1530 qui

2088 1549 2205 1608 post
2230 1541 2349 1610 ejus
2373 1546 2764 1612 ascensionem,
2796 1548 2864 1601 ab
2893 1549 3100 1604 Herode
3139 1551 3506 1607 manifestatur
3532 1555 3674 1608 oeci-

2085 1645 2175 1683 sus
2204 1631 2336 1697 (Act.
2371 1650 2464 1700 xu,
2492 1633 2589 1706 2)?
2613 1637 2807 1693 Verum
2844 1641 3032 1710 aliquis
3062 1641 3273 1708 dixerit,
3303 1645 3550 1712 quoniam
3579 1645 3671 1700 Ja-

2083 1723 2247 1778 cobus
2277 1739 2380 1780 non
2425 1736 2509 1782 est
2545 1730 2849 1792 cruciﬁxus.
2892 1733 3083 1786 merito
3109 1733 3306 1787 dictum
3337 1751 3455 1790 esse
3490 1737 3670 1800 Petro,

2085 1813 2306 1884 Sequere
2336 1835 2432 1884 me,
2466 1821 2556 1890 qui
2592 1837 2698 1876 non
2736 1823 2908 1877 solum
2936 1835 3182 1890 mortem,
3213 1827 3303 1880 sed
3333 1829 3491 1881 etiam
3525 1844 3670 1882 mor-

2085 1915 2189 1962 tem
2221 1910 2411 1975 erneis,
2443 1913 2577 1967 sicut
2618 1913 2882 1980 Christus,
2927 1926 3172 1987 expertus
3216 1929 3312 1972 est.
3351 1919 3428 1974 Sit
3459 1921 3578 1983 hoc,
3627 1921 3671 1979 si

2082 1999 2211 2056 nihil
2241 2003 2379 2058 aliud
2409 2005 2549 2074 quod
2587 2011 2655 2060 sit
2697 2010 3098 2064 convenientius
3141 2012 3376 2081 potuerit
3424 2013 3668 2068 inveniri.

2081 2091 2188 2146 Cur
2215 2109 2342 2164 ergo
2379 2096 2445 2151 de
2470 2097 2672 2153 Joanne
2701 2100 2897 2155 dictum
2937 2111 3036 2166 est,
3072 2101 3160 2157 Sic
3184 2120 3294 2156 eum
3323 2106 3432 2160 volo
3470 2122 3674 2161 manere

2081 2184 2237 2239 donec
2265 2189 2489 2254 ueniam;
2508 2193 2628 2261 quid
2657 2193 2724 2245 ad
2757 2195 2833 2247 te?
2858 2203 2912 2248 et
2939 2196 3221 2265 repetitum
3243 2207 3344 2265 est,
3379 2198 3454 2253 Tu
3491 2217 3570 2253 me
3589 2216 3670 2253 se-

2079 2293 2264 2348 quere;
2309 2290 2555 2351 tanquam
2603 2285 2690 2339 ille
2734 2286 2853 2340 ideo
2897 2303 3001 2342 non
3041 2302 3374 2359 sequeretur,
3417 2292 3670 2357 quoniam

2079 2383 2202 2424 eum
2253 2387 2467 2428 manere
2508 2375 2673 2429 voluit
2708 2376 2878 2433 donec
2923 2380 3134 2433 veniat?
3162 2381 3294 2449 Quis
3333 2381 3487 2438 facile
3529 2385 3671 2439 aliud

2079 2463 2277 2518 dictum
2315 2481 2434 2520 esse
2472 2467 2687 2534 credat,
2716 2484 2874 2538 quam
2914 2471 3054 2540 quod
3101 2471 3290 2528 fratres
3333 2474 3673 2530 crediderant

2078 2558 2165 2626 qui
2199 2567 2322 2613 tunc
2350 2568 2520 2624 erant,
2551 2576 2615 2613 eo
2643 2562 2782 2630 quod
2813 2562 3018 2618 scilicet
3059 2579 3161 2619 non
3193 2574 3336 2621 esset
3373 2567 3668 2638 discipulus

2081 2652 2168 2707 ille
2200 2654 2506 2719 moriturus,
2537 2655 2630 2709 sed
2668 2656 2836 2710 donec
2863 2657 3016 2712 Jesus
3045 2660 3268 2722 veniret,
3304 2663 3400 2716 ista
3427 2675 3670 2719 maneret

2078 2745 2305 2800 invita?
2344 2746 2448 2801 Sed
2479 2746 2616 2800 hanc
2645 2749 2950 2817 opinionem
2993 2750 3225 2806 Joannes
3272 2753 3382 2821 ipse
3430 2754 3667 2824 abstulit,

2078 2851 2184 2890 non
2211 2837 2314 2890 hoc
2339 2837 2537 2893 dixisse
2580 2839 2859 2892 Dominum
2902 2851 3082 2910 aperta
3127 2826 3546 2900 contradictione
3577 2847 3670 2901 de-

2076 2928 2303 2981 clarans.
2331 2928 2436 2983 Cur
2458 2929 2600 2983 enim
2643 2931 3006 3000 subjungeret,
3041 2932 3162 2988 Non
3191 2935 3318 2989 dixit
3341 2934 3512 3004 Iesus,
3547 2937 3668 2994 Non

2075 3019 2302 3082 moritur,
2335 3019 2434 3074 nisi
2465 3036 2534 3075 ne
2565 3020 2839 3075 hominum
2871 3023 3123 3078 cordibus
3160 3026 3299 3095 quod
3330 3026 3521 3084 falsum
3549 3029 3668 3086 iue-

2074 3120 2157 3164 rat
2180 3111 2503 3166 inhaereret?

2143 3201 2198 3256 2.
2240 3203 2341 3257 Sed
2367 3204 2450 3258 cui
2483 3205 2671 3273 placet,
2717 3205 2890 3262 adhuc
2931 3209 3175 3273 resistat;
3207 3217 3264 3265 et
3299 3210 3440 3266 dicat
3481 3229 3665 3270 verum

2075 3310 2194 3350 esse
2237 3296 2378 3364 quod
2418 3298 2491 3351 ait
2519 3297 2773 3367 Joannes,
2806 3316 2911 3355 non
2955 3301 3155 3356 dixisse
3204 3305 3484 3361 Dominum
3523 3309 3666 3378 quod

2074 3385 2370 3455 discipulus
2409 3388 2496 3442 ille
2526 3403 2630 3442 non
2663 3390 2906 3456 moritur,
2933 3392 3025 3445 sed
3067 3392 3169 3448 hoc
3197 3402 3374 3450 tamen
3401 3397 3664 3468 significa-

2076 3487 2185 3532 tum
2217 3494 2334 3532 esse
2363 3479 2552 3532 talibus
2585 3482 2779 3544 verbis,
2809 3483 2980 3552 qualia
3009 3499 3127 3538 eum
3152 3485 3350 3542 dixisse
3380 3492 3611 3546 narravit
3639 3507 3654 3555 ;

2072 3580 2125 3625 et
2172 3580 2374 3624 asserat
2418 3573 2714 3639 apostolum
2759 3573 3016 3629 Joannem
3063 3577 3261 3642 vivere,
3293 3589 3452 3649 atque
3487 3582 3541 3636 in
3577 3582 3668 3638 illo

2074 3663 2318 3732 sepulcro
2348 3663 2464 3732 ejus
2505 3664 2646 3733 quod
2684 3672 2766 3719 est
2794 3667 2932 3735 apud
2961 3667 3250 3735 Ephesum,
3283 3669 3516 3726 dormire
3540 3689 3664 3730 eum

2073 3756 2248 3823 potius
2289 3771 2445 3824 quam
2495 3766 2758 3810 mortuum
2799 3758 2978 3827 jacere
3004 3761 3311 3816 contendat.
3338 3765 3664 3823 Assumatin

2070 3859 2458 3919 argumentum,
2488 3853 2628 3920 quod
2660 3852 2766 3907 illic
2794 3864 2932 3908 terra
2959 3847 3154 3910 sensim
3178 3867 3404 3923 scatere,
3435 3869 3488 3915 et
3510 3862 3664 3930 quasi

2071 3940 2293 3996 ebullire
2326 3942 2659 4012 perhibetur;
2689 3954 2845 4013 atque
2872 3944 2973 3999 hoc
2999 3946 3112 4016 ejus
3133 3947 3366 4003 anhelitu
3392 3950 3525 4014 ﬁeri,
3549 3952 3662 4008 sive

2070 4043 2378 4087 constanter
2405 4035 2516 4090 sive
2548 4036 2888 4105 pertinaciter
2908 4047 3198 4093 asseveret.
3226 4039 3336 4094 Non
3367 4042 3510 4096 enim
3539 4058 3663 4112 pos-

2069 4132 2194 4178 sunt
2239 4123 2425 4179 deesse
2474 4128 2562 4195 qui
2611 4128 2849 4192 credant,
2883 4129 2925 4182 si
2975 4145 3080 4182 non
3127 4129 3318 4186 desunt
3368 4133 3458 4202 qui
3501 4134 3662 4191 etiam

2069 4214 2284 4286 Moysen
2327 4226 2566 4271 asserant
2598 4219 2811 4279 vivere;
2844 4220 2964 4288 quia
3006 4221 3261 4291 scriptum
3298 4231 3380 4278 est
3415 4225 3532 4294 ejus
3571 4240 3660 4282 se-

2067 4308 2308 4376 pulcrum
2353 4324 2458 4362 non
2501 4309 2724 4364 inveniri
2762 4310 2938 4380 (Deut.
2982 4328 3170 4378 xxxw,
3213 4313 3290 4386 6),
3333 4324 3388 4371 et
3419 4319 3663 4387 apparuit

2067 4414 2188 4454 cum
2219 4401 2446 4453 Domino
2472 4401 2525 4454 in
2557 4410 2757 4467 monte,
2786 4403 2876 4456 ubi
2905 4413 2957 4457 et
2992 4404 3135 4458 Elias
3160 4404 3256 4459 fuit
3284 4407 3495 4477 (Matth.
3529 4427 3655 4478 xvu,

2069 4491 2144 4560 5),
2186 4506 2343 4560 quem
2392 4500 2657 4546 mortuum
2705 4493 2929 4562 legimus
2975 4511 3080 4549 non
3127 4512 3264 4561 esse,
3306 4499 3399 4552 sed
3448 4510 3657 4569 raptum

2068 4581 2159 4656 (IV
2193 4583 2320 4653 Reg.
2363 4599 2421 4650 ιι,
2470 4585 2577 4654 Η).
2627 4585 2788 4652 Quasi
2832 4587 2998 4658 Moysi
3043 4604 3236 4659 corpus
3282 4607 3387 4644 non
3428 4595 3660 4661 potuerit

2067 4675 2262 4730 alicubi
2305 4677 2382 4730 sic
2425 4678 2701 4742 abscondi,
2733 4687 2787 4732 ut
2819 4695 3036 4748 prorsus
3077 4682 3318 4737 homines
3345 4685 3534 4740 lateret
3566 4689 3657 4744 ubi

2067 4777 2231 4834 esset,
2268 4777 2423 4838 atque
2450 4769 2572 4824 inde
2596 4770 2661 4824 ad
2689 4769 2871 4825 horam
2894 4773 3146 4829 divinitus
3175 4776 3416 4841 excitari,
3445 4781 3656 4848 quando

2066 4873 2185 4913 cum
2217 4859 2432 4913 Christo
2470 4861 2610 4915 Elias
2636 4870 2690 4916 et
2718 4863 2831 4932 ipse
2877 4874 3000 4919 sunt
3036 4866 3135 4920 visi
3164 4883 3176 4918 ε
3213 4867 3347 4922 sicut
3373 4870 3438 4923 ad
3469 4870 3654 4928 horam

2067 4953 2228 5007 multa
2253 4963 2558 5008 sanctorum
2586 4970 2807 5026 corpora
2829 4971 3198 5026 surrexerunt,
3231 4962 3442 5031 quando
3467 4979 3654 5032 passus

2065 5053 2146 5100 est
2167 5043 2427 5110 Christus,
2460 5055 2513 5100 et
2538 5057 2654 5116 post
2683 5048 2799 5118 ejus
2827 5051 3270 5106 resurrectionem
3297 5068 3658 5124 apparuerunt

2067 5138 2247 5191 multis
2287 5139 2336 5190 in
2378 5148 2580 5203 sancta,
2613 5139 2749 5195 sicut
2776 5140 3030 5209 scriptum
3071 5152 3172 5207 est,
3200 5143 3413 5200 civitate
3438 5145 3652 5218 (Matth.

2068 5245 2244 5295 xxvu,
2277 5229 2364 5293 59.,
2409 5230 2523 5300 53).
2557 5229 2660 5285 Sed
2701 5238 2900 5299 tamen,
2950 5242 3008 5286 ut
3047 5233 3226 5290 dicere
3272 5251 3562 5307 cmperam,
3606 5244 3655 5298 sl

2065 5323 2276 5393 quidam
2328 5324 2542 5395 Moysen
2595 5334 2860 5380 mortuum
2913 5336 3125 5398 negant,
3176 5345 3333 5400 quem
3380 5331 3652 5403 Scriptura

2066 5415 2198 5484 ipsa,
2239 5417 2328 5470 ubi
2372 5418 2672 5486 sepulcrum
2717 5420 2832 5488 ejus
2858 5436 3117 5491 nusquam
3149 5423 3375 5479 inveniri
3404 5427 3651 5498 legimus,

2066 5515 2330 5561 mortuum
2377 5518 2550 5569 tamen
2581 5524 2700 5564 esse
2728 5511 2843 5567 sine
2881 5513 2984 5568 ulla
3014 5515 3357 5586 ambiguitate
3395 5528 3652 5590 testatur;

2064 5609 2262 5669 quanto
2308 5602 2473 5670 magis
2522 5601 2753 5659 Joannes
2794 5621 2860 5660 ex
2901 5607 3121 5662 istorum
3149 5610 3432 5666 occasione
3458 5613 3652 5669 verbo-

2067 5709 2182 5748 rum
2212 5694 2302 5748 ubi
2354 5695 2609 5752 Dominus
2655 5697 2749 5764 ait,
2807 5697 2894 5753 Sic
2938 5715 3050 5754 eum
3092 5701 3205 5756 uolo
3249 5720 3452 5758 manere
3491 5704 3651 5760 donec

2062 5787 2225 5853 venio,
2263 5786 2496 5843 creditur
2523 5790 2672 5846 vivus
2710 5789 2946 5847 dor'mire
2993 5793 3091 5848 sub
3132 5796 3308 5850 terra?
3345 5795 3515 5865 Quem
3545 5806 3652 5853 tra-

2064 5877 2198 5933 dunt
2229 5879 2388 5934 etiam
2426 5879 2588 5952 (quod
2636 5883 2688 5938 in
2732 5884 3045 5954 quibusdam
3092 5886 3380 5956 Scripturis
3408 5891 3652 5953 quamvis
