4076 6468
405 401 531 456 1974

401 511 720 584 apocryphis
761 512 1061 582 reperitur),
1103 511 1312 582 quando
1343 511 1438 564 sibi
1482 509 1768 579 l‘wriiussit
1800 509 1980 577 sepul—

402 621 572 674 crum,
603 605 924 664 incolumem
973 605 1135 661 fuisse
1181 610 1532 674 praesentem;
1582 615 1751 671 eoque
1793 599 1988 654 eﬂ‘osso

401 703 459 752 et
485 694 890 765 diligentissime
909 707 1223 766 praeparato,
1257 693 1328 748 ibi
1359 707 1418 748 se
1443 701 1688 762 tanquam
1714 693 1764 746 iu
1793 693 1990 746 lectulo

401 786 716 850 collocasse,
747 787 1032 854 statimque
1057 801 1176 844 eum
1207 799 1324 842 esse
1353 783 1658 842 defunctum
1693 795 1786 840 :ut
1809 796 1986 838 autem

403 877 489 936 isti
517 886 724 947 putant,
755 877 842 946 qui
871 876 988 936 iure
1011 877 1170 934 verba
1205 875 1412 932 Domini
1439 875 1516 928 sie
1537 875 1857 945 intelligunt,
1885 891 1988 929 non

401 969 730 1035 defunctum,
755 969 850 1026 sed
889 967 1141 1026 defuncto
1185 967 1414 1020 similem
1451 965 1733 1030 cubuisse;
1775 975 1827 1020 et
1867 980 1989 1022 cum

399 1071 642 1120 mortuus
685 1067 978 1132 putaretur,
1011 1059 1274 1128 sepultum
1317 1059 1480 1114 fuisse
1505 1058 1894 1122 dormientem;
1937 1067 1990 1112 et

397 1154 572 1210 donec
609 1153 856 1212 Christus
903 1153 1077 1212 veniat
1123 1152 1202 1206 sic
1253 1166 1491 1216 manere,
1521 1165 1778 1220 sumitque
1829 1148 1988 1202 vitam

395 1245 719 1314 scaturigine
767 1243 996 1314 pulveris
1039 1242 1275 1302 indicare
1307 1261 1320 1296 ι
1359 1241 1452 1311 qui
1489 1241 1664 1311 pulvis
1713 1239 1985 1304 creditur,

395 1349 458 1402 ut
480 1340 547 1394 ab
573 1341 680 1394 imo
719 1338 784 1392 ad
809 1338 1146 1406 superficiem
1171 1336 1359 1396 tumuli
1385 1335 1655 1398 ascendat,
1686 1333 1814 1390 llatu
1835 1349 1987 1402 quie-

363 1455 366 1458 ι
405 1433 600 1486 secutis
635 1431 854 1500 impelli.
895 1431 1030 1492 Huic
1057 1431 1294 1500 opinioni
1323 1445 1776 1500 supervacaneum
1801 1429 1988 1484 existi—

397 1537 487 1580 mo
516 1523 784 1578 reluctari.
815 1524 1058 1580 Viderint
1089 1525 1227 1584 enim
1255 1524 1341 1593 qui
1373 1525 1543 1584 locum
1581 1524 1775 1586 sciunt,
1811 1531 1986 1576 utrum

361 1677 364 1680 ,
399 1615 498 1670 hoc
525 1616 594 1672 ibi
623 1617 780 1670 iaciat
815 1616 894 1672 vel
937 1617 1160 1684 patiatur
1190 1624 1332 1672 terra
1365 1614 1505 1684 quod
1533 1614 1756 1680 dicitur;
1787 1613 1908 1684 quia
1933 1621 1990 1668 et

399 1723 582 1764 revera
613 1725 719 1772 non
743 1724 770 1762 a
795 1709 1000 1764 levibus
1025 1709 1328 1770 hominibus
1351 1707 1400 1762 id
1427 1707 1746 1764 audivimus.

469 1801 522 1858 5.
565 1799 778 1862 Interim
818 1801 1070 1856 cedamus
1123 1799 1382 1868 opinioni,
1411 1815 1566 1868 quam
1609 1797 1772 1856 certis
1819 1795 1984 1850 docu-

397 1893 590 1946 mentis
629 1891 874 1946 refellere
919 1907 1022 1948 non
1057 1891 1320 1956 valemus,
1361 1905 1428 1952 ne
1457 1903 1641 1948 rursus
1673 1886 1814 1944 aliud
1847 1887 1986 1957 quod

397 1999 428 2036 a
455 1983 608 2038 nobis
635 1993 902 2052 quaeratur
925 1991 1194 2050 exsurgat,
1229 1983 1336 2038 Cur
1361 1996 1520 2050 super
1549 1981 1826 2042 humatum
1848 1994 1987 2042 mor-

397 2084 544 2140 tuum
580 2075 694 2144 ipsa
735 2073 928 2132 humus
961 2073 1350 2141 quodammodo
1381 2073 1559 2134 vivere
1583 2087 1646 2128 ac
1669 2075 1872 2142 spirare
1903 2071 1982 2130 vi-

397 2166 601 2228 deatur.
627 2165 732 2234 Sed
765 2166 1014 2233 nmuquid
1051 2166 1172 2228 hinc
1199 2175 1338 2230 tanta
1363 2165 1460 2230 ista
1489 2165 1712 2228 solvitur
1735 2163 1980 2233 quaestio,

393 2261 441 2326 si
469 2271 660 2328 maguo
687 2257 964 2324 miraculo,
993 2257 1167 2325 qualia
1202 2265 1376 2324 potest
1405 2254 1581 2310 facere
1610 2253 1980 2322 Omnipotens,

395 2351 597 2418 tamdiu
630 2353 804 2406 vivum
834 2365 1028 2418 corpus
1065 2350 1116 2402 in
1151 2363 1342 2418 sapore
1381 2347 1480 2412 sub
1513 2357 1650 2412 terra
1679 2353 1782 2412 est,
1815 2345 1984 2402 donec

394 2444 572 2508 Veniat
598 2444 854 2504 terminus
884 2441 1104 2498 saeculi?
1127 2439 1264 2509 Quin
1295 2441 1404 2504 imo
1427 2439 1486 2506 tit
1511 2439 1735 2508 amplior
1763 2447 1814 2502 et
1839 2437 1980 2494 difﬁ-

395 2533 566 2598 cilior,
589 2549 685 2590 cur
709 2533 966 2602 discipulo
1006 2531 1180 2598 Jesus,
1221 2547 1380 2600 quem
1426 2531 1678 2600 diligebat
1723 2545 1830 2599 prte
1875 2545 1982 2584 ca:-

397 2625 546 2688 teris,
599 2626 651 2680 iu
699 2631 904 2688 tantum
951 2633 1008 2678 ut
1057 2637 1219 2692 super
1259 2631 1440 2690 pectus
1486 2621 1602 2690 ejus
1645 2620 1982 2676 discumbere

395 2725 712 2782 mereretur,
735 2731 829 2784 pro
858 2729 1050 2784 magno
1071 2729 1290 2776 uiuucre
1317 2715 1528 2783 longum
1553 2715 1852 2784 incorpore
1881 2713 1980 2767 do-

395 2807 600 2862 uaverit
628 2821 871 2870 somnum
903 2825 914 2858 :
946 2821 1063 2860 οιηιι
1095 2807 1304 2860 beatum
1335 2807 1550 2866 Petrum
1587 2822 1678 2874 per
1713 2807 1977 2874 ingentem

393 2899 633 2972 martyrii
671 2898 914 2968 gluriam,
945 2899 1012 2960 ab
1053 2912 1216 2952 onere
1259 2898 1424 2966 ipsius
1471 2898 1710 2968 corporis
1740 2898 1976 2966 solverit,

393 2995 548 3063 eique
593 2992 921 3050 concesserit
967 2991 1106 3060 quod
1157 2991 1428 3058 apostolus
1471 2991 1662 3058 Paulus
1693 3007 1750 3045 se
1779 3005 1974 3054 cuneu-

395 3087 535 3154 pisse
587 3083 736 3146 dixit,
787 3089 840 3134 et
877 3081 1111 3149 scripsit,
1144 3081 1363 3134 Dissolvi
1405 3091 1448 3134 et
1488 3097 1592 3134 esse
1637 3097 1750 3134 cum
1779 3080 1980 3150 Christo

393 3176 650 3248 (Philipp,
685 3193 722 3246 ι,
767 3175 878 3250 ‘25).
913 3176 968 3240 Si
999 3179 1342 3250 autemquod
1383 3179 1549 3248 magis
1575 3177 1825 3241 creditur,
1862 3179 1980 3240 ideo

393 3281 608 3334 sanctus
635 3271 868 3338 Joannes
903 3273 996 3338 ait,
1029 3291 1132 3336 non
1157 3273 1354 3338 dixisse
1385 3271 1687 3338 Dominum,
1728 3269 1842 3324 Non
1869 3287 1976 3338 iuo-

393 3363 545 3430 rt'tur,
587 3377 658 3432 tte
683 3363 784 3420 illis
813 3364 989 3420 Verbis
1019 3381 1136 3432 quae
1177 3364 1328 3428 dixit,
1359 3365 1458 3420 hoc
1489 3363 1718 3416 voluisse
1757 3361 1976 3430 intelligi

395 3461 702 3524 putaretur;
732 3469 1030 3524 corpusque
1070 3455 1182 3522 ejus
1213 3455 1264 3510 in
1303 3454 1549 3522 sepulcro
1594 3453 1708 3522 ejus
1735 3452 1980 3514 exanime

391 3545 536 3602 sicut
565 3545 788 3614 aliorum
819 3557 1150 3610 mortuorum
1183 3547 1322 3614 jacet
1357 3564 1370 3600 :
1401 3554 1566 3600 restat
1587 3554 1642 3608 ut
1673 3545 1714 3608 si
1743 3559 1868 3600 vere
1907 3545 1979 3610 ibi

393 3637 455 3692 ﬁt
481 3637 624 3708 quod
667 3637 863 3707 sparsit
915 3639 1053 3702 lauta
1095 3638 1161 3694 de
1205 3646 1366 3710 terra,
1396 3653 1514 3706 qua:
1551 3636 1776 3704 subinde
1803 3635 1978 3698 ablata

389 3731 702 3798 succrescit,
745 3739 836 3798 aut
881 3731 1002 3794 ideo
1053 3731 1144 3784 ﬁat
1185 3741 1240 3800 ut
1283 3747 1346 3786 eo
1377 3730 1532 3786 modo
1575 3729 1980 3792 commendetur

392 3824 623 3896 pretiOsa
669 3838 814 3894 mors
855 3824 991 3894 ejus,
1037 3825 1286 3894 quoniam
1339 3839 1444 3880 non
1489 3841 1604 3894 eam
1641 3827 1978 3890 commendat

393 3917 704 3988 martyrium
727 3917 858 3986 (nou
883 3918 1022 3976 enim
1052 3933 1170 3984 cum
1203 3931 1296 3986 pro
1319 3916 1421 3972 lide
1444 3916 1640 3972 Christi
1669 3925 1980 3987 persecutor

394 4005 632 4082 occidit),
677 4019 768 4062 aut
815 4021 1030 4078 prepter
1071 4010 1264 4078 aliquid
1310 4011 1450 4072 aliud
1499 4009 1640 4079 quod
1682 4024 1781 4064 nos
1829 4010 1974 4066 latet.

395 4099 572 4156 Manet
599 4109 774 4154 tamen
805 4102 1027 4169 quaestio
1053 4117 1147 4156 cur
1169 4101 1361 4164 dixerit
1391 4102 1644 4156 Dominus
1667 4101 1736 4156 de
1761 4101 1978 4166 homine

395 4192 674 4256 morituro,
709 4193 798 4247 Sic
824 4211 933 4262 eum
959 4195 1068 4248 volo
1089 4211 1290 4248 muliere
1309 4194 1465 4254 donec
1485 4195 1695 4256 ueniam.

467 4285 520 4352 4.
561 4283 692 4348 Illud
739 4287 898 4340 etiam
945 4286 997 4342 in
1045 4285 1129 4340 his
1175 4285 1383 4344 duobus
1425 4285 1680 4351 apostolis
1729 4283 1888 4340 Petro
1925 4293 1980 4348 et

395 4375 602 4440 Joanne
633 4391 787 4446 quem
819 4393 924 4438 non
965 4387 1174 4440 moveat
1201 4377 1266 4434 ad
1294 4373 1658 4446 qumrendum,
1695 4390 1790 4432 cur
1813 4375 1978 4440 Joan-

395 4485 518 4534 nem
551 4471 668 4538 plus
713 4469 957 4528 dilexerit
997 4469 1273 4534 Dominus,
1315 4483 1434 4526 cum
1477 4469 1650 4536 ipsum
1697 4467 1976 4536 Dominum

396 4563 516 4632 plus
557 4563 800 4632 dilexerit
847 4562 1077 4630 Petrus?
1125 4562 1452 4634 Ubicumque
1479 4563 1624 4618 enim
1651 4577 1712 4624 se
1739 4577 1976 4620 comme-

397 4665 570 4710 morat
589 4653 839 4720 Joaunes,
865 4663 922 4714 ut
948 4655 1162 4720 nomine
1181 4669 1278 4706 suo
1305 4653 1464 4718 tacito
1491 4652 1604 4721 ipse
1632 4653 1800 4722 possit
1823 4653 1982 4718 intel—

397 4747 509 4818 ligi,
539 4747 642 4802 hoc
667 4747 815 4816 addit
839 4745 977 4818 quod
1003 4761 1124 4800 eum
1149 4745 1398 4816 diligebat
1429 4745 1606 4810 Jesus,
1631 4747 1780 4815 quasi
1809 4747 1980 4814 solum

399 4838 660 4909 diligeret,
693 4848 751 4894 ut
781 4839 881 4894 hoc
923 4838 1072 4908 signo
1112 4837 1503 4908 discerperetur
1531 4851 1560 4892 a
1585 4839 1814 4904 caeteris,
1851 4852 1982 4908 quos

399 4931 578 5000 utique
625 4945 812 4986 omnes
854 4929 1104 5000 diligebat
1133 4947 1146 4982 ε
1175 4928 1302 5000 quid
1345 4943 1492 4999 ergo,
1534 4929 1635 4984 nisi
1676 4929 1900 4998 amplius
1927 4943 1984 4982 se

401 5020 673 5088 dilectum,
703 5035 826 5076 cum
873 5023 976 5080 hoc
1017 5020 1236 5084 diceret,
1284 5019 1492 5084 volebat
1541 5019 1804 5089 intelligi?
1843 5018 1983 5088 quod

400 5114 538 5168 absit
567 5123 622 5170 ut
653 5112 974 5170 mendaciter
1011 5111 1230 5178 diceret.
1262 5109 1412 5178 Quod
1443 5119 1618 5176 autem
1663 5111 1832 5179 majus
1859 5110 1985 5180 dare

403 5207 576 5278 potuit
609 5205 766 5266 Iesus
810 5203 1025 5273 majoris
1064 5218 1188 5274 erga
1228 5217 1350 5270 eum
1379 5217 1490 5256 sua:
1521 5202 1814 5256 dilectionis
1843 5201 1984 5272 iudi-

403 5301 566 5366 ciuin,
593 5314 750 5370 quam
789 5302 848 5352 ut
885 5297 1042 5366 homo
1067 5309 1186 5360 cum
1227 5293 1433 5362 ueteris
1476 5291 1850 5359 eondiscipulis
1877 5292 1986 5346 suis

403 5391 580 5446 socius
625 5397 782 5448 tantm
831 5387 1034 5452 salutis,
1081 5387 1224 5440 solus
1266 5395 1442 5454 tamen
1487 5383 1807 5450 discubuerit
1831 5399 1990 5452 super

405 5493 589 5553 pectus
611 5482 776 5552 ipsius
798 5479 1122 5550 Salvatoris?
1143 5478 1310 5550 Porro
1335 5477 1474 5550 quod
1499 5477 1771 5550 apostolus
1797 5476 1990 5546 Petrus

407 5577 527 5646 plus
571 5573 690 5630 aliis
739 5571 924 5628 dilexit
964 5571 1254 5638 Christum,
1297 5581 1520 5642 possunt
1563 5570 1778 5642 quidem
1821 5569 1988 5636 docu-

407 5672 586 5732 menta
617 5663 784 5734 multa
821 5662 1047 5733 proferri
1077 5679 1090 5714 :
1121 5661 1216 5720 sed
1255 5671 1312 5716 ut
1349 5664 1502 5734 longe
1530 5662 1584 5716 iu
1619 5663 1720 5716 alia
1761 5677 1864 5716 non
1895 5677 1986 5726 ea-

407 5774 544 5824 mus,
577 5755 744 5826 ipsius
767 5756 933 5822 tertite
959 5752 1400 5828 manifestatiupis
1425 5753 1633 5832 Domini
1659 5753 1815 5832 paulo
1839 5769 1990 5824 supe-

409 5835 553 5922 riore
601 5847 852 5920 lectione»
893 5861 1012 5924 suis
1053 5845 1212 5924 istam
1251 5845 1520 5920 μτωοβάίι,
1549 5846 1676 5916 satis
1717 5841 1991 5922 sudati-st

1321 401 1388 455 IN
1425 397 1702 455 JUANNIS
1739 394 2206 467 EVANGEMUH,
2247 415 2305 459 is.
2345 397 2712 458 sitttUSTINI

3535 397 3672 456 «θη

2091 519 2336 578 apparet,
2365 509 2456 564 ubi
2497 509 2832 582 interrogans
2869 527 3012 580 eum,
3049 512 3202 582 dixit,
3233 512 3416 586 Diligis
3447 527 3528 568 nte
3563 517 3678 588 plus

2095 601 2384 671 his?Quod
2429 605 2610 674 utique
2653 607 2874 672 sciebat,
2915 617 2972 663 et
2997 617 3173 664 tamen
3207 610 3588 682 interrogabat,
3619 619 3678 668 ut

2093 695 2258 748 etiam
2303 711 2396 750 nos
2437 697 2526 766 qui
2569 696 2794 766 legimus
2837 698 3202 769 Evangelium,
3249 715 3484 756 amorem
3535 703 3680 758 Petri

2095 799 2216 854 erga
2267 786 2566 852 Dominum,
2595 795 2656 844 et
2689 789 2784 844 illo
2815 789 3176 862 interrogante
3213 799 3270 848 et
3311 794 3418 848 isto
3459 809 3683 864 respon-

2091 879 2254 944 dente
2295 897 2592 938 nossemus.
2623 882 2774 952 Quod
2799 894 2980 940 autem
3021 885 3074 940 in
3115 899 3180 940 eo
3223 886 3364 955 quod
3405 887 3684 958 respondit

2097 970 2304 1036 Petrus,
2335 973 2462 1036 Auro
2489 984 2556 1038 te,
2585 989 2688 1030 nun
2713 975 2936 1041 addidit,
2979 975 3099 1044 plus
3133 975 3239 1040 his,
3273 977 3372 1032 hoc
3409 979 3684 1048 respondit

2091 1063 2234 1144 quod
2273 1063 2340 1117 de
2375 1065 2552 1132 seipse
2593 1065 2811 1122 sciebat.
2855 1066 2970 1120 Non
3015 1068 3156 1121 enim
3197 1077 3452 1136 quantum
3481 1069 3550 1124 ab
3576 1070 3682 1126 alio

2091 1155 2328 1222 quolibet
2373 1155 2681 1224 diligeretur
2723 1159 2860 1214 scire
2913 1169 3136 1228 poterat,
3189 1162 3278 1230 qui
3321 1177 3420 1214 cor
3461 1161 3682 1216 alterius

2093 1245 2276 1304 videre
2325 1261 2432 1300 non
2469 1258 2694 1316 poterat.
2735 1247 2840 1306 Sed
2873 1257 3048 1306 tamen
3087 1253 3453 1320 superioribus
3497 1253 3678 1308 verbis

2091 1337 2338 1402 dicendo,
2377 1337 2571 1406 Etiam,
2603 1339 2838 1408 Domine,
2857 1352 2910 1396 tu
2953 1344 3050 1398 scis
3081 1342 3256 1412 (Joan.
3291 1360 3408 1410 nt,
3441 1345 3526 1410 l5,
3561 1344 3677 1417 l6),

2091 1431 2220 1496 satis
2259 1440 2310 1488 et
2339 1431 2452 1498 ipse
2489 1431 2796 1498 declaravit,
2829 1433 3084 1494 scientem
3127 1433 3408 1498 Dominum
3451 1435 3680 1488 interro-

2091 1537 2246 1591 gasse
2272 1523 2412 1591 quod
2440 1525 2803 1594 interrogavit.
2845 1525 3058 1580 Sciebat
3085 1527 3244 1595 igitur
3283 1527 3538 1582 Dominus
3573 1543 3680 1580 non

2089 1615 2264 1678 solum
2311 1614 2450 1684 quod
2493 1615 2754 1685 diligeret,
2801 1631 2984 1674 verum
3023 1617 3181 1672 etiam
3223 1617 3364 1686 quod
3417 1619 3534 1686 plus
3575 1617 3679 1674 illis

2091 1719 2213 1760 cum
2249 1705 2490 1775 diligeret
2525 1707 2730 1766 Petrus.
2763 1709 2832 1770 Et
2857 1719 3030 1770 tamen
3061 1710 3104 1766 si
3135 1723 3492 1778 proponamus
3529 1726 3680 1780 qua:-

2091 1806 2288 1868 reutes,
2329 1799 2446 1866 quis
2485 1798 2710 1866 duorum
2749 1801 2822 1860 sit
2855 1800 3064 1878 melior,
3109 1813 3288 1862 utrum
3319 1801 3406 1870 qui
3447 1801 3583 1869 plus,
3609 1815 3677 1856 an

2089 1889 2179 1958 qui
2201 1889 2376 1952 minus
2405 1889 2568 1960 diligit
2592 1889 2891 1958 Christum;
2915 1891 3032 1960 quis
3047 1891 3306 1946 dubitabit
3329 1890 3673 1960 respondere,

2089 1993 2212 2044 eum
2245 1981 2334 2049 qui
2377 1981 2498 2052 plus
2537 1981 2709 2052 diligit
2745 1998 2866 2040 esse
2897 1982 3206 2046 meliorem?
3235 1981 3364 2044 item
3405 1984 3450 2042 si
3481 1997 3676 2052 propo-

2089 2087 2278 2142 namus
2305 2073 2423 2142 quis
2449 2073 2676 2136 duorum
2703 2075 2770 2130 sit
2797 2075 3008 2142 melior,
3049 2087 3226 2128 utrum
3271 2090 3428 2148 quem
3473 2075 3672 2142 minus,

2087 2183 2156 2236 an
2181 2181 2338 2236 quem
2371 2169 2488 2238 plus
2516 2167 2684 2238 diligit
2711 2170 2986 2236 Christus;
3013 2186 3136 2236 eum
3165 2171 3254 2238 qui
3291 2169 3410 2239 plus
3439 2169 3676 2240 diligitur

2087 2276 2119 2326 ρ
2166 2263 2400 2330 Chri:to,
2447 2261 2719 2328 meliorem
2767 2263 2946 2331 procul
3003 2261 3164 2318 dubio
3215 2263 3673 2332 respondebimus.

2088 2351 2144 2409 lu
2175 2353 2262 2416 illa
2289 2369 2416 2424 ergo
2443 2356 2840 2422 comparatione
2881 2371 3038 2425 quam
3083 2356 3232 2426 prius
3269 2357 3438 2424 posui,
3487 2356 3676 2416 Petrus

2087 2444 2312 2512 Joanpi;
2343 2447 2396 2510 iu
2427 2445 2528 2512 hac
2555 2461 2684 2512 vero
2713 2448 2898 2514 altera,
2939 2447 3168 2508 Joannes
3207 2447 3544 2515 anteponilur
3571 2447 3676 2502 Pe.-

2089 2544 2190 2600 lm-
2222 2537 2454 2606 Proinde
2483 2537 2692 2606 tertiam
2721 2537 2801 2602 sic
2823 2539 3167 2606 proponimus
3211 2556 3224 2602 ς
3266 2537 3384 2608 quis
3429 2546 3510 2602 est
3535 2536 3674 2602 duae

2087 2642 2202 2692 rum
2235 2627 2612 2696 discipulorum
2657 2628 2864 2692 melior,
2895 2626 2980 2698 qui
3019 2629 3196 2694 minus
3221 2643 3380 2697 quam
3407 2628 3674 2688 condisci-

2087 2719 2244 2794 pulus
2287 2719 2402 2786 eius
2431 2717 2600 2792 diligit
2627 2718 2916 2784 Christum,
2945 2729 3000 2774 et
3035 2721 3160 2791 plus
3205 2735 3362 2790 quam
3407 2719 3674 2782 condisci-

2087 2810 2243 2878 pulus
2289 2812 2405 2880 ejus
2454 2811 2690 2882 diligitur
2716 2827 2744 2866 a
2771 2811 3024 2880 Christo?
3065 2827 3132 2876 au
3173 2812 3264 2880 ille
3297 2827 3455 2882 quem
3499 2813 3672 2878 minus

2087 2917 2244 2974 quam
2275 2903 2694 2974 condiscipulum
2735 2904 2850 2976 ejus
2891 2904 3062 2976 diligit
3099 2901 3362 2974 Christus,
3390 2920 3510 2972 cum
3553 2905 3674 2976 plus

2087 2995 2200 3062 ipse
2227 3013 2384 3065 quam
2425 3013 2553 3054 suus
2593 2999 2986 3068 condiscipulus
3025 2999 3208 3068 diligat
3246 2999 3554 3064 Christum?
3579 3000 3674 3070 llic

2085 3087 2242 3160 plane
2267 3098 2542 3158 cunctatur
2573 3092 2870 3162 respousio,
2897 3100 2950 3152 et
2973 3101 3195 3161 augetur
3233 3091 3474 3161 qumstio.
3497 3092 3674 3160 Quan-

2087 3188 2196 3234 tum
2223 3189 2400 3256 autem
2431 3181 2542 3256 ipse
2564 3181 2733 3252 sapio,
2757 3183 3034 3254 meliorem
3062 3183 3148 3252 qui
3179 3183 3298 3250 plus
3327 3182 3498 3252 diligit
3521 3181 3674 3244 Cirris

2087 3279 2247 3336 stum,
2274 3270 2564 3332 feliciorem
2589 3286 2712 3326 vero
2733 3287 2888 3344 quem
2913 3272 3030 3344 plus
3053 3261 3220 3342 diligit
3238 3271 3498 3342 Christus,
3519 3271 3672 3340 facile

2085 3362 2500 3428 reSpondcrem;
2531 3363 2575 3418 si
2611 3361 2870 3432 justitiam
2917 3362 3242 3420 Liberatoris
3289 3365 3456 3418 nostri
3497 3363 3672 3424 minus

2086 3468 2206 3508 eum
2233 3453 2500 3522 diligentis
2525 3468 2556 3522 ῃ
2582 3469 2686 3524 quo
2717 3455 2834 3522 plus
2855 3453 3108 3524 diligitur,
3137 3465 3190 3524 et
3215 3470 3338 3530 eum
3367 3454 3487 3524 plus
3507 3469 3537 3514 a
3564 3469 3670 3528 tum

2085 3546 2259 3618 minus
2289 3545 2555 3618 diligitur,
2589 3545 3034 3620 quemadmodum
3077 3545 3441 3622 defenderem,
3491 3546 3668 3624 perri:

2084 3637 2286 3702 derem.

2155 3731 2208 3786 5.
2253 3731 2541 3802 Aggrediar
2569 3731 2726 3802 igitur
2755 3731 2806 3804 ip
2834 3731 2949 3802 ejus
2975 3730 3253 3806 manifesta
3281 3731 3666 3806 misericordia,

2083 3823 2234 3892 cuius
2259 3833 2340 3880 est
2367 3825 2572 3896 occulta
2597 3824 2829 3894 justitia,
2859 3825 2924 3894 de
2951 3825 3200 3894 solvenda;
3239 3827 3534 3902 quaestione
3563 3833 3667 3898 tam

2085 3915 2284 3988 ingenti
2305 3958 2319 3986 ,
2349 3931 2442 3986 pro
2472 3916 2670 3992 viribus
2695 3931 2826 3990 quas
2855 3917 2968 3988 ipse
3009 3917 3314 3981 donaverit,
3355 3917 3624 3988 disputare
3651 3934 3664 3968 :

2085 4007 2356 4086 lutcusqne
2399 4007 2540 4076 enim
2583 4009 2850 4084 proposita
2881 4017 2996 4074 est,
3040 4023 3146 4070 non
3175 4010 3434 4080 exposita.
3487 4009 3668 4078 Expo-

2085 4099 2272 4153 nenda:
2301 4113 2428 4153 vero
2457 4099 2572 4168 ejus
2598 4101 2700 4154 hoc
2717 4102 2788 4154 sit
2815 4099 3124 4166 exordium;
3173 4110 3231 4154 ut
3272 4101 3670 4172 meminerimus

2085 4191 2135 4244 in
2183 4189 2282 4244 hoc
2327 4191 2656 4260 corruptibili
2698 4207 2920 4260 corpore
2968 4193 3106 4264 quod
3149 4199 3396 4264 aggravet
3437 4193 3666 4244 animam

2087 4281 2242 4352 (Sap.
2271 4297 2364 4348 ιι,
2397 4279 2521 4354 l5),
2563 4281 2726 4336 vitam
2771 4297 2868 4336 nos
2913 4271 3160 4337 miseram
3205 4283 3404 4336 vivere.
3451 4282 3552 4338 Sed
3579 4282 3666 4350 qui

2080 4375 2192 4445 jam
2234 4373 2493 4440 redempti
2539 4387 2634 4444 per
2677 4373 3018 4429 Mediatorem
3067 4389 3288 4440 sumus,
3317 4379 3370 4428 et
3413 4361 3668 4442 Spiritum

2085 4478 2326 4523 sanctum
2371 4470 2556 4538 pignus
2585 4469 2886 4538 accepimus
2907 4511 2920 4535 ,
2947 4468 3150 4523 beatam
3179 4469 3336 4522 vitam
3367 4469 3416 4522 iu
3449 4483 3542 4537 spe
3573 4467 3667 4521 ha-

2087 4562 2298 4626 bemus,
2331 4562 2430 4617 etsi
2474 4579 2532 4616 re
2577 4563 2688 4630 ipsa
2737 4561 2970 4614 nondum
3021 4571 3284 4614 tenemus.
3329 4559 3466 4628 Spes
3496 4569 3668 4614 autent

2087 4669 2204 4722 qum
2245 4653 2468 4720 videtur,
2501 4666 2605 4708 non
2651 4663 2734 4707 est
2759 4667 2882 4722 spes
2917 4653 3100 4722 :quod
3139 4653 3282 4706 enim
3325 4652 3470 4706 videt
3516 4653 3668 4722 quis,

2088 4747 2210 4818 quid
2237 4747 2450 4817 sperat?
2485 4745 2538 4802 Si
2574 4755 2746 4802 autem
2775 4745 2914 4816 quod
2945 4761 3048 4800 non
3077 4746 3320 4800 videmus
3360 4761 3669 4814 speramus;

2090 4851 2183 4906 per
2227 4837 2530 4906 patientiam
2575 4845 2942 4906 exspectamus
2989 4835 3164 4908 (Rom.
3196 4853 3322 4900 vui,
3351 4836 3442 4900 24,
3467 4837 3577 4902 25).
3613 4834 3670 4890 In

2089 4931 2244 5000 malis
2273 4939 2445 4986 autem
2467 4943 2584 5000 quae
2609 4931 2832 5000 quisque
2849 4931 3066 5001 patitur,
3095 4945 3198 4984 non
3227 4931 3278 4984 in
3305 4929 3460 4984 bonis
3483 4927 3674 4996 quibus

2091 5021 2296 5084 fruitur,
2333 5037 2467 5090 opus
2495 5031 2576 5076 est
2603 5021 2876 5091 patientia.
2917 5021 3062 5074 Hanc
3091 5022 3268 5091 itaque
3291 5021 3452 5074 vitam
3477 5019 3546 5074 de
3571 5034 3674 5088 qua

2091 5115 2344 5184 scriptum
2373 5123 2484 5180 est,
2537 5111 2802 5182 Numquid
2839 5129 2940 5166 non
2983 5114 3188 5166 tentorio
3209 5121 3277 5166 est
3307 5113 3408 5166 vita
3453 5112 3676 5164 huutana

2091 5221 2241 5272 super
2271 5214 2453 5266 terram
2485 5202 2604 5275 (loli
2656 5220 2726 5258 vn
2747 5243 2760 5266 ,
2791 5201 2842 5276 Ι)
2867 5204 2888 5256 ?
2917 5205 2968 5258 in
2995 5219 3094 5272 qua
3125 5201 3360 5270 quotidie
3383 5201 3678 5268 clamamus

2091 5295 2158 5350 ad
2189 5295 2498 5360 Dominum,
2533 5294 2714 5350 Libera
2737 5311 2829 5352 nos
2853 5313 2884 5348 a
2909 5295 3042 5350 male
3072 5293 3284 5362 (Matth.
3319 5307 3393 5354 γι,
3425 5289 3548 5362 15),
3583 5307 3676 5346 co-

2091 5388 2231 5455 gitur
2255 5387 2416 5444 homo
2441 5389 2666 5446 tolerare
2687 5388 2846 5444 etiam
2873 5389 3110 5444 remissis
3135 5386 3362 5458 peccatis
3391 5401 3407 5442 :
3436 5385 3680 5455 utramvis

2095 5489 2150 5542 ut
2173 5481 2224 5534 in
2257 5493 2374 5534 eam
2399 5479 2604 5534 veniret
2630 5481 2915 5542 miseriam,
2943 5480 3166 5547 primum
3189 5477 3344 5544 tuerit
3371 5491 3531 5542 causa
3557 5489 3681 5545 pec-

2093 5580 2292 5640 catum.
2339 5568 2654 5628 Productior
2690 5579 2772 5626 est
2811 5569 2952 5626 enim
3003 5583 3154 5639 poena
3179 5583 3338 5638 quam
3375 5566 3564 5636 culpa;
3611 5581 3680 5622 ne

2097 5677 2254 5732 parva
2283 5671 2554 5732 putaretur
2579 5663 2734 5732 culpa
2753 5703 2766 5726 ,
2793 5663 2840 5720 si
2866 5678 2986 5718 cum
3021 5663 3110 5720 illa
3149 5663 3389 5718 (iniretur
3415 5670 3470 5717 et
3497 5675 3676 5730 pinna.

2097 5756 2172 5822 Ac
2205 5767 2298 5822 per
2323 5753 2426 5810 hoc
2449 5753 2534 5810 vel
2559 5753 2626 5814 ad
2652 5754 3158 5822 demonstrationem
3189 5755 3380 5811 debitte
3413 5756 3676 5820 miseria,

2101 5845 2187 5916 vel
2209 5845 2275 5916 at!
2295 5845 2722 5910 emendationem
2753 5843 2934 5908 labilis
2955 5850 3076 5904 vita
3089 5887 3104 5914 ,
3125 5845 3214 5904 vel
3239 5843 3308 5904 ad
3339 5845 3678 5902 exercitatio-
