4076 6462
363 373 501 437 1975

363 497 482 551 nem
511 491 829 550 necessaria:
853 491 1144 563 patientiae,
1173 490 1535 564 temperaliter
1561 489 1831 544 hominem
1854 486 1947 544 de-

362 592 492 642 tinet
531 587 690 658 parua
715 583 770 640 et
795 587 952 654 quem
991 583 1099 654 jam
1143 582 1207 638 ad
1246 579 1638 639 danination‘em
1667 581 1950 651 sempiter-

359 689 481 737 nam
498 681 649 737 reum
667 679 772 735 non
789 673 991 734 detinet
1013 675 1186 748 culpa.
1209 675 1334 732 Haec
1359 683 1442 733 est
1463 677 1688 731 istorum
1714 674 1942 741 dierum,

358 791 492 846 quos
527 775 577 828 in
621 774 716 828 hac
762 771 1082 826 mortalitate
1116 770 1318 840 agimus
1365 767 1566 832 malus,
1603 767 1844 837 quamvis
1887 765 1941 822 in

358 884 416 922 ea
447 867 727 936 diligamus
756 864 938 919 videre
974 864 1089 918 dies
1133 862 1301 916 bonos
1321 904 1334 927 ,
1366 858 1538 915 ﬂenda
1566 858 1774 929 quidem
1796 902 1810 926 ,
1845 852 1936 912 Sed

357 975 460 1015 non
503 955 940 1027 reprehendenda
971 953 1221 1010 ocnditio.
1253 951 1409 1008 venit
1435 951 1572 1006 enim
1613 947 1678 1004 de
1721 951 1796 1004 ira
1843 949 1940 1004 Dei

352 1053 493 1120 justa
515 1095 529 1117 ,
560 1051 626 1104 de
651 1063 748 1118 qua
777 1047 1047 1116 Scriptura
1076 1046 1327 1114 loquens,
1365 1041 1548 1106 Homo,
1581 1040 1767 1111 inquit,
1797 1051 1941 1093 natus

356 1159 416 1196 ca:
442 1143 674 1204 inuitare,
707 1139 862 1192 brevis
901 1139 1042 1203 vilic,
1089 1145 1133 1190 et
1176 1136 1350 1204 plenus
1389 1135 1479 1187 ira:
1518 1133 1535 1204 (
1564 1131 1660 1185 Job
1692 1141 1777 1185 xiv
1800 1174 1811 1194 ,
1841 1126 1893 1200 ἱ)
1923 1133 1936 1184 ὲ

355 1251 473 1289 cum
524 1235 601 1287 ira
650 1233 739 1286 Dei
795 1235 900 1285 non
951 1230 1018 1284 sit
1051 1242 1104 1284 ut
1148 1225 1481 1292 hominis,ld
1511 1236 1589 1279 est
1617 1221 1938 1294 perturbatio

352 1326 598 1383 concitati
628 1323 822 1388 animi,
844 1323 936 1375 sed
970 1319 1394 1390 tramptiilajusti
1420 1315 1657 1386 supplicii
1686 1315 1938 1368 constitu;

352 1419 446 1473 tio.
478 1418 532 1472 in
559 1418 655 1470 hae
679 1419 752 1468 ira
779 1421 870 1468 sua
900 1413 1037 1468 Deus
1063 1421 1166 1466 non
1198 1412 1496 1471 Contiticns,
1522 1410 1658 1462 sicut
1681 1408 1936 1476 scriptum

352 1517 465 1573 est,
492 1507 860 1562 miserationes
883 1503 1006 1557 suas
1031 1499 1200 1571 (Ps‘at.
1231 1505 1430 1561 utva
1467 1497 1552 1569 l0)
1575 1541 1588 1564 ,
1620 1501 1813 1566 prmter
1835 1495 1935 1548 alia

354 1599 542 1654 solatia
589 1599 905 1652 miserorum
947 1605 1062 1664 qua:
1101 1593 1281 1663 generi
1309 1593 1537 1644 humano
1569 1587 1805 1660 praebere
1832 1603 1934 1640 non

349 1699 555 1754 cessat,
583 1689 635 1742 in
669 1686 991 1757 plenitudine
1018 1685 1310 1753 temporis;
1341 1683 1445 1752 quo
1474 1681 1587 1750 ipse
1615 1679 1813 1733 sciebat
1838 1679 1937 1733 hoc

350 1783 471 1838 esse
497 1771 817 1840 faciendum,
842 1779 985 1832 inisit
1005 1778 1193 1832 Filium
1219 1779 1369 1830 suum
1391 1773 1712 1843 unigenitum
1742 1769 1932 1842 (Calai.

347 1893 424 1944 ιν,
457 1873 510 1948 4)
531 1919 543 1942 ,
578 1887 673 1945 per
696 1885 853 1943 quem
885 1873 1083 1927 ereavit
1113 1871 1357 1923 illiiVCl'Stl
1383 1911 1395 1932 ,
1440 1871 1495 1921 ut
1537 1881 1754 1920 manens
1795 1863 1936 1918 Deus

352 1970 505 2022 iieret
529 1967 710 2029 homo,
741 1967 796 2019 et
820 1969 961 2018 esset
987 1963 1246 2018 mediator
1281 1960 1370 2014 Dei
1399 1968 1448 2011 et
1479 1957 1748 2012 hominum
1777 1955 1936 2009 homo

349 2060 593 2116 Christus
612 2058 764 2112 Jestls
795 2057 836 2128 (l
865 2052 995 2110 Timl
1021 2071 1054 2110 ιι
1076 2098 1088 2119 ,
1122 2054 1178 2126 5)
1212 2073 1226 2109 :
1255 2055 1306 2108 iit
1339 2055 1491 2123 quem
1518 2053 1818 2117 credentes,
1843 2047 1938 2118 pet"

347 2152 614 2205 lavaerum
644 2146 1056 2217 regenerationis
1079 2145 1253 2199 soluto
1291 2149 1434 2198 reatu
1473 2143 1705 2196 Omnium
1737 2143 1932 2210 pecca-

349 2250 549 2307 torum,
577 2249 629 2294 et
654 2238 922 2309 originalis
960 2237 1203 2290 videlicet
1245 2221 1383 2304 quod
1427 2231 1706 2303 generatio
1734 2230 1932 2292 trahit,

347 2343 532 2388 contra
557 2341 714 2402 quam
744 2330 969 2384 maxime
992 2328 1320 2396 regeneratio
1351 2335 1432 2381 est
1454 2325 1720 2385 instituta,
1755 2329 1807 2376 et
1832 2327 1938 2376 δῖε-ί

349 2435 582 2481 terorum
611 2437 728 2494 quae
755 2424 891 2477 male
919 2421 1120 2489 agendo
1145 2423 1415 2475 Contracta
1450 2424 1575 2470 sunt
1594 2458 1607 2480 ,
1637 2415 1934 2469 liberareris

352 2526 438 2572 tur
463 2532 490 2570 a
517 2517 852 2570 damnatione
881 2517 1164 2583 perpetua,
1203 2515 1256 2565 et
1293 2509 1529 2563 viverent
1555 2506 1604 2560 in
1634 2506 1734 2559 title
1759 2511 1812 2559 et
1841 2515 1936 2572 spe

350 2617 402 2662 et
439 2607 690 2662 charitute
712 2648 724 2671 ,
772 2604 1164 2674 peregrinantes
1199 2601 1256 2655 viti
1300 2599 1400 2654 hoc
1443 2599 1667 2663 Steculo,
1698 2596 1933 2665 atquein

351 2703 466 2772 ejus
506 2699 881 2754 teutatiouilius
925 2697 1203 2750 laboriosis
1233 2703 1284 2747 et
1310 2691 1618 2763 periculosis
1639 2733 1652 2754 ,
1685 2687 1932 2744 consola-

354 2793 582 2848 tionibus
604 2794 776 2844 auteni
801 2790 892 2844 Dei
920 2798 969 2842 et
992 2787 1354 2857 eoi‘poraiibus
1375 2791 1426 2839 ct
1445 2782 1802 2853 spiritualibns
1824 2797 1935 2834 am-

352 2886 596 2940 bularent
637 2883 702 2937 ad
749 2886 1087 2951 conspectum
1119 2880 1264 2948 ejus,
1313 2877 1448 2931 viani
1495 2884 1761 2940 tenentes,
1793 2867 1933 2943 quod

351 2979 430 3032 eis
462 2975 631 3031 faetus
655 2983 736 3029 est
760 2974 1017 3028 ChriSlus.
1051 2973 1115 3025 Et
1137 2972 1256 3042 quia
1292 2971 1343 3024 in
1375 2969 1489 3039 ιι)ςο
1520 2983 1725 3038 quoque
1751 2965 1935 3021 ambu-

351 3069 522 3124 lantes
551 3083 654 3121 non
685 3074 806 3120 sunt
845 3065 957 3119 sille
992 3063 1219 3134 petentis
1241 3105 1253 3128 ,
1278 3069 1395 3132 qua:
1426 3061 1489 3114 de
1517 3059 1673 3129 hujus
1701 3061 1822 3113 vita:
1850 3057 1933 3111 in-'

353 3161 600 3215 ﬁrmitate
644 3139 968 3227 subrepunt;
1017 3156 1157 3211 dedit
1199 3156 1652 3226 elocniOSynarnm
1699 3147 1931 3206 remedia

349 3252 627 3317 salutaria,
653 3251 844 3320 quibus
886 3265 1067 3303 eorum
1112 3247 1449 3316 adjuvaretur
1493 3245 1687 3306 oratio,
1724 3244 1808 3297 ubi
1835 3241 1929 3297 eos

351 3341 528 3396 dicere
554 3342 766 3404 docuit,
799 3340 1001 3393 Dimitte
1022 3338 1160 3392 nobis
1187 3336 1350 3390 debita
1380 3344 1547 3389 nostra
1567 3377 1580 3400 ,
1612 3337 1738 3387 sicut
1766 3344 1810 3386 et
1839 3347 1931 3387 nos

353 3435 648 3487 dimitlihtutt
673 3432 970 3486 debitoribus
997 3430 1176 3484 nostris
1207 3425 1412 3499 (Matth.
1440 3431 1487 3479 tt
1506 3470 1518 3491 ,
1556 3425 1661 3496 1‘2).
1691 3422 1800 3479 Hoc.
1825 3426 1933 3493 agit

354 3528 586 3582 Beclesia
615 3535 708 3596 spe
736 3527 884 3581 licata
915 3525 964 3578 in
995 3525 1091 3578 hac
1122 3523 1223 3576 vita
1252 3527 1548 3576 :erumuosa
1583 3535 1595 3571 :
1629 3516 1778 3586 cujus
1821 3515 1928 3571 Ee-

351 3621 526 3674 clesite
555 3621 740 3674 Petrus
763 3619 1065 3688 apostolus,-
1099 3623 1315 3685 propter
1346 3613 1684 3683 Aposto'iaius
1713 3612 1790 3664 sui
1820 3610 1930 3678 pri-

351 3719 571 3777 matum,
596 3711 813 3781 gerebat
849 3709 1062 3779 ﬁgurata
1089 3705 1430 3776 generalitate
1459 3707 1755 3772 personam.
1779 3699 1930 3768 Quod

353 3804 492 3858 enim
542 3802 609 3856 ad
656 3805 826 3870 ipsum
870 3800 1082 3870 proprie
1111 3798 1368 3866 pertinet,
1403 3801 1586 3848 natura
1615 3793 1748 3845 unus
1775 3789 1934 3844 homo

353 3901 494 3959 erat,
543 3895 709 3964 gratia
757 3897 890 3946 titius
934 3890 1286 3955 christianos,
1339 3885 1721 3940 abilhtlantlore
1767 3881 1933 3952 gratia

354 4001 488 4041 unus
529 3979 774 4053 idemque
820 3985 1018 4052 primus
1064 3979 1334 4050 apostolus
1367 3994 1378 4030 :
1413 3976 1504 4030 sed
1543 3972 1752 4044 qltando
1778 3974 1825 4028 ei
1852 3971 1932 4027 dio

354 4090 493 4135 ctum
524 4087 638 4144 est;
689 4075 802 4132 Tibi
839 4075 966 4130 dubo
1009 4078 1168 4129 claves
1214 4073 1352 4143 regni
1388 4071 1658 4136 victorum,
1705 4075 1750 4120 et
1775 4064 1935 4134 quod-

354 4185 564 4241 cumque
593 4169 822 4240 ligaveris
851 4171 998 4237 super
1020 4174 1203 4220 terram
1223 4205 1236 4229 ,
1266 4164 1356 4217 erit
1385 4161 1592 4233 ligatum
1619 4170 1663 4214 et
1686 4160 1738 4213 in
1764 4149 1934 4218 ratiis;

356 4274 399 4318 et
426 4263 774 4333 quodcumque
791 4257 994 4315 solveris
1022 4261 1173 4328 super
1194 4259 1374 4309 terram
1396 4297 1409 4321 ,
1447 4253 1539 4308 erit
1564 4252 1782 4307 solutum
1812 4260 1857 4302 et
1883 4250 1937 4302 in

357 4355 492 4410 εωιιε
512 4396 528 4422 ,
573 4354 872 4408 universam
905 4348 1234 4421 signiﬁcabat
1259 4347 1548 4401 Ecclesium
1568 4386 1582 4410 ,
1612 4353 1728 4413 quae
1755 4341 1805 4396 in
1838 4341 1938 4394 hoc

359 4450 556 4505 sarculo
599 4447 824 4500 diversis
869 4442 1244 4498 tetittttimiibits
1274 4438 1415 4493 velut
1446 4435 1727 4500 imbribus,
1761 4431 1937 4487 iitimi-

361 4543 512 4597 nibus
532 4584 546 4607 ,
579 4539 974 4609 tempestatibus
996 4533 1244 4606 quatitur,
1276 4542 1332 4588 et
1357 4547 1460 4585 non
1487 4527 1660 4595 cadit,
1690 4529 1936 4597 quoniam

361 4635 572 4689 fundata
602 4640 686 4687 est
710 4631 870 4701 Super
901 4627 1100 4699 peiralil
1122 4669 1134 4690 ,
1163 4625 1300 4680 uitde
1330 4623 1515 4679 Petrus
1555 4621 1747 4675 horrion
1784 4627 1940 4674 accc;

361 4728 454 4798 pit.
476 4726 593 4782 Non
618 4724 757 4780 enlin
787 4727 813 4775 τι
847 4720 1001 4776 Petro
1023 4715 1192 4790 petra,
1219 4720 1309 4774 sed
1337 4711 1523 4771 Petrus
1545 4711 1574 4770 ἐι
1603 4707 1746 4783 p'cti‘a
1769 4711 1942 4798 ;'sicm

363 4785 464 4871 non
495 4816 738 4871 ChriStus
767 4829 795 4867 a
825 4785 1114 4868 christiano
1134 4854 1148 4876 ,
1193 4807 1283 4864 sed
1328 4803 1645 4863 eiiriStianus
1672 4822 1701 4858 tt
1731 4785 1942 4859 Chrile

364 4905 596 4965 vocatur.
629 4907 752 4963 ideo
774 4907 966 4976 quippe
993 4905 1065 4958 ait
1092 4904 1343 4957 Dominus
1363 4943 1377 4966 ,
1409 4897 1573 4969 Super
1597 4900 1726 4952 hanc
1752 4897 1942 4968 petram

363 5000 625 5071 aediﬁcabo
659 4999 934 5052 Eri-testati:
957 4997 1137 5059 meatu,
1169 4994 1288 5063 quia
1315 4991 1521 5045 diicrat
1547 4989 1732 5043 Petrus
1751 5029 1767 5055 ,
1793 4987 1872 5042 Tu
1893 4991 1944 5041 es

364 5095 591 5150 Christus
621 5081 786 5145 Filius
815 5090 905 5144 Dei
934 5089 1028 5142 vivi
1055 5083 1162 5161 (Id.
1187 5095 1306 5152 th,
1341 5083 1546 5153 iii-l9).
1594 5078 1764 5150 Super
1810 5077 1945 5134 hanc

365 5195 526 5256 ergo,
557 5185 723 5255 inquit
747 5225 763 5249 ,
800 5194 1004 5252 petram
1049 5176 1204 5249 quatit
1251 5175 1521 5231 confessus
1551 5187 1639 5237 es,
1673 5163 1944 5224 ιιξιιιῐίρτιιη)

370 5278 660 5332 Ecclesium
687 5281 879 5329 meant.
915 5258 1064 5325 Petra
1099 5269 1241 5324 enim
1268 5269 1381 5321 erat
1409 5265 1648 5321 Christus
1676 5263 1718 5328 (i
1746 5262 1862 5316 Cor.
1889 5278 1943 5329 χ,

371 5372 422 5442 4)
455 5390 466 5423 :
501 5374 660 5438 super
683 5366 826 5438 quod
867 5363 1265 5418 inttdahtentum
1315 5357 1472 5413 etiam
1523 5358 1634 5426 ipse
1659 5347 1947 5410 :miiiiCaius

371 5469 450 5515 est
489 5461 698 5516 Petrus.
744 5453 1166 5513 Fundamentum
1203 5450 1398 5520 quippe
1425 5445 1564 5501 aliud
1590 5461 1747 5500 nemo
1778 5449 1951 5514 potest

375 5568 571 5621 ponere
598 5551 788 5621 przetcr
813 5549 863 5602 id
888 5545 1029 5617 quod
1056 5537 1282 5613 positum
1309 5537 1409 5606 est,
1438 5535 1578 5608 quod
1604 5546 1685 5592 est
1710 5534 1950 5590 Christus

374 5646 528 5700 Jesus
574 5640 687 5716 (Id.
713 5651 804 5708 nt,
846 5637 961 5709 Η).
1006 5634 1240 5693 Ecclesia
1283 5643 1411 5703 ergo
1454 5645 1571 5701 quae
1613 5627 1860 5684 fundatur
1898 5629 1951 5682 in

377 5737 610 5799 Christo,
634 5733 814 5790 claves
831 5729 899 5786 ab
916 5743 983 5786 eo
1009 5727 1155 5800 regni
1178 5725 1434 5782 calorum
1466 5721 1668 5791 accepit
1693 5721 1743 5773 in
1769 5720 1948 5784 Petro,

379 5827 429 5886 id
453 5833 536 5886 est
559 5831 873 5897 ροιεειειιοιη
903 5819 1103 5896 ligandi
1143 5815 1489 5888 solvendiQue
1517 5823 1750 5885 peccata.
1798 5810 1951 5880 Quod

1409 371 1819 432 'l'RAC'i‘ATUS
1851 359 2086 433 αχιιιγ,
2131 361 2353 434 caper
2393 363 2533 436 xxi.

3492 375 3629 450 iuit

2053 493 2137 547 εει
2177 493 2315 547 enim
2357 496 2454 564 per
2492 497 2866 568 prOprietatem
2894 497 2947 557 in
2971 498 3185 559 Christo
3227 501 3462 560 EccleSia
3484 549 3497 572 ,
3526 507 3628 563 hoc

2052 583 2134 636 est
2158 587 2253 651 per
2271 585 2704 654 significationem
2735 590 2921 646 Petrus
2947 592 2998 646 ιιι
3027 604 3206 662 petra;
3229 595 3332 664 qua
3358 597 3626 665 signiﬁca-'-

2053 671 2193 725 tione
2215 673 2526 747 intelligitur
2545 676 2789 735 Christus
2816 689 2982 751 petra,
3007 683 3195 739 Petrus
3221 685 3479 741 Eccl'e‘sia.
3502 688 3628 744 Hice

2048 763 2208 834 igitur
2232 766 2464 824 Ecclesia
2493 780 2646 842 quam
2677 773 3004 844 Signiﬁcahai
3025 778 3231 842 Petrus,
3259 780 3504 848 quamdiu
3530 780 3624 835 de-

2048 857 2122 925 git
2146 857 2196 910 in
2227 861 2374 916 malis
2393 904 2406 926 ,
2437 865 2662 920 amando
2687 878 2737 922 et
2766 871 3034 938 sequendo
3055 871 3326 926 Christum
3371 869 3625 928 liberatur

2047 962 2075 1000 a
2107 950 2276 1004 malis.
2328 953 2487 1022 Magis
2516 964 2691 1011 autem
2727 962 2965 1029 sequitur
2993 961 3043 1015 in
3075 962 3154 1017 eis
3176 961 3265 1033 qui
3294 963 3498 1018 certant
3529 965 3626 1033 prd

2049 1041 2268 1094 veritate
2307 1058 2470 1114 usque
2511 1048 2574 1100 ad
2618 1061 2859 1104 mortem.
2908 1051 3012 1106 Sed
3052 1054 3380 1108 universitati
3409 1054 3622 1123 dieitur,-

2047 1131 2266 1196 Sequere
2290 1150 2382 1199 me,
2413 1151 2505 1204 pro
2531 1147 2630 1206 qua
2664 1141 3000 1197 universitate
3028 1152 3216 1212 passus
3235 1154 3316 1199 est
3337 1145 3581 1200 Christus
3605 1163 3623 1201 ε

2044 1220 2109 1275 de
2135 1227 2237 1291 quo
2264 1225 2390 1280 dicit
2432 1229 2568 1282 idem
2616 1231 2828 1296 Petrus,
2861 1234 3085 1289 Christus
3128 1251 3217 1306 pro
3256 1236 3398 1290 nobis
3441 1245 3624 1307 possit:

2043 1323 2146 1380 est,
2183 1316 2462 1386 relinquens
2503 1323 2643 1376 nobis
2685 1327 2996 1398 exemplum,
3027 1337 3082 1381 ut
3108 1339 3375 1397 sequamur
3415 1332 3622 1400 remigia

2041 1406 2151 1475 ejus
2179 1407 2220 1479 (Ι
2250 1407 2390 1462 Petr.
2415 1427 2471 1473 ιι,
2499 1412 2609 1486 21).
2644 1415 2782 1471 Ecce
2805 1427 3020 1486 propter
3047 1422 3186 1489 Quod
3211 1423 3262 1476 ei
3292 1422 3491 1476 dictttm
3511 1430 3616 1489 est;

2044 1497 2261 1567 Sequere
2285 1517 2378 1554 me.
2423 1503 2517 1558 Est
2539 1514 2716 1560 autem
2750 1510 2849 1562 alia
2877 1511 2976 1563 vita
2999 1510 3312 1566 immortalis
3331 1537 3344 1577 ς
3365 1522 3483 1582 qua:
3510 1527 3616 1567 non

2041 1597 2120 1640 est
2143 1589 2191 1640 in
2223 1592 2374 1644 malis
2405 1611 2416 1644 :
2453 1595 2520 1647 ibi
2549 1595 2679 1650 faeie
2708 1597 2772 1651 ad
2802 1598 2986 1653 faciem
3010 1601 3332 1667 videbimus,
3361 1603 3501 1672 quod
3529 1603 3615 1656 hic
3663 1615 3675 1672 ξ

2043 1694 2137 1746 per
2157 1685 2427 1749 Speculum
2449 1694 2501 1740 et
2526 1687 2576 1740 in
2605 1689 2882 1758 aenigmate
2905 1692 3111 1746 videtur
3137 1693 3183 1762 (i
3212 1692 3328 1748 Cor.
3359 1671 3474 1758 Ri",
3501 1693 3614 1766 12),
3666 1671 3674 1719 ί

2040 1773 2249 1838 quando
2279 1777 2502 1830 multum
2545 1777 2598 1831 in
2647 1780 3018 1848 conspicienda
3061 1783 3284 1838 veritate
3322 1782 3614 1851 proﬁcitur.

2042 1861 2180 1916 Duas
2223 1865 2402 1934 itaque
2443 1869 2573 1923 vitas
2613 1871 2713 1924 sibi
2757 1873 3008 1926 divinitus
3050 1874 3357 1941 praedicatus
3381 1885 3434 1929 et
3458 1881 3609 1928 com-

2041 1955 2313 2009 mendatas
2339 1960 2482 2012 novit
2507 1959 2740 2016 Ecclesia
2761 2003 2776 2028 ,
2805 1979 3025 2032 quarum
3053 1971 3136 2018 est
3167 1980 3266 2018 una
3292 1965 3344 2018 in
3374 1965 3474 2019 (ide
3493 2005 3508 2031 ,
3539 1966 3618 2020 al-

2041 2052 2151 2098 tera
2182 2045 2236 2100 in‘
2262 2050 2472 2116 specie;
2501 2068 2600 2105 una
2624 2052 2674 2105 in
2709 2063 2944 2122 tempore
2972 2055 3426 2124 peregrinationis,
3449 2056 3618 2111 altera

2041 2135 2092 2189 in
2121 2140 2414 2196 aeternitate
2444 2144 2764 2208 mansionis;
2800 2162 2898 2198 una
2929 2147 2981 2200 in
3007 2146 3224 2213 labore,
3254 2149 3420 2201 altera
3451 2147 3503 2200 in
3532 2163 3617 2201 re-

2041 2228 2191 2296 quie;
2239 2246 2340 2283 una
2367 2232 2419 2286 in
2449 2233 2527 2286 via
2547 2273 2561 2300 ,
2591 2235 2751 2288 altera
2779 2236 2830 2290 in
2859 2237 3058 2304 patria;
3106 2253 3210 2291 una
3252 2237 3306 2291 in
3333 2252 3495 2306 opere
3520 2251 3613 2291 ac-

2042 2320 2232 2384 tionis,
2261 2323 2424 2376 altera
2475 2325 2523 2378 in
2574 2327 2820 2380 mercede
2860 2329 3352 2397 contemplationis;
3386 2345 3486 2382 una
3516 2328 3616 2383 de-

2039 2412 2200 2466 clinat
2222 2429 2250 2466 a
2278 2415 2418 2468 malo
2447 2425 2500 2469 et
2529 2415 2650 2470 facit
2679 2418 2872 2472 bonum
2892 2457 2907 2482 ,
2951 2418 3116 2473 altera
3161 2420 3359 2473 nullum
3399 2419 3558 2473 habet
3587 2433 3618 2472 a

2039 2520 2144 2576 quo
2172 2505 2401 2562 declinet
2431 2511 2625 2564 malum
2650 2553 2662 2573 ,
2697 2521 2748 2566 et
2778 2527 3023 2581 magnum
3073 2511 3233 2566 habet
3274 2526 3380 2582 quo
3416 2513 3619 2566 l’ruatur

2039 2596 2264 2660 bonum;
2315 2616 2413 2652 una
2457 2614 2576 2654 cum
2627 2602 2776 2655 hoste
2827 2610 3052 2670 pugnat,
3101 2602 3265 2656 altera
3309 2603 3424 2658 sine
3466 2602 3620 2657 hoste

2039 2700 2254 2757 regnat;
2300 2706 2399 2744 una
2437 2690 2586 2744 tortis
2612 2693 2766 2745 estin
2797 2691 3064 2757 adversis,
3093 2692 3258 2746 altera
3300 2691 3430 2745 nihil
3458 2694 3620 2746 sentit

2038 2780 2272 2846 adversi;
2306 2798 2403 2834 una
2432 2783 2669 2836 carnales
2697 2783 2940 2837 libidines
2967 2784 3151 2849 frenat,
3181 2783 3343 2838 altera
3370 2784 3614 2852 spiritua-

2040 2873 2175 2929 libus
2197 2874 2636 2930 delectationibus
2658 2886 2836 2937 vacat;
2866 2891 2968 2930 una
2991 2886 3069 2929 est
3090 2864 3333 2930 vincendi
3355 2893 3476 2930 cura
3504 2876 3614 2930 sol-

2040 2965 2212 3032 licita,
2246 2967 2409 3020 altera
2439 2967 2671 3020 vietori:e
2704 2983 2832 3036 pace
2861 2983 3077 3032 secura;
3108 2982 3207 3021 una
3235 2967 3286 3020 in
3315 2967 3614 3022 tentationi-

2039 3060 2138 3113 bus
2164 3060 2458 3128 adjuvatur,
2493 3060 2658 3112 altera
2685 3059 2798 3114 sine
2829 3059 2934 3112 ulla
2979 3060 3268 3113 tentatione
3298 3059 3347 3111 in
3378 3059 3492 3128 ipso
3521 3058 3616 3112 ad-

2031 3151 2209 3220 jutore
2241 3152 2478 3216 ltctatur;
2512 3166 2615 3205 una
2651 3152 2900 3206 subvenit
2929 3151 3213 3220 indigenti,
3241 3151 3403 3206 altera
3432 3151 3500 3206 ibi
3531 3161 3614 3206 est

2041 3244 2127 3298 ubi
2155 3244 2351 3298 nullum
2381 3244 2579 3298 invenit
2604 3243 2952 3312 indigentem;
2986 3258 3086 3298 una
3112 3243 3283 3298 aliena
3313 3253 3527 3314 peccata
3557 3253 3614 3298 ut

2038 3351 2130 3390 sua
2161 3335 2257 3390 sibi
2288 3336 2622 3406 ignoscantur
2646 3336 2897 3405 ignoscit,
2939 3336 3105 3390 altera
3131 3351 3229 3390 nec
3257 3337 3451 3403 patitur
3474 3337 3616 3404 quod

2039 3428 2306 3497 ignoscat,
2334 3443 2433 3483 nec
2468 3428 2590 3482 facit
2617 3428 2755 3497 quod
2786 3428 2883 3482 sibi
2912 3437 3093 3496 poscat
3121 3429 3348 3497 ignosci;
3383 3443 3483 3483 una
3514 3426 3608 3482 iia-

2038 3519 2260 3587 gellatur
2289 3519 2472 3582 malis,
2520 3535 2586 3572 ne
2633 3520 2914 3573 extollatur
2957 3518 3011 3574 in
3060 3518 3241 3586 bonis,
3273 3519 3437 3572 altera
3467 3527 3612 3571 tanta

2043 3610 2362 3678 plenitudine
2390 3611 2574 3679 gratiae
2597 3620 2740 3664 caret
2762 3610 2905 3663 omni
2936 3610 3106 3676 malo,
3139 3618 3192 3663 ut
3216 3610 3327 3664 sine
3354 3610 3460 3664 ulla
3490 3616 3610 3664 ten-

2041 3702 2237 3754 tatione
2258 3700 2516 3770 superbia:
2544 3701 2807 3755 coimrcat
2831 3716 3038 3776 summo
3063 3700 3239 3766 bono;
3271 3715 3372 3754 una
3405 3702 3540 3753 bona
3562 3710 3618 3754 et

2039 3792 2171 3846 maia
2202 3791 2472 3856 discernit,
2492 3791 2654 3843 altera
2680 3806 2797 3860 qua:
2822 3790 2932 3844 sola
2955 3790 3091 3844 bona
3111 3799 3233 3844 sunt
3253 3791 3423 3844 cernit
3445 3806 3459 3844 :
3484 3805 3612 3860 ergo

2039 3898 2141 3936 una
2172 3883 2304 3936 bona
2331 3892 2444 3945 est,
2495 3881 2587 3934 sed
2636 3880 2808 3935 adhuc
2852 3881 3080 3940 misera;
3133 3881 3300 3934 altera
3347 3880 3532 3936 melior
3561 3888 3616 3935 et

2041 3975 2212 4028 beata.
2248 3974 2349 4026 ista
2381 3971 2667 4042 signiﬁcata
2693 3980 2775 4026 est
2802 3987 2894 4042 per
2920 3971 3210 4040 apostolum
3244 3972 3452 4026 Petrum
3478 4013 3493 4039 ,
3524 3972 3611 4026 illa

2038 4081 2132 4135 per
2161 4064 2437 4118 Joannem.
2473 4063 2601 4116 Tota
2631 4062 2713 4116 hic
2737 4063 2907 4132 agitur
2934 4062 3030 4115 ista
3060 4077 3225 4131 usque
3256 4062 3306 4115 in
3335 4062 3489 4130 hujus
3511 4077 3614 4116 sa:-

2040 4157 2144 4212 culi
2176 4156 2365 4230 linem,
2407 4165 2460 4230 et
2494 4154 2598 4208 illic
2628 4154 2830 4207 invenit
2854 4155 3009 4206 linem
3043 4169 3055 4205 :
3087 4143 3326 4208 diiiertur
3355 4153 3440 4206 illa
3471 4169 3616 4208 eom-

2042 4229 2230 4317 pienda
2263 4255 2381 4316 post
2410 4229 2563 4315 hujus
2591 4245 2768 4298 szeculi
2799 4245 2954 4298 linem
2977 4285 2990 4310 ,
3023 4244 3116 4300 sed
3142 4245 3191 4297 in
3224 4243 3400 4298 futuro
3424 4246 3619 4300 saeculo

2045 4357 2146 4395 non
2174 4341 2330 4394 habet
2359 4323 2536 4392 linem.
2590 4338 2712 4394 Ideo
2738 4338 2925 4392 dicitur
2965 4339 3086 4393 huic
3106 4379 3119 4401 ,
3153 4337 3371 4408 Sequere
3396 4355 3473 4392 me
3500 4356 3516 4392 :
3551 4340 3618 4396 dc

2044 4433 2134 4488 illo
2163 4439 2337 4485 autem
2359 4471 2374 4498 ,
2409 4430 2496 4484 Sic
2525 4446 2633 4482 eum
2663 4430 2771 4482 uolo
2800 4445 3000 4482 manere
3040 4428 3197 4482 donec
3242 4430 3471 4493 veniam;
3497 4429 3618 4498 quid

2045 4525 2187 4578 ate?
2218 4523 2291 4576 Tu
2322 4540 2399 4576 me
2423 4522 2642 4593 sequere.
2690 4522 2825 4588 Quid
2866 4523 3006 4575 enim
3045 4533 3129 4576 est
3171 4522 3308 4576 hoc?
3356 4521 3617 4588 Quantum

2045 4617 2225 4686 sapio,
2256 4623 2507 4686 quantum
2538 4614 2721 4682 capio,
2753 4613 2878 4682 quid
2905 4623 2982 4667 cst
3013 4612 3132 4677 hoc,
3161 4601 3288 4678 nisi,
3318 4595 3394 4664 Tu
3419 4625 3503 4664 me
3529 4626 3618 4665 se-

2047 4724 2208 4780 quere
2239 4723 2332 4777 per
2358 4707 2702 4760 imitationem
2751 4705 3046 4775 perferendi
3099 4705 3402 4772 temporalia
3443 4703 3614 4766 mala;

2049 4803 2133 4855 ille
2165 4809 2372 4853 maneat
2398 4799 2566 4854 donec
2592 4799 2912 4867 sempiterna
2942 4799 3096 4852 venio
3123 4797 3421 4851 redditurus
3448 4795 3622 4849 bona?

2048 4893 2195 4961 Quod
2227 4891 2456 4960 apertius
2500 4891 2568 4943 ita
2607 4889 2708 4945 dici
2751 4899 2962 4959 potest:
2999 4889 3234 4943 Perfecta
3260 4903 3345 4941 me
3373 4895 3624 4956 sequatur

2050 4984 2216 5050 actio,
2246 4981 2524 5036 informata
2571 4996 2703 5034 mea:
2748 4980 3002 5050 passionis
3050 4979 3328 5046 exemplo;
3377 4977 3620 5032 inchoata

2053 5092 2177 5130 vero
2207 5074 2580 5142 contemplatio
2623 5080 2831 5125 n‘taucat
2873 5071 3041 5126 donec
3085 5070 3271 5136 venio,
3301 5069 3620 5138 perﬁcienda

2051 5182 2169 5221 cum
2216 5179 2427 5218 venero.
2479 5162 2728 5232 Sequitur
2769 5161 2907 5215 enim
2959 5160 3260 5226 Christum,
3312 5159 3624 5227 perveniens

2053 5276 2220 5329 usque
2245 5259 2309 5312 ad
2332 5267 2556 5311 mortem
2587 5257 2666 5324 pia
2697 5254 2963 5323 plenitudo
2987 5253 3250 5322 patientia:
3285 5269 3297 5304 :
3329 5261 3504 5305 manet
3532 5268 3624 5304 an-

2057 5364 2158 5408 tem
2185 5352 2355 5406 donec
2383 5350 2556 5404 veniat
2583 5347 2856 5410 Christus,
2891 5355 3015 5399 tunc
3045 5344 3422 5397 manifestanda
3455 5344 3627 5411 pleni-

2057 5443 2180 5497 tudo
2199 5442 2446 5496 scientite.
2478 5440 2571 5493 llic
2592 5439 2783 5507 quippe
2805 5436 3091 5490 tolerantur
3111 5435 3246 5487 mala
3271 5433 3425 5502 hujus
3448 5434 3628 5486 mundi

2057 5535 2107 5588 in
2138 5545 2273 5588 terra
2301 5531 2665 5595 morientium,
2695 5528 2765 5581 ibi
2796 5527 3110 5581 videbuntur
3153 5525 3292 5580 bona
3338 5525 3545 5580 Domini
3578 5525 3627 5578 in

2059 5635 2196 5680 terra
2227 5623 2530 5677 viventium.
2577 5617 2728 5686 Quod
2769 5617 2910 5671 enim
2954 5619 3060 5685 ait,
3113 5615 3237 5672 Volo
3277 5634 3387 5671 eum
3432 5633 3630 5669 manere

2060 5717 2216 5770 donec
2243 5715 2455 5779 veniam,
2484 5727 2587 5766 non
2614 5711 2690 5764 sic
2715 5709 3109 5780 intelligendum
3135 5718 3216 5764 est
3241 5710 3389 5778 quasi
3416 5709 3626 5772 dixerit,

2061 5821 2337 5864 remanere
2361 5805 2444 5859 vel
2472 5816 2817 5876 permanere;
2846 5800 2974 5869 sed,
3001 5810 3306 5872 exspectare
3341 5817 3352 5854 :
3382 5798 3633 5870 quoniam
