4028 6476
399 361 425 416 Ι
434 359 540 418 975

396 473 538 545 quod
567 487 662 544 per
685 483 806 528 eum
831 470 1182 542 signiﬁcatur,
1211 485 1316 524 non
1340 469 1518 538 utique
1544 479 1686 521 nunc
1702 506 1718 532 ,
1740 462 1836 519 sed
1861 477 1984 518 cum

397 569 602 626 venerit
643 566 920 632 Christus,
951 565 1272 636 implebitur.
1312 559 1464 630 Quod
1504 567 1682 613 autem
1723 571 1818 627 per
1844 554 1985 609 hunc

395 660 744 733 signiﬁcatur,
766 659 852 715 cui
879 658 1077 713 dictum
1105 664 1187 711 est
1204 695 1221 722 ,
1255 653 1332 708 Tu
1356 667 1436 706 ms
1453 665 1654 722 sequere
1671 690 1686 717 ,
1713 649 1815 704 nisi
1840 661 1982 702 nunc

393 763 600 827 agatur,
631 768 738 809 non
765 751 1104 824 pervenietur
1127 749 1193 804 ad
1220 746 1350 803 illud
1377 745 1518 817 quod
1545 750 1898 812 exspectatur.
1923 740 1978 795 In

393 844 496 901 hac
515 852 694 901 autem
721 844 890 899 activa
918 843 1022 896 vita
1062 847 1258 911 quanto
1292 836 1460 908 magis
1498 833 1768 890 Christum
1799 832 1976 904 diligi-

391 952 512 992 mus
533 978 548 1003 ,
582 945 724 992 tanto
750 935 954 992 facilius
974 934 1263 988 liberamur
1278 946 1308 986 a
1329 931 1488 986 malo.
1519 931 1589 983 At
1617 928 1730 997 ipse
1750 941 1849 980 nos
1879 926 1980 980 mi-

389 1046 492 1086 nus
515 1030 684 1101 diligit
707 1030 889 1100 quales
917 1041 1058 1082 nunc
1083 1039 1302 1090 sumus;
1346 1031 1402 1078 et
1441 1022 1566 1076 hinc
1607 1021 1725 1076 ideo
1751 1019 1974 1085 liberat,

389 1138 460 1181 ne
483 1137 694 1194 semper
725 1123 856 1176 tales
897 1120 1082 1174 simus.
1116 1117 1193 1174 Ibi
1216 1132 1345 1173 vero
1368 1115 1595 1186 amplius
1630 1126 1730 1168 nos
1770 1109 1973 1180 diligit;

389 1216 640 1288 quoniam
664 1214 804 1286 quod
825 1214 878 1269 ei
907 1213 1214 1284 displiceat,
1245 1217 1303 1266 et
1325 1208 1465 1280 quod
1491 1223 1520 1261 a
1552 1205 1704 1262 nobis
1729 1202 1970 1267 auferat,

387 1325 494 1365 non
537 1308 846 1364 habebimus
878 1325 892 1362 :
922 1321 1020 1362 nec
1047 1306 1116 1362 ob
1144 1304 1284 1359 aliud
1310 1317 1407 1358 nos
1444 1302 1531 1356 hic
1553 1300 1754 1370 diligit,
1784 1295 1887 1352 nisi
1915 1303 1976 1350 ut

387 1410 539 1458 sanet
566 1409 621 1457 et
649 1399 932 1455 transferat
959 1399 1028 1454 ab
1055 1399 1138 1454 his
1174 1412 1292 1468 quae
1336 1411 1444 1450 non
1481 1393 1670 1463 diligit.
1709 1390 1806 1446 Hic
1844 1403 1973 1460 ergo

386 1494 584 1558 minus,
612 1493 702 1548 ubi
730 1508 835 1549 non
882 1493 993 1547 vult
1027 1505 1396 1547 remaneamus
1430 1505 1442 1541 :
1475 1487 1544 1542 ibi
1574 1485 1837 1556 amplius,
1865 1499 1971 1554 quo

386 1586 495 1640 vult
508 1593 859 1652 transeamus,
874 1593 928 1640 et
943 1583 1082 1639 unde
1099 1598 1204 1638 non
1221 1582 1332 1637 vult
1353 1593 1656 1652 pereamus.
1671 1578 1828 1632 Amet
1841 1590 1971 1645 ergo

385 1694 505 1732 eum
529 1678 737 1745 Petrus,
760 1686 818 1732 ut
840 1678 908 1732 ab
935 1678 1034 1734 ista
1062 1675 1384 1731 mortalitate
1407 1674 1693 1728 liberemur
1720 1689 1734 1726 :
1761 1679 1972 1726 ametur

382 1771 450 1826 ab
476 1785 540 1825 eo
567 1769 831 1836 Joannes,
877 1779 934 1824 ut
975 1768 1028 1823 in
1077 1768 1162 1822 illa
1194 1766 1587 1822 immortalitate
1613 1778 1908 1819 servemur.

453 1861 504 1917 6.
546 1863 650 1918 Sed
692 1863 789 1917 ista
833 1863 1038 1918 ratione
1083 1859 1216 1916 illud
1259 1857 1577 1923 ostenditur,
1617 1871 1715 1912 cur
1741 1856 1972 1924 amplius

380 1955 637 2011 Joannem
681 1971 837 2026 quam
884 1955 1096 2010 Petrum
1143 1953 1400 2008 amaverit
1427 1951 1704 2016 Christus,
1734 1965 1839 2004 non
1869 1964 1969 2003 cur

379 2049 608 2118 amplius
654 2049 842 2103 Petrus
885 2063 1042 2119 quam
1086 2047 1319 2103 Joannes
1365 2045 1630 2100 amaverit
1671 2042 1961 2099 Christum.

379 2141 560 2212 Neque
589 2141 730 2196 enim
751 2183 764 2205 ,
788 2141 832 2196 si
863 2141 976 2209 plus
1002 2154 1098 2193 nos
1122 2138 1292 2208 diligit
1313 2134 1556 2190 Christus
1581 2133 1633 2189 in
1662 2131 1840 2188 futuro
1866 2147 1968 2186 sae-

379 2235 530 2302 culo,
573 2234 658 2288 ubi
702 2246 824 2289 cum
864 2232 955 2286 illo
993 2231 1108 2286 sine
1147 2230 1254 2284 ﬁne
1294 2229 1566 2293 vivemus,
1597 2241 1756 2297 quam
1783 2225 1835 2280 in
1862 2225 1966 2280 isto

379 2328 520 2382 ttude
558 2328 816 2393 eruimur,
848 2334 905 2380 ut
934 2324 1037 2378 illic
1064 2339 1276 2392 semper
1311 2321 1513 2387 simus,
1553 2329 1835 2390 propterea
1867 2332 1965 2372 nos

379 2431 504 2476 tunc
528 2437 653 2476 eum
679 2421 851 2474 minus
878 2417 1122 2473 dilecturi
1142 2432 1325 2471 sumus
1348 2415 1561 2486 quando
1587 2411 1967 2504 melior-eseri-

378 2528 525 2578 mus;
548 2527 668 2567 cum
687 2512 936 2566 meliores
955 2511 1138 2581 utique
1158 2509 1256 2564 nisi
1277 2509 1505 2578 amplius
1523 2522 1646 2565 eum
1666 2505 1960 2575 diligendo,

375 2607 522 2660 nullo
549 2605 707 2660 modo
751 2619 870 2661 esse
915 2605 1194 2674 possimus.
1240 2604 1345 2659 Cur
1371 2618 1500 2674 ergo
1524 2603 1756 2659 Joannes
1787 2603 1963 2656 minus

374 2714 496 2754 eum
538 2697 789 2768 diligebat
833 2712 991 2767 quam
1040 2697 1259 2763 Petrus,
1285 2698 1328 2752 si
1355 2712 1472 2752 eam
1497 2697 1662 2752 vitam
1690 2696 1960 2766 signiﬁca-

377 2789 464 2845 bat
484 2829 500 2856 ,
531 2789 582 2843 in
609 2803 710 2858 qua
738 2799 820 2843 est
846 2789 1012 2843 multo
1058 2789 1284 2858 amplius
1326 2788 1624 2859 diligendus
1645 2828 1663 2854 ,
1708 2787 1809 2842 nisi
1837 2789 1962 2859 quia

373 2890 656 2952 propterea
679 2881 876 2938 dictum
903 2891 1006 2949 est,
1041 2879 1169 2936 Volo
1206 2898 1318 2935 eum
1337 2898 1553 2947 manere,
1582 2881 1635 2936 id
1675 2889 1759 2936 est
1779 2894 1963 2951 exspe-

374 2983 522 3030 ctare
541 3015 554 3037 ,
586 2973 745 3028 donec
783 2974 1008 3039 vernam,
1043 2973 1292 3043 quoniam
1323 2981 1378 3028 et
1407 2973 1578 3042 ipsum
1605 2986 1843 3026 amorem
1868 2972 1961 3041 qui

375 3076 500 3123 tunc
526 3068 692 3122 multo
720 3067 947 3136 amplior
988 3067 1123 3133 erit,
1169 3067 1402 3120 nondum
1430 3065 1721 3131 habemus,
1752 3063 1848 3120 sed
1873 3063 1962 3118 fu-

375 3169 549 3216 turum
575 3167 963 3230 exspectamus,
993 3167 1050 3213 ut
1077 3175 1198 3214 cum
1225 3159 1337 3228 ipse
1363 3159 1597 3224 venerit,
1632 3157 1961 3212 habeamus?

374 3253 505 3309 Nam
532 3254 669 3310 sicut
694 3253 747 3308 in
775 3253 1008 3322 Epistola
1034 3267 1127 3308 sua
1156 3251 1294 3306 idem
1324 3251 1453 3306 dicit
1475 3252 1776 3322 apostolus,
1809 3250 1961 3306 Non-

374 3345 495 3399 dum
523 3346 762 3418 apparuit
782 3346 915 3416 quod
943 3347 1164 3412 erimus;
1189 3345 1372 3400 scimus
1391 3346 1627 3414 quoniam
1655 3361 1769 3398 cum
1797 3361 1962 3415 appa-

371 3438 562 3504 ruerit,
588 3437 778 3498 similes
806 3438 852 3490 ei
875 3437 1060 3490 erimus
1079 3477 1095 3501 ,
1122 3436 1357 3506 quoniam
1378 3435 1651 3490 videbimus
1674 3452 1789 3489 eum
1811 3437 1960 3491 sicuti

374 3538 447 3584 est
490 3527 550 3603 (ι
572 3529 731 3584 Joan.
759 3546 814 3585 ut
830 3572 844 3596 ,
876 3529 912 3584 2
929 3530 971 3600 ).
1013 3529 1162 3586 Tunc
1187 3546 1314 3601 ergo
1339 3531 1567 3602 amplius
1589 3532 1730 3602 quod
1756 3531 1959 3587 videbi-

374 3636 528 3691 mus,
557 3621 856 3694 diligemus.
891 3622 1008 3693 Ipse
1034 3631 1208 3678 autem
1251 3624 1508 3678 Dominus
1531 3625 1671 3678 illam
1710 3640 1830 3694 quae
1871 3623 1957 3680 fu-

376 3726 492 3772 tura
535 3724 619 3773 est
660 3717 822 3772 vitam
863 3725 1134 3784 nostram,
1180 3717 1350 3786 qualis
1396 3718 1445 3771 in
1491 3717 1644 3773 nobis
1682 3717 1857 3773 futura
1888 3720 1958 3774 sit

373 3811 575 3874 sciens,
625 3810 1088 3881 pmdestinatione
1135 3811 1249 3878 plus
1292 3820 1462 3874 amat,
1505 3819 1563 3864 ut
1601 3810 1670 3866 ad
1713 3825 1831 3866 eam
1857 3826 1959 3868 nos

372 3901 599 3956 amando
646 3900 914 3970 perducat.
960 3901 1216 3971 Quocirca
1262 3901 1509 3970 quoniam
1554 3903 1814 3958 universae
1859 3903 1958 3958 vim

377 3993 582 4046 Domini
625 3993 983 4046 misericordia
1014 4002 1067 4047 et
1093 3993 1285 4047 veritas
1316 3991 1486 4065 (Psal.
1514 4009 1661 4061 xxrv,
1695 3993 1817 4065 10),
1851 3995 1956 4050 mi-

373 4084 568 4138 seriam
591 4093 825 4138 nostram
859 4092 1172 4153 praesentem
1202 4086 1444 4139 novimus
1462 4127 1477 4151 ,
1506 4087 1624 4154 quia
1659 4089 1954 4154 sentimus;

373 4188 427 4233 et
455 4179 573 4234 ideo
599 4179 1015 4234 misericordiam
1045 4182 1270 4246 Domini,
1299 4198 1454 4252 quam
1483 4184 1634 4239 nobis
1654 4185 1722 4240 de
1743 4185 1956 4240 miseria

375 4270 661 4325 liberandis
688 4271 923 4325 exhiberi
953 4271 1228 4337 volumus,
1272 4273 1392 4344 plus
1433 4289 1703 4342 amamus,
1734 4292 1957 4346 eamque

372 4360 606 4430 quotidie
645 4361 876 4416 maxime
923 4377 1020 4430 pro
1065 4373 1397 4432 peccatorum
1426 4365 1742 4423 remissione
1775 4370 1954 4438 posci-

373 4466 490 4507 mus
535 4459 590 4507 et
636 4450 893 4507 habemus
927 4472 938 4507 :
974 4455 1075 4509 hoc
1117 4468 1210 4523 per
1253 4455 1467 4510 Petrum
1498 4457 1849 4528 signiﬁcatum
1875 4470 1958 4517 est

371 4543 489 4614 plus
517 4553 782 4598 amantem
803 4585 818 4610 ,
848 4543 943 4600 sed
971 4545 1149 4600 minus
1186 4553 1451 4614 amatum;
1494 4548 1615 4618 quia
1656 4551 1833 4608 minus
1858 4568 1956 4608 nos

369 4644 512 4690 amat
533 4635 776 4690 Christus
804 4638 1030 4693 miseros
1059 4654 1216 4708 quam
1264 4640 1468 4694 beatos.
1504 4641 1750 4697 Veritatis
1777 4654 1954 4701 autem

368 4727 867 4796 contemplationem
893 4727 1064 4798 qualis
1105 4739 1226 4784 tunc
1265 4730 1435 4786 futura
1465 4741 1574 4801 est,
1609 4735 1783 4790 minus
1808 4753 1958 4791 ama-

367 4833 518 4883 mus,
544 4820 667 4889 quia
691 4821 924 4875 nondum
955 4823 1199 4878 novimus
1243 4839 1340 4878 nec
1379 4825 1636 4883 habemus
1670 4847 1683 4883 :
1715 4829 1830 4886 h:ec
1860 4847 1955 4901 per

365 4909 626 4965 Joannem
671 4911 964 4980 signiﬁcata
991 4922 1075 4969 est
1099 4915 1274 4969 minus
1299 4928 1602 4985 amantem,
1649 4931 1806 4991 atque
1832 4924 1953 4981 ideo

365 5010 420 5057 et
445 5001 510 5056 ad
537 5003 741 5072 ipsam,
769 5013 824 5060 et
848 5004 914 5059 ad
955 5005 1070 5076 ejus
1108 5007 1162 5061 in
1201 5009 1354 5064 nobis
1396 5025 1631 5067 amorem
1653 5056 1668 5080 ,
1699 5016 1870 5085 qualis
1901 5018 1952 5074 ei

366 5090 609 5157 debetur,
642 5093 1003 5164 implendum,
1033 5096 1205 5154 donec
1233 5101 1409 5154 veniat
1464 5101 1718 5159 Dominus
1755 5123 1948 5178 exspe—

365 5192 596 5239 ctantem
617 5185 741 5252 ;sed
765 5188 883 5256 plus
913 5196 1169 5257 amatum,
1190 5191 1312 5260 quia
1343 5192 1394 5246 id
1420 5194 1560 5262 quod
1587 5212 1684 5266 per
1709 5198 1854 5254 illum
1885 5203 1947 5254 li-

365 5284 608 5343 guratum
638 5288 750 5344 est,
783 5278 883 5332 hoc
909 5277 1076 5334 efﬁcit
1099 5280 1332 5337 beatum.

436 5367 488 5420 7.
527 5366 695 5421 Nemo
739 5377 916 5424 tamen
957 5371 1088 5426 istos
1125 5372 1357 5443 insignes
1395 5379 1664 5445 apostolos
1713 5395 1942 5454 separet.

365 5457 431 5512 Et
477 5458 528 5512 in
559 5475 624 5512 eo
654 5460 792 5528 quod
819 5462 1150 5531 signiﬁcabat
1174 5465 1393 5533 Petrus,
1415 5469 1572 5525 ambo
1596 5483 1781 5541 erant;
1811 5488 1865 5533 et
1890 5480 1942 5534 in

365 5566 432 5606 eo
458 5552 600 5622 quod
628 5553 957 5622 signiﬁcabat
979 5555 1233 5624 Joannes,
1265 5561 1422 5616 ambo
1448 5561 1609 5618 futuri
1639 5579 1813 5622 erant.
1857 5570 1943 5626 Si-

363 5644 663 5713 gniﬁcando
703 5647 1022 5716 sequebatur
1046 5651 1148 5706 iste
1170 5694 1185 5717 ,
1227 5656 1474 5712 manebat
1511 5658 1599 5714 ille
1632 5679 1644 5715 :
1675 5662 1941 5724 credendo

363 5743 538 5790 autem
585 5737 742 5794 ambo
781 5741 918 5795 mala
962 5746 1243 5813 praesentia
1280 5748 1434 5819 hujus
1472 5753 1698 5808 miseriae
1744 5759 1941 5815 tolera-

363 5828 510 5898 b'htit;
529 5831 684 5888 ambo
699 5833 870 5890 futura
887 5835 1019 5892 bona
1038 5837 1177 5895 illius
1191 5840 1529 5900 beatitudinis
1543 5847 1937 5917 exspectablnii

897 352 964 410 IN
998 351 1279 411 JOANNIS
1319 349 1780 416 EVANGELIUM,
1817 348 1877 406 S.
1917 345 2283 405 AllGUS’l‘lNl
2324 349 2572 409 TRACT.
2605 353 2838 410 CXXIV.
2879 355 3036 412 CAP.
3076 357 3219 412 XXI.

3532 359 3669 416 1976

2094 459 2205 516 Nec
2233 461 2332 532 ipsi
2363 463 2493 532 soli,
2537 463 2631 518 sed
2674 468 2916 521 universa
2949 466 3050 522 hoc
3079 466 3202 522 facit
3227 475 3409 524 sancta
3436 468 3676 526 Ecclesia

2093 563 2287 620 sponsa
2314 551 2535 619 Christi,
2568 554 2774 610 abistis
2809 557 3187 612 teutationibus
3215 558 3471 626 eruenda,
3512 559 3565 614 in
3593 561 3678 616 illa

2096 643 2347 700 felicitate
2375 647 2652 701 servanda.
2684 647 2826 716 Quas
2847 649 2978 703 duas
3001 650 3135 704 vitas
3159 651 3348 706 Petrus
3372 660 3427 706 et
3445 653 3680 713 Joannes

2091 736 2475 808 ﬁguraverunt,
2507 741 2699 811 singuli
2729 742 2966 812 singulas
2995 760 3008 796 :
3040 759 3226 799 verum
3251 753 3307 800 et
3335 747 3389 800 in
3416 745 3516 801 hac
3546 757 3691 802 tem»

2089 828 2346 897 poraliter
2389 815 2798 887 ambulaverunt
2836 833 2994 889 ambo
3033 848 3129 905 per
3173 836 3355 904 ﬁdem,
3396 846 3451 892 et
3491 838 3580 894 illa
3624 840 3679 894 in

2087 927 2344 974 aeternum
2385 920 2632 977 fruentur
2671 924 2828 979 ambo
2858 940 2954 994 per
2989 926 3241 996 speciem.
3279 927 3536 985 Omnibus
3580 931 3680 1002 igi-

2089 1017 2176 1062 tur
2200 1012 2397 1065 sanctis
2426 1012 2492 1067 ad
2522 1013 2718 1068 Christi
2742 1029 2936 1085 corpus
2958 1016 3379 1088 inseparabiliter
3410 1023 3683 1092 pertinena

2086 1098 2247 1168 tibus,
2283 1111 2498 1173 propter
2526 1104 2686 1175 hujus
2711 1107 2830 1160 vita:
2855 1109 3318 1177 procellosissimae
3341 1113 3679 1183 gubernacu-

2085 1190 2215 1260 lum,
2245 1194 2312 1248 ad
2341 1195 2552 1266 liganda
2577 1207 2632 1253 et
2656 1199 2909 1254 solvenda
2937 1211 3152 1272 peccata
3178 1205 3354 1260 claves
3388 1209 3534 1278 regni
3559 1224 3680 1278 caa-

2081 1280 2256 1338 lorum
2278 1286 2480 1355 primus
2494 1287 2870 1358 Apostolorum
2893 1290 3082 1348 Petrus
3101 1297 3308 1366 accepit
3329 1314 3342 1350 :
3365 1298 3680 1371 eisdemque

2081 1376 2329 1432 omnibus
2354 1380 2552 1434 sanctis
2584 1391 2801 1450 propter
2821 1383 2944 1440 vita
2965 1385 3106 1441 illius
3128 1389 3502 1446 secretissimae
3527 1394 3684 1463 quie-

2081 1464 2346 1521 tissimum
2376 1469 2552 1523 sinum
2571 1511 2587 1536 ,
2617 1485 2780 1541 super
2811 1482 2996 1543 pectus
3021 1473 3220 1532 Christi
3261 1479 3493 1537 Joannes
3513 1495 3683 1539 evan-

2078 1557 2264 1626 gelista
2291 1559 2576 1616 discubuit.
2599 1561 2861 1631 Quoniam
2883 1581 2982 1621 nec
3000 1566 3099 1624 iste
3120 1568 3287 1636 solus,
3309 1573 3405 1627 sed
3425 1575 3679 1631 universa

2079 1648 2317 1706 Ecclesia
2346 1654 2472 1724 ligat
2495 1655 2760 1726 solvitque
2790 1669 3003 1727 peccata
3038 1677 3051 1713 :
3083 1676 3182 1718 nec
3211 1663 3300 1719 ille
3328 1665 3382 1719 in
3413 1666 3681 1737 principio

2077 1738 2312 1797 Verbum
2345 1744 2510 1800 Deum
2535 1747 2674 1818 apud
2704 1747 2896 1817 Deum,
2923 1760 2978 1806 et
3003 1763 3196 1809 caetera
3219 1755 3292 1811 de
3316 1756 3515 1815 Christi
3538 1759 3682 1816 divi-

2075 1837 2274 1904 nitate,
2305 1839 2450 1896 etde
2489 1843 2653 1897 totius
2686 1842 2982 1900 divinitatis
3013 1847 3247 1904 trinitate
3280 1859 3439 1921 atque
3468 1853 3681 1912 unitate

2075 1929 2354 1997 sublimia,
2387 1947 2505 2002 quae
2529 1934 2583 1988 in
2625 1934 2720 1989 illo
2747 1949 2912 2006 regno
2948 1936 3084 1993 facie
3109 1939 3175 1995 ad
3216 1941 3400 1998 faciem
3430 1955 3680 2000 contem-

2074 2019 2290 2088 planda,
2314 2037 2455 2078 nunc
2473 2033 2652 2081 autem
2674 2025 2847 2081 donec
2866 2028 3046 2084 veniat
3068 2029 3347 2098 Dominus,
3375 2035 3429 2089 in
3449 2037 3679 2106 Speculo

2077 2120 2233 2177 atque
2273 2113 2326 2168 in
2353 2115 2634 2186 aenigmate
2662 2119 2964 2174 contuenda
2991 2131 3116 2176 sunt
3141 2164 3156 2188 ,
3184 2139 3302 2193 quae
3328 2127 3678 2195 praedicando

2073 2212 2327 2269 ructaret,
2356 2205 2424 2261 de
2462 2206 2611 2263 fonte
2638 2208 2902 2265 Dominici
2937 2215 3170 2282 pectoris
3198 2216 3346 2272 solus
3373 2217 3536 2285 bibit;
3567 2220 3676 2278 sed

2074 2292 2188 2363 ipse
2218 2294 2476 2351 Dominus
2497 2298 2672 2369 ipsum
2696 2302 3038 2372 Evangelium
3062 2321 3158 2375 pro
3183 2323 3277 2362 sua
3297 2309 3550 2381 cujusque
3573 2328 3676 2368 ca-

2072 2386 2299 2455 pacitate
2337 2390 2584 2445 omnibus
2623 2393 2736 2448 suis
2765 2393 3052 2450 bibendum
3094 2405 3205 2453 toto
3232 2408 3493 2457 terrarum
3531 2404 3676 2461 orbe

2071 2475 2299 2532 diffundit.
2330 2478 2466 2534 Sunt
2488 2482 2576 2550 qui
2599 2485 2884 2550 senserint,
2911 2496 2963 2540 et
2985 2487 3036 2541 hi
3057 2489 3270 2559 quidem
3298 2507 3403 2547 non
3424 2502 3674 2550 contem-

2071 2567 2283 2636 ptibiles
2309 2571 2446 2636 sacri
2477 2571 2678 2642 eloquii
2715 2583 3033 2633 tractatores
3052 2620 3068 2644 ,
3101 2595 3128 2633 a
3167 2581 3380 2638 Christo
3403 2583 3670 2642 Joannem

2071 2661 2368 2728 apostolum
2401 2672 2683 2734 propterea
2711 2667 2830 2736 plus
2854 2680 3090 2727 amatum
3116 2715 3131 2740 ,
3164 2676 3304 2745 quod
3331 2693 3502 2749 neque
3527 2696 3673 2741 uxo-

2071 2766 2186 2805 rem
2209 2751 2419 2809 duxerit
2443 2797 2458 2821 ,
2489 2764 2544 2810 et
2569 2757 2637 2814 ab
2667 2758 2882 2816 ineunte
2912 2765 3134 2831 pueritia
3165 2770 3494 2826 castissimus
3514 2775 3671 2831 vixe-

2068 2842 2140 2920 rit
2168 2842 2407 2913 (Hieron.
2442 2845 2530 2902 lib.
2559 2850 2584 2904 1
2615 2862 2788 2906 contra
2811 2852 3182 2929 Jovinianum).
3215 2860 3330 2917 Hoc
3354 2864 3566 2934 quidem
3607 2868 3666 2924 ll

2067 2931 2353 3004 Scripturis
2382 2939 2652 2996 canonicis
2679 2957 2784 2997 non
2806 2945 3081 3002 evidenter
3105 2963 3324 3020 apparet
3351 2931 3666 3015 {verumta-

2068 3039 2192 3079 men
2218 3026 2271 3080 id
2299 3043 2509 3097 quoque
2534 3033 2756 3087 multum
2778 3035 2992 3104 adjuvat
3011 3045 3411 3111 congruentiam
3441 3047 3664 3120 hujusce

2067 3121 2352 3175 sententiae
2371 3164 2384 3187 ,
2417 3124 2561 3193 quod
2589 3126 2673 3179 illa
2701 3128 2934 3199 vita,.per.
2949 3145 3092 3193 eum
3109 3128 3399 3206 signiﬁcata
3425 3151 3541 3209 est,
3570 3143 3664 3200 ubi

2067 3225 2176 3266 non
2205 3223 2363 3267 erunt
2391 3216 2607 3284 nuptiae.
3069 3225 3074 3230 ’

2139 3302 2192 3358 8.
2241 3303 2340 3358 Hic
2361 3315 2431 3359 est
2458 3307 2736 3379 discipulus
2762 3311 2849 3366 ille
2871 3315 2958 3384 qui
2985 3317 3319 3374 testimonium
3352 3325 3576 3394 perhibet
3598 3328 3663 3384 de

2067 3394 2170 3462 Itis,
2212 3405 2257 3448 et
2282 3397 2483 3466 scripsit
2521 3400 2629 3453 haec
2650 3415 2672 3465 ,'
2696 3410 2745 3454 et
2771 3404 2958 3460 scimus
2989 3408 3108 3478 quia
3135 3426 3306 3466 verum
3330 3424 3404 3468 est
3431 3419 3661 3474 testimo-

2067 3487 2209 3539 nium
2237 3489 2369 3556 ejus.
2399 3487 2532 3542 Sunt
2566 3502 2755 3559 autem,
2789 3494 2989 3566 inquit,
3019 3508 3064 3552 et
3091 3501 3194 3554 alia
3217 3503 3380 3558 multa
3405 3523 3521 3575 qua:
3544 3513 3664 3580 fecit

2065 3578 2238 3644 Jesus,
2265 3596 2378 3650 qua:
2405 3583 2448 3635 si
2471 3583 2757 3638 scribantur
2779 3605 2868 3658 per
2890 3590 3111 3661 singula,
3137 3610 3226 3649 nec
3249 3596 3418 3667 ipsum
3443 3578 3664 3658 arbitror

2067 3673 2307 3725 mundum
2339 3689 2520 3744 capere
2547 3693 2631 3730 eos
2656 3679 2744 3748 qui
2769 3682 3020 3736 scribendi
3048 3696 3164 3740 sunt
3190 3689 3361 3745 libros.
3401 3692 3518 3749 Non
3547 3711 3665 3768 spa-

2067 3761 2142 3815 tio
2162 3762 2399 3817 locorum
2419 3766 2747 3822 credendum
2765 3780 2847 3826 est
2867 3774 3122 3830 mundum
3140 3793 3332 3850 capere
3351 3798 3458 3840 non
3476 3761 3660 3856 posse,

2065 3867 2183 3945 quae
2206 3854 2258 3910 in
2280 3870 2346 3910 eo
2369 3858 2530 3914 scribi
2560 3863 2828 3930 quomodo
2853 3879 3092 3936 possent,
3121 3873 3165 3926 si
3187 3875 3383 3945 scripta
3414 3854 3526 3934 non
3552 3854 3663 3936 fer;

2065 3943 2185 3998 ret?
2225 3946 2320 4002 sed
2359 3950 2652 4018 capacitate
2691 3954 2978 4024 legentium
3019 3943 3397 4032 comprehendi
3432 3968 3662 4031 fortasse

2065 4053 2172 4092 non
2201 4049 2420 4109 possent
2451 4060 2464 4097 :
2493 4048 2735 4114 quamvis
2763 4050 2909 4106 salva
2950 4067 3128 4108 rerum
3164 4055 3298 4122 ﬁde,
3340 4060 3659 4136 plerumque

2062 4131 2224 4185 verba
2245 4133 2504 4189 excedere
2531 4135 2810 4193 videantur
2835 4139 3010 4197 ﬁdem.
3041 4143 3192 4212 Quod
3221 4162 3326 4204 non
3353 4149 3411 4205 ﬁt
3436 4131 3655 4222 quando

2063 4220 2259 4290 aliquid
2303 4223 2444 4291 quod
2475 4235 2589 4280 erat
2609 4227 2895 4286 obscurum
2921 4233 3005 4286 vel
3033 4234 3274 4304 dubium,
3305 4220 3469 4297 causa
3489 4253 3545 4299 et
3569 4261 3658 4300 ra-

2065 4309 2212 4399 tione
2254 4313 2460 4405 reddita
2502 4317 2786 4386 exponitur
2817 4339 2831 4376 :
2857 4322 2952 4377 sed
2990 4327 3204 4395 quando
3235 4328 3285 4382 id
3323 4332 3464 4401 quod
3494 4349 3656 4405 aper-

2063 4391 2174 4457 tum
2207 4414 2290 4459 est
2333 4403 2418 4460 vel
2461 4418 2684 4479 augetur
2705 4451 2722 4477 ,
2771 4414 2850 4468 vel
2881 4391 3202 4474 extenuatur
3223 4462 3239 4487 ,
3287 4391 3386 4479 nec
3414 4391 3592 4484 tamen
3622 4446 3653 4484 a

2065 4495 2274 4549 tramite
2317 4495 2675 4566 signiﬁcanda:
2703 4504 2942 4561 veritatis
2985 4520 3230 4579 erratur;
3273 4517 3526 4584 quoniam
3574 4523 3654 4579 sic

2063 4584 2229 4640 verba
2259 4601 2373 4641 rem
2399 4603 2519 4657 qua:
2564 4591 2826 4649 indicatur
2851 4598 3145 4667 excedunt,
3190 4613 3271 4670 ιιι
3291 4608 3535 4666 voluntas
3566 4609 3652 4668 lo-

2061 4676 2272 4744 quentis
2314 4691 2414 4733 nec
2461 4677 2691 4737 fallentis
2737 4698 3009 4756 appareat,
3051 4692 3140 4761 qui
3186 4697 3336 4753 novit
3370 4715 3652 4773 quousque

2059 4767 2327 4832 credatur,
2357 4784 2385 4821 a
2413 4785 2519 4840 quo
2543 4773 2676 4829 ultra
2706 4792 2862 4846 quam
2893 4782 3216 4841 credendum
3236 4801 3318 4844 est
3338 4767 3420 4848 vel
3453 4767 3649 4852 minui-

2059 4863 2147 4911 tur
2167 4857 2434 4928 loquendo
2459 4864 2678 4934 aliquid,
2703 4870 2785 4924 vel
2812 4883 3055 4944 augetur.
3081 4877 3229 4935 llunc
3251 4882 3499 4953 loquendi
3524 4904 3651 4945 mo-

2057 4948 2184 5003 dum
2228 4967 2403 5021 grmco
2443 4958 2691 5024 nomine,
2740 4978 2843 5018 non
2885 4966 3056 5023 solum
3092 4948 3410 5044 graecarum,
3454 4995 3647 5039 verum

2059 5038 2221 5094 etiam
2264 5041 2548 5100 latinarum
2579 5048 2875 5108 litterarum
2913 5038 3150 5128 magistri
3186 5038 3518 5135 hyperbolen
3548 5038 3650 5128 vo;

2055 5140 2198 5185 cant.
2232 5131 2333 5201 Qui
2356 5137 2566 5203 modus,
2593 5139 2731 5196 sicut
2761 5143 2861 5200 hoc
2885 5146 3022 5217 loco,
3054 5151 3124 5205 ita
3145 5153 3196 5208 in
3226 5131 3496 5216 nonnullis
3522 5165 3649 5222 aliis

2053 5223 2248 5280 divinis
2275 5227 2488 5285 Litteris
2510 5233 2775 5292 invenitur
2808 5257 2821 5294 :
2855 5249 2912 5295 ut
2937 5253 3040 5309 est,
3071 5244 3354 5305 Posuerunt
3381 5255 3436 5307 in
3460 5258 3646 5314 colum

2050 5329 2108 5369 os
2128 5333 2281 5415 suum
2306 5317 2474 5389 (Psal.
2509 5340 2672 5392 Lxxu,
2705 5327 2796 5398 9);
2829 5341 2914 5395 et,
2963 5331 3206 5393 Verticens
3229 5343 3408 5412 capilli
3432 5362 3646 5415 padus-

2054 5406 2332 5461 bulantium
2362 5410 2413 5463 in
2442 5412 2636 5470 delictis
2670 5420 2775 5472 suis
2805 5419 2974 5490 (Psal.
3007 5441 3148 5483 vau
3169 5470 3184 5494 ,
3330 5449 3346 5498 ;
3389 5406 3445 5490 el
3472 5439 3642 5495 multa

2055 5497 2376 5569 hujusmodi,
2405 5518 2526 5573 quae
2562 5504 2851 5580 Scripturis
2873 5519 3070 5572 sanctis
3099 5536 3202 5576 non
3232 5497 3456 5593 desunt,
3499 5530 3644 5589 sicut

2052 5587 2138 5640 alii
2167 5590 2337 5658 tropi,
2368 5592 2468 5649 hoc
2498 5607 2579 5652 est
2619 5599 2945 5660 locutionum
2991 5611 3152 5666 modi.
3186 5613 3267 5670 De
3291 5587 3481 5686 quibus

2051 5681 2224 5735 rosius
2250 5683 2596 5756 disputarem,
2627 5694 2726 5750 nisi
2756 5697 3088 5770 Evangelista
3120 5681 3440 5767 terminauit:

2049 5771 2240 5839 gelium
2271 5788 2464 5841 suum,
2508 5781 2666 5838 etiam
2711 5785 2826 5856 ipse
2867 5794 3216 5862 compellerer
3240 5814 3417 5857 meum
3445 5808 3620 5864 tormi-

2050 5867 2181 5917 uard
2208 5868 2528 5924 semitian
