4076 6468
1252 804 2016 877 HIPPONENSIS
2071 807 2573 881 EPISCOPI

1023 981 1268 1139 ΙΝ
1412 976 2768 1141 EPISTOLAM

957 1251 1619 1386 JOANNIS
1795 1277 1984 1379 Al)
2131 1276 2850 1385 PARTHOS

775 1529 2053 1654 TRAGTATUS
2146 1524 3028 1652 DECEM‘“’.

1624 1721 2181 1800 Mm

1551 1901 2253 2079 ἣβτοιοςςιιξ.

326 2157 570 2215 Meminit
613 2153 876 2210 Sanctitas
920 2155 1098 2204 vestra
1149 2142 1494 2214 Evangelium
1548 2137 1836 2194 secundum

259 2251 518 2306 Joannem
558 2262 625 2303 ex
660 2244 847 2300 ordine
891 2240 1176 2296 lectionum
1225 2249 1323 2290 nos
1358 2234 1530 2288 solere
1566 2239 1834 2286 tractare:

260 2344 351 2398 sed
393 2341 515 2412 quia
558 2353 698 2393 nunc
736 2333 1044 2403 interposita
1077 2338 1158 2386 est
1195 2327 1502 2383 solemnitas
1534 2333 1836 2378 sanctorum

262 2433 488 2496 dierum,
515 2430 706 2499 quibus
734 2435 907 2482 certas
929 2440 996 2479 ex
1015 2420 1309 2490 .Evangelio
1338 2417 1595 2472 lectiones
1632 2420 1840 2482 oportet

264 2525 313 2578 in
339 2522 574 2578 Ecclesia
598 2519 828 2584 recitari,
865 2531 982 2585 quae
1012 2515 1081 2568 ita
1119 2520 1245 2566 sunt
1265 2523 1472 2570 annuae,
1497 2515 1556 2561 ut
1581 2505 1699 2559 aliae
1719 2517 1842 2560 esse

264 2631 364 2668 non
393 2613 594 2683 possint
621 2611 691 2684 (b)
717 2627 732 2675 ;
760 2608 891 2664 ordo
916 2607 1004 2661 ille
1025 2619 1182 2676 quem
1203 2614 1624 2670 susceperamus,
1649 2611 1838 2653 neces-

261 2707 416 2760 sitate
461 2703 728 2774 paululum
759 2699 1091 2755 intermissus
1127 2703 1246 2760 est,
1290 2709 1394 2748 non
1420 2691 1665 2746 amissus.
1707 2689 1836 2744 Cum

262 2807 436 2852 autem
461 2796 747 2866 cogitarem
773 2792 898 2863 quid
933 2788 1222 2846 secundum
1262 2785 1580 2841 hilaritatem
1606 2797 1838 2853 priesen-

264 2889 391 2941 tium
443 2886 649 2941 dierum
697 2898 790 2953 per
831 2883 967 2936 hanc
1024 2876 1409 2933 hebdomadam
1447 2875 1719 2928 vobiscum
1771 2871 1839 2927 de

229 2984 236 2990 “
265 2977 553 3046 Scriptnris
573 2989 806 3045 agerem,
834 2979 1088 3043 quantum
1129 2968 1388 3023 Dominus
1419 2966 1618 3021 donare
1653 2964 1838 3034 digna-
1858 2974 1874 2992 ο·

265 3081 374 3136 tur,
415 3069 556 3140 quod
603 3076 782 3137 posset
833 3066 886 3119 in
945 3064 1058 3118 istis
1103 3068 1306 3131 septem
1348 3060 1433 3115 vel
1479 3067 1600 3114 octo
1647 3057 1835 3112 diebus

264 3163 427 3225 ﬁniri,
469 3161 700 3215 occurrit
736 3157 861 3211 mihi
901 3154 1134 3225 Epistola
1163 3152 1300 3207 beati
1327 3151 1544 3206 Joannis
1569 3167 1581 3200 :
1608 3157 1664 3202 ut
1687 3147 1838 3216 cujus

264 3252 601 3321 Evangelinm
631 3248 900 3320 paululum
939 3244 1351 3308 intermisimus,
1393 3242 1508 3312 ejus
1546 3240 1834 3310 Epistulam

261 3343 537 3399 tractando
563 3342 629 3396 ab
653 3356 719 3396 eo
757 3355 861 3394 non
901 3337 1246 3400 recedamus;
1290 3335 1582 3404 praesertim
1618 3333 1738 3402 quia
1784 3335 1835 3386 in

260 3439 372 3507 ipsa
416 3435 652 3506 Epistola
681 3433 809 3488 satis
851 3431 992 3486 dulci
1022 3428 1268 3483 omnibus
1313 3427 1504 3496 quibus
1531 3441 1716 3480 sanum
1755 3433 1840 3479 est

258 3530 488 3600 palatum
527 3525 736 3590 cordis,
779 3523 872 3577 ubi
910 3522 1076 3590 sapiat
1112 3519 1265 3590 panis
1315 3518 1406 3572 Dci
1428 3557 1444 3583 ,
1475 3526 1528 3571 et
1561 3517 1690 3571 satis
1720 3531 1835 3570 me-

257 3618 499 3674 morabili
543 3617 592 3670 in
643 3622 822 3668 sancta
870 3611 1105 3666 Ecclesia
1153 3609 1282 3673 Dei,
1329 3607 1557 3661 maxime
1591 3605 1836 3660 Charitas

257 3709 675 3765 commendatur.
721 3707 950 3760 Locutus
979 3712 1060 3756 est
1085 3702 1268 3766 multa,
1295 3709 1348 3753 et
1378 3714 1541 3768 prope
1567 3697 1742 3751 omnia
1768 3696 1835 3751 de

257 3802 547 3857 Charitate.
595 3797 695 3866 Qui
745 3795 902 3850 habet
931 3797 982 3847 in
1013 3807 1070 3848 se
1101 3790 1242 3846 unde
1265 3789 1478 3855 audiat,
1508 3801 1729 3844 necesse
1751 3795 1835 3842 est

257 3894 484 3964 gaudeat
516 3890 582 3944 ad
613 3888 754 3959 quod
784 3886 948 3940 audit.
982 3884 1071 3940 Sic
1093 3883 1234 3937 enim
1265 3882 1337 3936 illi
1362 3881 1464 3935 erit
1507 3880 1662 3934 lectio
1689 3879 1790 3934 ista
1812 3919 1830 3945 ,

261 3995 506 4053 tanquam
534 3981 707 4035 oleum
739 3979 789 4031 in
821 3976 1064 4038 ﬂamma;
1097 3973 1140 4026 si
1170 3979 1252 4025 est
1282 3971 1352 4025 ibi
1381 3968 1519 4039 quod
1549 3969 1829 4033 nutriatur,

261 4075 509 4135 nutritur,
538 4081 592 4126 et
611 4070 820 4132 crescit,
851 4075 905 4122 et
934 4070 1226 4136 permanet.
1258 4061 1385 4116 item
1415 4059 1726 4129 quibusdam
1756 4059 1835 4114 sic

261 4182 375 4221 esse
405 4165 600 4228 debet,
637 4171 880 4230 tanquam
909 4157 1116 4211 ﬂamma
1148 4153 1211 4208 ad
1243 4153 1514 4215 fomitem;
1561 4161 1617 4205 ut
1655 4151 1697 4205 si
1725 4167 1830 4206 non

262 4257 513 4321 ardebat,
562 4251 846 4308 accedente
916 4262 1164 4303 sermone
1214 4243 1550 4299 accendatur.
1605 4243 1660 4296 in
1714 4243 1834 4312 qui-

261 4349 478 4402 busdam
509 4347 650 4401 enim
676 4344 904 4398 nutritur
923 4340 1062 4412 quod
1087 4348 1188 4405 cst,
1221 4339 1273 4392 in
1298 4337 1609 4408 quibusdam
1637 4352 1830 4392 accen-

262 4443 398 4495 ditur
444 4441 488 4494 si
527 4438 709 4503 deest;
752 4445 808 4490 ut
845 4448 1032 4489 omnes
1080 4435 1132 4486 in
1173 4446 1276 4486 una
1315 4431 1572 4485 charitate
1596 4429 1829 4499 gaudea-

263 4549 390 4588 mus.
421 4531 526 4588 Ubi
553 4539 727 4586 autem
757 4529 984 4585 charitas
1005 4569 1022 4595 ,
1063 4526 1134 4582 ibi
1163 4539 1293 4595 pax;
1325 4532 1379 4580 et
1403 4525 1490 4580 ubi
1522 4523 1789 4578 humilitas
1811 4565 1826 4590 ,

1944 2135 2019 2190 ibi
2047 2136 2293 2192 charitas.
2325 2137 2439 2193 Jam
2472 2140 2641 2210 ipsum
2673 2143 2984 2212 audiamus;
3011 2156 3064 2202 et
3087 2148 3154 2203 ad
3185 2149 3302 2220 ejus
3338 2153 3518 2218 verba,

1942 2243 2060 2296 quae
2104 2227 2358 2283 Dominus
2395 2233 2657 2302 suggerit,
2688 2234 2846 2289 etiam
2891 2236 3039 2292 vobis
3066 2249 3122 2292 ut
3149 2239 3285 2296 bene
3309 2241 3509 2298 intelli-

1939 2320 2095 2390 gatis,
2125 2321 2420 2393 loquamur.

2488 2455 2890 2517 TRACTATUS
2927 2462 2968 2516 Ι.

1944 2565 2018 2620 De
2065 2584 2121 2622 eo
2155 2568 2288 2636 quod
2313 2567 2540 2624 Joannes
2565 2571 2749 2636 scribit,
2780 2573 2928 2641 Quod
2953 2584 3067 2630 erat
3090 2577 3156 2631 ab
3180 2578 3348 2643 initio,
3375 2581 3516 2651 quod

2010 2659 2325 2726 audivimus,
2355 2669 2407 2715 et
2434 2662 2572 2732 quod
2598 2663 2841 2727 vidimus,
2865 2676 2979 2729 elc.,
2999 2685 3153 2738 usque
3176 2670 3244 2722 ad
3270 2671 3344 2736 id,
3371 2672 3516 2742 Quo-

2013 2749 2152 2804 niam
2185 2752 2414 2806 tenebrre
2443 2766 2837 2810 excrccaverunt
2863 2757 3044 2812 oculos
3069 2760 3201 2827 ejus.
3233 2759 3360 2832 Cap.
3402 2779 3440 2827 ι,
3470 2773 3517 2820 et

2011 2858 2123 2912 cap.
2149 2857 2205 2908 ii,
2251 2843 2285 2912 ᾗ
2310 2880 2323 2894 .
2353 2845 2496 2898 ι-Η.
3109 2868 3111 2871 ·

2012 2975 2063 3028 1.
2108 2974 2256 3040 Quod
2269 2984 2376 3029 erat
2404 2975 2465 3028 ab
2492 2976 2654 3043 initio,
2686 2979 2820 3048 quod
2847 2980 3160 3047 audivimus,
3195 2992 3242 3038 et
3277 2987 3411 3056 quod
3437 2989 3513 3041 vi-

1941 3064 2105 3118 dimus
2148 3067 2306 3120 oculis
2357 3071 2567 3134 nostris,
2609 3079 2652 3122 et
2680 3085 2857 3124 manus
2886 3082 3068 3126 nostra:
3093 3083 3425 3131 tractaverunt
3448 3078 3512 3134 de

1951 3155 2108 3211 Verbo
2133 3158 2260 3211 vitae.
2290 3157 2417 3225 Quis
2441 3169 2518 3212 est
2543 3159 2632 3229 qui
2659 3161 2898 3216 manibus
2926 3172 3115 3218 tractat
3131 3165 3383 3233 Verbum,
3407 3170 3510 3225 nisi

1941 3249 2062 3316 quia
2099 3247 2310 3302 Verbum
2337 3267 2453 3303 caro
2483 3251 2672 3320 factum
2707 3263 2778 3307 est
2805 3294 2819 3316 ,
2871 3264 2915 3307 et
2961 3255 3200 3312 habitavit
3237 3259 3290 3312 in
3333 3261 3515 3316 nobis!

1943 3341 2053 3397 lloc
2073 3351 2247 3396 autem
2266 3341 2494 3396 Verbum
2517 3344 2656 3413 quod
2682 3360 2806 3401 caro
2833 3346 3024 3402 factum
3055 3359 3156 3414 est,
3190 3360 3246 3405 ut
3272 3353 3514 3409 manibus

1940 3439 2254 3486 tractaretur
2275 3473 2290 3496 ,
2321 3435 2485 3504 cmpit
2530 3449 2649 3490 esse
2690 3450 2818 3490 caro
2844 3453 2909 3492 ex
2941 3438 3147 3510 virgine
3183 3439 3342 3496 Maria
3373 3459 3385 3495 :
3421 3443 3515 3499 sed

1939 3539 2043 3577 non
2088 3531 2215 3579 tunc
2258 3526 2418 3593 cmpit
2472 3525 2736 3590 Verbum,
2785 3528 2904 3597 quia
2948 3531 3083 3598 quod
3121 3541 3228 3585 erat
3269 3533 3330 3586 ab
3369 3535 3513 3589 initio

1937 3615 2089 3669 dixit.
2122 3616 2310 3670 Videte
2337 3617 2380 3669 si
2407 3631 2513 3670 non
2541 3624 2820 3672 attestatur
2846 3620 3076 3689 Epistola
3104 3637 3194 3675 sua
3227 3623 3514 3694 Evangelia

1936 3718 2055 3768 suo,
2087 3705 2173 3758 ubi
2206 3705 2361 3759 modo
2387 3707 2627 3773 audistis,
2659 3705 2726 3761 In
2759 3709 3006 3779 principio
3044 3721 3148 3766 erat
3181 3712 3397 3768 Verbum
3421 3757 3437 3782 ,
3467 3723 3515 3771 et

1947 3791 2160 3847 Verbum
2186 3803 2292 3847 erat
2321 3795 2457 3864 apud
2490 3794 2648 3848 Deum
2681 3796 2856 3868 (Joan.
2897 3814 2936 3864 ι,
2988 3801 3075 3866 14,
3126 3799 3201 3872 Ι).
3246 3801 3408 3858 Forte
3444 3803 3513 3859 de

1937 3883 2114 3939 Verbo
2159 3886 2280 3938 vitae
2327 3886 2404 3939 sic
2447 3887 2672 3956 quisque
2729 3889 2950 3958 accipiat
2993 3892 3142 3958 quasi
3190 3891 3510 3948 locutionem

1935 3976 2216 4047 quamdam
2242 3977 2308 4033 de
2331 3977 2560 4042 Christo,
2594 3994 2699 4032 non
2726 3980 2895 4050 ipsum
2921 3996 3113 4050 corpus
3139 3982 3336 4038 Christi
3368 3985 3510 4054 quod

1936 4067 2179 4122 manibus
2205 4077 2482 4122 tractatum
2509 4078 2610 4124 est.
2637 4069 2824 4126 Videte
2847 4071 2972 4141 quid
2998 4082 3282 4143 sequatur:
3305 4073 3373 4129 Et
3397 4077 3512 4146 ipsa

1934 4159 2036 4212 vita
2061 4161 2380 4230 manifestata
2425 4169 2514 4212 est.
2558 4158 2799 4214 Christus
2847 4176 2973 4230 ergo
3012 4162 3241 4218 Verbum
3270 4165 3409 4221 vitae.
3443 4166 3513 4223 Et

1937 4250 2074 4305 unde
2117 4249 2447 4305 manifestata
2489 4251 2605 4306 est?
2636 4251 2763 4306 Erat
2787 4253 2928 4306 enim
2967 4253 3035 4308 ab
3064 4254 3248 4322 initio;
3277 4255 3371 4311 sed
3400 4273 3505 4314 non

1933 4344 2398 4398 eratmanilestala
2428 4344 2728 4400 hominibus
2762 4363 2775 4399 :
2809 4345 3142 4403 manifestata
3181 4358 3356 4405 autem
3398 4361 3514 4408 erat

1937 4433 2149 4502 Angelis
2177 4434 2471 4489 videntibus
2489 4477 2505 4503 ,
2545 4446 2599 4491 et
2625 4445 2871 4507 tanquam
2904 4454 3039 4508 pane
3067 4454 3164 4506 suo
3189 4441 3509 4500 cibantibus.

1934 4522 2037 4578 Sed
2069 4524 2193 4592 quid
2218 4525 2292 4578 ait
2319 4525 2626 4595 Scriptura?
2651 4526 2846 4583 Panem
2867 4529 3172 4601 Angelorum
3193 4533 3512 4590 manducavit

1465 4632 1722 4671 ADIONI'I‘IO
1753 4636 1824 4671 PP.
1857 4633 2274 4670 ΠΠΕὩΙΩΤΙΝΟΙΙΠΙ.

317 4712 395 4775 itis
414 4705 1020 4775 1ractatibuscastigandis
1052 4703 1264 4754 subsidio
1280 4701 1512 4775 inerunt.
1535 4702 1726 4774 codices
1751 4710 1889 4775 _1iiss_.,
1915 4717 1960 4775 .e
1984 4705 2246 4775 Βὶεομὶτιιιεῃ⁸
2262 4705 2564 4775 bibliotheca
2585 4707 2698 4770 duo,
2727 4722 2791 4759 ex
2815 4711 3093 4763 Michaelina
3127 4721 3178 4764 et
3198 4715 3511 4764 Germanensi

259 4773 478 4837 totidem,
500 4784 564 4837 ex
599 4764 879 4837 Rcmigiana'
892 4774 1010 4837 tres,
1037 4779 1164 4814 unus
1195 4779 1257 4813 ex
1275 4764 1656 4837 IheOdericensi
1682 4764 2129 4837 vetustissimus'e_t_
2149 4767 2342 4837 Optimae
2363 4775 2526 4837 notae,
2545 4764 2818 4837 _item__'unus
2856 4786 2916 4822 ex
2961 4775 3268 4837 Benigniana,
3297 4775 3512 4824 \‘indoci-

258 4811 410 4891 [ιεηεί
435 4811 1100 4891 ιιθιονίεοθηδίῗνὶῑιεθηῑὶἆῐιθ,
1119 4839 1246 4891 unus
1275 4811 2034 4891 Ecclesia},:laudunensisruiiiis
2052 4811 2948 4891 nimiis?oiliiiiiiii"iiéiiB§§Eeiisis

258 4873 496 4960 Εᾷἷέέῇίε,
520 4897 602 4954 qui
626 4893 683 4941 ad
703 4873 884 4940 calcem
905 4873 1100 4960 notatur
1118 4873 1327 4960 scriptus
1341 4873 1465 4960 anno
1481 4873 2174 4960 CloLliariibegisdiiodccimo
2188 4873 3509 4960 ’:'iuni@ﬁiiifi’ariéﬁiés'iJéiibifeEQ'iiiaE

258 4957 456 5019 Belgicis
479 4947 585 5002 Mss.
613 4960 969 5014 excerpserunt
999 4947 1321 4999 Lovanieuses
1340 4955 1582 4998 Doctores.
1604 4947 1836 4998 Perlectée
1852 4951 2047 4998 demum
2069 4949 2265 4999 fuerunt
2281 4951 2520 5001 alitiones
2537 4962 2635 5004 Am.
2661 4956 2770 5004 Bad.
2795 4963 2868 5005 Er.
2897 4965 2949 5008 et
2964 4947 3076 5007 Lov.

329 5037 836 5118 Comparauimus
852 5043 1154 5113 prceterea
1181 5052 1277 5092 eas
1313 5051 1515 5092 omnes
1540 5031 1839 5093 editiones
1874 5034 2059 5095 initio
2102 5035 2276 5095 Retr.
2297 5040 2360 5096 et
2376 5035 2661 5098 Coniess.
2702 5048 2745 5099 t.
2785 5041 2843 5112 1,
2874 5049 3254 5104 memoratas.
3337 5043 3424 5105 M.

334 5141 385 5199 α)
417 5138 590 5199 Scripti
610 5138 800 5186 circiter
821 5136 988 5199 Christi
1012 5148 1186 5184 annum
1209 5134 1264 5199 f1
1270 5133 1317 5199 β.

336 5192 386 5260 b3
422 5201 470 5249 Id
492 5192 671 5260 n'empe
697 5200 840 5248 etiam
864 5198 911 5245 in
933 5205 1161 5246 sermone
1206 5195 1315 5260 252,
1334 5207 1382 5241 n.
1413 5195 1458 5254 l,
1484 5201 1536 5243 et
1566 5192 1675 5260 259,
1700 5208 1750 5260 ii.
1776 5196 1831 5256 1,

252 5253 836 5323 de‘T'emporeftestatur
857 5271 948 5323 usu
979 5264 1230 5323 receptum
1245 5257 1422 5323 fuisse,
1446 5261 1500 5305 ut
1531 5253 1736 5323 Paschali
1759 5253 1834 5307 so-

253 5317 503 5394 lemnitate
524 5317 616 5394 per
637 5327 828 5394 septem
860 5320 936 5369 vel
967 5328 1075 5394 octo
1097 5317 1204 5368 dies
1245 5317 1438 5394 historia
1480 5317 1732 5394 Dominicze
1753 5331 1834 5368 re-

251 5377 564 5434 meetionis
582 5377 870 5432 recitaretur
891 5381 1156 5431 secundum
1172 5391 1342 5428 omnes
1362 5377 1687 5441 Evangelistas
1709 5392 1721 5426 ε
1740 5392 1834 5430 nec

254 5447 430 5496 eodem
461 5457 659 5507 semper
696 5445 894 5502 ordine,
926 5442 1016 5492 sed
1048 5442 1113 5490 ita
1135 5447 1190 5490 ut
1225 5447 1359 5507 Lucae
1397 5447 1586 5507 Marcus
1613 5452 1833 5489 nonnun-

251 5521 395 5571 quam
373 5502 804 5618 mpost‘po'ueretur.
831 5512 881 5554 Et
898 5517 1018 5577 vero
1046 5509 1292 5572 'Iractatus
1311 5502 1386 5574 hic
1408 5502 1664 5559 secundus,
1685 5515 1832 5562 quem

252 5581 369 5618 secu
439 5582 482 5618 in
531 5580 646 5618 erue
669 5567 855 5616 Paschae
879 5571 1088 5618 assumat
1118 5571 1470 5613 vetustissmius
1501 5563 1654 5612 codex
1681 5563 1832 5612 'rheo-

252 5563 482 5618 secunda:
512 5563 646 5618 feria
669 5567 855 5616 Paschm
879 5564 1470 5627 assignatjetustissinius
1501 5563 1834 5627 codexg'rheo-

252 5630 631 5696 dericensis,_9x
666 5629 815 5696 ipsius
834 5623 1276 5696 initiojntelligitur
1311 5625 1586 5696 liabitusdea
1624 5623 1705 5696 di_e_
1738 5638 1832 5696 qua

253 5698 399 5740 Lucas
434 5691 498 5740 de
529 5686 613 5739 illa
652 5686 841 5739 duobus
874 5687 1117 5751 discipulis
1144 5686 1365 5751 immitius
1404 5686 1631 5751 euntibus
1653 5686 1830 5751 Christi

252 5754 553 5815 apparitione
577 5753 733 5815 lectus
752 5751 924 5815 fuerat.
951 5745 1124 5799 Pascha
1161 5757 1322 5815 autem
1345 5747 1438 5815 in?
1462 5745 1630 5808 Aprilis
1650 5747 1830 5798 incide-

252 5810 335 5864 b'a't
345 5827 475 5863 anno
496 5812 582 5864 illo
599 5813 709 5872 416,
727 5813 805 5864 cui
820 5825 914 5861 non
930 5820 1124 5861 temere
1139 5811 1380 5860 adscribas
1392 5810 1537 5872 hosce
1548 5816 1788 5858 mctatus
1813 5823 1825 5858 :

251 5877 438 5939 quippe
458 5887 586 5939 quos
603 5870 761 5938 coepta
778 5875 876 5937 jam
896 5881 1010 5930 ante
1030 5873 1082 5923 in
1103 5872 1294 5923 Joannis
1312 5870 1621 5935 Evangelium
1641 5877 1830 5924 Tractus

1937 5135 2092 5210 tione,
2107 5133 2394 5210 eademque.
2421 5136 2664 5210 paulisper
2698 5141 2995 5210 intermissa,
3032 5144 3360 5210 pronuntiatus
3393 5157 3422 5194 a
3454 5159 3510 5197 se

1935 5195 2050 5269 dicit
2071 5195 2361 5257 augustiniis
2381 5195 2433 5247 iii
2454 5195 2669 5269 Proldgo.
2704 5209 2770 5251 De
2803 5202 2878 5269 bis
2899 5195 3046 5252 nul'la'
3062 5206 3244 5269 mentio
3265 5206 3315 5269 iii
3354 5195 3512 5269 {tetra-

1937 5262 2193 5332 ctatiouugl
2215 5271 2384 5320 Opere,
2403 5262 2736 5332 quohiniirum
2759 5263 2888 5332 solos
2906 5277 2966 5312 ex
2988 5265 3230 5332 Opusculis
3245 5268 3347 5332 suis
3361 5264 3513 5318 libros

1936 5320 2198 5389 recensuit,
2221 5320 2434 5389 sperans
2453 5320 2578 5389 aliud
2601 5337 2628 5370 a
2649 5337 2706 5389 se
2725 5323 2965 5389 edendum
2988 5320 3109 5388 opus
3133 5327 3180 5374 in
3205 5328 3436 5389 Epistolas
3460 5338 3511 5380 et

1935 5386 2181 5454 "lractatus
2190 5380 2494 5454 populares,
2509 5385 2578 5454 ut_i
2603 5385 2660 5432 ad
2683 5380 3078 5454 Quodvultdeui'n,
3093 5380 3251 5454 Epist:
3264 5388 3372 5454 224,
3397 5392 3512 5440 scri-

1935 5440 2022 5512 bit.
2046 5447 2102 5512 at
2122 5441 2170 5512 ip
2190 5440 2384 5512 lfosSid'ii
2403 5440 2629 5512 lndiculo,
2645 5440 2746 5508 cap.
2773 5445 2822 5503 9,
2847 5440 3077 5512 notantur
3092 5440 3168 5498 his
3186 5440 3376 5501 verbis}
3407 5471 3429 5496 «ι
3443 5459 3512 5502 De

1944 5501 2180 5575 ngistola
2204 5505 2396 5575 Joannis
2417 5505 2474 5553 ad
2511 5501 2716 5575 Parthos
2735 5501 2991 5575 sermones
3011 5509 3248 5575 decem.»
3281 5527 3328 5560 .n
3353 5501 3508 5562 omni;

1934 5563 2028 5638 bus
2058 5566 2474 5638 'uss._.tribuuntur
2496 5568 2779 5638 Augustino;
2913 5569 2962 5638 in
3002 5574 3302 5638 paucioribus
3323 5581 3512 5638 tracta-

1935 5631 2031 5684 tus,
2055 5625 2543 5698 inualiissermoncs,
2565 5625 2647 5698 aut
2681 5625 2893 5679 Homiliaz
2914 5625 3257 5698 inscribuntur,
3281 5636 3440 5698 addito
3462 5637 3512 5691 in

1935 5686 2178 5761 nonnullis
2206 5688 2364 5761 titulo,
2402 5695 2468 5761 De
2493 5690 2766 5761 Cbaritate.‘
2791 5698 2840 5761 In
2871 5699 2978 5742 Mss.
3017 5693 3233 5761 denique
3244 5686 3263 5761 ί
3286 5686 3512 5761 Prologus

1933 5760 2045 5860 pnars
2067 5759 2145 5798 est
2161 5751 2300 5822 primi
2323 5757 2580 5822 'lractatus.
2605 5765 2712 5827 nec.
2727 5754 2788 5802 ab
2808 5754 2910 5826 ipso
2933 5763 3045 5806 nota
3065 5751 3165 5806 ulla
3187 5757 3267 5809 vel
3289 5751 3512 5820 titulirut

2005 5816 2217 5860 Excusm.
2234 5819 2606 5860 interpositione
2624 5814 2931 5860 disiungitur.

2005 5813 2217 5873 Excusis,
2234 5813 2606 5875 interpositione
2624 5813 2931 5878 disiungitur.
