4028 6484
518 365 657 429 1979

518 488 667 541 homo
696 482 868 555 (Ρωι.
908 499 1104 550 Lxxvn,
1137 483 1253 555 25).
1295 483 1434 553 Ergo
1474 479 1808 537 manifestata
1853 487 1936 533 est
1977 490 2092 548 Ipsa

517 577 624 633 vita
654 577 707 632 in
744 590 940 643 carne;
969 576 1091 646 quia
1116 575 1175 629 in
1204 573 1631 635 maniiestatione
1672 574 1844 645 polita
1880 578 1994 651 est,
2037 578 2095 624 ut

516 685 607 726 res
633 684 752 738 qua:
778 669 893 724 solo
919 668 1091 735 corde
1103 668 1272 724 videri
1292 670 1496 738 potest,
1525 656 1800 723 videretur
1818 672 1876 721 et
1902 662 2091 730 oculis,

517 771 576 817 ut
601 760 762 817 corda
788 767 1020 815 sanaret.
1048 760 1173 815 Solo
1200 760 1343 815 enim
1387 759 1549 817 corde
1578 759 1783 815 videtur
1816 757 2045 825 Verbum
2075 771 2088 808 :

517 867 641 907 caro
666 862 841 909 autem
873 860 927 907 et
951 852 1116 906 oculis
1144 851 1505 921 corporalibus
1535 851 1759 906 videtur.
1802 849 1930 903 Erat
1954 847 2094 902 unde

515 942 816 998 videremus
861 956 1097 1009 carnem,
1152 941 1246 997 sed
1288 958 1402 996 non
1453 949 1566 997 erat
1618 940 1758 994 unde
1793 938 2094 995 videremus

518 1034 752 1090 Verbum
799 1051 813 1086 :
866 1033 1062 1089 factum
1109 1043 1192 1090 est
1239 1032 1467 1088 Verbum
1514 1048 1661 1097 caro,
1711 1044 1870 1101 quam
1908 1024 2095 1087 videre

517 1139 833 1196 possemus,
874 1133 932 1181 ut
975 1133 1252 1181 sanaretur
1288 1128 1344 1179 in
1382 1123 1538 1181 nobis
1578 1123 1717 1180 unde
1754 1123 1982 1179 Verbum
2016 1124 2095 1177 γί-

514 1218 782 1272 deremus.
1016 1210 1017 1213 “

585 1308 641 1364 2.
666 1307 735 1362 Et
760 1308 997 1376 vidimus,
1026 1317 1072 1363 et
1097 1317 1455 1364 testessumls.
1483 1307 1643 1363 Ferte
1671 1302 1836 1379 ειιὶᾳυῖ
1868 1306 2091 1362 iratruln

512 1404 795 1470 nesciunt,
824 1404 912 1473 qui
940 1418 1111 1474 graece
1140 1419 1245 1458 non
1272 1412 1487 1469 mrunt,
1510 1404 1633 1474 quid
1658 1405 1765 1459 sint
1793 1413 1939 1459 testes
1959 1418 2095 1474 grte-

512 1509 574 1549 ce
602 1513 615 1548 :
643 1504 697 1550 et
724 1496 971 1550 usitatum
1001 1510 1196 1561 nomen
1232 1505 1316 1551 est
1352 1496 1598 1559 omnibus
1632 1503 1694 1550 et
1740 1495 2091 1569 reiigiosumt

511 1602 644 1656 quos
664 1588 807 1657 enim
836 1599 999 1643 testes
1022 1589 1189 1645 iatine
1208 1586 1454 1653 dicimus,
1474 1602 1645 1659 graece
1664 1598 1929 1661 martyres
1948 1597 2089 1643 sunt.

512 1678 641 1748 Quis
669 1690 844 1736 autem
873 1697 979 1736 non
1006 1681 1206 1736 audivit
1232 1692 1526 1753 martyres,
1573 1691 1663 1736 aut
1696 1682 1748 1736 in
1777 1682 1926 1752 cujus
1953 1681 2096 1737 chri-

511 1770 667 1824 stiani
706 1786 800 1826 ore
840 1787 946 1827 non
984 1772 1222 1843 quotidie
1266 1772 1467 1829 habitat
1518 1788 1714 1828 nomen
1756 1774 2092 1855 martyrum?

510 1863 685 1933 Atque
713 1864 913 1918 utinam
942 1865 1020 1920 sic
1056 1864 1260 1921 habitet
1298 1875 1352 1920 et
1401 1866 1456 1918 in
1502 1865 1682 1931 corde,
1728 1873 1785 1919 ut
1819 1865 2093 1933 passiones

511 1963 804 2025 martyrum
855 1955 1164 2026 imitemur,
1215 1973 1320 2011 non
1374 1971 1467 2011 eos
1518 1956 1751 2011 calcibus
1800 1969 2092 2026 persequa-

508 2058 648 2097 mur.
705 2043 845 2115 Ergo
898 2045 1001 2102 hoc
1044 2046 1213 2113 dixit,
1269 2045 1528 2112 Vidimus,
1566 2057 1613 2101 et
1670 2057 1815 2101 testes
1869 2064 2044 2100 sumus
2072 2063 2093 2101 :

511 2131 786 2201 Vidimus,
821 2143 880 2191 et
904 2145 1168 2208 martyres
1195 2150 1398 2191 sumus.
1431 2128 1815 2191 Testimonium
1840 2137 1982 2191 enim
2011 2137 2094 2191 di-

507 2224 681 2280 cendo
716 2241 783 2281 ex
825 2241 894 2281 eo
930 2227 1073 2296 quod
1104 2228 1366 2293 viderunt,
1396 2236 1453 2282 et
1476 2229 1841 2283 testimonium
1865 2226 2092 2283 dicendo
2126 2254 2155 2271 ις

508 2331 575 2371 ex
605 2332 673 2373 eo
699 2319 838 2387 quod
869 2321 1150 2376 audierunt
1173 2322 1241 2375 ab
1268 2321 1349 2377 his
1373 2322 1459 2391 qui
1481 2322 1746 2389 viderunt,
1767 2334 1887 2377 cum
1910 2322 2093 2394 displi-

508 2415 656 2461 ceret
692 2408 863 2477 ipsum
909 2412 1267 2499 testimonium
1312 2413 1614 2469 hominibus
1658 2414 1913 2468 adversus
1959 2429 2092 2484 quos

508 2497 801 2567 dicebatur,
822 2501 966 2572 passi
985 2497 1109 2557 sunt
1134 2503 1308 2557 omnia
1339 2520 1457 2573 qua:
1486 2505 1626 2574 passi
1657 2514 1779 2559 sunt
1808 2514 2090 2575 martyres.

508 2586 696 2646 Testes
725 2590 820 2648 Dei
862 2602 985 2648 sunt
1026 2604 1309 2665 martyres.
1341 2595 1478 2653 Deus
1512 2605 1672 2650 testes
1703 2594 1899 2651 habere
1928 2596 2092 2650 voluit

432 2717 443 2722 -
507 2678 772 2750 homines,
804 2692 860 2737 ut
889 2694 941 2739 et
969 2682 1213 2740 homines
1243 2684 1470 2740 habeant
1498 2694 1686 2740 testem
1719 2686 1908 2742 Deum.
1952 2685 2089 2741 Vidi-

505 2786 649 2836 mus,
678 2771 869 2844 inquit,
896 2784 944 2829 et
969 2785 1112 2830 testes
1140 2792 1333 2831 sumus.
1364 2775 1464 2833 Ubi
1504 2777 1782 2832 viderunt?
1812 2777 1869 2832 in
1917 2780 2089 2834 mani-

507 2860 805 2920 festatione.
832 2865 966 2935 Quid
990 2876 1091 2934 est,
1120 2868 1173 2921 in
1200 2868 1664 2924 manii'estatione?
1684 2868 1741 2924 In
1760 2870 1894 2938 sole,
1928 2870 1980 2925 id
2008 2879 2092 2926 est

505 2954 557 3008 in
587 2953 687 3013 hac
714 2956 853 3011 luce.
886 2956 1037 3014 Unde
1052 2968 1227 3013 autem
1244 2960 1418 3029 potuit
1439 2960 1600 3015 videri
1624 2962 1676 3015 in
1702 2961 1815 3017 sole
1841 2961 1934 3032 qui
1962 2962 2089 3018 fecit

504 3047 702 3113 solem,
740 3049 843 3106 uisi
872 3050 994 3121 quia
1021 3051 1077 3105 iu
1099 3050 1207 3106 sole
1240 3054 1406 3124 posuit
1432 3055 1805 3108 tabernaculum
1832 3072 1999 3124 suum,
2040 3065 2088 3110 et

504 3140 610 3209 ίρεθ
637 3149 877 3209 im
899 3158 1113 3215 Sponsus
1141 3146 1414 3215 procedens
1432 3146 1497 3200 de
1522 3147 1744 3201 thalamo
1770 3162 1883 3213 suo,
1914 3147 2088 3203 σεθυι-
2116 3166 2121 3181 ι

504 3232 626 3287 tavit
664 3241 720 3286 ut
762 3234 907 3305 gigas
949 3235 1018 3288 ad
1060 3237 1360 3291 cun-endam
1406 3238 1536 3291 siam
1588 3235 1773 3308 (Psal.
1806 3252 1956 3305 xvm,
1987 3239 2087 3310 6)?

505 3324 599 3380 lite
620 3336 747 3383 ante
772 3327 939 3383 solem
961 3329 1051 3398 qui
1082 3328 1207 3384 fecit
1230 3329 1400 3383 solem
1427 3330 1469 3398 ⁸,
1501 3328 1590 3385 ille
1614 3339 1738 3385 ante
1765 3330 2037 3387 luciferum
2065 3373 2083 3401 ,

503 3425 627 3473 ante
646 3419 825 3475 omaia
846 3418 1042 3487 sidera,
1064 3428 1188 3476 ante
1210 3435 1399 3476 omnes
1419 3423 1671 3493 Angelos,
1693 3438 1852 3479 verus
1878 3434 2087 3481 creator

504 3509 652 3580 (quia
680 3511 855 3567 omnia
882 3527 978 3581 per
1006 3512 1176 3583 ipsum
1202 3512 1339 3569 facta
1364 3526 1507 3584 sunt,
1528 3525 1583 3572 et
1603 3516 1720 3573 sine
1745 3519 1861 3589 ipso
1887 3519 2082 3575 factum

502 3609 585 3661 eet
611 3600 741 3659 nihil
769 3599 947 3675 [Ιοαη.
975 3620 1013 3669 ι,
1037 3603 1145 3678 3]),
1179 3615 1236 3660 ut
1270 3608 1542 3664 videretur
1567 3611 1735 3665 oculis
1757 3614 1966 3669 carneis
1994 3615 2084 3685 qui

501 3693 671 3753 solem
695 3695 907 3762 vident;
952 3697 1126 3767 ipsum
1157 3700 1555 3756 tabernaculum
1586 3718 1739 3758 suum
1768 3705 1822 3759 in
1843 3706 1957 3761 soic
1985 3714 2082 3776 poe-

497 3787 626 3855 suit,
653 3787 706 3844 id
731 3799 814 3844 est
832 3800 1047 3846 carnem
1074 3803 1223 3846 suam
1251 3793 1301 3847 in
1325 3793 1748 3851 manifestatioue
1769 3796 1925 3867 hujus
1949 3799 2083 3855 lucis

498 3880 764 3937 ostendit:
790 3892 845 3938 et
864 3883 1001 3938 illius
1021 3885 1201 3954 Sponsi
1230 3887 1489 3942 thalamus
1517 3888 1610 3943 fuit
1627 3902 1805 3946 uterus
1828 3890 2075 3962 Virginis,

496 3974 619 4044 quia
642 3975 695 4029 in
716 3975 806 4031 illo
825 3978 977 4032 utero
999 3978 1239 4047 virginali
1257 3980 1524 4050 conjuncti
1552 3993 1675 4038 sunt
1697 3984 1819 4049 duo,
1854 3992 2080 4055 sponsus

496 4074 551 4122 et
592 4074 787 4138 sponsa
813 4106 829 4131 ,
880 4081 1107 4140 sponsus
1150 4071 1382 4126 Verbum
1421 4074 1473 4127 et
1511 4086 1703 4143 sponsa
1750 4086 1907 4141 caro;
1959 4079 2114 4147 quia

496 4157 750 4226 scriptum
771 4168 871 4226 est,
902 4157 970 4212 Et
997 4171 1137 4215 erum
1167 4162 1266 4215 duo
1294 4163 1345 4216 in
1372 4174 1521 4218 carne
1544 4178 1646 4218 uua
1674 4164 1823 4238 (Gen.
1856 4183 1910 4232 tt,
1943 4168 2032 4243 24)
2060 4188 2075 4237 ;

495 4254 550 4302 et
578 4247 835 4305 Dominus
862 4249 989 4305 dicit
1027 4252 1079 4305 in
1124 4253 1430 4322 Evangelia,
1478 4252 1643 4325 Igitur
1662 4258 1773 4326 jam
1804 4275 1905 4313 non
1931 4260 2029 4314 duo
2060 4304 2075 4330 ,

494 4337 583 4392 sed
608 4354 713 4392 una
736 4356 853 4393 caro
884 4339 1094 4414 (Matth.
1128 4354 1233 4409 im,
1265 4344 1343 4414 6).
1374 4336 1443 4399 Et
1475 4345 1633 4401 lsaias
1659 4351 1858 4418 optime
1887 4355 2077 4409 memi-

496 4429 575 4484 nit
602 4436 764 4483 unum
793 4445 911 4485 esse
944 4433 1086 4501 ipsas
1111 4434 1247 4489 duos
1283 4453 1296 4489 :
1328 4437 1560 4508 inquitur
1585 4438 1725 4495 enim
1754 4452 1819 4498 ex
1849 4454 2075 4514 persona

495 4519 717 4586 Christi,
749 4528 805 4574 et
829 4521 976 4587 dicit,
1016 4524 1161 4579 Sicut
1205 4543 1389 4596 sponso
1419 4531 1657 4601 imposuit
1685 4534 1809 4589 mihi
1835 4539 2071 4609 mitram,

493 4619 540 4663 et
563 4610 692 4663 sicut
716 4627 955 4683 sponsam
983 4619 1174 4670 ornavit
1205 4635 1283 4674 me
1305 4634 1599 4677 ornamento
1631 4625 1779 4698 (lsai.
1814 4640 1927 4698 LXI,
1961 4628 2071 4705 iii).

493 4699 644 4756 Unus
660 4703 873 4758 videtur
901 4706 1064 4776 loqui,
1094 4719 1145 4762 et
1174 4723 1428 4779 Sponsum
1471 4728 1531 4771 se
1571 4715 1697 4774 fecit
1732 4729 1785 4775 et
1822 4699 2072 4792 sponsam

491 4807 551 4848 se
594 4789 751 4862 fecit;
779 4793 900 4863 quia
930 4814 1031 4853 non
1056 4800 1157 4854 duo
1177 4842 1190 4864 ,
1220 4805 1307 4857 sed
1348 4821 1451 4859 una
1489 4825 1609 4862 caro
1646 4824 1668 4865 :
1702 4812 1824 4882 quia
1852 4789 2073 4872 Verbum

490 4901 610 4942 caro
633 4889 822 4956 [auum
846 4899 946 4957 est,
984 4901 1032 4977 et
1060 4894 1301 4949 habitavit
1327 4898 1379 4952 in
1408 4900 1567 4956 nobis.
1603 4900 1680 4959 liii
1708 4909 1853 4963 carni
1879 4908 2071 4981 adjun-

488 4977 628 5046 gitur
653 4977 913 5048 Ecclesia,
945 4968 998 5036 et
1028 4982 1084 5037 lit
1109 4978 1349 5043 Christus
1379 4999 1538 5060 totus,
1565 5006 1722 5067 caput
1746 5007 1801 5053 et
1829 4968 2041 5072 corpus.
2074 5016 2091 5041 τ)
2114 5022 2132 5035 ί·

560 5070 611 5125 5.
662 5069 731 5124 Et
771 5078 945 5140 testes,
993 5074 1190 5147 inquit,
1230 5095 1439 5151 sumus;
1467 5092 1512 5139 et
1550 5090 1907 5149 annuntiamus
1936 5095 2071 5152 vobis

486 5161 636 5217 vitam
663 5174 924 5234 wteruam,
951 5183 1064 5236 qua:
1099 5180 1204 5225 erat
1232 5172 1370 5242 apud
1398 5171 1630 5244 Patrem,
1665 5191 1713 5233 et
1754 5186 2071 5256 manifestata

486 5268 558 5311 est
590 5259 643 5310 in
673 5258 814 5311 nobis
842 5273 862 5311 :
890 5257 994 5314 hoc
1012 5268 1113 5325 est,
1144 5264 1473 5319 manifestata
1500 5278 1582 5322 est
1610 5268 1746 5325 inter
1774 5290 1901 5341 nus;
1931 5279 2071 5348 quod

486 5350 722 5417 apertius
759 5351 1048 5418 diceretur,
1093 5357 1420 5416 manifestata
1466 5369 1549 5415 est
1590 5364 1762 5420 nobis.
1795 5368 1921 5437 Quas
1944 5388 2070 5442 ergo

486 5440 700 5495 vidimus
727 5453 772 5495 et
800 5445 1100 5512 audivimus,
1131 5451 1423 5506 nuntiamus
1448 5452 1602 5508 vobis.
1648 5454 1886 5516 intendat
1928 5440 2067 5521 Cha-

486 5530 614 5589 ritas
656 5546 831 5592 vestra
863 5556 876 5592 :
911 5538 1036 5604 Quae
1062 5557 1190 5613 ergo
1215 5545 1429 5600 vidimus
1452 5558 1498 5600 et
1525 5550 1834 5620 audiuimus,
1862 5559 2067 5613 nuntia-

486 5640 596 5681 mus
620 5627 775 5682 vobis.
800 5629 877 5685 illi
902 5633 1145 5691 viderunt
1169 5636 1338 5709 ipsum
1370 5640 1649 5699 Dominum
1675 5661 1988 5719 praesentem
2014 5653 2067 5711 in

483 5757 1345 5890 ὥῶεείὲαᾳᾟῶἕᾳαὶ
1373 5766 1485 5836 fecit
1520 5771 1684 5827 solem.
1706 5774 1792 5831 Alii
1813 5775 1911 5832 duo
1927 5795 1940 5832 :
1958 5790 2070 5840 lam

1256 362 1322 419 1N
1359 360 1738 423 EPISTOLAM
1776 357 2057 421 JOANNIS
2090 356 2186 421 AD
2222 355 2543 421 PARTHDS
2596 358 2660 419 ὃ.
2699 358 3063 423 Αυαυετιω

3648 361 3798 427 σθω

2200 489 2381 542 carne,
2414 484 2468 530 et
2492 476 2769 533 audierunt
2795 478 2955 533 verba
2980 494 3048 534 ex
3078 492 3173 534 ore
3217 477 3464 546 Domini,
3497 487 3551 537 ct
3575 496 3798 539 annun-

2202 566 2469 622 tiaverunt
2504 566 2681 627 tuti.
2720 567 2787 625 Et
2812 570 2909 629 nos
2935 585 3063 640 ergo
3087 560 3412 637 audivimus,
3440 573 3538 629 sed
3566 589 3671 628 non
3712 575 3806 629 vi-

2201 659 2396 715 dimus.
2416 658 2588 716 Minus
2606 676 2734 732 ergo
2756 668 2943 719 sumus
2961 661 3321 733 ﬁeliciisqttam
3335 662 3410 719 illi
3429 664 3521 735 qui
3540 665 3803 723 viderunt

2200 758 2254 805 et
2273 751 2585 807 audierunt?
2612 752 2679 807 Et
2702 753 2969 822 quomodo
2996 754 3251 825 adiungit,
3285 752 3353 812 Ut
3375 766 3424 811 ct
3448 759 3788 813 cos-societa-

2199 848 2298 895 tem
2325 841 2546 911 habeatis
2565 843 2860 899 nobiscum?
2888 844 2967 899 illi
2996 845 3261 912 viderunt,
3281 861 3379 902 nos
3402 863 3507 902 non
3531 849 3794 917 vidimus,

2199 940 2449 1003 ettamen
2472 935 2607 991 socii
2635 950 2852 1003 sumus;
2890 936 3015 1007 quia
3062 935 3218 991 iidem
3263 952 3600 995 communem
3633 950 3798 997 tene-

2198 1038 2337 1077 mus.
2364 1021 2495 1079 Nam
2518 1033 2571 1079 ct
2588 1024 2803 1099 quidam
2827 1026 3059 1087 videndo
3084 1043 3188 1082 non
3210 1029 3456 1095 credidit,
3485 1038 3541 1087 et
3570 1032 3799 1103 palpare

2199 1115 2384 1180 voluit,
2422 1126 2477 1171 et
2500 1116 2576 1170 sic
2604 1117 2843 1185 credere,
2872 1129 2925 1173 et
2947 1118 3021 1173 ait
3053 1137 3066 1174 :
3098 1119 3219 1174 Non
3246 1122 3448 1175 credam
3476 1124 3573 1177 nisi
3604 1124 3799 1194 digitos

2198 1223 2333 1261 meos
2348 1208 2526 1262 misero
2547 1209 2599 1262 in
2625 1210 2787 1263 locum
2811 1210 3086 1285 clavorum,
3102 1222 3147 1266 et
3158 1214 3411 1267 cicatrices
3423 1216 3534 1285 ejus
3554 1217 3790 1286 tetigero.

2196 1294 2265 1356 Et
2295 1302 2518 1370 praebuit
2536 1316 2597 1360 se
2616 1318 2682 1361 ex
2710 1304 2953 1377 lenitate
2992 1306 3313 1376 paipandum
3347 1309 3594 1364 manibus
3614 1309 3801 1365 homi-

2199 1409 2364 1458 num,
2412 1394 2500 1463 qui
2550 1410 2763 1465 semper
2810 1410 2869 1451 se
2916 1397 3119 1465 prmbet
3152 1398 3437 1454 videndum
3483 1403 3801 1472 aspectist

2197 1484 2519 1554 Angelurum
2548 1502 2566 1539 :
2597 1493 2653 1540 et
2676 1486 2911 1557 palpavit
2936 1487 3025 1542 ille
3052 1488 3343 1559 discipulus
3366 1500 3419 1546 et
3444 1493 3796 1561 exclamavit,

2200 1573 2446 1630 Dominus
2490 1592 2633 1630 meus
2675 1585 2722 1629 et
2762 1576 2901 1631 Deus
2928 1593 3090 1633 meus.
3117 1579 3248 1648 Quia
3279 1583 3450 1651 tetigit
3468 1582 3746 1638 hominem
3777 1625 3796 1649 ,

2197 1664 2473 1721 confessus
2499 1675 2583 1721 est
2614 1666 2802 1721 Deum.
2828 1667 2898 1722 Et
2934 1669 3191 1724 Dominus
3233 1672 3516 1727 consolans
3556 1674 3655 1729 rios
3698 1676 3801 1744 qui

2197 1760 2370 1829 ipsum
2396 1762 2506 1830 jam
2536 1763 2587 1816 in
2619 1764 2756 1818 casio
2801 1764 3076 1819 sedentem
3119 1782 3275 1820 manu
3307 1777 3643 1823 contrectare
3682 1785 3801 1826 non

2197 1866 2501 1920 possumus,
2531 1854 2626 1909 sed
2660 1856 2762 1910 [ide
2786 1858 3094 1925 contingere
3113 1900 3128 1925 ,
3162 1860 3237 1912 ait
3263 1860 3336 1913 illi
3366 1878 3381 1915 :
3412 1860 3544 1928 Quia
3571 1863 3749 1917 vidisti
3777 1906 3795 1931 ,

2195 1945 2482 2010 credidisti;
2511 1948 2642 2002 beati
2683 1950 2771 2020 qui
2809 1968 2911 2004 non
2940 1951 3106 2005 vident
3140 1961 3186 2005 et
3225 1953 3434 2007 credunt
3478 1954 3654 2028 (Joan.
3684 1973 3792 2026 xx,

2195 2034 2401 2109 23—29).
2421 2034 2529 2093 Nos
2555 2039 2805 2109 descripti
2828 2057 3028 2108 sumus,
3052 2059 3150 2100 nos
3167 2044 3425 2116 designati
3442 2063 3644 2101 sumus.
3664 2048 3796 2103 Fiat

2196 2142 2324 2197 ergo
2350 2132 2402 2183 in
2431 2131 2584 2185 nobis
2614 2132 2886 2188 beatimdh
2910 2149 3067 2204 quam
3117 2136 3372 2192 Dominus
3409 2140 3654 2209 praedixit
3698 2142 3791 2196 fu-

2194 2228 2368 2275 turam
2396 2238 2409 2275 :
2440 2221 2593 2279 ﬁrme
2618 2233 2894 2280 teneamus
2919 2230 3060 2298 quod
3102 2238 3212 2284 non
3243 2232 3517 2298 videmus;
3550 2235 3678 2305 quia
3708 2237 3793 2292 iiii

2196 2314 2441 2368 nuntiant
2462 2318 2553 2386 qui
2574 2318 2838 2374 viderunt.
2866 2320 2934 2375 Ut
2960 2332 3008 2376 et
3035 2337 3142 2386 vos,
3166 2324 3355 2393 inquit.
3376 2328 3658 2383 societatem
3685 2331 3791 2384 ha-

2195 2406 2349 2461 beatis
2382 2408 2658 2465 nobiscum.
2690 2414 2754 2467 Et
2778 2414 2902 2484 quid
2941 2428 3189 2485 magnum
3234 2419 3544 2475 societatem
3582 2422 3792 2478 habere

2192 2508 2314 2552 cum
2362 2499 2703 2557 hominibus?
2731 2504 2843 2558 Nuit'
2882 2518 3259 2573 contemnere;
3287 2509 3409 2566 vide
3434 2512 3557 2581 quid
3579 2513 3745 2569 addat
3770 2533 3787 2570 :

2199 2589 2261 2642 Et
2290 2593 2499 2648 societas
2542 2605 2716 2650 nostra
2755 2598 2820 2651 sit
2862 2613 2976 2652 cum
3005 2598 3112 2654 Deo
3138 2599 3314 2669 Patre,
3348 2613 3394 2656 et
3418 2602 3543 2660 Iesu
3582 2605 3789 2663 Christo

2120 2712 2150 2727 ι.
2195 2679 2334 2736 Filio
2360 2685 2485 2752 ejus.
2520 2684 2585 2738 Et
2616 2687 2743 2755 hinc,
2774 2688 2962 2759 inquit,
2991 2693 3253 2748 scribimus
3281 2696 3437 2760 vobis,
3462 2698 3789 2767 utgaudium

2195 2783 2411 2827 vestrum
2433 2778 2496 2829 sit
2524 2776 2749 2845 picatum.
2782 2780 3004 2835 Plenum
3032 2784 3277 2851 gaudium
3314 2786 3446 2842 dicit
3468 2789 3522 2843 in
3550 2788 3661 2859 ipsa
3688 2804 3787 2845 so-

2192 2865 2403 2929 cietate,
2428 2867 2480 2923 in
2508 2870 2619 2939 ipsa
2640 2870 2923 2939 charitate,
2954 2875 3006 2928 in
3027 2875 3139 2946 ipsa
3164 2878 3384 2935 unitate.

2262 2956 2316 3010 4.
2357 2957 2425 3011 Et
2451 2959 2556 3013 haec
2578 2970 2649 3015 est
2672 2958 2991 3019 denuntiatio
3020 2980 3171 3038 quam
3199 2970 3482 3025 audivimus
3509 2974 3573 3027 ab
3623 2988 3704 3041 eo,
3738 2978 3788 3029 et

2191 3054 2549 3107 annuntiamus
2578 3054 2730 3110 vobis.
2760 3057 2896 3127 Quid
2927 3067 3010 3114 est
3036 3060 3178 3116 huc?
3208 3063 3309 3132 Ipsi
3334 3063 3581 3119 Viderunt
3599 3108 3615 3133 ,
3646 3078 3786 3123 cou-

2190 3151 2549 3199 trectaverunt
2573 3144 2818 3204 manibus
2851 3150 3082 3207 Verbum
3125 3153 3284 3209 vitae:
3329 3156 3397 3211 ab
3438 3158 3586 3212 initio
3623 3166 3775 3215 erat.

2189 3232 2257 3286 ad
2308 3242 2517 3303 tempus
2559 3238 2780 3293 visibilis
2822 3246 2878 3296 et
2919 3244 3195 3313 palpabilis
3234 3244 3405 3302 factus
3448 3254 3531 3303 est
3586 3251 3785 3309 unizas

2189 3326 2358 3403 Filius
2379 3329 2490 3383 Dei.
2516 3331 2597 3385 Ad
2625 3344 2781 3402 quam
2804 3346 2914 3389 rem
2945 3338 3121 3406 venit,
3153 3339 3232 3394 vel
3254 3341 3380 3411 quid
3400 3341 3553 3398 nobis
3579 3348 3782 3402 novum

2189 3423 2487 3477 nuntiavit?
2524 3422 2661 3492 Quid
2697 3426 2890 3483 docere
2914 3430 3117 3485 voluit?
3142 3431 3318 3500 Quare
3346 3431 3473 3489 t‘e’ctt
3502 3430 3603 3491 nos
3630 3438 3783 3507 quod

2189 3512 2344 3577 fecit,
2376 3518 2434 3569 ut
2463 3515 2691 3570 Verbum
2729 3532 2855 3573 caro
2881 3519 3035 3575 ﬁeret
3057 3562 3071 3581 .
3122 3528 3177 3576 ut
3223 3524 3363 3579 Deus
3399 3532 3561 3596 super
3594 3529 3783 3584 omnia

2188 3604 2400 3675 indigna
2448 3607 2515 3660 ab
2564 3605 2865 3664 hominibus
2912 3616 3216 3680 pateretur,
3266 3620 3324 3669 ttt
3364 3616 3545 3687 alapas
3586 3624 3780 3675 eorum

2188 3697 2471 3753 Sustinueret
2499 3698 2567 3753 de
2609 3700 2851 3755 manibUs
2877 3718 3008 3771 quas
3044 3705 3156 3773 ipse
3192 3706 3480 3763 formam?
3511 3708 3652 3778 Quid
3679 3719 3783 3767 vo-

2188 3784 2543 3845 luitdoeere?
2586 3790 2712 3860 quid
2757 3791 2919 3848 voluit
2954 3788 3422 3868 ostenderetquid
3463 3798 3631 3856 voluit
3674 3816 3780 3859 an-

2187 3880 2470 3937 nuntiare?
2496 3882 2814 3939 AtlditttttUS:
2846 3894 2964 3940 nam
2989 3887 3105 3943 sine
3128 3885 3299 3945 fructu
3323 3896 3592 3965 prmcepti,
3619 3896 3779 3952 audi-

2187 3972 2260 4026 tio
2288 3974 2362 4027 rei
2391 3978 2552 4044 gestre
2575 4017 2590 4042 ,
2620 3976 2741 4045 quia
2766 3986 2920 4033 natus
2942 3988 3023 4035 est
3046 3979 3288 4037 Christus
3310 4025 3325 4048 ,
3360 3992 3415 4040 et
3436 3987 3559 4057 quia
3583 4002 3779 4058 passus

2184 4072 2266 4119 est
2292 4064 2569 4131 Christus,
2610 4080 3012 4126 avocamentum
3049 4076 3239 4129 mentis
3269 4084 3351 4131 est
3374 4120 3388 4145 ,
3438 4093 3542 4133 non
3590 4080 3779 4137 iit-ma-

2184 4165 2443 4212 mentum.
2495 4158 2629 4226 Quid
2672 4172 2918 4230 magnum
2957 4164 3142 4221 audis?
3184 4182 3290 4237 quo
3332 4167 3504 4225 fructu
3532 4172 3686 4228 audis
3711 4173 3731 4208 ί
3757 4218 3775 4246 ,

2183 4245 2323 4302 vide.
2371 4246 2509 4316 Quid
2551 4251 2717 4306 voluit
2749 4252 2980 4309 docere?
3023 4256 3146 4327 quid
3188 4261 3539 4318 anntnitiare?
3580 4245 3772 4323 Audi:

2186 4336 2318 4403 Quid
2360 4339 2494 4396 Deus
2522 4341 2611 4396 ius:
2650 4352 2754 4410 est,
2797 4345 2999 4416 inquit,
3036 4357 3083 4403 et
3107 4349 3319 4405 teneor-te
3356 4354 3407 4407 in
3433 4359 3491 4408 eo
3526 4360 3628 4411 itan
3656 4368 3778 4413 sunt

2181 4429 2320 4486 aliis.
2367 4433 2556 4489 Adhuc
2582 4435 2754 4492 lucem
2804 4439 3015 4509 quidem
3056 4444 3377 4514 nominavit,
3413 4448 3505 4503 sed
3544 4450 3775 4509 obscura

2181 4531 2306 4578 sunt
2332 4527 2487 4581 Verba
2515 4546 2527 4582 :
2558 4527 2754 4585 bonum
2785 4532 2863 4586 est
2894 4534 3049 4589 nobis
3070 4544 3126 4591 ut
3154 4536 3267 4607 ipsa
3294 4536 3381 4594 lux
3409 4552 3568 4610 quam
3597 4545 3778 4603 nomi-

2181 4616 2354 4683 navit,
2389 4618 2616 4674 iliustret
2642 4621 2801 4677 corda
2834 4634 3036 4692 nostra,
3071 4638 3125 4681 et
3152 4629 3427 4687 videamus
3457 4633 3584 4704 quid
3612 4635 3771 4692 dixit.

2180 4707 2293 4765 Hoc
2316 4714 2398 4765 est
2426 4708 2565 4781 quod
2596 4717 2973 4776 annuntiamus
2997 4762 3011 4786 ,
3044 4720 3164 4790 quia
3194 4720 3329 4781 Deus
3359 4714 3449 4782 (iis:
3477 4734 3583 4799 est,
3615 4734 3665 4786 et
3692 4742 3774 4787 te-

2144 4840 2151 4848 .
2180 4801 2346 4857 nebraz
2379 4804 2434 4858 in
2457 4820 2513 4859 eo
2546 4824 2649 4861 non
2686 4821 2802 4864 sunt
2840 4811 2978 4867 ullas.
3011 4813 3144 4880 Quis
3168 4817 3308 4871 enim
3340 4820 3559 4876 auderet
3587 4823 3773 4883 dicere

2179 4893 2300 4963 quia
2328 4893 2379 4949 in
2405 4895 2513 4952 Deo
2536 4908 2659 4955 sunt
2693 4901 2964 4959 tenebrce?
2988 4907 3094 4961 Aut
3118 4907 3243 4978 quid
3269 4918 3353 4965 est
3380 4910 3492 4981 ipsa
3516 4915 3647 4971 lux?
3676 4926 3771 4974 aut

2177 4985 2302 5056 quid
2330 4995 2453 5043 sunt
2481 4989 2751 5046 tenebrte?
2781 5008 2848 5049 ne
2873 4994 3007 5053 forte
3036 4998 3156 5053 talia
3187 5000 3365 5069 dicat,
3395 5018 3514 5074 qua:
3543 5005 3604 5062 ad
3635 5023 3770 5064 ocu-

2178 5077 2259 5131 lus
2290 5079 2419 5134 istos
2456 5093 2667 5138 nostros
2699 5087 3013 5154 pertineant.
3059 5089 3195 5145 Deus
3222 5093 3311 5148 tua:
3334 5104 3405 5151 est
3441 5113 3461 5151 :
3488 5092 3561 5155 ait
3586 5103 3770 5157 nescio

2177 5170 2328 5239 quis,
2359 5172 2425 5226 Et
2448 5173 2528 5227 sol
2556 5174 2644 5229 lux
2684 5185 2767 5231 est
2789 5218 2804 5244 ,
2834 5187 2888 5233 et
2925 5180 3046 5234 luna
3086 5182 3172 5236 lux
3200 5194 3313 5253 est,
3347 5196 3401 5242 et
3426 5188 3647 5247 lucerna
3676 5192 3771 5250 lux

2177 5264 2274 5315 est.
2309 5260 2517 5334 Aliquid
2544 5262 2703 5322 debet
2738 5283 2858 5325 esse
2901 5271 3055 5342 longe
3098 5270 3180 5328 his
3210 5276 3399 5347 majus,
3434 5281 3589 5353 longe
3630 5301 3774 5356 prie-

2176 5354 2427 5419 stantius,
2454 5356 2712 5427 longeque
2739 5363 3239 5429 super-eminentius.
3271 5368 3536 5438 Quantum
3571 5354 3715 5431 Deus
3735 5391 3768 5433 ε

2175 5452 2413 5499 creatura
2433 5486 2448 5511 ,
2479 5458 2735 5518 quantum
2765 5451 3010 5509 conditor
3047 5468 3079 5512 a
3127 5459 3430 5517 conditione
3452 5504 3468 5533 ,
3500 5478 3769 5536 quantum

2174 5535 2429 5606 sapientia
2450 5538 2518 5594 ab
2543 5556 2608 5596 eo
2635 5544 2777 5614 quod
2801 5545 2995 5604 factum
3023 5558 3106 5607 est
3128 5567 3224 5625 per
3246 5535 3582 5629 sapientiam,
3607 5561 3772 5636 longe

2174 5789 2283 5882 se:
2300 5786 3667 5882 ‘eiidf‘néi’nima‘ua?
3681 5786 3751 5881 εξ

2173 5856 3113 5923 Μαάσοωάιυωιὰωυσνσί
