4076 6480
526 528 745 594 propter
784 517 1140 591 arrogantiam
1169 531 1239 572 ne
1282 514 1659 585 displiceamus
1701 511 2037 579 hominibus,
2065 510 2115 565 si

526 631 626 672 nos
661 614 836 686 justos
861 626 980 668 esse
1014 610 1324 667 dixerimus.
1367 606 1590 662 Faciunt
1633 606 1734 660 hoc
1763 605 1910 675 impii
1949 613 2004 658 et
2031 605 2115 658 in-

527 709 641 764 sani
664 725 678 761 :
709 706 835 764 Scio
858 705 1070 776 quidem
1095 705 1216 774 quia
1237 704 1411 771 justus
1435 715 1574 764 sum,
1604 700 1698 755 sed
1726 699 1851 771 quid
1879 699 2116 753 dicturus

525 817 642 858 sum
668 809 792 857 ante
820 799 1108 854 homines?
1131 797 1177 854 si
1204 811 1289 851 me
1324 797 1522 865 justum
1552 794 1756 856 dixem,
1789 793 1908 863 quis
1937 790 2074 846 ferat
2095 831 2112 858 ,

525 895 644 966 quis
673 892 903 951 toleret?
929 890 1067 962 apud
1108 891 1272 944 Deum
1303 899 1424 945 nota
1455 889 1526 943 sit
1562 886 1766 957 justitia
1797 899 1914 938 mea
1956 901 1970 936 :
2016 897 2117 953 ego
2151 912 2175 918 α

527 993 706 1040 tamen
737 983 909 1039 dicam
937 996 1022 1036 me
1059 989 1390 1052 peccatorem
1419 996 1432 1044 ;
1465 993 1569 1032 non
1595 976 1712 1044 quia
1743 991 1858 1030 sum
1885 1015 1899 1037 ,
1931 973 2025 1028 sed
2049 987 2118 1028 ne

526 1077 828 1147 arrogantia
859 1075 1074 1129 odiosus
1111 1072 1368 1127 inveniar.
1400 1071 1491 1125 Dic
1513 1067 1815 1123 hominibus
1843 1065 1985 1136 quod
2030 1079 2112 1143 es,

527 1170 614 1225 die
641 1170 747 1224 Deo
767 1167 907 1238 quod
948 1183 1026 1220 es.
1063 1167 1196 1232 Quia
1243 1165 1288 1220 si
1341 1180 1445 1218 non
1493 1161 1693 1217 dixeris
1722 1162 1832 1214 Deo
1866 1158 2008 1229 quod
2033 1172 2113 1225 es,

515 1251 744 1316 damnat
791 1261 935 1314 Deus
981 1258 1120 1330 quod
1161 1259 1213 1312 in
1270 1267 1320 1313 te
1369 1256 1619 1311 inveniet.
1670 1253 1785 1308 Non
1815 1254 1896 1307 vis
1942 1261 2000 1306 ut
2023 1251 2117 1308 illo

525 1351 785 1406 damnet?
814 1360 866 1405 tu
891 1351 1106 1406 damna.
1148 1349 1238 1405 Vis
1267 1359 1324 1403 ut
1349 1349 1435 1403 ille
1456 1346 1736 1418 ignoscat?
1765 1355 1818 1398 tu
1844 1359 2110 1415 agnosce,

526 1452 581 1497 ut
601 1443 772 1512 possis
812 1445 920 1498 Deo
963 1443 1162 1507 dicere,
1218 1443 1395 1496 Averte
1430 1443 1611 1512 faciem
1661 1449 1797 1493 tuam
1841 1456 1873 1492 a
1901 1438 2118 1508 peccatis

524 1535 662 1589 meis.
694 1534 786 1589 Dic
807 1535 880 1589 illi
903 1536 1062 1590 etiam
1087 1536 1172 1589 illa
1195 1535 1352 1590 verba
1385 1534 1437 1588 in
1462 1536 1576 1607 ipso
1598 1533 1832 1599 Psalmo,
1864 1532 2118 1599 Quoniam

522 1626 842 1696 iniquitatem
891 1643 1054 1681 meam
1087 1643 1176 1697 ego
1203 1641 1420 1696 agnosco
1455 1624 1625 1700 (Psal.
1653 1641 1701 1688 ι,
1730 1625 1814 1688 ll,
1847 1624 1924 1694 5).
1964 1622 2116 1691 Quod

521 1719 567 1772 si
593 1721 808 1790 confessi
832 1721 1076 1789 fuerimus
1104 1719 1287 1774 delicta
1314 1728 1514 1786 nostra,
1549 1717 1714 1787 fidelis
1739 1727 1810 1772 est
1836 1726 1881 1770 et
1905 1718 2080 1788 justus
2097 1757 2114 1783 ,

523 1812 607 1878 qui
636 1809 853 1864 dimittat
883 1812 1024 1866 nobis
1053 1812 1234 1866 delicta
1262 1821 1464 1875 nostra,
1497 1819 1544 1864 et
1572 1818 1747 1894 purget
1771 1825 1861 1862 nos
1890 1825 1952 1862 ea:
1980 1808 2118 1862 omni
2155 1835 2172 1838 -

521 1900 802 1971 iniquitate.
851 1901 1001 1970 Quod
1043 1904 1087 1956 si
1133 1903 1409 1957 dixerimus
1456 1901 1574 1972 quia
1621 1917 1722 1954 non
1767 1900 2110 1970 peccavimus,

525 1991 815 2046 mendacem
839 1993 1052 2063 facimus
1075 2009 1208 2060 eum,
1233 2003 1278 2046 et
1299 1992 1498 2047 verbum
1525 1994 1636 2060 ejus
1657 2007 1756 2046 non
1780 2001 1850 2046 est
1869 1992 1922 2044 in
1949 1989 2112 2045 nobis.

521 2081 576 2138 Si
605 2083 825 2149 dixeris,
853 2084 966 2140 Non
1007 2086 1254 2154 peccavi;
1286 2086 1432 2139 illum
1467 2085 1594 2140 lacis
1619 2085 1960 2149 mendacem,
1992 2099 2116 2140 cum

525 2183 576 2228 te
604 2174 682 2228 vis
710 2173 884 2231 facere
909 2191 1174 2232 veracem.
1204 2175 1358 2232 Unde
1387 2176 1498 2230 fieri
1526 2185 1700 2246 potest
1725 2187 1780 2230 ut
1803 2177 1942 2231 Deus
1968 2191 2119 2231 men-

523 2265 626 2320 dax
647 2267 749 2331 sit,
779 2274 836 2321 et
863 2266 1024 2322 homo
1052 2283 1214 2323 verax
1241 2285 1254 2332 ;
1287 2283 1410 2323 cum
1444 2267 1772 2324 contradicat
1797 2268 2069 2338 Scriptura
2099 2285 2113 2323 :

528 2356 706 2413 Omnis
730 2358 879 2413 homo
909 2361 1151 2425 mendax,
1185 2359 1320 2414 Deus
1345 2362 1484 2415 solus
1512 2377 1664 2415 uerax
1693 2359 1868 2430 (Rom.
1894 2377 1952 2416 Ill
1971 2403 1988 2428 ,
2018 2360 2117 2431 4)?

526 2451 668 2523 Ergo
696 2454 834 2508 Deus
862 2468 958 2524 per
991 2454 1225 2525 seipsum
1267 2453 1428 2510 ve'rax
1447 2495 1462 2520 ,
1499 2461 1552 2510 tu
1593 2469 1689 2525 per
1718 2455 1882 2510 Deum
1911 2469 2114 2521 verax;

526 2557 648 2597 nam
677 2559 772 2613 per
798 2554 849 2600 te
877 2545 1128 2600 mendax.

596 2633 648 2690 7.
692 2634 760 2690 Et
780 2650 847 2692 ne
873 2635 1010 2692 forte
1038 2636 1408 2706 impunitatem
1431 2635 1700 2692 videretur
1726 2637 1938 2694 dedisse
1981 2653 2114 2709 pec-

523 2727 677 2792 catis,
708 2727 832 2798 quia
853 2727 1006 2795 dixit,
1040 2728 1231 2784 Fidelis
1257 2739 1328 2784 est
1355 2740 1404 2784 et
1422 2731 1599 2800 justus
1622 2773 1638 2797 ,
1666 2732 1753 2802 qui
1791 2732 2000 2789 mandet
2025 2749 2119 2790 nos

523 2819 586 2873 ab
607 2821 744 2874 omni
771 2820 1069 2893 iniquitate;
1093 2830 1148 2876 et
1169 2821 1412 2876 dicerent
1433 2821 1543 2891 jam
1569 2821 1670 2878 sibi
1701 2822 1966 2892 homines,
1983 2825 2117 2881 Pec-

523 2925 728 2979 cemus,
756 2913 932 2968 securi
967 2912 1223 2969 faciamus
1269 2913 1412 2984 quod
1451 2915 1730 2981 volumus,
1788 2926 1977 2986 purgat
2017 2933 2118 2975 nos

523 3001 787 3068 Christus,
819 3001 994 3060 ﬁdelis
1013 3013 1095 3060 est
1118 3013 1172 3062 et
1187 3005 1364 3076 justus
1383 3046 1396 3071 ,
1422 3015 1612 3078 purgat
1637 3021 1735 3064 nos
1755 3008 1822 3064 ab
1841 3010 1988 3065 omni
2015 3011 2120 3067 ini-

525 3097 727 3167 quitate
750 3114 762 3151 ε
789 3097 924 3153 tollit
944 3098 1034 3153 tibi
1062 3099 1254 3154 malam
1281 3100 1656 3167 securitatem,
1687 3110 1742 3157 et
1771 3101 1956 3158 inserit
2008 3104 2116 3159 uti-
2146 3088 2150 3094 “

526 3187 632 3244 lem
662 3189 927 3246 timorem.
951 3189 1087 3246 Male
1129 3191 1209 3245 vis
1233 3205 1354 3247 esse
1383 3205 1603 3247 securus
1622 3235 1636 3258 ,
1670 3192 1930 3250 sollicitus
1975 3205 2114 3252 esto.

529 3277 725 3335 Fidelis
749 3279 894 3336 enim
920 3289 1003 3336 est
1023 3289 1077 3338 et
1101 3281 1275 3352 justus
1295 3323 1310 3347 ,
1359 3291 1414 3336 ut
1452 3281 1684 3338 dimittat
1725 3285 1879 3338 nobis
1923 3285 2115 3342 delicta

529 3381 736 3440 nostra,
766 3372 813 3429 si
838 3389 1052 3444 semper
1078 3374 1171 3429 tibi
1220 3373 1538 3444 displiceas,
1579 3382 1632 3429 et
1672 3378 1894 3430 muteris
1943 3376 2116 3433 donec

529 3463 838 3534 perficiaris.
867 3463 990 3520 Ideo
1009 3463 1133 3534 quid
1159 3464 1436 3535 sequitur?
1463 3464 1641 3519 Filioli
1662 3466 1758 3520 mei
1777 3508 1793 3534 ,
1827 3466 1933 3521 lucc
1953 3468 2117 3524 scribo

526 3552 684 3621 vobis,
717 3563 769 3608 ut
794 3571 895 3609 non
919 3557 1151 3627 peccetis.
1183 3555 1288 3612 Sed
1317 3555 1453 3611 forte
1480 3555 1722 3626 subrepit
1759 3557 1826 3612 de
1871 3559 1976 3612 vita
2017 3559 2116 3614 hu-

526 3662 682 3702 mana
706 3657 1020 3720 peccatum:
1058 3649 1182 3718 quid
1227 3664 1356 3720 ergo
1394 3649 1518 3704 fiet?
1547 3649 1722 3718 Quid?
1763 3650 1873 3720 jam
1925 3651 2116 3724 despe-

525 3739 662 3794 ratio
687 3738 829 3794 erit?
859 3738 995 3794 Audi
1027 3755 1042 3796 :
1076 3739 1141 3793 Et
1169 3739 1213 3794 si
1231 3739 1362 3811 quis,
1391 3740 1595 3810 inquit,
1629 3741 1924 3810 peccaverit,
1959 3744 2116 3797 advo-

523 3840 694 3886 catum
717 3830 958 3885 habemus
975 3831 1042 3884 ad
1062 3828 1270 3885 Patrem
1294 3873 1310 3899 ,
1335 3829 1512 3886 Iesum
1567 3831 1822 3886 Christum
1870 3835 2114 3904 justum;

522 3934 570 3978 et
599 3926 710 3998 ipse
725 3924 1026 3996 propitiator
1063 3933 1134 3979 est
1176 3933 1493 3996 peccatorum
1530 3933 1832 3979 nostrorum.
1881 3923 1976 3980 llle
2031 3932 2115 3982 est

523 4030 653 4085 ergo
677 4015 994 4077 advocatus;
1031 4014 1098 4070 da
1121 4029 1339 4086 operam
1364 4024 1420 4070 tu
1447 4031 1514 4069 ne
1547 4030 1735 4086 pecces
1779 4034 1790 4069 :
1823 4016 1869 4071 si
1911 4014 1978 4071 de
2027 4017 2111 4071 in-

525 4104 774 4160 ﬁrmitate
795 4107 918 4160 vita:
945 4107 1270 4176 subrepserit
1311 4116 1622 4176 peccatum,
1654 4108 1907 4161 continuo
1951 4107 2106 4175 vide,
2141 4137 2150 4146 -

523 4196 778 4252 continuo
802 4196 1097 4268 displiceat,
1120 4199 1375 4253 continuo
1403 4198 1630 4262 damna;
1654 4208 1852 4254 etcum
1883 4197 2111 4254 damna-

524 4289 687 4356 veris,
715 4303 936 4346 securus
959 4291 1022 4344 ad
1047 4290 1279 4360 judicem
1307 4293 1508 4348 venies.
1543 4292 1618 4346 lbi
1659 4292 1825 4348 babes
1876 4293 2109 4349 advoca-

525 4389 638 4435 tum
663 4396 680 4447 ;
710 4379 814 4436 noli
843 4381 1031 4437 timere
1059 4397 1128 4437 ne
1153 4384 1344 4453 perdas
1372 4399 1584 4440 causam
1606 4386 1956 4440 confessionis
1983 4397 2106 4443 tute.

522 4471 576 4529 Si
604 4473 744 4528 enim
773 4472 1056 4545 aliquando
1085 4473 1136 4528 in
1167 4473 1268 4530 hac
1295 4475 1401 4531 vita
1423 4476 1707 4532 committit
1733 4492 1792 4533 se
1821 4475 1985 4534 homo
2023 4478 2114 4534 di-

523 4566 915 4638 sertrelinguae,
947 4576 1003 4623 et
1031 4583 1134 4622 non
1159 4570 1324 4638 perit;
1355 4570 1644 4625 committis
1690 4578 1745 4626 te
1793 4570 2004 4639 Verbo,
2054 4580 2111 4628 et

521 4658 786 4728 periturus
837 4659 932 4716 es?
978 4657 1175 4726 Clama,
1223 4659 1531 4715 Advocatum
1595 4661 1836 4718 habemus
1879 4663 1950 4718 ad
1995 4662 2108 4718 Pa-

518 4757 663 4805 trem.

591 4841 644 4896 8.
685 4840 875 4898 Videte
903 4842 1075 4912 ipsum
1103 4842 1360 4899 Joannem
1385 4856 1687 4901 servantem
1731 4846 2105 4904 humilitatem.

517 4932 679 4989 Certe
704 4933 790 4988 vir
807 4933 984 5004 justus
1011 4943 1127 4990 erat
1153 4945 1206 4990 et
1227 4951 1480 5006 magnus,
1509 4938 1596 5007 qui
1626 4937 1694 4993 de
1732 4946 1946 5008 pectore
1999 4941 2108 4996 Do-

520 5025 650 5080 mini
680 5026 1056 5095 mysteriorum
1077 5036 1282 5082 secreta
1324 5027 1573 5093 bibebat;
1605 5028 1694 5084 ille
1716 5070 1731 5094 ,
1772 5029 1860 5084 ille
1895 5030 1986 5100 qui
2027 5031 2108 5087 bi-

521 5118 700 5174 bendo
728 5118 796 5175 de
842 5128 1059 5190 pectore
1097 5120 1308 5175 Domini
1347 5119 1674 5176 divinitatem
1722 5124 1982 5186 ructavit,
2039 5122 2106 5180 In

520 5212 771 5284 principio
803 5221 910 5266 erat
953 5211 1202 5279 Verbum,
1244 5222 1291 5267 et
1349 5212 1562 5267 Verbum
1613 5224 1719 5270 erat
1752 5217 1894 5286 apud
1944 5216 2108 5272 Deum

522 5303 701 5377 (Joan.
733 5320 769 5367 ι,
800 5305 855 5372 1)
887 5321 899 5356 :
929 5304 1017 5360 ille
1046 5303 1166 5360 talis
1194 5305 1275 5360 vir
1296 5318 1402 5360 non
1432 5305 1595 5371 dixit,
1636 5305 1962 5362 Advocatum
2009 5308 2108 5365 ha-’

521 5397 656 5452 betis
667 5396 806 5467 apud
834 5397 1044 5452 Patrem
1067 5396 1216 5462 ;sed,
1245 5396 1306 5452 Si
1327 5397 1439 5468 quis
1466 5399 1760 5466 peccaverit,
1783 5399 2101 5468 advocatum,

523 5486 712 5559 inquit,
740 5489 997 5544 habemus.
1020 5488 1132 5546 Non
1163 5489 1316 5555 dixit,
1351 5489 1588 5554 habetis;
1619 5505 1738 5557 nec,
1768 5507 1854 5547 me
1880 5492 2103 5559 habetis,

521 5580 689 5647 dixit;
719 5597 848 5650 nec,
889 5582 1062 5653 ipsum
1100 5580 1375 5637 Christum
1424 5580 1630 5635 habetis
1653 5623 1667 5646 ,
1709 5581 1840 5636 dixit
1872 5601 1884 5636 :
1914 5583 2009 5639 sed
2053 5594 2106 5641 et

520 5674 792 5730 Christum
819 5676 998 5746 posuit
1019 5715 1034 5740 ,
1062 5689 1168 5729 non
1195 5689 1288 5739 ae;
1318 5681 1371 5728 et
1405 5674 1646 5729 habemus
1667 5674 1820 5741 dixit,
1855 5691 1983 5743 non,
2014 5677 2110 5731 ha-

521 5765 679 5824 betis.
708 5767 971 5826 Maluitse
1009 5785 1210 5841 ponere
1252 5773 1304 5828 in
1357 5790 1578 5830 numero
1634 5783 2000 5846 peccatorum,
2051 5784 2108 5830 ut

519 5859 742 5920 haberet
767 5861 1086 5920 advocatum
1115 5865 1383 5923 Christum
1401 5907 1421 5937 ,
1463 5883 1624 5938 quam
1666 5865 1865 5938 ponere
1900 5884 1958 5926 se
1999 5885 2100 5935 pro

1644 6020 1701 6036 ί-

1331 395 1400 454 ΙΝ
1438 393 1823 454 EPISTOLAM
1860 391 2139 452 JOANNIS
2177 392 2270 466 ᾼΙ)
2307 392 2642 462 PARTHOS,
2679 391 2739 449 S.
2781 389 3147 451 AUGUSTINI

3671 396 3818 456 ιοει

2227 509 2440 566 Christo
2463 511 2795 578 advocatum,
2817 519 2871 565 et
2885 510 3260 566 inveniriinter
3273 508 3604 568 damnandos
3629 526 3822 584 super-

2225 608 2340 661 bos.
2356 603 2590 672 Fratres,
2612 604 2792 660 Iesum
2813 605 3081 660 Christum
3097 605 3326 676 justum,
3351 606 3523 676 ipsum
3547 606 3818 667 habemus

2225 697 2535 752 advocatum
2552 696 2618 752 ad
2635 696 2846 751 Patrem
2865 713 2880 761 ;
2904 697 3016 766 ipse
3037 696 3341 767 propitiatio
3369 707 3450 752 est
3470 707 3820 767 peccatorum

2225 797 2550 843 nostrorum.
2573 788 2684 844 Hoc
2722 789 2813 859 qui
2840 789 3027 853 tenuit,
3061 788 3304 844 haeresim
3352 805 3458 844 non
3505 789 3656 857 fecit;
3709 792 3821 848 hoc

2223 882 2311 953 qui
2342 882 2529 949 tenuit,
2561 881 2790 936 schisma
2817 897 2923 935 non
2954 880 3096 936 fecit.
3129 880 3282 938 Unde
3313 883 3457 938 enim
3495 883 3625 937 facta
3685 892 3820 940 sunt

2223 977 2540 1032 schismata?
2569 976 2700 1032 Cum
2726 976 2909 1031 dicunt
2939 975 3215 1039 homines,
3261 975 3370 1032 Nos
3409 977 3540 1047 justi
3590 993 3826 1042 sumus;

2223 1085 2345 1124 cum
2365 1068 2548 1124 dicunt
2574 1069 2844 1134 homines,
2891 1068 3006 1124 Nos
3044 1070 3436 1124 sanctiﬁcamus
3485 1071 3818 1135 immundos,

2224 1177 2322 1217 nos
2341 1162 2690 1232 justilicamus
2717 1163 2938 1231 impios,
2978 1177 3075 1216 nos
3105 1162 3366 1232 petimus,
3406 1176 3504 1216 nos
3552 1164 3820 1232 impetra-

2223 1270 2361 1309 mus.
2393 1253 2628 1309 Joannes
2656 1264 2833 1309 autem
2863 1253 2991 1324 quid
3019 1253 3193 1308 dixit?
3227 1253 3294 1307 Et
3313 1255 3356 1308 si
3375 1255 3488 1324 quis
3512 1255 3818 1323 peccauerit,

2222 1347 2520 1400 advocatum
2538 1345 2775 1400 habemus
2802 1346 2870 1399 ad
2911 1343 3152 1412 Patrem,
3189 1345 3368 1400 Iesum
3425 1345 3678 1401 Christum
3711 1348 3818 1418 ju-

2221 1447 2375 1492 stum.
2398 1437 2504 1493 Sed
2531 1437 2673 1493 dicet
2701 1438 2891 1508 aliquis
2919 1455 2932 1491 :
2965 1437 3105 1509 Ergo
3129 1439 3298 1493 sancti
3329 1454 3434 1492 non
3482 1447 3670 1507 petunt
3710 1452 3822 1508 pro

2224 1531 2408 1586 nobis?
2437 1546 2567 1602 ergo
2589 1532 2823 1603 episcopi
2851 1541 2905 1586 et
2933 1532 3203 1602 praepositi
3233 1547 3337 1586 non
3363 1541 3549 1602 petunt
3575 1547 3674 1602 pro
3711 1547 3817 1600 po-

2221 1623 2384 1692 pulo?
2415 1623 2519 1679 Sed
2545 1624 2802 1678 attendite
2821 1622 3144 1694 Scripturas,
3165 1632 3220 1679 et
3247 1622 3423 1678 videte
3449 1623 3569 1692 quia
3591 1631 3644 1679 et
3667 1639 3815 1691 pne-

2223 1715 2378 1784 positi
2404 1715 2781 1770 commendant
2818 1731 2877 1771 se
2917 1716 3130 1786 p0pulo.
3178 1715 3309 1770 Nam
3353 1715 3644 1786 Apostolus
3681 1715 3822 1770 dicit

2223 1808 2385 1877 plebi,
2421 1807 2635 1863 Orantes
2661 1808 2814 1863 simul
2837 1817 2886 1862 et
2912 1825 3004 1879 pro
3030 1807 3171 1863 nobis
3203 1807 3430 1881 (Coloss.
3457 1823 3528 1872 Iv,
3558 1806 3636 1878 5).
3682 1807 3825 1862 Orat

2222 1900 2510 1970 Apostolus
2535 1915 2634 1970 pro
2651 1900 2808 1970 plebe
2829 1941 2844 1965 ,
2873 1907 2989 1955 orat
3032 1899 3181 1970 plebs
3220 1914 3322 1970 pro
3356 1899 3633 1970 Apostolo.
3681 1898 3826 1954 Ora-

2222 2006 2341 2046 mus
2366 2005 2464 2061 pro
2491 1991 2664 2057 vobis,
2691 1990 2880 2048 fratres
2909 2010 2923 2046 :
2951 1991 3045 2047 sed
3075 2001 3131 2048 et
3148 2007 3244 2048 vos
3291 1999 3442 2047 orate
3482 2007 3578 2062 pro
3620 1992 3814 2047 nobis.

2221 2083 2454 2139 invicem
2479 2100 2574 2154 pro
2594 2100 2652 2141 se
2679 2084 2854 2140 omnia
2872 2085 3108 2140 membra
3139 2093 3312 2147 orent,
3334 2094 3490 2154 caput
3515 2100 3612 2154 pro
3638 2081 3823 2138 omni-

2223 2175 2320 2230 bus
2348 2175 2667 2246 interpellet.
2701 2176 2986 2246 Propterea
3015 2191 3120 2230 non
3149 2177 3342 2230 mirum
3403 2177 3523 2247 quia
3562 2177 3812 2247 sequitur

2221 2266 2328 2334 hic,
2360 2278 2414 2322 et
2441 2269 2640 2323 claudit
2680 2283 2773 2323 ora
2807 2268 3163 2324 dividentibus
3201 2268 3495 2322 Ecclesiam
3536 2268 3651 2324 Dei.
3709 2267 3817 2338 Qui

2219 2361 2361 2416 enim
2383 2361 2517 2416 dixit
2535 2363 2574 2427 ί,
2601 2360 2779 2416 Iesum
2800 2359 3055 2416 Christum
3083 2361 3323 2416 habemus
3333 2362 3531 2433 justum
3550 2402 3566 2428 ,
3607 2371 3656 2416 et
3701 2365 3818 2434 ipse

2220 2457 2513 2527 propitiatio
2538 2468 2610 2510 est
2640 2466 2954 2527 peccatorum
2982 2466 3266 2510 nostrorum
3292 2471 3310 2509 :
3337 2462 3551 2526 propter
3578 2455 3697 2511 illos
3717 2454 3817 2526 qui

2220 2565 2278 2604 se
2300 2548 2518 2603 divisuri
2547 2555 2718 2615 erant,
2746 2557 2800 2603 et
2824 2547 3034 2612 dicturi,
3064 2547 3196 2602 Ecce
3221 2548 3300 2600 hic
3322 2555 3396 2602 est
3421 2545 3669 2612 Christus,
3692 2565 3811 2602 ecce

2220 2640 2325 2694 illic
2352 2639 2564 2712 (Matth.
2595 2655 2742 2706 xxiv,
2765 2638 2896 2709 2'5);
2937 2647 2995 2694 et
3014 2639 3209 2694 vellent
3242 2637 3524 2693 ostendere
3571 2653 3694 2694 eum
3756 2640 3812 2696 in

2223 2742 2374 2804 parte
2398 2733 2488 2804 qui
2512 2732 2644 2788 emit
2668 2739 2875 2795 totum,
2921 2740 2974 2785 et
3019 2730 3258 2801 possidet
3303 2737 3503 2794 totum;
3555 2731 3819 2787 continuo

2220 2835 2434 2882 secutus
2477 2834 2589 2890 est,
2641 2823 2760 2878 Non
2820 2832 3016 2877 tantum
3077 2831 3379 2887 nostrorum,
3429 2820 3519 2876 sed
3557 2831 3605 2876 et
3658 2824 3819 2878 totius

2220 2917 2414 2971 mundi.
2449 2916 2586 2982 Quid
2609 2916 2833 2979 esthoc,
2858 2915 3086 2970 fratres?
3114 2915 3269 2970 Certe
3307 2914 3584 2970 invenimus
3610 2932 3721 2969 eam
3759 2917 3818 2970 in

2220 3006 2686 3078 campis'saltuum
2719 3005 2889 3078 (Psal.
2933 3020 3118 3069 CXXXI,
3151 3002 3229 3078 6),
3280 3005 3578 3060 invenimus
3623 3004 3818 3062 Eccle-

2221 3101 2354 3156 siam
2383 3100 2437 3155 in
2460 3100 2710 3155 omnibus
2733 3098 3000 3169 gentibus.
3051 3097 3190 3152 Ecce
3231 3095 3474 3151 Christus
3513 3096 3816 3167 propitiatio

2221 3201 2292 3246 est
2315 3188 2634 3263 peccatorum
2657 3198 2943 3244 nostrorum
2971 3205 2991 3255 ,°
3021 3205 3120 3242 non
3148 3196 3344 3241 tantum
3369 3196 3652 3242 nostrorum
3675 3228 3693 3255 ,
3719 3188 3817 3244 sed

2219 3291 2265 3336 et
2305 3281 2457 3335 totius
2508 3279 2701 3334 mundi.
2764 3279 2903 3335 Ecce
2953 3279 3118 3334 habes
3160 3279 3454 3334 Ecclesiam
3499 3293 3594 3349 per
3639 3287 3814 3336 totum

2221 3373 2506 3436 mundum;
2548 3371 2655 3427 noli
2699 3373 2847 3442 sequi
2895 3371 3055 3426 falsos
3087 3371 3502 3441 justificatores,
3548 3382 3603 3428 et
3653 3387 3818 3430 veros

2219 3463 2585 3536 praeeisores'.
2623 3463 2678 3518 ln
2715 3464 2808 3518 illo
2832 3473 3014 3519 monte
3053 3472 3169 3520 esto
3205 3463 3294 3535 qui
3333 3463 3567 3532 implevit
3621 3465 3817 3524 orbem

2221 3567 2482 3614 terrarum
2509 3557 2674 3630 (Dan.
2703 3574 2762 3622 ιι,
2790 3557 2882 3630 35)
2935 3576 2947 3611 :
2979 3558 3100 3628 quia
3137 3555 3380 3614 Christus
3415 3558 3705 3629 prapitiatio
3732 3569 3816 3615 est

2219 3661 2536 3723 peccatorum
2565 3660 2890 3714 nostrorum;
2917 3667 3016 3704 non
3048 3659 3244 3704 tantum
3283 3659 3594 3716 nostrorum,
3627 3653 3717 3707 sed
3761 3663 3815 3707 et

2219 3743 2372 3797 totius
2399 3743 2596 3808 mundi,
2623 3757 2781 3812 quem
2811 3757 2909 3798 suo
2939 3743 3192 3813 sanguine
3215 3744 3564 3814 comparavit.

2289 3833 2341 3888 9.
2385 3833 2448 3887 Et
2473 3834 2525 3886 in
2556 3833 2671 3899 hoc,
2702 3835 2890 3904 inquit,
2918 3835 3263 3904 cognoscimus
3289 3849 3406 3889 eum
3426 3877 3439 3898 ,
3485 3835 3527 3889 si
3566 3836 3815 3890 mandata

2217 3928 2326 4000 ejus
2351 3927 2731 3982 servaverimus.
2771 3927 2900 3995 Quae
2943 3927 3224 3982 mandata?
3268 3927 3368 3996 Qui
3412 3927 3534 3982 dicit
3563 3930 3683 4001 quia
3715 3945 3815 3985 co-

2216 4020 2386 4090 gnovit
2415 4035 2550 4085 eum,
2580 4028 2628 4074 et
2648 4019 2892 4073 mandata
2918 4021 3027 4080 eius
3049 4037 3149 4074 non
3173 4030 3369 4086 servat;
3395 4020 3613 4076 mendax
3639 4031 3730 4087 est,
3760 4031 3816 4078 et

2215 4111 2267 4166 in
2297 4110 2392 4166 hoc
2417 4112 2598 4166 veritas
2620 4129 2722 4166 non
2743 4121 2833 4166 est.
2861 4113 2966 4168 Sed
2990 4114 3162 4168 adhuc
3193 4114 3387 4184 qumvis
3407 4155 3425 4182 ,
3478 4115 3610 4182 Quae
3647 4131 3811 4172 man-

2214 4201 2372 4257 data?
2405 4200 2504 4267 Qui
2523 4212 2709 4267 autem,
2743 4203 2946 4273 inquit,
2975 4205 3245 4259 servaverit
3275 4205 3479 4260 uerbum
3507 4206 3647 4276 ejus,
3693 4221 3815 4264 uere

2213 4293 2267 4347 in
2297 4294 2390 4348 hoc
2425 4299 2642 4366 perfecta
2682 4305 2755 4350 est
2791 4295 2996 4350 dilectio
3037 4295 3148 4351 Dei.
3189 4295 3476 4352 Videamus
3517 4313 3586 4353 ne
3630 4299 3811 4369 ipsum

2215 4387 2524 4442 mandatum
2546 4387 2760 4443 dilectio
2787 4398 3023 4444 vocetur.
3053 4389 3437 4458 Qumrebamus
3465 4393 3638 4458 enim,
3681 4409 3808 4464 quze

2213 4479 2483 4547 mandata,
2510 4489 2563 4534 et
2591 4481 2686 4548 ait,
2721 4480 2818 4548 Qui
2845 4491 3012 4535 autem
3035 4483 3298 4537 servaverit
3321 4484 3523 4538 verbum
3537 4489 3665 4554 ejus,
3692 4499 3815 4541 vers

2214 4573 2268 4629 in
2293 4573 2386 4628 hoc
2415 4573 2638 4644 perfecta
2658 4584 2730 4628 est
2763 4574 2962 4628 dilectio
2989 4573 3106 4630 Dei.
3149 4575 3378 4632 Attende
3427 4577 3770 4648 Evangelium
3790 4619 3807 4646 ,

2212 4667 2260 4722 si
2281 4683 2387 4722 non
2412 4677 2496 4723 est
2520 4667 2622 4722 hoc
2651 4667 2957 4722 mandatum
2988 4686 3018 4731 :.
3035 4667 3340 4724 Mandatum
3360 4712 3375 4737 ,
3399 4669 3597 4742 inquit,
3620 4688 3810 4726 novum

2212 4760 2278 4813 do
2307 4758 2464 4826 vobis,
2496 4768 2550 4812 ut
2575 4776 2661 4814 vos
2679 4759 2888 4813 invicem
2913 4760 3176 4833 diligatis(
3203 4761 3359 4816 Joan.
3405 4777 3533 4827 xm,
3567 4762 3691 4834 54).
3735 4761 3812 4818 In

2214 4855 2306 4908 hoc
2327 4853 2673 4923 cognoscimus
2701 4853 2820 4922 quia
2847 4853 2899 4906 in
2929 4853 3038 4923 ipso
3058 4871 3253 4920 sumus,
3279 4855 3325 4908 si
3367 4862 3419 4908 tn
3453 4857 3563 4924 ipso
3592 4859 3815 4932 perfect.-

2213 4950 2456 5024 fuerimus
2477 4947 2518 5002 ⁸.
2551 4947 2823 5003 Perfectos
2857 4947 2913 5002 in
2959 4946 3245 5004 dilectione
3292 4957 3448 5004 vocat
3491 4967 3505 5003 :
3556 4964 3675 5018 que
3717 4958 3816 5004 est

2215 5039 2476 5113 perfectio
2503 5038 2839 5094 dilectionis?
2863 5036 2931 5092 Et
2958 5038 3205 5094 inimicos
3231 5039 3450 5110 diligere
3468 5082 3485 5107 ,
3516 5049 3571 5096 et
3597 5041 3662 5094 ad
3691 5041 3800 5097 hoc

2213 5135 2453 5204 diligere,
2487 5140 2543 5186 ut
2564 5132 2672 5185 sint
2696 5129 2906 5186 fratres.
2929 5129 3045 5185 Non
3071 5131 3214 5187 enim
3242 5131 3457 5187 dilectio
3481 5141 3661 5188 nostra
3679 5149 3811 5188 car-

2215 5227 2350 5282 nalis
2377 5241 2497 5281 esse
2522 5224 2699 5280 debet.
2731 5223 2930 5294 Optare
2972 5223 3128 5278 alicui
3173 5225 3398 5280 salutem
3429 5227 3807 5296 temporalem,

2214 5319 2412 5374 bonum
2441 5327 2550 5382 est;
2583 5315 2676 5370 sed
2705 5326 2757 5369 et
2782 5316 2825 5368 si
2857 5314 3016 5380 desit,
3043 5316 3215 5370 anima
3247 5325 3353 5370 tuta
3375 5317 3462 5372 sit.
3491 5315 3657 5388 Optas
3701 5317 3813 5370 ali-

2213 5411 2298 5466 cui
2326 5411 2497 5466 amico
2523 5415 2614 5463 tuo
2643 5407 2844 5462 vitam?
2889 5406 3022 5462 bene
3061 5407 3207 5461 facis.
3255 5405 3465 5464 Gaudes
3515 5408 3582 5463 de
3634 5419 3814 5465 morte

2282 5569 2298 5600 ι
2324 5574 2398 5616 Er.
2419 5567 2566 5629 Lugd.
2594 5575 2713 5616 ven.
2739 5573 2874 5630 Lov.,
2897 5563 3011 5630 quia
3033 5565 3179 5630 dixit.
3215 5573 3273 5630 ill.
3540 5625 3551 5630 ,
3783 5627 3795 5630 Α
3833 5623 3837 5627 .

2277 5633 2296 5662 ²
2319 5625 2526 5701 Quatuor
2549 5637 2674 5678 Mss:
2691 5628 2826 5700 .(mid
2860 5625 2930 5679 est
2956 5626 3091 5678 hoc?
3128 5627 3372 5680 Psatmum
3385 5625 3595 5690 attende,
3627 5627 3816 5680 Inveni-

2213 5706 2318 5743 mus
2341 5706 2448 5743 emn
2470 5706 2519 5742 tn
2543 5705 2741 5755 campis.

2280 5757 2299 5788 ³
2323 5758 2458 5811 aditi,
2486 5753 2878 5817 prmcipuawres.
2902 5761 3026 5817 !\I_ss.,
3052 5766 3190 5817 vero,
3210 5753 3512 5817 prmcisores.

2278 5817 2300 5849 ⁸
2325 5818 2470 5874 Istud,
2486 5814 2535 5866 si
2559 5816 2607 5866 in
2630 5815 2732 5879 ipso
2754 5815 2953 5879 perfecti
2975 5814 3224 5879 fuerimus,
3247 5816 3455 5866 habetur
3478 5816 3555 5866 hic
3581 5817 3634 5865 in
3652 5817 3814 5866 omm-

2213 5879 2308 5929 bus
2326 5881 2602 5932 codicibus;
2627 5877 2714 5927 sed
2737 5877 2881 5927 abeat
2901 5890 2929 5926 a
2951 5879 3102 5927 sacris
3125 5877 3298 5925 Bibliis.
