4076 6474
198 339 340 395 1985

197 449 398 509 inimici
431 448 546 502 tui?
573 446 708 500 male
737 442 884 499 facis.
919 441 1026 497 Sed
1058 442 1193 498 forte
1236 450 1288 495 et
1327 441 1497 495 amico
1546 449 1635 494 tuo
1675 440 1776 494 vita

197 547 283 601 illa
311 558 472 613 quam
501 552 653 611 Optas
679 540 876 594 inutilis
894 546 1011 605 est,
1044 546 1095 592 et
1135 536 1347 591 inimico
1397 545 1488 590 tuo
1520 549 1662 589 mors
1715 533 1785 588 de

197 653 301 707 qua
332 635 534 706 gaudes
574 633 714 687 utilis
738 631 850 685 fuit.
882 632 1147 685 Incertum
1174 640 1256 683 est
1295 637 1468 682 utrum
1513 626 1668 680 alicui
1720 625 1789 679 sit

199 729 351 783 utilis
390 728 493 780 vita
536 727 655 787 ista,
681 741 745 779 an
776 724 1007 788 inutilis;
1041 723 1146 776 vita
1185 735 1313 775 vero
1353 735 1469 789 quae
1516 728 1598 775 est
1648 716 1787 786 apud

198 822 372 876 Deum
392 861 406 885 ,
438 820 553 873 sine
579 818 739 872 dubio
764 817 905 870 utilis
934 824 1033 870 est.
1056 815 1146 870 Sic
1189 813 1348 883 dilige
1377 812 1621 867 inimicos
1649 820 1786 876 tuos,
1822 838 1837 845 η

201 924 259 969 ιιι
279 913 477 968 fratres
505 921 658 981 Optes
682 927 695 971 ;
724 909 803 963 sic
822 909 981 977 dilige
1012 906 1253 961 inimicos
1284 913 1403 958 tuos
1421 944 1435 969 ,
1460 912 1515 957 ut
1541 901 1592 954 in
1615 901 1789 955 socie-

200 1016 367 1061 tatem
412 1013 558 1059 tuam
601 1012 873 1057 vocentur.
919 1000 1007 1055 Sic
1054 999 1198 1053 enim
1238 997 1421 1051 dilexit
1466 996 1552 1049 ille
1598 994 1687 1064 qui
1736 994 1788 1047 in

200 1114 364 1154 cruce
390 1096 627 1167 pendens
655 1096 723 1147 ait
750 1112 763 1147 :
800 1093 969 1158 Pater,
988 1093 1189 1163 ignosce
1222 1090 1353 1155 illis,
1406 1089 1522 1158 quia
1566 1086 1791 1140 nesciunt

199 1189 323 1259 quid
352 1189 546 1259 faciunt
572 1185 719 1259 (Luc.
747 1201 902 1249 χχιιι,
927 1184 1038 1254 54).
1063 1182 1244 1252 Neque
1273 1182 1415 1235 enim
1436 1179 1585 1242 dixit,
1614 1178 1788 1245 Pater,

198 1282 384 1335 vivant
412 1281 498 1334 isti
529 1279 693 1332 multo
722 1285 993 1346 tempore;
1029 1290 1111 1329 me
1146 1274 1356 1345 quidem
1386 1272 1665 1335 occidunt,
1697 1270 1790 1326 sed
1824 1296 1825 1309 ς

199 1373 299 1443 ipsi
326 1374 526 1427 vivant.
559 1371 662 1428 Sed
683 1372 808 1441 quid
839 1370 950 1425 ait?
976 1369 1192 1441 Ignosce
1217 1369 1351 1433 illis,
1392 1368 1511 1437 quia
1566 1366 1792 1419 nesciunt

202 1467 326 1535 quid
348 1468 562 1537 faciunt.
597 1465 815 1519 Mortem
839 1465 1215 1532 sempiternam
1257 1461 1323 1515 ab
1350 1460 1428 1515 eis
1466 1458 1788 1527 expellebat,

204 1574 363 1628 prece
389 1557 883 1613 misericordissima
910 1598 923 1620 ,
966 1563 1019 1608 et
1073 1554 1308 1624 potentia
1336 1550 1788 1621 prtestantissima.

200 1649 349 1703 Multi
381 1666 447 1704 ex
471 1652 551 1705 eis
574 1649 933 1713 crediderunt,
958 1656 1012 1701 et
1038 1646 1287 1699 dimissus
1309 1654 1390 1699 est
1403 1645 1479 1697 eis
1502 1642 1647 1696 fusus
1664 1656 1790 1695 san-

202 1744 319 1813 guis
340 1742 557 1796 Christi.
583 1742 760 1795 Primo
790 1739 1036 1793 fuderunt
1066 1753 1185 1792 cum
1215 1738 1456 1791 smvirenl
1478 1778 1492 1802 ,
1541 1749 1678 1788 nunc
1708 1734 1791 1788 bi-
1832 1758 1837 1759 ν

205 1835 406 1890 berunt
454 1851 572 1889 cum
611 1835 913 1887 crederent.
963 1831 1029 1884 In
1070 1832 1162 1884 hoc
1205 1830 1546 1899 cognoscimus
1584 1827 1702 1898 quia
1738 1827 1792 1881 in

203 1928 312 1996 ipso
345 1944 540 1993 sumus,
568 1928 609 1978 si
635 1926 683 1978 in
715 1926 823 1995 ipso
846 1924 1049 1995 perfecti
1076 1923 1336 1992 fuerimus.
1389 1922 1460 1974 De
1503 1920 1615 1989 ipsa
1665 1932 1784 1988 per-

202 2018 436 2072 fectione
484 2017 869 2086 diligendornm
916 2015 1251 2069 inimicorum
1284 2013 1542 2067 Dominus
1609 2012 1794 2065 admo-

205 2124 339 2163 nens
368 2109 443 2162 ait
476 2126 488 2161 :
518 2106 692 2161 Estote
713 2123 829 2177 ergo
857 2123 941 2159 vos
974 2106 1197 2175 perfecti,
1229 2106 1354 2157 sicut
1381 2112 1429 2158 et
1456 2102 1611 2156 Pater
1636 2112 1793 2156 vester

202 2203 415 2257 melestis
447 2203 693 2270 perfectus
720 2210 788 2253 est
819 2197 1030 2270 (Matth.
1056 2213 1113 2265 v,
1146 2195 1259 2269 48).
1300 2196 1399 2261 Qui
1428 2211 1553 2265 ergo
1580 2195 1698 2247 dicit
1741 2210 1795 2248 se

201 2293 253 2345 in
274 2294 388 2361 ipso
418 2308 650 2358 manere,
694 2290 835 2344 debet
859 2292 985 2343 sicut
1018 2290 1127 2358 ipse
1158 2287 1431 2342 ambulavit
1470 2298 1517 2341 et
1542 2290 1650 2358 ipse
1678 2305 1790 2339 am-

203 2383 401 2437 bulare.
463 2382 771 2451 Quomodo,
828 2381 1053 2435 fratres?
1083 2379 1220 2447 Quid
1265 2394 1362 2435 nos
1416 2379 1633 2433 monet?
1695 2378 1793 2445 Qui

204 2476 323 2529 dicit
376 2493 429 2529 se
482 2476 535 2528 in
578 2476 687 2544 ipso
738 2490 965 2539 manere,
1014 2473 1064 2527 id
1115 2482 1198 2526 est
1245 2472 1295 2525 in
1352 2470 1596 2536 Christo,
1654 2470 1794 2524 debet

202 2572 333 2624 sicut
364 2570 453 2623 ille
480 2569 750 2621 ambulavit
792 2578 838 2621 et
877 2568 987 2636 ipse
1026 2566 1303 2619 ambulare.
1350 2563 1509 2617 Forte
1556 2563 1659 2618 hoc
1698 2580 1793 2619 nos

202 2671 414 2723 monet.
465 2670 522 2715 ut
573 2660 905 2714 ambulemus
961 2660 1009 2711 in
1059 2657 1428 2711 mari?Absit.
1477 2656 1587 2710 lloc
1631 2671 1786 2727 ergo,

202 2765 260 2809 ut
286 2754 624 2808 ambulemus
652 2753 701 2805 in
730 2752 812 2805 via
844 2750 1087 2821 justitiw.
1116 2750 1174 2803 lu
1204 2764 1304 2818 qua
1334 2748 1449 2801 via?
1494 2747 1611 2802 Jam
1637 2763 1790 2803 com»-

204 2846 517 2900 memoravi.
542 2843 704 2897 Fixus
729 2844 779 2896 in
810 2856 968 2896 cruce
993 2850 1128 2906 erat,
1160 2841 1283 2893 etin
1325 2839 1438 2909 ipsa
1484 2840 1565 2892 via
1606 2839 1793 2893 ambu-

202 2937 385 2993 labat:
420 2939 531 3007 ipsa
571 2946 651 2991 est
687 2936 771 2989 via
811 2934 1145 3000 charitatis‘,
1188 2932 1361 2997 Pater,
1417 2933 1617 3003 ignosce
1663 2931 1789 2999 illis,

202 3032 319 3099 quia
350 3030 577 3083 nesciunt
601 3026 720 3097 quid
742 3028 953 3098 faciunt.
983 3026 1071 3080 Sic
1095 3040 1223 3095 ergo
1247 3067 1260 3091 ,
1291 3025 1335 3078 si
1363 3024 1611 3078 didiceris
1636 3038 1793 3080 orare

204 3135 299 3190 pro
322 3120 540 3174 inimico
568 3134 677 3185 tuo,
708 3118 947 3172 ambulas
974 3118 1110 3170 viam
1140 3115 1368 3169 Domini.

281 3213 371 3268 10.
415 3212 759 3277 Dilectissimi,
787 3228 886 3264 non
915 3209 1208 3262 mandatum
1239 3224 1422 3261 novum
1445 3206 1607 3261 scribo
1633 3208 1785 3272 vobis,

201 3306 288 3360 sed
319 3304 612 3358 mandatum
660 3312 795 3356 vetus
844 3300 977 3369 quod
1011 3298 1265 3352 habebatis
1302 3298 1364 3350 ab
1419 3297 1581 3350 initio.
1636 3297 1790 3366 Quod

202 3400 514 3454 mandatum
546 3408 695 3453 vetus
735 3396 899 3451 dixit?
948 3394 1099 3461 Quod
1140 3392 1392 3446 habebatis
1421 3434 1435 3458 ,
1484 3391 1683 3460 inquit,
1727 3392 1790 3444 ab

202 3495 363 3546 initio.
401 3491 525 3546 Ideo
561 3505 687 3561 ergo
708 3497 880 3553 vetus,
910 3488 1031 3557 quia
1050 3487 1160 3555 jam
1186 3484 1316 3539 illud
1342 3483 1563 3539 audistis
1592 3501 1605 3536 :
1654 3483 1788 3538 alio-

202 3586 333 3655 quin
358 3584 657 3638 contrarius
687 3584 789 3636 erit
814 3581 1058 3640 Domino,
1087 3579 1175 3632 ubi
1208 3579 1315 3644 ait,
1347 3576 1647 3630 Mandatum
1698 3593 1791 3629 no-

202 3694 316 3731 vum
342 3678 406 3729 do
436 3674 593 3739 vobis,
618 3683 669 3726 ut
695 3690 779 3726 vos
800 3672 1009 3725 invicem
1048 3670 1289 3740 diligatis.
1328 3668 1434 3723 Sed
1484 3667 1787 3721 mandatum

204 3780 359 3824 vetus
379 3768 586 3838 quare?
612 3766 726 3821 Non
750 3765 869 3835 quia
896 3763 961 3817 ad
985 3771 1218 3817 veterem
1246 3761 1515 3815 hominem
1538 3760 1786 3829 pertinet.

204 3861 309 3918 Sed
337 3860 534 3933 quare?
563 3860 709 3926 Quod
736 3858 990 3911 habebatis
1020 3854 1082 3908 ab
1105 3854 1273 3908 initio.
1299 3853 1601 3907 Mandatum
1630 3861 1785 3917 vetus,

203 3965 270 4009 est
296 3957 503 4007 verbum
532 3951 665 4021 quod
690 3951 919 4004 audistis.
950 3947 1073 4002 Ideo
1103 3961 1233 4016 ergo
1274 3955 1425 3999 vetus
1449 3986 1462 4011 ,
1514 3945 1635 4014 quia
1677 3942 1787 4012 jam

204 4046 446 4101 audistis.
474 4044 542 4097 Et
563 4042 790 4111 idipsum
830 4055 1027 4093 novum
1050 4036 1283 4092 ostendit
1324 4035 1506 4089 dicens
1529 4074 1545 4101 ,
1596 4033 1790 4087 Iterum

203 4137 499 4189 mandatum
530 4150 711 4187 novum
738 4130 897 4185 scribo
924 4130 1076 4183 vobis.
1104 4127 1219 4183 Non
1248 4127 1495 4191 alterum,
1528 4123 1619 4179 sed
1650 4124 1788 4178 idem

204 4230 373 4299 ipsum
405 4226 546 4298 quod
569 4227 698 4279 dixit
724 4232 895 4289 vetus,
922 4222 1061 4276 idem
1104 4229 1185 4275 est
1227 4228 1281 4273 et
1310 4234 1523 4273 novum.
1579 4215 1791 4285 Quare?

209 4319 358 4387 Quod
387 4329 461 4373 est
488 4334 655 4371 verum
683 4318 735 4369 in
764 4316 874 4385 ipso
905 4323 950 4367 et
976 4314 1029 4365 in
1049 4312 1205 4365 vobis.
1246 4310 1364 4365 Jam
1404 4324 1567 4378 quare
1616 4316 1785 4371 vetus,

206 4411 463 4475 audistis;
492 4410 615 4479 quia
648 4408 756 4477 jam
786 4404 908 4459 illud
940 4402 1227 4457 noveratis.
1258 4401 1433 4466 Quare
1472 4407 1649 4451 autem
1695 4414 1791 4450 no-

205 4502 363 4555 vum?
398 4502 534 4568 Quia
563 4500 775 4553 tenebrat
802 4498 1126 4557 transierunt,
1152 4502 1197 4546 et
1228 4492 1319 4545 lux
1356 4506 1473 4543 vera
1496 4490 1612 4559 jam
1638 4489 1786 4541 lucet.

207 4594 339 4647 Ecce
361 4593 506 4647 unde
533 4606 726 4645 novum
766 4608 779 4642 :
810 4590 930 4658 quia
963 4587 1191 4641 tenebrae
1220 4583 1286 4637 ad
1326 4596 1562 4636 veterem
1612 4580 1788 4634 homi—

207 4701 346 4751 nem,
379 4688 470 4740 lux
510 4700 639 4739 vero
664 4685 729 4738 ad
754 4699 948 4738 novum
981 4682 1227 4749 pertinet.
1252 4678 1385 4745 Quid
1412 4676 1542 4732 dicit
1579 4685 1790 4744 aposto~

207 4778 282 4833 lus
302 4780 536 4833 Paulus?
580 4778 763 4832 Exuite
804 4793 889 4830 vos
925 4784 1135 4827 veterem
1178 4773 1459 4837 hominem,
1502 4779 1547 4823 ct
1597 4768 1793 4822 induite

208 4887 385 4924 novum
411 4869 632 4941 (Coloss.
662 4885 739 4934 ιιι,
762 4870 815 4929 9,
841 4867 950 4935 10).
984 4867 1047 4919 Et
1067 4866 1257 4919 iterum
1282 4861 1406 4931 quid
1439 4860 1601 4915 dicit?
1628 4857 1789 4913 Fuis-

210 4962 267 5014 tis
320 4960 596 5031 aliquando
637 4958 881 5023 tenebrat;
930 4972 1063 5010 nunc
1129 4964 1296 5008 autem
1338 4953 1427 5006 lua:
1465 4952 1520 5005 in
1570 4949 1789 5005 Domino
1828 4981 1852 4995 ο

211 5051 422 5123 (Ephes.
454 5068 505 5116 v,
539 5050 615 5119 8).

276 5145 359 5198 Η.
406 5143 506 5211 Qui
528 5143 646 5195 dicit
667 5159 720 5195 se
747 5158 853 5195 esse
872 5141 922 5193 in
951 5139 1174 5203 lumine;
1205 5135 1364 5192 modo
1390 5133 1692 5189 manifestat
1710 5141 1791 5187 to-

210 5244 312 5290 tum
338 5236 482 5307 quod
511 5237 674 5291 dixit:
712 5236 811 5302 Qui
838 5234 958 5287 dicit
986 5250 1038 5288 se
1065 5248 1169 5286 esse
1207 5233 1259 5285 in
1308 5232 1526 5295 lumine,
1579 5238 1626 5282 et
1677 5229 1788 5297 fra—

212 5342 328 5387 trem
353 5352 501 5389 suum
526 5335 652 5397 odit,
681 5332 966 5386 intenebris
990 5340 1063 5385 est
1092 5344 1248 5398 usque
1292 5327 1477 5379 adhuc.
1514 5325 1639 5389 Eia,
1684 5324 1788 5379 fra—

209 5432 314 5481 tres
337 5428 460 5491 mei,
491 5426 745 5496 quamdiu
788 5425 1024 5478 dicemus
1058 5422 1243 5485 vobis,
1300 5417 1507 5489 Diligite
1558 5417 1787 5469 inimicos

212 5514 413 5583 (Matth.
446 5536 500 5587 v,
535 5517 663 5590 ιω
694 5518 898 5582 Videte,
931 5515 1070 5585 quod
1100 5515 1248 5585 pejus
1268 5524 1367 5576 est,
1387 5528 1451 5564 ne
1477 5510 1651 5563 adhuc
1676 5508 1785 5561 fra—

211 5620 312 5669 tres
335 5616 573 5670 oderitis.
605 5615 658 5669 Si
684 5615 871 5668 fratres
892 5612 1064 5673 solum
1083 5610 1353 5674 amaretis,
1380 5606 1613 5661 nondum
1636 5618 1785 5659 esse-

269 5790 286 5822 ¹
310 5796 361 5842 ιιι
379 5800 587 5850 quatuor
601 5798 731 5854 κει,
750 5789 858 5856 ipsa
874 5788 949 5840 via
969 5794 1039 5841 est
1060 5784 1288 5840 charitas.

1379 325 1787 385 TRACTATUS
1823 328 1865 383 ι.
1902 327 2098 385 CAPP.
2139 331 2160 387 Ι
2197 330 2285 386 ΕΤ
2323 330 2385 385 ll.

3326 333 3463 392 I986

1895 441 1962 494 tis
1988 441 2204 510 perfecti
2240 460 2251 495 :
2280 444 2324 497 si
2348 452 2522 497 autem
2550 442 2738 499 fratres
2765 442 2981 509 oditis‘,
3012 442 3136 514 quid
3166 444 3328 500 estis?
3375 447 3465 502 ubi

1891 533 2058 589 estis?
2078 535 2342 605 Respiciat
2384 538 2745 607 unusquisque
2773 552 2865 592 cor
2894 552 3047 591 suum
3079 556 3092 591 :
3131 552 3233 593 non
3287 548 3469 594 teneat

1892 626 2069 681 odium
2090 636 2271 681 contra
2297 629 2506 683 fratreir
2532 644 2628 698 pro
2646 630 2822 699 aliquo
2843 629 3006 685 verbo
3026 628 3189 693 duro;
3211 644 3306 698 pro
3326 646 3459 684 con-

1894 720 2129 777 tentione
2151 732 2327 786 terrae,
2357 738 2423 777 ne
2453 723 2542 777 fiat
2569 733 2729 777 terra.
2762 723 3011 793 Quisquis
3036 723 3179 777 enim
3209 723 3322 778 odit
3364 724 3472 776 fra-

1895 822 2029 869 trem
2056 830 2231 881 suum,
2263 832 2367 869 non
2389 816 2527 871 dicat
2547 818 2667 884 quia
2697 818 2749 871 in
2778 817 2977 873 lumine
3021 818 3272 873 ambulat.
3333 818 3471 887 Quid

1894 904 2034 959 dixi?
2050 921 2154 960 non
2177 905 2317 960 dicat
2332 906 2452 976 quia
2464 905 2518 961 in
2531 907 2743 963 Christo
2763 910 3014 964 ambulat.
3037 908 3137 976 Qui
3157 910 3278 963 dicit
3299 926 3351 963 se
3368 926 3474 963 esse

1892 994 1947 1048 in
1960 996 2091 1062 luce,
2106 1005 2150 1049 et
2163 998 2268 1050 odit
2288 996 2498 1067 fratrem
2513 1014 2681 1065 suum,
2697 999 2747 1052 in
2771 1000 2980 1055 tenebris
3008 1009 3080 1053 est
3103 1017 3259 1071 usque
3282 1000 3471 1055 adhuc.

1893 1085 2083 1142 Nescio
2109 1088 2226 1158 quis
2245 1090 2385 1143 enim
2408 1104 2475 1143 ex
2493 1105 2699 1159 pagano
2718 1090 2887 1147 factus
2908 1101 2992 1148 est
3011 1092 3359 1159 Christianus;
3393 1094 3474 1149 in-

1895 1180 2128 1236 tendite:
2159 1195 2284 1235 ecce
2312 1181 2365 1235 in
2389 1181 2622 1239 tenebris
2649 1192 2763 1237 erat
2790 1226 2804 1250 ,
2830 1185 3038 1253 quando
3074 1201 3306 1255 paganus
3336 1197 3473 1253 erat;

1895 1274 2056 1328 modo
2069 1274 2177 1345 jam
2206 1275 2524 1330 christianus
2550 1275 2717 1330 factus
2736 1285 2849 1343 est;
2882 1277 2990 1331 Deo
3017 1279 3232 1347 gratias,
3287 1292 3474 1333 omnes

1895 1368 2223 1438 gratulantur
2268 1383 2281 1419 :
2323 1367 2576 1422 recitatur
2610 1368 2895 1437 Apostolus
2939 1368 3227 1438 gratulans.
3282 1367 3476 1423 Fuistis

1896 1460 2026 1513 enim
2061 1459 2334 1532 aliquando
2359 1460 2606 1525 tenebras;
2651 1476 2781 1513 nunc
2807 1470 2975 1514 autem
3019 1461 3110 1514 lux
3144 1462 3199 1514 in
3234 1460 3473 1514 Domino.

1895 1550 2165 1605 Adorabat
2186 1552 2319 1606 idola
2331 1595 2344 1618 ,
2360 1552 2548 1607 adorat
2566 1552 2734 1607 Deum
2752 1569 2765 1617 ;
2781 1552 3034 1607 adorabat
3051 1566 3167 1621 quae
3183 1551 3325 1617 fecit,
3350 1551 3478 1607 ado-

1896 1655 1979 1699 rat
2001 1646 2089 1714 qui
2121 1660 2242 1700 eum
2272 1644 2415 1700 fecit.
2446 1646 2672 1699 Mutatus
2700 1654 2811 1709 est;
2855 1645 2964 1699 Deo
3004 1645 3233 1714 gratias,
3289 1659 3477 1699 omnes

1894 1738 2224 1806 gratulantur
2248 1736 2556 1791 Christiani.
2586 1736 2795 1803 Quare?
2820 1735 2950 1801 Quia
2976 1736 3085 1805 jam
3115 1735 3361 1789 adorator
3381 1736 3480 1789 Pa-

1898 1829 1993 1883 tris
2014 1837 2068 1884 et
2086 1829 2205 1883 Filii
2236 1840 2289 1883 et
2307 1828 2536 1899 Spiritus
2556 1832 2756 1893 sancti,
2790 1837 2844 1884 et
2864 1828 3155 1882 detestator
3180 1827 3476 1881 daemonio-

1896 1939 2015 1977 rum
2056 1932 2111 1978 et
2162 1923 2421 1977 idolorum
2458 1931 2557 1979 est.
2613 1921 2801 1976 Adhuc
2849 1919 2917 1976 de
2960 1921 3063 1975 isto
3105 1919 3339 1974 Joannes
3375 1919 3485 1974 sol-

1898 2015 2073 2069 licitus
2112 2024 2226 2081 est,
2283 2015 2463 2069 multis
2529 2014 2914 2086 gratulantibus
2980 2012 3152 2067 adhuc
3204 2020 3483 2081 suspectus

1896 2115 1999 2163 est.
2031 2107 2263 2173 Fratres,
2311 2116 2605 2162 maternam
2651 2104 3056 2161 sollicitudinem
3112 2104 3337 2159 libenter
3376 2119 3483 2158 am-

1898 2202 2210 2272 pIeCtamur.
2267 2200 2381 2255 Non
2419 2201 2533 2254 sine
2588 2213 2746 2254 causa
2799 2207 2969 2252 mater
3010 2197 3233 2251 sollicita
3278 2204 3362 2251 est
3414 2195 3482 2251 de

1899 2296 2069 2360 nobis,
2104 2310 2225 2348 cum
2250 2294 2338 2347 alii
2365 2292 2633 2363 gaudent:
2682 2300 2903 2345 matrem
2951 2289 3073 2344 dico
3115 2290 3428 2343 charitatem
3462 2304 3483 2353 ;‘

1900 2390 2013 2460 ipsa
2044 2389 2191 2443 enim
2216 2387 2490 2442 habitabat
2516 2386 2566 2439 in
2596 2384 2758 2439 corde
2783 2383 3022 2447 Joannis,
3056 2397 3176 2437 cum
3198 2382 3297 2435 ista
3341 2381 3485 2436 dice-

1899 2492 1998 2537 ret.
2028 2483 2222 2551 Quare,
2256 2481 2354 2535 nisi
2385 2480 2507 2549 quia
2535 2477 2732 2548 aliquid
2764 2479 2914 2531 timet
2948 2477 2997 2529 in
3022 2476 3174 2530 nobis
3196 2517 3210 2542 ,
3265 2483 3319 2528 et
3363 2489 3482 2528 cum

1894 2575 2005 2643 jam
2034 2574 2186 2627 nobis
2231 2572 2474 2626 homines
2500 2568 2863 2641 gratulantur?
2917 2566 3051 2636 Quid
3102 2576 3185 2620 est
3240 2565 3379 2635 quod
3419 2565 3485 2618 ti-

1898 2667 2042 2722 met?
2076 2667 2177 2733 Qui
2197 2666 2319 2718 dicit
2341 2682 2394 2719 se
2420 2664 2599 2717 essein
2636 2662 2843 2715 lumine.
2888 2660 3026 2729 Quid
3077 2669 3159 2715 est
3203 2659 3343 2715 hoc?
3382 2658 3482 2727 Qui

1895 2759 2002 2829 jam
2030 2758 2158 2812 dicit
2179 2772 2236 2811 se
2265 2772 2384 2811 esse
2411 2755 2756 2811 christianum
2792 2772 2807 2807 :
2840 2762 2884 2805 et
2912 2756 3117 2821 fratrem
3164 2769 3311 2805 suum
3354 2752 3481 2817 odit,

1896 2850 1948 2903 in
1993 2849 2203 2903 tenebris
2246 2858 2317 2902 est
2376 2863 2531 2917 usque
2577 2845 2764 2897 adhuc.
2826 2842 2977 2911 Quod
3038 2857 3305 2912 exponere
3375 2855 3480 2895 non

1898 2952 2015 3006 est;
2048 2940 2139 2996 sed
2167 2939 2308 3011 quod
2328 2937 2561 3010 gaudere
2593 2936 2638 2991 si
2662 2952 2765 2991 non
2798 2933 2917 2997 fiat,
2948 2943 3040 2989 ant
3057 2933 3198 3004 quod
3231 2933 3479 3002 plangere

1896 3034 1940 3088 si
1974 3034 2081 3088 fiat.
2342 3016 2347 3021 ’

1968 3126 2053 3180 12.
2083 3124 2183 3193 Qui
2201 3124 2365 3195 diligit
2387 3123 2595 3193 fratrem
2614 3137 2782 3186 suum,
2799 3120 2853 3174 in
2868 3119 3053 3173 lumine
3069 3128 3252 3182 manet,
3277 3128 3321 3173 et
3341 3135 3487 3173 scan-

1896 3220 2070 3273 dalum
2094 3220 2148 3271 in
2167 3234 2224 3273 eo
2254 3234 2353 3271 non
2384 3224 2474 3271 est.
2499 3214 2731 3269 Obsecro
2747 3229 2841 3282 per
2870 3212 3135 3268 Christum
3159 3229 3172 3277 ;
3209 3213 3484 3281 pascilnos

1897 3312 2057 3376 Deus,
2084 3308 2333 3365 refecturi
2358 3322 2543 3361 sumus
2566 3321 2789 3376 corpora
2836 3306 2887 3359 in
2934 3303 3149 3360 nomine
3187 3301 3405 3371 Christi,
3434 3313 3488 3358 et

1895 3406 2219 3473 aliquantqu
2254 3401 2449 3456 refecta
2472 3409 2611 3466 sunt,
2637 3408 2691 3455 et
2716 3398 2996 3454 reficienda
3033 3408 3154 3453 sunt
3180 3414 3195 3463 ;
3226 3413 3376 3454 mens
3401 3413 3490 3453 no-

1894 3505 2003 3551 stra
2028 3506 2292 3566 pascatur.
2323 3493 2438 3548 Non
2464 3493 2586 3563 quia
2629 3492 2719 3547 diu
2759 3492 2996 3546 dicturus
3023 3506 3161 3557 sum,
3189 3491 3341 3556 dico;
3364 3506 3485 3545 nam

1895 3604 2019 3643 ecce
2063 3588 2173 3658 jam
2205 3588 2384 3641 ﬁnitur
2410 3587 2601 3641 lectio:
2636 3585 2727 3640 sed
2756 3601 2823 3639 ne
2854 3586 2985 3639 forte
3021 3600 3087 3638 ex
3114 3584 3274 3638 taedio
3312 3584 3487 3638 minus

1894 3691 2093 3736 attente
2113 3682 2386 3735 audiamus
2431 3679 2572 3750 quod
2604 3680 2833 3734 maxime
2877 3678 3232 3733 necessarium
3255 3687 3354 3732 est.
3387 3678 3489 3743 Qui

1894 3772 2058 3842 diligit
2083 3776 2289 3840 fratrem
2334 3787 2500 3835 suum,
2547 3770 2602 3822 in
2642 3768 2829 3822 lumine
2879 3778 3063 3832 manet,
3093 3776 3139 3820 et
3183 3767 3481 3821 scandalum

1894 3866 1947 3918 in
1973 3880 2030 3916 eo
2058 3880 2158 3917 non
2187 3872 2278 3916 est.
2305 3862 2402 3930 Qui
2434 3870 2558 3915 sunt
2596 3861 2684 3930 qui
2727 3862 2996 3929 patiuntur
3022 3858 3350 3923 scandalum,
3385 3867 3481 3913 aut

1894 3955 2133 4011 faciunt?
2159 3954 2257 4023 Qui
2279 3952 2699 4008 scandalizantur
2728 3952 2780 4005 in
2819 3949 3032 4007 Christo
3061 3959 3113 4006 et
3143 3950 3194 4003 in
3224 3950 3481 4005 Ecclesia.

1894 4045 1993 4116 Qui
2016 4048 2066 4101 in
2083 4046 2296 4101 Christo
2310 4044 3006 4113 scandalizantur,tanquam
3020 4058 3050 4095 a
3075 4042 3191 4096 sole
3225 4052 3481 4109 uruntur;

1895 4142 1982 4211 qui
2013 4142 2063 4195 in
2084 4139 2340 4204 Ecclesia,
2375 4146 2621 4206 tanquam
2646 4151 2678 4190 a
2701 4137 2841 4190 luna.
2862 4134 2999 4189 Dicit
3024 4143 3201 4189 autem
3225 4134 3488 4189 Psalmus-

1898 4233 1999 4287 Per
2025 4234 2155 4285 diem
2180 4230 2255 4284 sol
2286 4246 2385 4284 non
2406 4238 2513 4283 uret
2534 4237 2599 4294 te,
2629 4243 2784 4296 neque
2810 4227 2928 4280 luna
2955 4242 3042 4295 per
3080 4235 3272 4279 noctem
3299 4223 3481 4296 (Psal.

1895 4342 2017 4393 cxx,
2046 4325 2079 4381 6
2103 4326 2121 4391 )
2147 4343 2160 4378 :
2191 4324 2243 4379 id
2263 4332 2360 4389 est,
2389 4322 2444 4376 Si
2464 4321 2698 4377 tenueris
2718 4319 3049 4383 charitatem,
3075 4333 3172 4372 nec
3198 4318 3250 4372 in
3266 4315 3485 4373 Christo

1896 4420 2201 4477 scandalum
2219 4417 2452 4487 patieris,
2478 4431 2576 4469 nec
2602 4415 2654 4469 in
2680 4412 2941 4473 Ecclesia;
2972 4427 3068 4468 nec
3092 4410 3363 4467 Christum
3390 4428 3479 4466 re-

1896 4515 2237 4583 linques,nec
2268 4508 2577 4564 Ecclesiam.
2602 4506 2701 4574 Qui
2727 4506 2868 4560 enim
2898 4504 3187 4558 Ecclesiam
3212 4504 3480 4573 relinquit,

1896 4603 2161 4676 quomodo
2191 4610 2273 4656 est
2298 4602 2349 4654 in
2376 4599 2610 4663 Christo,
2639 4597 2728 4666 qui
2774 4597 2825 4649 in
2856 4595 3107 4650 membris
3145 4594 3341 4649 Christi
3372 4608 3479 4648 non

1897 4696 2019 4752 est?
2047 4692 2313 4765 quomodo
2342 4698 2424 4745 est
2453 4690 2503 4743 in
2534 4688 2767 4752 Christo,
2793 4687 2885 4757 qui
2935 4687 2988 4741 in
3018 4700 3243 4755 corpore
3281 4683 3481 4739 Christi

1895 4787 2139 4846 nonest?
2167 4786 2243 4840 Illi
2272 4799 2399 4853 ergo
2414 4782 2684 4853 patiuntur
2709 4778 3034 4845 scandalum,
3060 4777 3148 4847 qui
3176 4776 3484 4846 relinquunt

1895 4891 1986 4936 aut
2007 4879 2277 4934 Christum
2325 4880 2416 4926 aut
2468 4871 2784 4926 Ecclesiam.
2809 4867 2963 4924 Unde
2987 4866 3331 4936 intelligimus
3358 4866 3482 4936 quia

1896 4974 2018 5028 inde
2040 4971 2173 5027 dixit
2201 4969 2467 5033 Psalmus,
2498 4963 2603 5019 Per
2623 4966 2755 5018 diem
2775 4963 2851 5017 sol
2872 4979 2973 5016 non
2992 4971 3099 5015 uret
3120 4970 3187 5027 te,
3216 4976 3370 5030 neque
3399 4958 3481 5013 lac

1896 5084 1962 5121 na
2001 5082 2089 5136 per
2132 5072 2344 5128 noctem,
2392 5059 2511 5131 quia
2561 5060 2727 5129 ipsam
2754 5058 3012 5110 ustionem
3040 5052 3343 5108 scandalum
3370 5051 3482 5107 vult

1895 5157 2159 5229 intelligi?
2189 5156 2366 5212 Primo
2388 5155 2554 5223 ipsam
2583 5149 2975 5206 similitudinem
2993 5145 3481 5215 attende.Quomo-

1894 5252 1963 5307 do
1991 5250 2081 5322 qui
2107 5249 2275 5304 uritur
2299 5247 2443 5311 dicit,
2473 5244 2587 5300 Non
2637 5244 2823 5306 tolero,
2852 5256 2958 5294 non
2986 5239 3117 5302 fero,
3145 5248 3199 5293 et
3236 5237 3483 5293 subducit

1894 5359 1952 5398 se
1980 5361 1993 5396 :
2025 5343 2103 5396 sic
2123 5340 2209 5410 qui
2239 5338 2479 5409 quaedam
2502 5350 2607 5391 non
2632 5333 2805 5389 ferunt
2831 5332 2883 5386 in
2913 5329 3170 5395 Ecclesia,
3192 5337 3249 5385 et
3274 5329 3483 5383 subtra-

1896 5435 2028 5490 hunt
2054 5449 2112 5487 se
2157 5431 2239 5487 vel
2274 5430 2473 5485 nomini
2510 5426 2707 5483 Christi
2735 5425 2817 5478 vel
2846 5422 3117 5487 Ecclesiae,
3168 5421 3479 5477 scandalum

1958 5589 1975 5621 ί
2002 5586 2119 5637 [aditi
2148 5583 2227 5633 hic
2251 5592 2302 5633 et
2325 5583 2373 5630 in
2389 5580 2531 5629 variis
2552 5574 2669 5627 locis
2690 5584 2995 5633 tractatuum,
3024 5586 3149 5637 nunc
3171 5571 3330 5633 oditis,
3350 5586 3481 5625 nunc

1892 5636 2283 5703 oderitisteruut.
2304 5652 2398 5701 En,
2424 5644 2517 5702 hic,
2550 5638 2711 5690 aditis.
2738 5647 2868 5700 Lov.,
2903 5636 3122 5703 oderitis,
3158 5637 3248 5703 sed
3271 5644 3479 5699 quatuor

1892 5696 2173 5779 apud—ipsos
2213 5715 2341 5779 Iussu
2363 5696 2519 5779 aditis,
2559 5711 2611 5753 et
2631 5716 2759 5753 unus
2782 5696 2883 5764 tusi,
2905 5696 3090 5751 odistis.
3109 5696 3262 5763 Lugd.
3289 5696 3341 5751 et
3358 5706 3478 5751 Ven.

1891 5769 2115 5830 siautem
2396 5776 2451 5817 Μ.
