4076 6468
526 386 731 469 "tas7

595 514 889 584 patiuntur.
906 510 1097 568 Videte
1136 510 1285 569 enim
1329 507 1595 579 quomodo
1626 504 1771 576 passi
1799 513 1933 561 sunt
1952 504 2178 561 scanda—

592 604 701 663 lum
741 613 1049 676 tanquama
1089 602 1203 665 sole
1243 601 1597 667 illicarnalcs,
1618 598 1811 670 quibus
1856 596 2178 668 prtedicabnt

589 712 811 753 carnem
825 710 975 752 suam
998 694 1263 757 Christus,
1292 700 1345 749 et
1363 690 1604 747 dicebat:
1634 689 1734 756 Qui
1761 705 1867 760 non
1893 690 2175 747 manduca—

590 790 941 847 veritcarnem
979 784 1107 840 Filii
1132 783 1440 847 hominis,et
1485 780 1665 837 biberis
1704 782 1814 855 ejus
1855 780 2177 851 sanguinem,

590 897 693 941 non
714 878 907 936 habebit
926 878 983 933 in
1003 894 1057 931 se
1078 878 1255 933 vitam
1273 873 1615 945 Septuaginta
1638 872 1803 929 ferme
1824 872 2066 929 homines
2089 872 2174 929 di-
2203 891 2222 899 -

591 979 800 1036 xerunt,
847 968 1021 1025 Durus
1048 976 1127 1022 est.
1164 966 1244 1020 Itic
1273 979 1478 1045 sermo;
1504 973 1558 1019 et
1604 971 1949 1021 recesserunt.
1966 962 2040 1016 ab
2060 977 2125 1018 eo
2154 979 2175 1016 ε

588 1072 651 1119 et
668 1066 1039 1119 remanserunt
1049 1044 1357 1115 duodecim.
1379 1044 1579 1115 Omnes
1600 1055 1720 1111 illos
1736 1055 1870 1111 ussit
1886 1055 1987 1119 sol,
2011 1061 2069 1110 et
2088 1068 2179 1111 rev

587 1158 882 1217 cesserunt,
912 1162 1019 1203 non
1046 1148 1281 1203 valentes
1301 1145 1442 1202 ferre
1465 1146 1570 1201 vim
1589 1145 1757 1202 verbi.
1780 1137 2177 1223 Romansesuut

587 1258 714 1314 ergo
761 1239 1059 1297 duodecim.
1111 1238 1187 1294 Et.
1211 1253 1277 1293 ne
1297 1236 1439 1292 forte
1482 1243 1726 1307 putarent
1766 1234 2010 1291 homines
2051 1235 2173 1306 quia

587 1334 689 1406 ίρεί
739 1339 995 1404 praestant
1018 1329 1227 1386 Christo
1259 1328 1527 1385 credendo
1569 1328 1620 1382 in
1645 1325 1939 1395 Christum,
1984 1334 2040 1382 et
2067 1342 2173 1382 non
2207 1341 2235 1361 ιε

586 1426 653 1480 ab
686 1426 805 1496 ipso
855 1423 962 1479 illis
1010 1430 1291 1493 prmstatur
1336 1419 1688 1486 beneficium;
1737 1433 1858 1474 cum
1893 1418 2171 1475 duodecim

584 1516 990 1581 remansissent,
1014 1514 1088 1568 ait
1111 1514 1217 1568 illis
1241 1513 1501 1568 Dominus
1528 1530 1544 1567 :
1577 1508 1851 1579 Numquid
1869 1519 1917 1565 et
1941 1526 2026 1566 vos
2050 1511 2170 1566 vulc

586 1608 649 1665 tis
668 1607 787 1663 ire?
812 1605 882 1663 Ut
927 1605 1180 1660 noveritis
1209 1604 1332 1673 quia
1357 1604 1507 1657 vobis
1536 1602 1869 1658 necessarius
1902 1615 2002 1672 ego
2027 1615 2175 1668 sum,

582 1714 690 1771 non
713 1712 813 1755 vos
837 1696 985 1755 mihi.
1016 1696 1093 1751 illi
1108 1705 1294 1751 autem.
1312 1708 1445 1765 quos
1472 1708 1577 1748 non
1600 1701 1806 1749 usserat
1827 1693 1927 1758 sol,
1954 1706 2173 1761 respon-

585 1792 778 1853 derunt
825 1806 891 1846 ex
940 1804 1071 1845 voce
1118 1788 1263 1843 Petri
1297 1804 1310 1842 :
1345 1786 1579 1853 Domine,
1609 1784 1813 1845 verbum
1837 1785 1959 1840 vitm
1974 1794 2173 1840 (eterna:
2202 1809 2225 1818 υ

585 1884 735 1945 habes
758 1900 777 1948 ;
800 1898 897 1955 quo
944 1881 1124 1945 ibimus
1143 1877 1335 1953 (Joan.
1366 1894 1447 1944 v1,
1497 1879 1591 1934 54-
1618 1878 1686 1933 69
1712 1875 1772 1951 )?
1800 1877 1945 1951 Quos
1992 1886 2172 1935 autem

584 1976 693 2033 urit
711 1974 948 2031 Ecclesia
972 1981 1219 2045 tanquam
1243 1971 1363 2027 luna
1392 1986 1485 2042 per
1510 1970 1756 2025 noctem?
1785 1968 1882 2037 Qui
1908 1969 2171 2024 schisma~

583 2074 636 2122 ta
666 2066 921 2122 fecerunt.
946 2064 1084 2119 Audi
1108 2063 1280 2134 ipsum
1308 2064 1525 2117 verbum
1547 2062 1775 2130 positum
1800 2060 1851 2114 in
1877 2060 2165 2132 Apostolo:

586 2158 725 2228 Quis.
752 2158 1061 2227 inﬁrmatur,
1115 2165 1161 2212 et
1213 2172 1303 2229 ego
1351 2171 1451 2209 non
1496 2155 1729 2222 in/irmor
1757 2154 1909 2225 lquis
1958 2152 2173 2208 scanda-

582 2248 783 2314 lizatur,
839 2258 886 2302 et
933 2264 1023 2318 ego
1063 2263 1162 2301 non
1218 2243 1449 2318 uror(ll
1500 2242 1618 2301 ϐότ’.
1675 2259 1764 2312 x1,
1814 2241 1975 2316 29)?
2023 2241 2168 2312 Quo-

582 2342 741 2398 modo
786 2356 911 2411 ergo
963 2354 1070 2395 non
1141 2347 1223 2394 est
1276 2337 1583 2392 scandalum
1643 2337 1696 2391 in
1746 2350 1812 2391 eo
1859 2335 1948 2406 qui
1998 2332 2173 2404 diligit

582 2434 840 2490 fratrem?
886 2432 1019 2502 Quia
1070 2430 1159 2501 qui
1209 2428 1380 2499 diligit
1442 2425 1702 2494 fratrem,
1759 2426 1949 2482 tolerat
1991 2424 2168 2480 omnia

583 2534 798 2597 propter
821 2524 1075 2578 unitatem
1099 2537 1128 2586 ;,
1147 2521 1267 2590 quia
1290 2521 1342 2574 in
1365 2518 1563 2574 unitate
1582 2517 1854 2573 charitatis
1872 2526 1955 2573 est
1977 2514 2170 2571 frater-

584 2616 909 2674 nadileotio.
940 2612 1173 2669 Oﬂ‘endit
1222 2622 1273 2668 te
1322 2611 1502 2668 nescio
1530 2612 1668 2681 quis,
1701 2612 1811 2665 sive
1836 2610 2027 2675 malus,
2058 2608 2169 2665 sive

581 2718 639 2764 ut
658 2716 715 2763 tu
740 2715 889 2779 putas
919 2706 1108 2779 malus,
1143 2704 1256 2760 sive
1304 2712 1363 2758 ut
1392 2712 1447 2759 tu
1491 2703 1643 2774 lingis
1670 2702 1862 2769 malus,
1888 2711 1940 2757 et
1965 2702 2169 2759 deseris

582 2812 659 2858 tot
702 2801 906 2857 bonos?
934 2800 1114 2871 Qualis
1153 2798 1366 2853 dilectio
1396 2799 1626 2852 fraterna
1657 2807 1758 2861 est,
1791 2796 1965 2868 qualis
2005 2812 2168 2867 appa-

578 2898 685 2953 ruit
707 2898 758 2952 in
778 2896 892 2950 istis
913 2893 1025 2965 (a)?
1051 2894 1180 2947 Cum
1209 2899 1459 2946 accusant
1496 2891 1670 2956 Afros,
1698 2889 2051 2945 deseruerunt
2080 2906 2168 2943 or-

578 2990 698 3045 bem
725 2997 1003 3042 terrarum.
1036 2982 1295 3054 Numquid
1323 2983 1374 3035 in
1406 2982 1536 3037 orbe
1576 2990 1837 3037 terrarum
1863 2981 2029 3037 sancti
2059 2998 2165 3035 non

579 3081 774 3138 erant?
805 3079 910 3139 Aut
954 3076 1177 3132 inauditi
1202 3090 1231 3127 a
1261 3074 1413 3129 vobis
1440 3073 1678 3128 damnari
1706 3072 2031 3145 potuerunt?
2059 3071 2166 3128 Sed

578 3188 612 3228 o
643 3173 687 3228 si
714 3169 1003 3242 diligeretis
1024 3167 1234 3231 fratres,
1269 3164 1574 3220 scandalum
1604 3166 1655 3219 in
1681 3165 1832 3220 vobis
1871 3180 1975 3219 non
2000 3174 2161 3221 esset.

578 3264 713 3319 Audi
742 3262 1030 3326 Psalmum,
1057 3259 1183 3331 quid
1210 3258 1352 3313 dicat
1382 3275 1394 3311 :
1433 3255 1550 3312 Pax
1572 3257 1730 3311 multa
1751 3256 2071 3327 diligentibus
2096 3257 2169 3311 le-

577 3372 688 3427 gem
718 3364 875 3420 tuam,
905 3361 950 3405 et
979 3367 1079 3404 non
1100 3358 1170 3404 est
1186 3349 1255 3403 eis
1283 3346 1581 3403 scandalum
1608 3346 1627 3418 (
1642 3345 1786 3402 Psal.
1809 3362 1988 3411 cxvnl,
2014 3347 2162 3420 165).

577 3446 768 3502 Pacem
825 3443 1044 3497 multam
1082 3439 1216 3495 dixit
1264 3438 1341 3493 eis
1374 3438 1461 3509 qui
1491 3436 1716 3508 diligunt
1758 3438 1928 3511 legem
1963 3438 2076 3503 Dei,
2112 3446 2167 3493 et

578 3540 698 3596 ideo
720 3554 829 3594 non
847 3537 926 3592 eis
949 3549 1069 3590 esse
1108 3531 1433 3588 scandalum.
1466 3526 1544 3584 llli
1572 3546 1698 3602 ergo
1720 3518 1821 3603 qui
1851 3530 2166 3587 scandalum

579 3634 868 3704 patiuntur,
891 3641 1076 3699 pacem
1104 3624 1353 3695 perdunt.
1372 3620 1438 3676 Et
1456 3637 1589 3692 quos
1606 3623 1739 3677 dixit
1760 3636 1862 3678 non
1881 3621 2003 3695 pati'
2017 3639 2169 3679 scan-

579 3724 777 3789 dalum,
800 3729 890 3776 aut
920 3735 1023 3774 non
1049 3715 1262 3772 facere?
1292 3713 1582 3785 Diligentes
1604 3715 1772 3786 legem
1798 3714 1911 3772 Dei.
1945 3715 2087 3787 Ergo
2114 3716 2169 3771 in

579 3817 834 3874 charitatc
858 3814 1012 3886 positi
1042 3820 1185 3866 sunt.
1209 3807 1317 3864 Sed
1355 3808 1482 3863 dicit
1504 3794 1711 3886 aliquis,
1760 3798 1941 3879 Legem
1969 3809 2062 3864 Dei
2089 3809 2171 3863 di-

580 3911 655 3964 xit
680 3882 1013 3978 diligentibus,
1032 3920 1137 3958 non
1162 3903 1372 3957 fratres.
1403 3898 1536 3954 Audi
1562 3882 1688 3969 quid
1711 3898 1969 3955 Dominus
1991 3900 2167 3955 dicat:

585 4000 885 4055 Mandatum
936 4012 1117 4049 novum
1163 3993 1228 4048 do
1273 3984 1427 4058 nobis,
1482 4002 1535 4045 ut
1565 4008 1648 4046 vos
1674 3992 1882 4045 invicem
1926 3990 2167 4063 diligatis.

585 4092 837 4162 Quidlcst
880 4090 985 4152 lex,
1032 4088 1133 4142 nisi
1187 4083 1532 4142 mandatum?
1557 4083 1833 4151 Quomodo
1862 4093 2036 4149 autem
2064 4100 2197 4139 non‘

584 4185 855 4256 patiuntur
873 4179 1195 4243 scandalum,
1228 4178 1330 4233 nisi
1360 4177 1484 4231 dum
1514 4174 1774 4230 salierunt
1794 4176 2017 4230 invicem
2040 4175 2062 4229 ?
2089 4174 2172 4230 Si-

584 4288 672 4334 cut
698 4275 889 4333 Paulus
925 4273 1071 4337 dicit,
1106 4267 1415 4336 Suﬂ'erentes
1439 4267 1646 4321 invicem
1674 4267 1727 4320 in
1752 4265 2036 4335 dilectione,
2066 4276 2172 4321 stu-

583 4368 748 4423 dentes
769 4381 963 4420 servare
989 4362 1230 4416 unitatem
1256 4360 1462 4430 spiritus
1482 4359 1533 4411 in
1548 4357 1743 4410 vinculi)
1754 4357 1907 4425 pacis
1933 4357 1950 4430 (
1976 4346 2167 4428 Eplies.

581 4476 655 4525 tv,
679 4460 734 4524 2,
766 4459 800 4515 3
823 4459 865 4529 ).
896 4454 963 4510 Et
990 4453 1111 4526 quia
1140 4452 1253 4522 ipsa
1282 4458 1364 4504 est
1411 4450 1491 4504 lex
1526 4446 1745 4516 Christi,
1772 4447 2018 4504 eumdem
2047 4446 2171 4506 audi

582 4552 876 4624 apostolum
900 4542 1360 4603 commendantem
1387 4542 1553 4623 ipsam
1582 4541 1784 4612 legem:
1811 4540 2053 4608 Invicem,
2084 4543 2169 4598 in-

580 4647 711 4717 quit,
734 4660 885 4700 onera
904 4650 1064 4696 vestra
1087 4647 1298 4710 portate,
1324 4645 1368 4690 et
1394 4635 1467 4689 sic
1489 4634 1831 4705 adimplebitis
1846 4634 2001 4707 legem
2022 4634 2172 4692 Chri-

579 4738 643 4795 sti
670 4737 688 4810 (
718 4734 887 4790 Colat.
917 4749 991 4799 vr,
1020 4730 1056 4784 2
1077 4732 1116 4798 ).

652 4829 737 4883 15.
781 4825 915 4879 Nam
948 4823 1034 4895 qui
1060 4821 1163 4876 odit
1190 4822 1394 4892 fratrem
1422 4834 1588 4884 suum,
1616 4817 1669 4871 in
1694 4816 1905 4871 tenebris
1924 4825 2015 4883 est,
2047 4826 2092 4872 et
2115 4820 2169 4873 in

582 4918 791 4974 tenebris
817 4915 1059 4981 ambulat,
1088 4923 1133 4966 et
1162 4912 1313 4965 nescit
1335 4926 1433 4980 quo
1455 4919 1552 4963 eat.
1584 4909 1770 4979 Magna
1806 4925 1910 4975 res,
1940 4909 2165 4975 fratres;
2228 4971 2250 4982 _

581 5009 855 5073 attendite,
882 5019 1129 5075 rogamus
1159 5018 1271 5056 vos.
1318 5000 1414 5066 Qui
1432 4998 1546 5054 ‘odit
1580 5004 1786 5072 fratrem
1816 5017 1980 5065 suum,
2013 5000 2063 5052 in
2090 5009 2166 5054 te-
2202 5020 2235 5039 υ

580 5101 742 5157 nebris
757 5097 992 5161 ambulat,
1019 5105 1064 5149 et
1088 5093 1237 5148 nescit
1257 5108 1355 5162 quo
1374 5101 1454 5145 eat
1476 5105 1496 5153 ;
1518 5089 1753 5161 quoniam
1772 5089 1983 5144 tenebras
2003 5104 2166 5143 exca-

496 5262 504 5269 .
581 5199 814 5249 caverunt
855 5188 1022 5244 oculos
1048 5188 1174 5258 ejus.
1206 5182 1340 5253 Quid
1373 5192 1477 5236 tam
1521 5196 1741 5247 coccum,
1768 5196 1923 5252 quam
1967 5176 2051 5234 isti
2078 5178 2179 5250 qui'

582 5283 812 5339 oderunt
854 5277 1080 5333 fratres?
1108 5273 1242 5330 Nam
1280 5282 1336 5327 ut
1361 5268 1615 5326 noveritis
1640 5270 1761 5341 quia
1791 5271 1916 5325 ctcci
1940 5277 2080 5332 sunt,
2113 5264 2167 5322 iii

582 5382 817 5429 montem
843 5369 1194 5426 offenderunt.
1226 5363 1424 5421 Eadem
1450 5346 1592 5427 dico,
1627 5362 1695 5417 ne
1720 5360 1869 5416 vobis
1899 5359 2164 5416 excidant.

582 5456 770 5522 Nonne
796 5461 929 5531 lapis
958 5461 1055 5515 istc
1096 5450 1464 5530 qui‘p‘rtecisus
1491 5462 1574 5511 est
1596 5454 1662 5510 de
1705 5462 1884 5508 monte
1911 5454 2026 5507 sine
2054 5466 2167 5507 ma-
2208 5480 2215 5481 ί

584 5553 761 5621 nibus,
789 5553 1034 5609 Gbristus
1076 5558 1160 5607 est
1203 5548 1273 5605 de
1308 5563 1475 5620 regno
1501 5545 1807 5604 Iudaeorum
1848 5545 1963 5599 sine
2006 5558 2169 5615 opere

582 5644 809 5719 maritali
829 5643 854 5698 i
875 5642 1061 5699 Nonne
1085 5642 1174 5697 ille
1192 5640 1327 5712 lapis
1340 5637 1787 5710 confregitomnia
1800 5649 1969 5706 regna
1998 5644 2171 5691 torreo

583 5755 725 5806 rum,
758 5736 809 5791 id
829 5742 932 5803 est,
968 5748 1155 5790 omnes
1181 5731 1571 5788 dominationes
1607 5728 1866 5785 idolorum
1894 5735 1949 5783 et
1972 5726 2169 5784 daemo-

586 5848 1025 5916 ,(αὶοοωιῑειίει

1314 392 1383 455 IN
1417 388 1796 451 EPISTOLAM
1833 370 2113 445 manans
2149 360 2243 447 An
2279 384 2615 454 maritos,
2658 387 2716 443 s.
2756 384 3123 446 AUGUSTINI

3728 388 3877 447 i988

2282 502 2529 560 nierum?
2566 501 2750 573 Nonne
2793 504 2883 560 ille
2909 503 3044 575 lapis
3089 503 3278 569 crevit,
3309 510 3365 558 et
3389 500 3564 561 factus
3596 509 3683 575 est
3706 517 3877 559 mons

2281 612 2527 668 magnus,
2540 604 2595 651 et
2610 596 2851 667 implevit
2872 598 3187 655 universum
3202 595 3388 650 orbem
3406 604 3667 651 terrarum
3684 591 3866 669 (Dan.

2280 706 2339 757 ι,
2369 690 2459 755 ω,
2489 689 2594 761 55)
2619 688 2645 749 7
2680 686 2949 760 Numquid
2976 689 3145 763 digito
3165 688 3495 745 ostendimus
3514 687 3673 743 istum
3701 702 3874 745 mon-

2278 790 2410 849 tem,
2442 780 2709 853 quomodo
2735 780 3032 837 «mnditia-
3061 780 3361 835 hominibus
3396 779 3551 836 tertia
3576 779 3703 835 luna
3735 777 3816 852 (α)
3838 778 3865 834 ι

2280 872 2441 929 Verbi
2462 872 2652 944 gratia,
2676 870 2887 943 quando
2906 871 3089 927 volunt
3110 869 3354 927 homines
3377 870 3555 926 videre
3572 870 3753 925 lunam
3773 886 3878 925 no-

2277 978 2420 1030 vam.
2448 964 2649 1031 dicunt,
2678 964 2819 1020 Ecce
2860 963 3042 1028 luna‘,
3070 977 3196 1021 eeee
3223 961 3311 1019 ubi
3338 972 3423 1018 est
3448 980 3461 1015 :
3488 970 3544 1017 et
3568 963 3614 1017 si
3639 973 3768 1018 sunt
3800 963 3877 1019 ibi

2278 1057 2373 1128 qni.
2393 1072 2503 1112 non
2525 1057 2734 1113 valeant
2778 1055 3056 1113 intendere
3083 1056 3273 1122 aciem,
3314 1064 3369 1111 et
3391 1055 3597 1122 dicant,
3622 1054 3761 1112 Ubi?
3793 1055 3880 1111 in-

2276 1150 2510 1206 tenditur
2536 1150 2639 1207 illis
2662 1148 2854 1220 digitus
2897 1157 2956 1204 ut
2978 1147 3208 1204 videant.
3257 1148 3554 1219 Aliquando
3585 1146 3715 1203 dum
3741 1163 3877 1203 eru-

2278 1242 2501 1299 bescunt
2525 1257 2593 1297 ne
2621 1241 2749 1297 caeci
2773 1249 3045 1311 putentur,
3071 1239 3256 1295 dicunt
3291 1254 3352 1295 se
3376 1239 3571 1295 vidisse
3594 1238 3734 1311 quod
3764 1254 3879 1295 non

2276 1333 2541 1401 viderunt.
2570 1331 2836 1403 Numquid
2862 1320 2941 1387 sic
2966 1330 3295 1387 ostendimus
3324 1330 3645 1397 Ecclesiam,
3675 1328 3887 1386 fratres

2277 1426 2418 1482 mei?
2444 1424 2632 1481 Nonne
2671 1434 2854 1497 aperta
2881 1424 3005 1496 est?
3037 1439 3213 1481 nonne
3241 1422 3556 1478 manifesta?
3587 1437 3768 1479 nonne
3797 1431 3882 1476 te-

2278 1520 2392 1572 nuit
2438 1531 2626 1573 omnes
2676 1516 2901 1588 gentes?
2932 1530 3110 1570 nonne
3153 1514 3404 1584 impletur
3448 1512 3588 1584 quod
3634 1521 3761 1568 ante
3797 1518 3881 1566 tot

2277 1625 2444 1666 annos
2466 1610 2781 1681 promissum
2804 1616 2888 1664 est
2917 1607 3165 1672 Abrahae,
3192 1607 3244 1661 in
3272 1606 3476 1660 semine
3502 1604 3617 1674 ejus
3643 1603 3877 1659 benedi-

2276 1702 2326 1757 ci
2350 1716 2534 1756 omnes
2549 1709 2735 1769 gentes
2750 1697 2909 1773 (Gen.
2933 1696 3217 1769 n11.18)?
3245 1694 3350 1753 Uni
3377 1694 3518 1750 ﬁdeli
3541 1694 3878 1767 promissum

2276 1800 2383 1858 est,
2408 1800 2461 1845 et
2489 1791 2720 1845 millibus
2749 1788 2980 1844 fidelium
3030 1786 3261 1843 mundus
3294 1786 3545 1855 impletus
3591 1793 3695 1840 est.
3729 1784 3878 1839 Ecce

2276 1898 2432 1943 mons
2480 1883 2708 1953 implens
2750 1882 3048 1939 universam
3076 1878 3265 1934 faciem
3298 1887 3456 1933 terra:
3484 1894 3498 1932 :
3531 1891 3657 1932 ecce
3679 1875 3878 1931 civitas

2276 1977 2345 2034 de
2379 1992 2482 2048 qua
2511 1976 2710 2033 dictum
2736 1982 2839 2041 est,
2870 1972 2991 2027 Non
3043 1981 3203 2042 potest
3240 1969 3414 2025 civitas
3445 1967 3684 2024 abscondi
3718 1983 3879 2038 super

2276 2079 2495 2125 montem
2519 2068 2786 2123 constituta
2803 2065 3022 2138 (Matth.
3054 2080 3107 2132 v,
3138 2065 3205 2119 M
3221 2061 3265 2135 ).
3290 2063 3369 2119 illi
3391 2064 3568 2143 autem
3586 2059 3875 2147 offendunt

2277 2162 2331 2219 in
2374 2169 2631 2217 montem.
2675 2158 2747 2215 Et
2784 2136 2915 2213 cum.
2935 2158 3016 2229 eis
3041 2150 3257 2231 dicitur,
3290 2136 3616 2218 Ascendite;
3646 2136 3765 2208 Non
3791 2160 3879 2209 est

2200 2259 2233 2277 "
2276 2267 2453 2319 mons,
2482 2251 2785 2325 dicuntmt
2803 2248 3005 2306 facilius
3025 2248 3149 2305 illuc
3164 2244 3350 2303 faciem
3377 2245 3692 2317 impingunt,
3709 2256 3875 2314 quam

2276 2346 2382 2402 illic
2412 2344 2767 2401 habitaculum
2793 2351 3053 2413 quaerunt.
3088 2341 3250 2417 Isaias
3302 2340 3549 2395 hesterna
3587 2338 3674 2407 die
3699 2337 3878 2417 lectus

2275 2446 2391 2502 est;
2446 2435 2684 2506 quisquis
2720 2414 3249 2507 vestrum'vigilabat,
3277 2446 3380 2484 non
3433 2420 3605 2484 oculis
3637 2414 3874 2494 tantam,

2274 2529 2369 2585 sed
2392 2544 2538 2594 aure,
2565 2543 2663 2584 nec
2683 2543 2811 2583 aure
2830 2526 3095 2597 corporis,
3109 2524 3203 2579 sed
3224 2540 3353 2579 aure
3382 2522 3585 2599 cordis,
3606 2520 3869 2587 advertit,

2272 2620 2389 2677 Erit
2410 2620 2464 2674 in
2487 2618 2768 2675 novissimis
2808 2618 2978 2672 diebus
3007 2614 3303 2685 manifestus
3327 2631 3469 2670 mons
3488 2600 3666 2669 domus
3692 2611 3880 2668 Domi-

2273 2714 2349 2781 ni,
2377 2722 2587 2786 paratus
2607 2713 2662 2766 in
2686 2713 2941 2766 cacumine
2963 2710 3223 2763 montium.
3242 2707 3377 2777 Quid
3403 2692 3509 2761 tam
3532 2703 3877 2761 manifestum

2271 2823 2430 2879 quam
2461 2807 2654 2867 mons?
2682 2806 2787 2863 Sed
2826 2814 2948 2861 sunt
2976 2812 3030 2859 et
3074 2812 3283 2859 montes
3310 2801 3495 2872 ignoti,
3533 2786 3653 2870 quia
3685 2799 3737 2852 in
3765 2812 3876 2854 una

2277 2908 2428 2970 parte
2457 2908 2716 2957 terrarum
2748 2896 2904 2968 positi
2934 2904 3078 2950 sunt.
3106 2892 3236 2962 Quis
3265 2901 3497 2947 vestrum
3526 2890 3672 2944 novit
3695 2887 3881 2961 Olym-

2271 3006 2398 3061 pum
2423 2988 2699 3057 montem?
2720 2984 2988 3059 quomodo
3009 2985 3080 3041 ibi
3108 2985 3197 3054 qui
3229 2982 3467 3037 habitant
3491 3022 3507 3047 ,
3539 2978 3838 3035 Giddabam
3853 2979 3875 3010 ⁸

2269 3093 2508 3140 nostrum
2556 3097 2667 3156 non
2713 3089 2927 3138 norunt.
2977 3078 3035 3135 In
3067 3076 3308 3150 partibus
3346 3080 3470 3132 sunt
3510 3073 3595 3127 isti
3636 3080 3875 3127 montes.

2270 3175 2373 3235 ille.
2392 3184 2568 3237 autem
2598 3187 2753 3229 mons
2780 3188 2889 3229 non
2914 3172 3013 3238 sic,
3030 3169 3156 3245 quia
3182 3168 3421 3241 implevit
3449 3166 3749 3223 universam
3788 3163 3877 3218 fa-

2270 3268 2407 3325 ciem
2432 3275 2627 3332 terrae;
2659 3274 2712 3319 et
2754 3263 2824 3320 de
2868 3263 2962 3317 illo
3012 3261 3219 3323 dicitur,
3251 3257 3473 3312 Paratus
3515 3257 3567 3311 in
3609 3255 3879 3310 cacumine
3962 3330 3967 3334 δ

2272 3357 2536 3413 montium.
2565 3355 2717 3411 Mons
2743 3363 2824 3409 est
2843 3368 3001 3424 super
3030 3348 3561 3407 cacuminaoumium
3585 3346 3873 3424 montium.

2270 3412 2340 3503 Et
2364 3445 2816 3520 congregabantur,
2844 3412 3035 3514 inquit,
3065 3442 3132 3496 ad
3154 3458 3267 3496 eum
3309 3456 3477 3519 omnes
3517 3412 3872 3509 gentes

2271 3559 2331 3610 ll,
2376 3542 2411 3596 2
2430 3516 2479 3612 ).‘
2502 3516 2631 3610 Quis
2671 3547 2815 3593 errat
2841 3537 2894 3591 in
2924 3537 3022 3589 hoc
3046 3532 3269 3588 monte?
3292 3516 3423 3600 Quis
3457 3516 3875 3600 frangit'faciern

2273 3632 2590 3690 offendendo
2607 3630 2660 3684 in
2684 3619 2869 3684 illum?
2891 3627 3019 3697 Quis
3039 3621 3523 3696 ignoratcivitatem
3545 3624 3876 3690 supertnoni

2277 3735 2383 3782 tem
2413 3725 2753 3780 constitutam
2778 3720 2800 3773 ‘l
2830 3718 2934 3773 Sed
2961 3716 3124 3771 nolite
3146 3713 3326 3768 mirari
3356 3712 3477 3783 quia
3507 3710 3782 3782 ignoratur
3804 3704 3873 3765 ali
3974 3779 3983 3792 ι

2275 3818 2390 3872 istis
2405 3815 2497 3887 qui
2515 3813 2742 3870 oderunt
2763 3810 2953 3865 fratres
2981 3828 2994 3863 :
3018 3807 3141 3877 quia
3160 3807 3212 3859 in
3240 3802 3472 3859 tenebris
3494 3801 3790 3868 ambulant,
3819 3808 3875 3855 et

2276 3909 2522 3965 nesciunt
2541 3920 2646 3975 quo
2683 3911 2837 3967 eant;
2860 3901 2979 3972 quia
3010 3898 3241 3955 tenebrae
3266 3900 3665 3950 excaecaverunt
3684 3892 3871 3946 oculos

2276 4014 2480 4055 eorum.
2513 3974 2743 4050 Montem
2769 4009 2873 4047 non
2896 3991 3077 4045 vident
3108 4008 3121 4043 :
3154 3987 3278 4042 nolo
3301 3984 3531 4051 mireris,
3556 3974 3741 4039 oculos
3764 3998 3872 4037 non

2277 4090 2494 4146 habent.
2517 4085 2671 4144 Unde
2690 4084 2875 4140 oculos
2896 4099 3001 4136 non
3020 4079 3259 4135 habent?
3284 4066 3415 4146 Quia
3434 4075 3666 4155 tenebrat
3692 4090 3871 4130 excae—

2276 4188 2531 4237 caverunt
2573 4192 2685 4233 cos.
2714 4175 2866 4232 Unde
2892 4170 3222 4245 probamus?
3246 4170 3375 4238 Quia
3405 4158 3593 4222 fratres
3618 4158 3868 4233 oderunt,

2274 4273 2397 4344 quia
2414 4285 2536 4326 cum
2551 4266 2889 4323 offenduntur
2910 4264 2963 4318 in
2990 4262 3150 4327 Afris,
3172 4268 3422 4332 separant
3436 4273 3495 4313 se
3518 4258 3584 4312 ab
3605 4258 3737 4312 orbe
3757 4244 3869 4311 ter:
3920 4268 3927 4330 ξ

2277 4380 2455 4420 rarum
2492 4362 2612 4433 quia
2657 4374 2764 4414 non
2800 4356 3025 4412 tolerant
3045 4369 3141 4424 pro
3179 4366 3306 4423 pace
3334 4348 3527 4404 Christi
3560 4363 3695 4419 quos
3732 4347 3867 4403 infa-
3918 4406 3923 4433 Ξ

2274 4467 2424 4519 mant
2436 4423 2534 4533 (b),
2548 4456 2945 4521 ettolerantpro
2962 4458 3110 4520 parte
3123 4447 3312 4503 Donati
3324 4460 3458 4515 quos
3472 4443 3729 4499 damnant
3740 4441 3843 4513 (c).
3917 4423 3929 4438 ’

2811 4539 3220 4599 TRACTATUS
3258 4537 3321 4590 ll.

2275 4616 2351 4686 Ab
2375 4646 2432 4685 eo
2458 4623 2721 4692 versiculo,
2752 4621 2941 4677 Scribo
2990 4618 3158 4683 vobis,
3211 4615 3379 4680 ﬁlioli,
3412 4613 3531 4684 quia
3584 4610 3871 4667 remittun-

2347 4732 2433 4778 tur
2453 4719 2604 4775 vobis
2638 4721 2853 4787 peccata
2890 4728 2986 4783 per
3026 4724 3216 4764 nomen
3248 4709 3395 4777 ejus;
3430 4722 3583 4776 usque
3600 4706 3679 4758 ad
3693 4707 3865 4769 isttnn',

2345 4813 2445 4887 Qui
2472 4821 2647 4866 autem
2677 4805 2859 4862 fecerit
2887 4798 3213 4857 voluntatem
3246 4797 3360 4864 Del,
3408 4804 3587 4850 manet
3615 4796 3664 4850 in
3712 4804 3872 4850 teter-

2345 4882 2495 4971 num,
2545 4904 2681 4958 sicut
2729 4907 2785 4957 et
2830 4898 2944 4969 ipse
2984 4901 3165 4951 manet
3212 4893 3266 4947 in
3293 4894 3573 4946 aeternum;
3630 4882 3758 4959 (ξαρ.
3809 4892 3869 4952 il;

2359 5000 2434 5070 ᾗ.
2469 4995 2655 5050 12-17.

2346 5066 2398 5147 i.
2426 5089 2614 5144 Omnia
2639 5100 2759 5157 qure
2806 5083 3052 5154 leguntur
3098 5077 3165 5133 de
3202 5072 3495 5143 Scripturis'
3540 5066 3758 5134 sanctls‘,
3803 5070 3870 5121 at]

2273 5182 2675 5240 instructionem
2724 5184 2782 5234 et
2830 5170 3052 5231 salutem
3102 5178 3359 5230 nostram,
3412 5168 3614 5219 intente
3656 5162 3874 5233 oportet

2274 5275 2477 5332 audire.
2521 5268 2745 5329 Maxime
2775 5277 2951 5322 tamen
2978 5261 3249 5319 memoriae
3276 5246 3694 5313 commendanda
3717 5254 3867 5319 sum,

2275 5384 2394 5445 quae
2422 5364 2675 5419 adversus
2725 5356 3005 5414 haereticos
3061 5353 3240 5408 valent
3282 5349 3567 5421 plurimum
3594 5346 3872 5415 ;‘quorum

2339 5482 2355 5548 ξ
2380 5486 2559 5548 omnes
2580 5473 2687 5548 fere
2705 5479 2837 5533 Mss,
2863 5466 3026 5520 ridere
3048 5463 3211 5516 limam
3230 5474 3400 5513 nouam
3422 5473 3440 5511 :
3464 5467 3583 5511 Ecce
3614 5438 3746 5507 luna.
3773 5458 3875 5508 Nec

2274 5537 2681 5599 lmbmn,duan
3087 5586 3100 5599 _
3453 5581 3464 5592 .

2338 5606 2360 5637 ι
2380 5610 2477 5652 Sex
2498 5606 2628 5659 κει,
2660 5592 2875 5647 eibban.
2899 5599 3020 5651 mo,
3038 5587 3227 5641 cubant.
3249 5592 3389 5645 'n'es,
3411 5579 3612 5634 Guttam.

2359 5706 2411 5757 ai
2443 5704 2545 5754 vid.
2571 5704 2622 5751 in
2643 5709 2775 5750 Joan.
2797 5704 2973 5757 Evang.
2991 5700 3144 5743 mct.
3171 5691 3219 5750 ιν
3240 5704 3287 5757 {l-
3313 5688 3361 5737 4·
3590 5747 3604 5757 ,
3636 5747 3649 5757 .

2359 5720 2390 5755 α
2443 5707 2545 5754 Vid.
2571 5707 2622 5751 in
2643 5709 2775 5750 Joan.
2797 5707 2973 5757 Evang.
2991 5707 3144 5743 ἰτ-θοι.
3171 5707 3219 5750 s,
3240 5707 3287 5738 n.
3313 5707 3361 5737 θ.
3773 5748 3780 5754 ν

2337 5707 2411 5832 ξυζ
2433 5765 2621 5832 scilicet
2952 5752 3492 5832 eiusqueg‘gdinat‘ores.
3505 5773 3567 5787 --
3584 5747 3655 5811 (c)
3672 5744 3871 5799 scilicet

2679 5822 2779 5874 vid.
2804 5812 3031 5885 Epistolas
3050 5812 3132 5877 51,
3158 5812 3263 5874 108,
3288 5818 3383 5862 etc.

2918 6442 3103 6451 f____._.._
3182 6442 3315 6456 ,,η..
3400 6438 3509 6453 ,μέλ
