  <div class='ocr_page' id='page_1' title='image "/cluster/home/n/w/nwhite01/storage/ocr_20150623/35/hvd.32044015706302/345.png"; bbox 0 0 4028 6472; ppageno 0'>
   <div class='ocr_carea' id='block_1_1' title="bbox 517 347 650 409">
    <p class='ocr_par' dir='ltr' id='par_1_1' title="bbox 517 347 650 409">
     <span class='ocr_line' id='line_1_1' title="bbox 517 347 650 409; baseline -0.045 1"><span class='ocrx_word' id='word_1_1' title='bbox 517 347 650 409; x_wconf 72' lang='grc'>1991</span> 
     </span>
    </p>
   </div>
   <div class='ocr_carea' id='block_1_2' title="bbox 518 446 2103 521">
    <p class='ocr_par' dir='ltr' id='par_1_2' title="bbox 518 446 2103 521">
     <span class='ocr_line' id='line_1_2' title="bbox 518 446 2103 521; baseline -0.013 -1"><span class='ocrx_word' id='word_1_2' title='bbox 518 460 716 521; x_wconf 84' lang='lat' dir='ltr'><strong>civitati</strong></span> <span class='ocrx_word' id='word_1_3' title='bbox 743 457 834 516; x_wconf 88' lang='lat' dir='ltr'><strong>ubi</strong></span> <span class='ocrx_word' id='word_1_4' title='bbox 862 454 1073 514; x_wconf 85' lang='lat' dir='ltr'><strong>occisus</strong></span> <span class='ocrx_word' id='word_1_5' title='bbox 1098 463 1182 511; x_wconf 84' lang='lat' dir='ltr'><strong>est</strong></span> <span class='ocrx_word' id='word_1_6' title='bbox 1209 468 1304 508; x_wconf 81' lang='lat' dir='ltr'><strong>rex</strong></span> <span class='ocrx_word' id='word_1_7' title='bbox 1325 461 1528 514; x_wconf 91' lang='lat' dir='ltr'><strong>noster,</strong></span> <span class='ocrx_word' id='word_1_8' title='bbox 1559 448 1644 503; x_wconf 89' lang='lat' dir='ltr'><strong>ubi</strong></span> <span class='ocrx_word' id='word_1_9' title='bbox 1668 447 1874 502; x_wconf 84' lang='lat' dir='ltr'><strong>occisus</strong></span> <span class='ocrx_word' id='word_1_10' title='bbox 1897 454 1978 500; x_wconf 88' lang='lat' dir='ltr'><strong>est</strong></span> <span class='ocrx_word' id='word_1_11' title='bbox 1998 446 2103 500; x_wconf 82' lang='lat' dir='ltr'><strong>Do-</strong></span> 
     </span>
    </p>
   </div>
   <div class='ocr_carea' id='block_1_3' title="bbox 518 539 2104 617">
    <p class='ocr_par' dir='ltr' id='par_1_3' title="bbox 518 539 2104 617">
     <span class='ocr_line' id='line_1_3' title="bbox 518 539 2104 617; baseline -0.012 -7"><span class='ocrx_word' id='word_1_12' title='bbox 518 555 694 610; x_wconf 85' lang='lat' dir='ltr'><strong>minus</strong></span> <span class='ocrx_word' id='word_1_13' title='bbox 721 561 904 608; x_wconf 83' lang='lat' dir='ltr'><strong>noster</strong></span> <span class='ocrx_word' id='word_1_14' title='bbox 936 566 948 602; x_wconf 91' lang='lat'><strong>:</strong></span> <span class='ocrx_word' id='word_1_15' title='bbox 981 546 1128 617; x_wconf 88' lang='lat' dir='ltr'><strong>quasi</strong></span> <span class='ocrx_word' id='word_1_16' title='bbox 1154 544 1361 599; x_wconf 87' lang='lat' dir='ltr'><strong>oderint</strong></span> <span class='ocrx_word' id='word_1_17' title='bbox 1385 541 1651 595; x_wconf 86' lang='lat' dir='ltr'><strong>civitatem</strong></span> <span class='ocrx_word' id='word_1_18' title='bbox 1679 539 1764 594; x_wconf 92' lang='lat' dir='ltr'><strong>ubi</strong></span> <span class='ocrx_word' id='word_1_19' title='bbox 1787 539 1996 593; x_wconf 89' lang='lat' dir='ltr'><strong>occisus</strong></span> <span class='ocrx_word' id='word_1_20' title='bbox 2019 545 2104 591; x_wconf 89' lang='lat' dir='ltr'><strong>est</strong></span> 
     </span>
    </p>
   </div>
   <div class='ocr_carea' id='block_1_4' title="bbox 518 629 2100 702">
    <p class='ocr_par' dir='ltr' id='par_1_4' title="bbox 518 629 2100 702">
     <span class='ocr_line' id='line_1_4' title="bbox 518 629 2100 702; baseline -0.013 0"><span class='ocrx_word' id='word_1_21' title='bbox 518 646 778 702; x_wconf 87' lang='lat' dir='ltr'><strong>Dominus</strong></span> <span class='ocrx_word' id='word_1_22' title='bbox 815 649 1014 697; x_wconf 85' lang='lat' dir='ltr'><strong>noster.</strong></span> <span class='ocrx_word' id='word_1_23' title='bbox 1043 636 1360 693; x_wconf 89' lang='lat' dir='ltr'><strong>Occiderunt</strong></span> <span class='ocrx_word' id='word_1_24' title='bbox 1395 631 1565 687; x_wconf 70' lang='lat' dir='ltr'><strong>Judaei</strong></span> <span class='ocrx_word' id='word_1_25' title='bbox 1604 646 1760 700; x_wconf 83' lang='lat' dir='ltr'><strong>quem</strong></span> <span class='ocrx_word' id='word_1_26' title='bbox 1789 629 2100 683; x_wconf 88' lang='lat' dir='ltr'><strong>invenerunt</strong></span> 
     </span>
    </p>
   </div>
   <div class='ocr_carea' id='block_1_5' title="bbox 518 719 2100 804">
    <p class='ocr_par' dir='ltr' id='par_1_5' title="bbox 518 719 2100 804">
     <span class='ocr_line' id='line_1_5' title="bbox 518 719 2100 804; baseline -0.015 -9"><span class='ocrx_word' id='word_1_27' title='bbox 518 740 569 795; x_wconf 92' lang='lat' dir='ltr'><strong>in</strong></span> <span class='ocrx_word' id='word_1_28' title='bbox 601 749 739 794; x_wconf 85' lang='lat' dir='ltr'><strong>terra</strong></span> <span class='ocrx_word' id='word_1_29' title='bbox 761 777 777 804; x_wconf 91' lang='lat'><strong>,</strong></span> <span class='ocrx_word' id='word_1_30' title='bbox 820 730 1101 790; x_wconf 79' lang='lat' dir='ltr'><strong>exsufﬂant</strong></span> <span class='ocrx_word' id='word_1_31' title='bbox 1137 729 1223 782; x_wconf 88' lang='lat' dir='ltr'><strong>isti</strong></span> <span class='ocrx_word' id='word_1_32' title='bbox 1253 740 1374 781; x_wconf 90' lang='lat' dir='ltr'><strong>eum</strong></span> <span class='ocrx_word' id='word_1_33' title='bbox 1419 724 1510 794; x_wconf 90' lang='lat' dir='ltr'><strong>qui</strong></span> <span class='ocrx_word' id='word_1_34' title='bbox 1551 722 1700 777; x_wconf 86' lang='lat' dir='ltr'><strong>sedet</strong></span> <span class='ocrx_word' id='word_1_35' title='bbox 1726 723 1775 775; x_wconf 93' lang='lat' dir='ltr'><strong>in</strong></span> <span class='ocrx_word' id='word_1_36' title='bbox 1816 721 1970 776; x_wconf 76' lang='lat' dir='ltr'><strong>ctelo.</strong></span> <span class='ocrx_word' id='word_1_37' title='bbox 1999 719 2100 788; x_wconf 86' lang='lat' dir='ltr'><strong>Qui</strong></span> 
     </span>
    </p>
   </div>
   <div class='ocr_carea' id='block_1_6' title="bbox 517 813 2161 899">
    <p class='ocr_par' dir='ltr' id='par_1_6' title="bbox 517 813 2161 899">
     <span class='ocr_line' id='line_1_6' title="bbox 517 813 2161 899; baseline -0.014 -14"><span class='ocrx_word' id='word_1_38' title='bbox 517 838 644 885; x_wconf 88' lang='lat' dir='ltr'><strong>sunt</strong></span> <span class='ocrx_word' id='word_1_39' title='bbox 664 828 896 899; x_wconf 85' lang='lat' dir='ltr'><strong>pejores,</strong></span> <span class='ocrx_word' id='word_1_40' title='bbox 925 823 1015 893; x_wconf 89' lang='lat' dir='ltr'><strong>qui</strong></span> <span class='ocrx_word' id='word_1_41' title='bbox 1042 824 1475 886; x_wconf 89' lang='lat' dir='ltr'><strong>contempserunt</strong></span> <span class='ocrx_word' id='word_1_42' title='bbox 1504 813 1624 884; x_wconf 87' lang='lat' dir='ltr'><strong>quia</strong></span> <span class='ocrx_word' id='word_1_43' title='bbox 1654 813 1920 867; x_wconf 87' lang='lat' dir='ltr'><strong>hominem</strong></span> <span class='ocrx_word' id='word_1_44' title='bbox 1949 820 2101 880; x_wconf 89' lang='lat' dir='ltr'><strong>puta-</strong></span> <span class='ocrx_word' id='word_1_45' title='bbox 2140 832 2161 839; x_wconf 85' lang='lat'><strong>-</strong></span> 
     </span>
    </p>
   </div>
   <div class='ocr_carea' id='block_1_7' title="bbox 517 906 2102 987">
    <p class='ocr_par' dir='ltr' id='par_1_7' title="bbox 517 906 2102 987">
     <span class='ocr_line' id='line_1_7' title="bbox 517 906 2102 987; baseline -0.014 -9"><span class='ocrx_word' id='word_1_46' title='bbox 517 922 679 986; x_wconf 86' lang='lat' dir='ltr'><strong>bant,</strong></span> <span class='ocrx_word' id='word_1_47' title='bbox 708 935 777 974; x_wconf 88' lang='lat' dir='ltr'><strong>an</strong></span> <span class='ocrx_word' id='word_1_48' title='bbox 804 916 894 987; x_wconf 90' lang='lat' dir='ltr'><strong>qui</strong></span> <span class='ocrx_word' id='word_1_49' title='bbox 922 915 1258 970; x_wconf 83' lang='lat' dir='ltr'><strong>Sacramenta</strong></span> <span class='ocrx_word' id='word_1_50' title='bbox 1295 909 1411 979; x_wconf 88' lang='lat' dir='ltr'><strong>ejus</strong></span> <span class='ocrx_word' id='word_1_51' title='bbox 1453 906 1767 971; x_wconf 83' lang='lat' dir='ltr'><strong>exsul&#39;llant,</strong></span> <span class='ocrx_word' id='word_1_52' title='bbox 1811 920 1965 975; x_wconf 90' lang='lat' dir='ltr'><strong>quem</strong></span> <span class='ocrx_word' id='word_1_53' title='bbox 1995 906 2102 973; x_wconf 87' lang='lat' dir='ltr'><strong>jam</strong></span> 
     </span>
    </p>
   </div>
   <div class='ocr_carea' id='block_1_8' title="bbox 519 994 2103 1068">
    <p class='ocr_par' dir='ltr' id='par_1_8' title="bbox 519 994 2103 1068">
     <span class='ocr_line' id='line_1_8' title="bbox 519 994 2103 1068; baseline -0.013 1"><span class='ocrx_word' id='word_1_54' title='bbox 519 1013 688 1068; x_wconf 91' lang='lat' dir='ltr'><strong>Deum</strong></span> <span class='ocrx_word' id='word_1_55' title='bbox 715 1004 1077 1065; x_wconf 87' lang='lat' dir='ltr'><strong>conﬁtentur?</strong></span> <span class='ocrx_word' id='word_1_56' title='bbox 1101 1001 1205 1058; x_wconf 86' lang='lat' dir='ltr'><strong>Sed</strong></span> <span class='ocrx_word' id='word_1_57' title='bbox 1231 1001 1456 1055; x_wconf 88' lang='lat' dir='ltr'><strong>oderunt</strong></span> <span class='ocrx_word' id='word_1_58' title='bbox 1477 998 1718 1053; x_wconf 83' lang='lat' dir='ltr'><strong>videlicet</strong></span> <span class='ocrx_word' id='word_1_59' title='bbox 1753 997 2019 1051; x_wconf 84' lang='lat' dir='ltr'><strong>civitatem</strong></span> <span class='ocrx_word' id='word_1_60' title='bbox 2051 994 2103 1048; x_wconf 90' lang='lat' dir='ltr'><strong>in</strong></span> 
     </span>
    </p>
   </div>
   <div class='ocr_carea' id='block_1_9' title="bbox 495 1086 2100 1175">
    <p class='ocr_par' dir='ltr' id='par_1_9' title="bbox 495 1086 2100 1175">
     <span class='ocr_line' id='line_1_9' title="bbox 495 1086 2100 1175; baseline -0.013 -15"><span class='ocrx_word' id='word_1_61' title='bbox 495 1119 621 1175; x_wconf 87' lang='lat' dir='ltr'><strong>qua</strong></span> <span class='ocrx_word' id='word_1_62' title='bbox 642 1102 849 1159; x_wconf 87' lang='lat' dir='ltr'><strong>occisus</strong></span> <span class='ocrx_word' id='word_1_63' title='bbox 877 1106 960 1153; x_wconf 84' lang='lat' dir='ltr'><strong>est</strong></span> <span class='ocrx_word' id='word_1_64' title='bbox 981 1095 1239 1150; x_wconf 90' lang='lat' dir='ltr'><strong>Dominus</strong></span> <span class='ocrx_word' id='word_1_65' title='bbox 1264 1093 1516 1164; x_wconf 90' lang='lat' dir='ltr'><strong>ipsorum.</strong></span> <span class='ocrx_word' id='word_1_66' title='bbox 1545 1090 1622 1145; x_wconf 89' lang='lat' dir='ltr'><strong>Pii</strong></span> <span class='ocrx_word' id='word_1_67' title='bbox 1649 1087 1894 1144; x_wconf 87' lang='lat' dir='ltr'><strong>homines</strong></span> <span class='ocrx_word' id='word_1_68' title='bbox 1921 1096 1974 1142; x_wconf 91' lang='lat' dir='ltr'><strong>et</strong></span> <span class='ocrx_word' id='word_1_69' title='bbox 2001 1086 2100 1140; x_wconf 88' lang='lat' dir='ltr'><strong>mi-</strong></span> 
     </span>
    </p>
   </div>
   <div class='ocr_carea' id='block_1_10' title="bbox 518 1178 2107 1260">
    <p class='ocr_par' dir='ltr' id='par_1_10' title="bbox 518 1178 2107 1260">
     <span class='ocr_line' id='line_1_10' title="bbox 518 1178 2107 1260; baseline -0.014 -6"><span class='ocrx_word' id='word_1_70' title='bbox 518 1194 838 1260; x_wconf 88' lang='lat' dir='ltr'><strong>sericordes,</strong></span> <span class='ocrx_word' id='word_1_71' title='bbox 872 1189 1097 1245; x_wconf 90' lang='lat' dir='ltr'><strong>multum</strong></span> <span class='ocrx_word' id='word_1_72' title='bbox 1124 1186 1306 1242; x_wconf 88' lang='lat' dir='ltr'><strong>dolent</strong></span> <span class='ocrx_word' id='word_1_73' title='bbox 1325 1186 1560 1240; x_wconf 81' lang='lat' dir='ltr'><strong>occisum</strong></span> <span class='ocrx_word' id='word_1_74' title='bbox 1591 1197 1711 1237; x_wconf 89' lang='lat' dir='ltr'><strong>esse</strong></span> <span class='ocrx_word' id='word_1_75' title='bbox 1734 1178 2022 1246; x_wconf 86' lang='lat' dir='ltr'><strong>Christum,</strong></span> <span class='ocrx_word' id='word_1_76' title='bbox 2053 1185 2107 1233; x_wconf 89' lang='lat' dir='ltr'><strong>et</strong></span> 
     </span>
    </p>
   </div>
   <div class='ocr_carea' id='block_1_11' title="bbox 517 1269 2104 1342">
    <p class='ocr_par' dir='ltr' id='par_1_11' title="bbox 517 1269 2104 1342">
     <span class='ocr_line' id='line_1_11' title="bbox 517 1269 2104 1342; baseline -0.013 -1"><span class='ocrx_word' id='word_1_77' title='bbox 517 1286 766 1342; x_wconf 89' lang='lat' dir='ltr'><strong>occidunt</strong></span> <span class='ocrx_word' id='word_1_78' title='bbox 790 1283 844 1337; x_wconf 91' lang='lat' dir='ltr'><strong>in</strong></span> <span class='ocrx_word' id='word_1_79' title='bbox 869 1279 1176 1334; x_wconf 89' lang='lat' dir='ltr'><strong>hominibus</strong></span> <span class='ocrx_word' id='word_1_80' title='bbox 1202 1275 1470 1331; x_wconf 87' lang='lat' dir='ltr'><strong>Christum</strong></span> <span class='ocrx_word' id='word_1_81' title='bbox 1501 1274 1514 1326; x_wconf 85' lang='grc' dir='ltr'><strong>ι</strong></span> <span class='ocrx_word' id='word_1_82' title='bbox 1547 1274 1614 1327; x_wconf 87' lang='lat' dir='ltr'><strong>At</strong></span> <span class='ocrx_word' id='word_1_83' title='bbox 1637 1272 1724 1325; x_wconf 90' lang='lat' dir='ltr'><strong>ille</strong></span> <span class='ocrx_word' id='word_1_84' title='bbox 1749 1270 1936 1325; x_wconf 78' lang='lat' dir='ltr'><strong>dilexit</strong></span> <span class='ocrx_word' id='word_1_85' title='bbox 1963 1269 2104 1323; x_wconf 86' lang='lat' dir='ltr'><strong>illam</strong></span> 
     </span>
    </p>
   </div>
   <div class='ocr_carea' id='block_1_12' title="bbox 516 1361 2108 1440">
    <p class='ocr_par' dir='ltr' id='par_1_12' title="bbox 516 1361 2108 1440">
     <span class='ocr_line' id='line_1_12' title="bbox 516 1361 2108 1440; baseline -0.009 -8"><span class='ocrx_word' id='word_1_86' title='bbox 516 1378 782 1433; x_wconf 89' lang='lat' dir='ltr'><strong>civitatem</strong></span> <span class='ocrx_word' id='word_1_87' title='bbox 807 1413 823 1440; x_wconf 93' lang='lat'><strong>,</strong></span> <span class='ocrx_word' id='word_1_88' title='bbox 855 1383 908 1429; x_wconf 90' lang='lat' dir='ltr'><strong>et</strong></span> <span class='ocrx_word' id='word_1_89' title='bbox 939 1371 1188 1426; x_wconf 86' lang='lat' dir='ltr'><strong>misertus</strong></span> <span class='ocrx_word' id='word_1_90' title='bbox 1223 1376 1307 1424; x_wconf 88' lang='lat' dir='ltr'><strong>est</strong></span> <span class='ocrx_word' id='word_1_91' title='bbox 1351 1366 1464 1436; x_wconf 92' lang='lat' dir='ltr'><strong>ejus</strong></span> <span class='ocrx_word' id='word_1_92' title='bbox 1494 1382 1506 1419; x_wconf 89' lang='lat'>:</span> <span class='ocrx_word' id='word_1_93' title='bbox 1537 1364 1659 1418; x_wconf 90' lang='lat' dir='ltr'><strong>inde</strong></span> <span class='ocrx_word' id='word_1_94' title='bbox 1692 1363 1824 1417; x_wconf 83' lang='lat' dir='ltr'><strong>dixit</strong></span> <span class='ocrx_word' id='word_1_95' title='bbox 1873 1361 2108 1432; x_wconf 86' lang='lat' dir='ltr'><strong>incipere</strong></span> 
     </span>
    </p>
   </div>
   <div class='ocr_carea' id='block_1_13' title="bbox 518 1453 2108 1543">
    <p class='ocr_par' dir='ltr' id='par_1_13' title="bbox 518 1453 2108 1543">
     <span class='ocr_line' id='line_1_13' title="bbox 518 1453 2108 1543; baseline -0.012 -16"><span class='ocrx_word' id='word_1_96' title='bbox 518 1469 952 1543; x_wconf 76' lang='lat' dir='ltr'><strong>przedicationem</strong></span> <span class='ocrx_word' id='word_1_97' title='bbox 990 1479 1163 1528; x_wconf 89' lang='lat' dir='ltr'><strong>suam,</strong></span> <span class='ocrx_word' id='word_1_98' title='bbox 1191 1460 1449 1531; x_wconf 74' lang='lat' dir='ltr'><strong>Incipiens</strong></span> <span class='ocrx_word' id='word_1_99' title='bbox 1472 1457 1534 1512; x_wconf 91' lang='lat' dir='ltr'><strong>ab</strong></span> <span class='ocrx_word' id='word_1_100' title='bbox 1570 1455 1878 1512; x_wconf 78' lang='lat' dir='ltr'><strong>Jerusalem.</strong></span> <span class='ocrx_word' id='word_1_101' title='bbox 1919 1454 2010 1510; x_wconf 87' lang='lat' dir='ltr'><strong>Ille</strong></span> <span class='ocrx_word' id='word_1_102' title='bbox 2033 1453 2108 1509; x_wconf 88' lang='lat' dir='ltr'><strong>ibi</strong></span> 
     </span>
    </p>
   </div>
   <div class='ocr_carea' id='block_1_14' title="bbox 520 1547 2106 1634">
    <p class='ocr_par' dir='ltr' id='par_1_14' title="bbox 520 1547 2106 1634">
     <span class='ocr_line' id='line_1_14' title="bbox 520 1547 2106 1634; baseline -0.011 -17"><span class='ocrx_word' id='word_1_103' title='bbox 520 1561 834 1634; x_wconf 88' lang='lat' dir='ltr'><strong>principium</strong></span> <span class='ocrx_word' id='word_1_104' title='bbox 885 1558 1010 1613; x_wconf 88' lang='lat' dir='ltr'><strong>fecit</strong></span> <span class='ocrx_word' id='word_1_105' title='bbox 1067 1552 1459 1626; x_wconf 81' lang='lat' dir='ltr'><strong>praedicationis</strong></span> <span class='ocrx_word' id='word_1_106' title='bbox 1513 1549 1745 1604; x_wconf 90' lang='lat' dir='ltr'><strong>nominis</strong></span> <span class='ocrx_word' id='word_1_107' title='bbox 1782 1547 1911 1602; x_wconf 87' lang='lat' dir='ltr'><strong>sui:</strong></span> <span class='ocrx_word' id='word_1_108' title='bbox 1956 1554 2012 1601; x_wconf 88' lang='lat' dir='ltr'><strong>et</strong></span> <span class='ocrx_word' id='word_1_109' title='bbox 2053 1557 2106 1601; x_wconf 92' lang='lat' dir='ltr'><strong>tu</strong></span> 
     </span>
    </p>
   </div>
   <div class='ocr_carea' id='block_1_15' title="bbox 518 1639 2110 1711">
    <p class='ocr_par' dir='ltr' id='par_1_15' title="bbox 518 1639 2110 1711">
     <span class='ocr_line' id='line_1_15' title="bbox 518 1639 2110 1711; baseline -0.011 0"><span class='ocrx_word' id='word_1_110' title='bbox 518 1652 852 1711; x_wconf 78' lang='lat' dir='ltr'><strong>exhorrescis</strong></span> <span class='ocrx_word' id='word_1_111' title='bbox 896 1649 1326 1706; x_wconf 87' lang='lat' dir='ltr'><strong>communionem</strong></span> <span class='ocrx_word' id='word_1_112' title='bbox 1357 1644 1500 1699; x_wconf 91' lang='lat' dir='ltr'><strong>illius</strong></span> <span class='ocrx_word' id='word_1_113' title='bbox 1530 1642 1758 1698; x_wconf 84' lang='lat' dir='ltr'><strong>civitatis</strong></span> <span class='ocrx_word' id='word_1_114' title='bbox 1787 1641 1838 1694; x_wconf 72' lang='lat'><strong>‘?</strong></span> <span class='ocrx_word' id='word_1_115' title='bbox 1866 1639 1981 1695; x_wconf 89' lang='lat' dir='ltr'><strong>Non</strong></span> <span class='ocrx_word' id='word_1_116' title='bbox 2027 1647 2110 1693; x_wconf 88' lang='lat' dir='ltr'><strong>est</strong></span> 
     </span>
    </p>
   </div>
   <div class='ocr_carea' id='block_1_16' title="bbox 517 1731 2111 1816">
    <p class='ocr_par' dir='ltr' id='par_1_16' title="bbox 517 1731 2111 1816">
     <span class='ocr_line' id='line_1_16' title="bbox 517 1731 2111 1816; baseline -0.011 -15"><span class='ocrx_word' id='word_1_117' title='bbox 517 1747 712 1802; x_wconf 90' lang='lat' dir='ltr'><strong>mirum</strong></span> <span class='ocrx_word' id='word_1_118' title='bbox 738 1746 782 1800; x_wconf 90' lang='lat' dir='ltr'><strong>si</strong></span> <span class='ocrx_word' id='word_1_119' title='bbox 822 1744 1075 1816; x_wconf 70' lang='lat' dir='ltr'><strong>praecisus</strong></span> <span class='ocrx_word' id='word_1_120' title='bbox 1100 1740 1259 1796; x_wconf 89' lang='lat' dir='ltr'><strong>odisti</strong></span> <span class='ocrx_word' id='word_1_121' title='bbox 1289 1735 1540 1792; x_wconf 87' lang='lat' dir='ltr'><strong>radicem.</strong></span> <span class='ocrx_word' id='word_1_122' title='bbox 1570 1734 1708 1804; x_wconf 84' lang='lat' dir='ltr'><strong>Quid</strong></span> <span class='ocrx_word' id='word_1_123' title='bbox 1734 1735 1808 1787; x_wconf 94' lang='lat' dir='ltr'><strong>ait</strong></span> <span class='ocrx_word' id='word_1_124' title='bbox 1835 1732 1922 1787; x_wconf 91' lang='lat' dir='ltr'><strong>ille</strong></span> <span class='ocrx_word' id='word_1_125' title='bbox 1953 1731 2111 1786; x_wconf 89' lang='lat' dir='ltr'><strong>disci-</strong></span> 
     </span>
    </p>
   </div>
   <div class='ocr_carea' id='block_1_17' title="bbox 519 1824 2108 1911">
    <p class='ocr_par' dir='ltr' id='par_1_17' title="bbox 519 1824 2108 1911">
     <span class='ocr_line' id='line_1_17' title="bbox 519 1824 2108 1911; baseline -0.013 -15"><span class='ocrx_word' id='word_1_126' title='bbox 519 1842 657 1911; x_wconf 84' lang='lat' dir='ltr'><strong>pulis</strong></span> <span class='ocrx_word' id='word_1_127' title='bbox 684 1840 828 1895; x_wconf 85' lang='lat' dir='ltr'><strong>suis?</strong></span> <span class='ocrx_word' id='word_1_128' title='bbox 871 1837 1050 1892; x_wconf 85' lang='lat' dir='ltr'><strong>Estote</strong></span> <span class='ocrx_word' id='word_1_129' title='bbox 1087 1834 1312 1888; x_wconf 78' lang='lat' dir='ltr'><strong>sedentes</strong></span> <span class='ocrx_word' id='word_1_130' title='bbox 1342 1832 1394 1885; x_wconf 90' lang='lat' dir='ltr'><strong>in</strong></span> <span class='ocrx_word' id='word_1_131' title='bbox 1438 1831 1636 1883; x_wconf 79' lang='lat' dir='ltr'><strong>civitate</strong></span> <span class='ocrx_word' id='word_1_132' title='bbox 1658 1869 1672 1894; x_wconf 91' lang='lat'><strong>,</strong></span> <span class='ocrx_word' id='word_1_133' title='bbox 1701 1827 1819 1897; x_wconf 85' lang='lat' dir='ltr'><strong>quia</strong></span> <span class='ocrx_word' id='word_1_134' title='bbox 1847 1842 1936 1898; x_wconf 95' lang='lat' dir='ltr'><strong>ego</strong></span> <span class='ocrx_word' id='word_1_135' title='bbox 1966 1824 2108 1877; x_wconf 82' lang='lat' dir='ltr'><strong>mitto</strong></span> 
     </span>
    </p>
   </div>
   <div class='ocr_carea' id='block_1_18' title="bbox 521 1917 2110 2002">
    <p class='ocr_par' dir='ltr' id='par_1_18' title="bbox 521 1917 2110 2002">
     <span class='ocr_line' id='line_1_18' title="bbox 521 1917 2110 2002; baseline -0.009 -16"><span class='ocrx_word' id='word_1_136' title='bbox 521 1933 902 2002; x_wconf 74' lang='lat' dir='ltr'><strong>promissionem</strong></span> <span class='ocrx_word' id='word_1_137' title='bbox 943 1943 1106 1982; x_wconf 89' lang='lat' dir='ltr'><strong>meam</strong></span> <span class='ocrx_word' id='word_1_138' title='bbox 1131 1926 1186 1978; x_wconf 91' lang='lat' dir='ltr'><strong>in</strong></span> <span class='ocrx_word' id='word_1_139' title='bbox 1219 1940 1304 1978; x_wconf 89' lang='lat' dir='ltr'><strong>vos</strong></span> <span class='ocrx_word' id='word_1_140' title='bbox 1335 1922 1493 1994; x_wconf 87' lang='lat' dir='ltr'><strong>(Luc.</strong></span> <span class='ocrx_word' id='word_1_141' title='bbox 1532 1936 1679 1984; x_wconf 76' lang='lat' dir='ltr'><strong>xxrv,</strong></span> <span class='ocrx_word' id='word_1_142' title='bbox 1710 1918 1928 1988; x_wconf 69' lang='lat'><strong>13-49).</strong></span> <span class='ocrx_word' id='word_1_143' title='bbox 1972 1917 2110 1972; x_wconf 88' lang='lat' dir='ltr'><strong>Ecce</strong></span> 
     </span>
    </p>
   </div>
   <div class='ocr_carea' id='block_1_19' title="bbox 519 2009 2108 2096">
    <p class='ocr_par' dir='ltr' id='par_1_19' title="bbox 519 2009 2108 2096">
     <span class='ocr_line' id='line_1_19' title="bbox 519 2009 2108 2096; baseline -0.012 -16"><span class='ocrx_word' id='word_1_144' title='bbox 519 2041 679 2096; x_wconf 88' lang='lat' dir='ltr'><strong>quam</strong></span> <span class='ocrx_word' id='word_1_145' title='bbox 701 2025 967 2078; x_wconf 85' lang='lat' dir='ltr'><strong>civitatem</strong></span> <span class='ocrx_word' id='word_1_146' title='bbox 1003 2020 1248 2074; x_wconf 89' lang='lat' dir='ltr'><strong>oderunt.</strong></span> <span class='ocrx_word' id='word_1_147' title='bbox 1286 2016 1443 2070; x_wconf 84' lang='lat' dir='ltr'><strong>Forte</strong></span> <span class='ocrx_word' id='word_1_148' title='bbox 1468 2020 1728 2078; x_wconf 81' lang='lat' dir='ltr'><strong>amarent,</strong></span> <span class='ocrx_word' id='word_1_149' title='bbox 1758 2011 1802 2066; x_wconf 92' lang='lat' dir='ltr'><strong>si</strong></span> <span class='ocrx_word' id='word_1_150' title='bbox 1827 2009 1994 2064; x_wconf 72' lang='lat' dir='ltr'><strong>Judaei</strong></span> <span class='ocrx_word' id='word_1_151' title='bbox 2023 2009 2108 2062; x_wconf 84' lang='lat' dir='ltr'><strong>in-</strong></span> 
     </span>
    </p>
   </div>
   <div class='ocr_carea' id='block_1_20' title="bbox 520 2102 2110 2172">
    <p class='ocr_par' dir='ltr' id='par_1_20' title="bbox 520 2102 2110 2172">
     <span class='ocr_line' id='line_1_20' title="bbox 520 2102 2110 2172; baseline -0.011 0"><span class='ocrx_word' id='word_1_152' title='bbox 520 2117 834 2172; x_wconf 86' lang='lat' dir='ltr'><strong>terfectores</strong></span> <span class='ocrx_word' id='word_1_153' title='bbox 865 2113 1065 2168; x_wconf 82' lang='lat' dir='ltr'><strong>Christi</strong></span> <span class='ocrx_word' id='word_1_154' title='bbox 1102 2112 1154 2165; x_wconf 92' lang='lat' dir='ltr'><strong>in</strong></span> <span class='ocrx_word' id='word_1_155' title='bbox 1194 2111 1281 2165; x_wconf 88' lang='lat' dir='ltr'><strong>illa</strong></span> <span class='ocrx_word' id='word_1_156' title='bbox 1313 2108 1630 2162; x_wconf 86' lang='lat' dir='ltr'><strong>habitarent.</strong></span> <span class='ocrx_word' id='word_1_157' title='bbox 1670 2102 1998 2157; x_wconf 80' lang='lat' dir='ltr'><strong>Manifestum</strong></span> <span class='ocrx_word' id='word_1_158' title='bbox 2029 2111 2110 2155; x_wconf 89' lang='lat' dir='ltr'><strong>est</strong></span> 
     </span>
    </p>
   </div>
   <div class='ocr_carea' id='block_1_21' title="bbox 440 2194 2108 2267">
    <p class='ocr_par' dir='ltr' id='par_1_21' title="bbox 440 2194 2108 2267">
     <span class='ocr_line' id='line_1_21' title="bbox 440 2194 2108 2267; baseline -0.008 -6"><span class='ocrx_word' id='word_1_159' title='bbox 440 2250 450 2261; x_wconf 83' lang='lat'>,</span> <span class='ocrx_word' id='word_1_160' title='bbox 519 2210 661 2266; x_wconf 85' lang='lat' dir='ltr'><strong>enim</strong></span> <span class='ocrx_word' id='word_1_161' title='bbox 689 2221 876 2262; x_wconf 88' lang='lat' dir='ltr'><strong>omnes</strong></span> <span class='ocrx_word' id='word_1_162' title='bbox 923 2203 1289 2260; x_wconf 87' lang='lat' dir='ltr'><strong>interfectores</strong></span> <span class='ocrx_word' id='word_1_163' title='bbox 1317 2200 1534 2267; x_wconf 87' lang='lat' dir='ltr'><strong>Christi,</strong></span> <span class='ocrx_word' id='word_1_164' title='bbox 1565 2197 1614 2252; x_wconf 90' lang='lat' dir='ltr'><strong>id</strong></span> <span class='ocrx_word' id='word_1_165' title='bbox 1641 2206 1722 2251; x_wconf 90' lang='lat' dir='ltr'><strong>cst</strong></span> <span class='ocrx_word' id='word_1_166' title='bbox 1749 2194 1982 2260; x_wconf 68' lang='lat' dir='ltr'><strong>Judzeos,</strong></span> <span class='ocrx_word' id='word_1_167' title='bbox 2012 2208 2108 2248; x_wconf 83' lang='lat' dir='ltr'><strong>ex-</strong></span> 
     </span>
    </p>
   </div>
   <div class='ocr_carea' id='block_1_22' title="bbox 519 2287 2108 2373">
    <p class='ocr_par' dir='ltr' id='par_1_22' title="bbox 519 2287 2108 2373">
     <span class='ocr_line' id='line_1_22' title="bbox 519 2287 2108 2373; baseline -0.011 -16"><span class='ocrx_word' id='word_1_168' title='bbox 519 2303 706 2373; x_wconf 89' lang='lat' dir='ltr'><strong>pulsos</strong></span> <span class='ocrx_word' id='word_1_169' title='bbox 732 2315 853 2355; x_wconf 74' lang='lat' dir='ltr'><strong>esse</strong></span> <span class='ocrx_word' id='word_1_170' title='bbox 881 2299 946 2353; x_wconf 89' lang='lat' dir='ltr'><strong>de</strong></span> <span class='ocrx_word' id='word_1_171' title='bbox 974 2299 1060 2351; x_wconf 89' lang='lat' dir='ltr'><strong>illa</strong></span> <span class='ocrx_word' id='word_1_172' title='bbox 1083 2297 1316 2351; x_wconf 83' lang='lat' dir='ltr'><strong>civitate.</strong></span> <span class='ocrx_word' id='word_1_173' title='bbox 1343 2294 1470 2361; x_wconf 66' lang='lat' dir='ltr'><strong>Quae</strong></span> <span class='ocrx_word' id='word_1_174' title='bbox 1499 2292 1726 2346; x_wconf 82' lang='lat' dir='ltr'><strong>habebat</strong></span> <span class='ocrx_word' id='word_1_175' title='bbox 1751 2289 2030 2344; x_wconf 74' lang='lat' dir='ltr'><strong>smvientes</strong></span> <span class='ocrx_word' id='word_1_176' title='bbox 2058 2287 2108 2340; x_wconf 89' lang='lat' dir='ltr'><strong>in</strong></span> 
     </span>
    </p>
   </div>
   <div class='ocr_carea' id='block_1_23' title="bbox 519 2379 2110 2457">
    <p class='ocr_par' dir='ltr' id='par_1_23' title="bbox 519 2379 2110 2457">
     <span class='ocr_line' id='line_1_23' title="bbox 519 2379 2110 2457; baseline -0.01 -10"><span class='ocrx_word' id='word_1_177' title='bbox 519 2389 813 2457; x_wconf 90' lang='lat' dir='ltr'><strong>Christum,</strong></span> <span class='ocrx_word' id='word_1_178' title='bbox 839 2389 998 2443; x_wconf 88' lang='lat' dir='ltr'><strong>habet</strong></span> <span class='ocrx_word' id='word_1_179' title='bbox 1024 2387 1308 2441; x_wconf 88' lang='lat' dir='ltr'><strong>adorantes</strong></span> <span class='ocrx_word' id='word_1_180' title='bbox 1337 2383 1624 2438; x_wconf 84' lang='lat' dir='ltr'><strong>Christum.</strong></span> <span class='ocrx_word' id='word_1_181' title='bbox 1659 2382 1943 2450; x_wconf 81' lang='lat' dir='ltr'><strong>Propterea</strong></span> <span class='ocrx_word' id='word_1_182' title='bbox 1965 2379 2110 2432; x_wconf 89' lang='lat' dir='ltr'><strong>illam</strong></span> 
     </span>
    </p>
   </div>
   <div class='ocr_carea' id='block_1_24' title="bbox 519 2471 2111 2552">
    <p class='ocr_par' dir='ltr' id='par_1_24' title="bbox 519 2471 2111 2552">
     <span class='ocr_line' id='line_1_24' title="bbox 519 2471 2111 2552; baseline -0.008 -13"><span class='ocrx_word' id='word_1_183' title='bbox 519 2483 607 2540; x_wconf 91' lang='lat' dir='ltr'><strong>isti</strong></span> <span class='ocrx_word' id='word_1_184' title='bbox 631 2483 876 2546; x_wconf 88' lang='lat' dir='ltr'><strong>oderunt,</strong></span> <span class='ocrx_word' id='word_1_185' title='bbox 912 2480 1035 2552; x_wconf 90' lang='lat' dir='ltr'><strong>quia</strong></span> <span class='ocrx_word' id='word_1_186' title='bbox 1057 2477 1340 2534; x_wconf 85' lang='lat' dir='ltr'><strong>Christiani</strong></span> <span class='ocrx_word' id='word_1_187' title='bbox 1366 2477 1416 2529; x_wconf 92' lang='lat' dir='ltr'><strong>in</strong></span> <span class='ocrx_word' id='word_1_188' title='bbox 1445 2475 1530 2529; x_wconf 90' lang='lat' dir='ltr'><strong>illa</strong></span> <span class='ocrx_word' id='word_1_189' title='bbox 1557 2481 1700 2528; x_wconf 89' lang='lat' dir='ltr'><strong>sunt.</strong></span> <span class='ocrx_word' id='word_1_190' title='bbox 1730 2472 1804 2526; x_wconf 91' lang='lat' dir='ltr'><strong>lbi</strong></span> <span class='ocrx_word' id='word_1_191' title='bbox 1833 2471 1996 2526; x_wconf 89' lang='lat' dir='ltr'><strong>voluit</strong></span> <span class='ocrx_word' id='word_1_192' title='bbox 2023 2486 2111 2526; x_wconf 90' lang='lat' dir='ltr'><strong>se-</strong></span> 
     </span>
    </p>
   </div>
   <div class='ocr_carea' id='block_1_25' title="bbox 520 2563 2114 2644">
    <p class='ocr_par' dir='ltr' id='par_1_25' title="bbox 520 2563 2114 2644">
     <span class='ocr_line' id='line_1_25' title="bbox 520 2563 2114 2644; baseline -0.01 -13"><span class='ocrx_word' id='word_1_193' title='bbox 520 2575 650 2631; x_wconf 89' lang='lat' dir='ltr'><strong>dere</strong></span> <span class='ocrx_word' id='word_1_194' title='bbox 668 2572 958 2644; x_wconf 89' lang='lat' dir='ltr'><strong>discipulos</strong></span> <span class='ocrx_word' id='word_1_195' title='bbox 985 2584 1132 2636; x_wconf 90' lang='lat' dir='ltr'><strong>suos,</strong></span> <span class='ocrx_word' id='word_1_196' title='bbox 1160 2577 1215 2624; x_wconf 88' lang='lat' dir='ltr'><strong>et</strong></span> <span class='ocrx_word' id='word_1_197' title='bbox 1250 2568 1321 2622; x_wconf 88' lang='lat' dir='ltr'><strong>ibi</strong></span> <span class='ocrx_word' id='word_1_198' title='bbox 1349 2567 1452 2621; x_wconf 88' lang='lat' dir='ltr'><strong>illis</strong></span> <span class='ocrx_word' id='word_1_199' title='bbox 1479 2565 1688 2619; x_wconf 89' lang='lat' dir='ltr'><strong>mittere</strong></span> <span class='ocrx_word' id='word_1_200' title='bbox 1709 2563 1961 2632; x_wconf 89' lang='lat' dir='ltr'><strong>Spiritum</strong></span> <span class='ocrx_word' id='word_1_201' title='bbox 1991 2577 2114 2616; x_wconf 91' lang='lat' dir='ltr'><strong>san-</strong></span> 
     </span>
    </p>
   </div>
   <div class='ocr_carea' id='block_1_26' title="bbox 518 2654 2178 2724">
    <p class='ocr_par' dir='ltr' id='par_1_26' title="bbox 518 2654 2178 2724">
     <span class='ocr_line' id='line_1_26' title="bbox 518 2654 2178 2724; baseline -0.011 -2"><span class='ocrx_word' id='word_1_202' title='bbox 518 2664 686 2722; x_wconf 69' lang='lat' dir='ltr'><strong>ctu&#39;m.</strong></span> <span class='ocrx_word' id='word_1_203' title='bbox 737 2664 837 2722; x_wconf 86' lang='lat' dir='ltr'><strong>Ubi</strong></span> <span class='ocrx_word' id='word_1_204' title='bbox 879 2662 1128 2718; x_wconf 88' lang='lat' dir='ltr'><strong>inchoata</strong></span> <span class='ocrx_word' id='word_1_205' title='bbox 1165 2669 1248 2715; x_wconf 88' lang='lat' dir='ltr'><strong>est</strong></span> <span class='ocrx_word' id='word_1_206' title='bbox 1286 2659 1557 2724; x_wconf 84' lang='lat' dir='ltr'><strong>Ecclesia,</strong></span> <span class='ocrx_word' id='word_1_207' title='bbox 1596 2655 1698 2710; x_wconf 89' lang='lat' dir='ltr'><strong>nisi</strong></span> <span class='ocrx_word' id='word_1_208' title='bbox 1739 2655 1827 2710; x_wconf 91' lang='lat' dir='ltr'><strong>ubi</strong></span> <span class='ocrx_word' id='word_1_209' title='bbox 1866 2656 2009 2710; x_wconf 87' lang='lat' dir='ltr'><strong>venit</strong></span> <span class='ocrx_word' id='word_1_210' title='bbox 2046 2654 2114 2708; x_wconf 92' lang='lat' dir='ltr'><strong>de</strong></span> <span class='ocrx_word' id='word_1_211' title='bbox 2155 2697 2178 2704; x_wconf 87' lang='lat'>_</span> 
     </span>
    </p>
   </div>
   <div class='ocr_carea' id='block_1_27' title="bbox 519 2748 2114 2828">
    <p class='ocr_par' dir='ltr' id='par_1_27' title="bbox 519 2748 2114 2828">
     <span class='ocr_line' id='line_1_27' title="bbox 519 2748 2114 2828; baseline -0.008 -13"><span class='ocrx_word' id='word_1_212' title='bbox 519 2759 658 2816; x_wconf 69' lang='lat' dir='ltr'><strong>caelo</strong></span> <span class='ocrx_word' id='word_1_213' title='bbox 704 2757 935 2828; x_wconf 90' lang='lat' dir='ltr'><strong>Spiritus</strong></span> <span class='ocrx_word' id='word_1_214' title='bbox 980 2765 1215 2820; x_wconf 87' lang='lat' dir='ltr'><strong>sanctus,</strong></span> <span class='ocrx_word' id='word_1_215' title='bbox 1248 2762 1304 2808; x_wconf 91' lang='lat' dir='ltr'><strong>et</strong></span> <span class='ocrx_word' id='word_1_216' title='bbox 1332 2750 1570 2823; x_wconf 85' lang='lat' dir='ltr'><strong>implevit</strong></span> <span class='ocrx_word' id='word_1_217' title='bbox 1595 2765 1700 2806; x_wconf 92' lang='lat' dir='ltr'><strong>uno</strong></span> <span class='ocrx_word' id='word_1_218' title='bbox 1725 2749 1842 2804; x_wconf 88' lang='lat' dir='ltr'><strong>loco</strong></span> <span class='ocrx_word' id='word_1_219' title='bbox 1868 2748 2114 2803; x_wconf 83' lang='lat' dir='ltr'><strong>sedentes</strong></span> 
     </span>
    </p>
   </div>
   <div class='ocr_carea' id='block_1_28' title="bbox 521 2841 2114 2921">
    <p class='ocr_par' dir='ltr' id='par_1_28' title="bbox 521 2841 2114 2921">
     <span class='ocr_line' id='line_1_28' title="bbox 521 2841 2114 2921; baseline -0.009 -14"><span class='ocrx_word' id='word_1_220' title='bbox 521 2861 736 2907; x_wconf 88' lang='lat' dir='ltr'><strong>centum</strong></span> <span class='ocrx_word' id='word_1_221' title='bbox 757 2849 981 2921; x_wconf 77' lang='lat' dir='ltr'><strong>viginti?</strong></span> <span class='ocrx_word' id='word_1_222' title='bbox 1007 2845 1374 2902; x_wconf 88' lang='lat' dir='ltr'><strong>Duodenarius</strong></span> <span class='ocrx_word' id='word_1_223' title='bbox 1398 2843 1483 2898; x_wconf 90' lang='lat' dir='ltr'><strong>ille</strong></span> <span class='ocrx_word' id='word_1_224' title='bbox 1509 2858 1765 2897; x_wconf 89' lang='lat' dir='ltr'><strong>numerus</strong></span> <span class='ocrx_word' id='word_1_225' title='bbox 1804 2841 2114 2909; x_wconf 87' lang='lat' dir='ltr'><strong>decuplatus</strong></span> 
     </span>
    </p>
   </div>
   <div class='ocr_carea' id='block_1_29' title="bbox 521 2931 2112 3007">
    <p class='ocr_par' dir='ltr' id='par_1_29' title="bbox 521 2931 2112 3007">
     <span class='ocr_line' id='line_1_29' title="bbox 521 2931 2112 3007; baseline -0.009 -7"><span class='ocrx_word' id='word_1_226' title='bbox 521 2953 658 3000; x_wconf 89' lang='lat' dir='ltr'><strong>erat.</strong></span> <span class='ocrx_word' id='word_1_227' title='bbox 687 2942 956 2998; x_wconf 88' lang='lat' dir='ltr'><strong>Sedebant</strong></span> <span class='ocrx_word' id='word_1_228' title='bbox 979 2949 1193 2996; x_wconf 90' lang='lat' dir='ltr'><strong>centum</strong></span> <span class='ocrx_word' id='word_1_229' title='bbox 1220 2937 1403 3007; x_wconf 79' lang='lat' dir='ltr'><strong>viginti</strong></span> <span class='ocrx_word' id='word_1_230' title='bbox 1443 2935 1706 2998; x_wconf 89' lang='lat' dir='ltr'><strong>homines,</strong></span> <span class='ocrx_word' id='word_1_231' title='bbox 1739 2943 1794 2988; x_wconf 90' lang='lat' dir='ltr'><strong>et</strong></span> <span class='ocrx_word' id='word_1_232' title='bbox 1822 2933 1964 2987; x_wconf 89' lang='lat' dir='ltr'><strong>venit</strong></span> <span class='ocrx_word' id='word_1_233' title='bbox 1989 2931 2112 3000; x_wconf 88' lang='lat' dir='ltr'><strong>Spi-</strong></span> 
     </span>
    </p>
   </div>
   <div class='ocr_carea' id='block_1_30' title="bbox 520 3024 2114 3102">
    <p class='ocr_par' dir='ltr' id='par_1_30' title="bbox 520 3024 2114 3102">
     <span class='ocr_line' id='line_1_30' title="bbox 520 3024 2114 3102; baseline -0.01 -9"><span class='ocrx_word' id='word_1_234' title='bbox 520 3036 657 3093; x_wconf 86' lang='lat' dir='ltr'><strong>ritus</strong></span> <span class='ocrx_word' id='word_1_235' title='bbox 686 3044 922 3100; x_wconf 87' lang='lat' dir='ltr'><strong>sanctus,</strong></span> <span class='ocrx_word' id='word_1_236' title='bbox 953 3041 1010 3089; x_wconf 89' lang='lat' dir='ltr'><strong>et</strong></span> <span class='ocrx_word' id='word_1_237' title='bbox 1046 3029 1282 3102; x_wconf 85' lang='lat' dir='ltr'><strong>implevit</strong></span> <span class='ocrx_word' id='word_1_238' title='bbox 1317 3036 1483 3083; x_wconf 92' lang='lat' dir='ltr'><strong>totum</strong></span> <span class='ocrx_word' id='word_1_239' title='bbox 1512 3027 1707 3091; x_wconf 89' lang='lat' dir='ltr'><strong>locum,</strong></span> <span class='ocrx_word' id='word_1_240' title='bbox 1745 3035 1797 3079; x_wconf 91' lang='lat' dir='ltr'><strong>et</strong></span> <span class='ocrx_word' id='word_1_241' title='bbox 1822 3024 1990 3079; x_wconf 87' lang='lat' dir='ltr'><strong>factus</strong></span> <span class='ocrx_word' id='word_1_242' title='bbox 2033 3031 2114 3079; x_wconf 85' lang='lat' dir='ltr'><strong>est</strong></span> 
     </span>
    </p>
   </div>
   <div class='ocr_carea' id='block_1_31' title="bbox 518 3115 2111 3198">
    <p class='ocr_par' dir='ltr' id='par_1_31' title="bbox 518 3115 2111 3198">
     <span class='ocr_line' id='line_1_31' title="bbox 518 3115 2111 3198; baseline -0.013 -10"><span class='ocrx_word' id='word_1_243' title='bbox 518 3144 704 3196; x_wconf 83' lang='lat' dir='ltr'><strong>sonus,</strong></span> <span class='ocrx_word' id='word_1_244' title='bbox 735 3130 884 3198; x_wconf 87' lang='lat' dir='ltr'><strong>quasi</strong></span> <span class='ocrx_word' id='word_1_245' title='bbox 907 3125 1135 3181; x_wconf 89' lang='lat' dir='ltr'><strong>ferretur</strong></span> <span class='ocrx_word' id='word_1_246' title='bbox 1163 3123 1319 3176; x_wconf 87' lang='lat' dir='ltr'><strong>ﬂatus</strong></span> <span class='ocrx_word' id='word_1_247' title='bbox 1345 3119 1655 3180; x_wconf 79' lang='lat' dir='ltr'><strong>vehemens,</strong></span> <span class='ocrx_word' id='word_1_248' title='bbox 1690 3126 1744 3172; x_wconf 91' lang='lat' dir='ltr'><strong>et</strong></span> <span class='ocrx_word' id='word_1_249' title='bbox 1767 3117 1956 3186; x_wconf 66' lang='lat' dir='ltr'><strong>linguae</strong></span> <span class='ocrx_word' id='word_1_250' title='bbox 1980 3115 2111 3170; x_wconf 86' lang='lat' dir='ltr'><strong>divi-</strong></span> 
     </span>
    </p>
   </div>
   <div class='ocr_carea' id='block_1_32' title="bbox 519 3205 2111 3288">
    <p class='ocr_par' dir='ltr' id='par_1_32' title="bbox 519 3205 2111 3288">
     <span class='ocr_line' id='line_1_32' title="bbox 519 3205 2111 3288; baseline -0.012 -9"><span class='ocrx_word' id='word_1_251' title='bbox 519 3237 595 3279; x_wconf 66' lang='lat' dir='ltr'><strong>sae</strong></span> <span class='ocrx_word' id='word_1_252' title='bbox 614 3231 740 3277; x_wconf 89' lang='lat' dir='ltr'><strong>sunt</strong></span> <span class='ocrx_word' id='word_1_253' title='bbox 758 3220 904 3276; x_wconf 90' lang='lat' dir='ltr'><strong>velut</strong></span> <span class='ocrx_word' id='word_1_254' title='bbox 922 3216 1078 3288; x_wconf 87' lang='lat' dir='ltr'><strong>ignis.</strong></span> <span class='ocrx_word' id='word_1_255' title='bbox 1099 3213 1336 3270; x_wconf 79' lang='lat' dir='ltr'><strong>Audistis</strong></span> <span class='ocrx_word' id='word_1_256' title='bbox 1357 3212 1520 3266; x_wconf 88' lang='lat' dir='ltr'><strong>Actus</strong></span> <span class='ocrx_word' id='word_1_257' title='bbox 1542 3209 1934 3280; x_wconf 87' lang='lat' dir='ltr'><strong>Apostolorum,</strong></span> <span class='ocrx_word' id='word_1_258' title='bbox 1955 3205 2111 3262; x_wconf 89' lang='lat' dir='ltr'><strong>hodie</strong></span> 
     </span>
    </p>
   </div>
   <div class='ocr_carea' id='block_1_33' title="bbox 519 3299 2110 3381">
    <p class='ocr_par' dir='ltr' id='par_1_33' title="bbox 519 3299 2110 3381">
     <span class='ocr_line' id='line_1_33' title="bbox 519 3299 2110 3381; baseline -0.012 -12"><span class='ocrx_word' id='word_1_259' title='bbox 519 3313 657 3371; x_wconf 89' lang='lat' dir='ltr'><strong>lecta</strong></span> <span class='ocrx_word' id='word_1_260' title='bbox 685 3321 770 3368; x_wconf 89' lang='lat' dir='ltr'><strong>est</strong></span> <span class='ocrx_word' id='word_1_261' title='bbox 803 3312 915 3381; x_wconf 81' lang='lat' dir='ltr'><strong>ipsa</strong></span> <span class='ocrx_word' id='word_1_262' title='bbox 953 3307 1111 3364; x_wconf 87' lang='lat' dir='ltr'><strong>lectio</strong></span> <span class='ocrx_word' id='word_1_263' title='bbox 1151 3304 1228 3378; x_wconf 80' lang='grc' dir='ltr'><strong>(ιι)</strong></span> <span class='ocrx_word' id='word_1_264' title='bbox 1255 3323 1268 3358; x_wconf 91' lang='lat'><strong>:</strong></span> <span class='ocrx_word' id='word_1_265' title='bbox 1294 3305 1564 3374; x_wconf 70' lang='lat' dir='ltr'><strong>Carperunt</strong></span> <span class='ocrx_word' id='word_1_266' title='bbox 1598 3301 1782 3372; x_wconf 78' lang='lat' dir='ltr'><strong>linguis</strong></span> <span class='ocrx_word' id='word_1_267' title='bbox 1813 3299 1948 3367; x_wconf 82' lang='lat' dir='ltr'><strong>loqui</strong></span> <span class='ocrx_word' id='word_1_268' title='bbox 1984 3313 2110 3368; x_wconf 87' lang='lat' dir='ltr'><strong>quo-</strong></span> 
     </span>
    </p>
   </div>
   <div class='ocr_carea' id='block_1_34' title="bbox 518 3391 2113 3474">
    <p class='ocr_par' dir='ltr' id='par_1_34' title="bbox 518 3391 2113 3474">
     <span class='ocr_line' id='line_1_34' title="bbox 518 3391 2113 3474; baseline -0.01 -13"><span class='ocrx_word' id='word_1_269' title='bbox 518 3409 670 3460; x_wconf 80' lang='lat' dir='ltr'><strong>modo</strong></span> <span class='ocrx_word' id='word_1_270' title='bbox 701 3403 924 3474; x_wconf 84' lang='lat' dir='ltr'><strong>Spiritus</strong></span> <span class='ocrx_word' id='word_1_271' title='bbox 953 3401 1110 3454; x_wconf 82' lang='lat' dir='ltr'><strong>dabat</strong></span> <span class='ocrx_word' id='word_1_272' title='bbox 1129 3399 1200 3452; x_wconf 89' lang='lat' dir='ltr'><strong>eis</strong></span> <span class='ocrx_word' id='word_1_273' title='bbox 1227 3396 1574 3469; x_wconf 85' lang='lat' dir='ltr'><strong>pronuntiare.</strong></span> <span class='ocrx_word' id='word_1_274' title='bbox 1604 3395 1671 3448; x_wconf 88' lang='lat' dir='ltr'><strong>Et</strong></span> <span class='ocrx_word' id='word_1_275' title='bbox 1690 3409 1875 3448; x_wconf 90' lang='lat' dir='ltr'><strong>omnes</strong></span> <span class='ocrx_word' id='word_1_276' title='bbox 1899 3393 1989 3463; x_wconf 89' lang='lat' dir='ltr'><strong>qui</strong></span> <span class='ocrx_word' id='word_1_277' title='bbox 2019 3391 2113 3446; x_wconf 86' lang='lat' dir='ltr'><strong>ad-</strong></span> 
     </span>
    </p>
   </div>
   <div class='ocr_carea' id='block_1_35' title="bbox 520 3483 2112 3562">
    <p class='ocr_par' dir='ltr' id='par_1_35' title="bbox 520 3483 2112 3562">
     <span class='ocr_line' id='line_1_35' title="bbox 520 3483 2112 3562; baseline -0.01 -9"><span class='ocrx_word' id='word_1_278' title='bbox 520 3506 673 3554; x_wconf 86' lang='lat' dir='ltr'><strong>erant</strong></span> <span class='ocrx_word' id='word_1_279' title='bbox 694 3495 820 3562; x_wconf 91' lang='lat' dir='ltr'><strong>illic,</strong></span> <span class='ocrx_word' id='word_1_280' title='bbox 839 3494 906 3548; x_wconf 91' lang='lat' dir='ltr'><strong>de</strong></span> <span class='ocrx_word' id='word_1_281' title='bbox 923 3491 1152 3548; x_wconf 87' lang='lat' dir='ltr'><strong>diversis</strong></span> <span class='ocrx_word' id='word_1_282' title='bbox 1175 3488 1418 3559; x_wconf 86' lang='lat' dir='ltr'><strong>gentibus</strong></span> <span class='ocrx_word' id='word_1_283' title='bbox 1440 3486 1716 3541; x_wconf 87' lang='lat' dir='ltr'><strong>venientes</strong></span> <span class='ocrx_word' id='word_1_284' title='bbox 1735 3483 1924 3546; x_wconf 76' lang='lat' dir='ltr'><strong>Judzei,</strong></span> <span class='ocrx_word' id='word_1_285' title='bbox 1948 3497 2112 3552; x_wconf 87' lang='lat' dir='ltr'><strong>agno-</strong></span> 
     </span>
    </p>
   </div>
   <div class='ocr_carea' id='block_1_36' title="bbox 519 3576 2170 3656">
    <p class='ocr_par' dir='ltr' id='par_1_36' title="bbox 519 3576 2170 3656">
     <span class='ocr_line' id='line_1_36' title="bbox 519 3576 2170 3656; baseline -0.013 -9"><span class='ocrx_word' id='word_1_286' title='bbox 519 3591 739 3647; x_wconf 85' lang='lat' dir='ltr'><strong>scebant</strong></span> <span class='ocrx_word' id='word_1_287' title='bbox 780 3585 1141 3656; x_wconf 85' lang='lat' dir='ltr'><strong>unusquisque</strong></span> <span class='ocrx_word' id='word_1_288' title='bbox 1188 3582 1417 3651; x_wconf 85' lang='lat' dir='ltr'><strong>linguam</strong></span> <span class='ocrx_word' id='word_1_289' title='bbox 1462 3593 1646 3642; x_wconf 89' lang='lat' dir='ltr'><strong>suam;</strong></span> <span class='ocrx_word' id='word_1_290' title='bbox 1694 3586 1746 3631; x_wconf 92' lang='lat' dir='ltr'><strong>ct</strong></span> <span class='ocrx_word' id='word_1_291' title='bbox 1785 3576 2112 3631; x_wconf 87' lang='lat' dir='ltr'><strong>mirabantur</strong></span> <span class='ocrx_word' id='word_1_292' title='bbox 2155 3621 2170 3626; x_wconf 71' lang='lat'><strong>-</strong></span> 
     </span>
    </p>
   </div>
   <div class='ocr_carea' id='block_1_37' title="bbox 519 3668 2108 3744">
    <p class='ocr_par' dir='ltr' id='par_1_37' title="bbox 519 3668 2108 3744">
     <span class='ocr_line' id='line_1_37' title="bbox 519 3668 2108 3744; baseline -0.009 -7"><span class='ocrx_word' id='word_1_293' title='bbox 519 3682 641 3737; x_wconf 90' lang='lat' dir='ltr'><strong>illos</strong></span> <span class='ocrx_word' id='word_1_294' title='bbox 678 3680 868 3735; x_wconf 87' lang='lat' dir='ltr'><strong>idiotas</strong></span> <span class='ocrx_word' id='word_1_295' title='bbox 894 3685 948 3731; x_wconf 92' lang='lat' dir='ltr'><strong>et</strong></span> <span class='ocrx_word' id='word_1_296' title='bbox 985 3673 1262 3744; x_wconf 89' lang='lat' dir='ltr'><strong>imperitos</strong></span> <span class='ocrx_word' id='word_1_297' title='bbox 1305 3671 1482 3725; x_wconf 90' lang='lat' dir='ltr'><strong>subito</strong></span> <span class='ocrx_word' id='word_1_298' title='bbox 1519 3668 1772 3724; x_wconf 88' lang='lat' dir='ltr'><strong>didicisse</strong></span> <span class='ocrx_word' id='word_1_299' title='bbox 1799 3683 1901 3721; x_wconf 92' lang='lat' dir='ltr'><strong>non</strong></span> <span class='ocrx_word' id='word_1_300' title='bbox 1949 3683 2108 3722; x_wconf 90' lang='lat' dir='ltr'><strong>unam</strong></span> 
     </span>
    </p>
   </div>
   <div class='ocr_carea' id='block_1_38' title="bbox 518 3758 2106 3839">
    <p class='ocr_par' dir='ltr' id='par_1_38' title="bbox 518 3758 2106 3839">
     <span class='ocr_line' id='line_1_38' title="bbox 518 3758 2106 3839; baseline -0.01 -11"><span class='ocrx_word' id='word_1_301' title='bbox 518 3783 612 3828; x_wconf 87' lang='lat' dir='ltr'><strong>aut</strong></span> <span class='ocrx_word' id='word_1_302' title='bbox 645 3771 780 3826; x_wconf 91' lang='lat' dir='ltr'><strong>duas</strong></span> <span class='ocrx_word' id='word_1_303' title='bbox 808 3769 1030 3839; x_wconf 86' lang='lat' dir='ltr'><strong>linguas,</strong></span> <span class='ocrx_word' id='word_1_304' title='bbox 1063 3765 1156 3822; x_wconf 90' lang='lat' dir='ltr'><strong>sed</strong></span> <span class='ocrx_word' id='word_1_305' title='bbox 1183 3765 1423 3818; x_wconf 88' lang='lat' dir='ltr'><strong>omnium</strong></span> <span class='ocrx_word' id='word_1_306' title='bbox 1451 3760 1670 3816; x_wconf 91' lang='lat' dir='ltr'><strong>omnino</strong></span> <span class='ocrx_word' id='word_1_307' title='bbox 1693 3759 1928 3830; x_wconf 86' lang='lat' dir='ltr'><strong>gentium</strong></span> <span class='ocrx_word' id='word_1_308' title='bbox 1957 3758 2106 3827; x_wconf 83' lang='lat' dir='ltr'><strong>(Act.</strong></span> 
     </span>
    </p>
   </div>
   <div class='ocr_carea' id='block_1_39' title="bbox 519 3854 2108 3934">
    <p class='ocr_par' dir='ltr' id='par_1_39' title="bbox 519 3854 2108 3934">
     <span class='ocr_line' id='line_1_39' title="bbox 519 3854 2108 3934; baseline -0.01 -12"><span class='ocrx_word' id='word_1_309' title='bbox 519 3883 556 3934; x_wconf 83' lang='grc' dir='ltr'><strong>ι,</strong></span> <span class='ocrx_word' id='word_1_310' title='bbox 585 3867 673 3933; x_wconf 78' lang='grc'><strong>15,</strong></span> <span class='ocrx_word' id='word_1_311' title='bbox 692 3876 738 3921; x_wconf 89' lang='lat' dir='ltr'><strong>et</strong></span> <span class='ocrx_word' id='word_1_312' title='bbox 771 3881 827 3931; x_wconf 85' lang='grc' dir='ltr'><strong>ιι,</strong></span> <span class='ocrx_word' id='word_1_313' title='bbox 862 3861 1062 3932; x_wconf 68' lang='lat'><strong>1,12).</strong></span> <span class='ocrx_word' id='word_1_314' title='bbox 1088 3861 1189 3916; x_wconf 87' lang='lat' dir='ltr'><strong>Ubi</strong></span> <span class='ocrx_word' id='word_1_315' title='bbox 1217 3873 1342 3927; x_wconf 86' lang='lat' dir='ltr'><strong>ergo</strong></span> <span class='ocrx_word' id='word_1_316' title='bbox 1372 3857 1482 3926; x_wconf 89' lang='lat' dir='ltr'><strong>jam</strong></span> <span class='ocrx_word' id='word_1_317' title='bbox 1506 3871 1695 3909; x_wconf 89' lang='lat' dir='ltr'><strong>omnes</strong></span> <span class='ocrx_word' id='word_1_318' title='bbox 1727 3854 1919 3925; x_wconf 77' lang='lat' dir='ltr'><strong>lingua:</strong></span> <span class='ocrx_word' id='word_1_319' title='bbox 1947 3868 2108 3908; x_wconf 85' lang='lat' dir='ltr'><strong>sona-</strong></span> 
     </span>
    </p>
   </div>
   <div class='ocr_carea' id='block_1_40' title="bbox 516 3945 2110 4024">
    <p class='ocr_par' dir='ltr' id='par_1_40' title="bbox 516 3945 2110 4024">
     <span class='ocr_line' id='line_1_40' title="bbox 516 3945 2110 4024; baseline -0.01 -10"><span class='ocrx_word' id='word_1_320' title='bbox 516 3958 665 4024; x_wconf 89' lang='lat' dir='ltr'><strong>bant,</strong></span> <span class='ocrx_word' id='word_1_321' title='bbox 692 3970 879 4012; x_wconf 90' lang='lat' dir='ltr'><strong>omnes</strong></span> <span class='ocrx_word' id='word_1_322' title='bbox 903 3955 1098 4024; x_wconf 75' lang='lat' dir='ltr'><strong>lingua:</strong></span> <span class='ocrx_word' id='word_1_323' title='bbox 1125 3949 1405 4005; x_wconf 66' lang='lat' dir='ltr'><strong>crediturae</strong></span> <span class='ocrx_word' id='word_1_324' title='bbox 1435 3946 1871 4002; x_wconf 89' lang='lat' dir='ltr'><strong>ostendebantur.</strong></span> <span class='ocrx_word' id='word_1_325' title='bbox 1900 3945 1989 4000; x_wconf 91' lang='lat' dir='ltr'><strong>lsti</strong></span> <span class='ocrx_word' id='word_1_326' title='bbox 2015 3961 2110 4000; x_wconf 85' lang='lat' dir='ltr'><strong>au-</strong></span> 
     </span>
    </p>
   </div>
   <div class='ocr_carea' id='block_1_41' title="bbox 518 4036 2154 4118">
    <p class='ocr_par' dir='ltr' id='par_1_41' title="bbox 518 4036 2154 4118">
     <span class='ocr_line' id='line_1_41' title="bbox 518 4036 2154 4118; baseline -0.012 -13"><span class='ocrx_word' id='word_1_327' title='bbox 518 4060 627 4105; x_wconf 91' lang='lat' dir='ltr'><strong>tem</strong></span> <span class='ocrx_word' id='word_1_328' title='bbox 654 4048 744 4118; x_wconf 88' lang='lat' dir='ltr'><strong>qui</strong></span> <span class='ocrx_word' id='word_1_329' title='bbox 769 4045 992 4101; x_wconf 89' lang='lat' dir='ltr'><strong>multum</strong></span> <span class='ocrx_word' id='word_1_330' title='bbox 1017 4049 1197 4096; x_wconf 87' lang='lat' dir='ltr'><strong>amant</strong></span> <span class='ocrx_word' id='word_1_331' title='bbox 1221 4039 1508 4104; x_wconf 90' lang='lat' dir='ltr'><strong>Christum,</strong></span> <span class='ocrx_word' id='word_1_332' title='bbox 1538 4045 1591 4092; x_wconf 89' lang='lat' dir='ltr'><strong>et</strong></span> <span class='ocrx_word' id='word_1_333' title='bbox 1616 4037 1738 4091; x_wconf 90' lang='lat' dir='ltr'><strong>ideo</strong></span> <span class='ocrx_word' id='word_1_334' title='bbox 1767 4036 1952 4090; x_wconf 91' lang='lat' dir='ltr'><strong>nolunt</strong></span> <span class='ocrx_word' id='word_1_335' title='bbox 1971 4050 2108 4090; x_wconf 91' lang='lat' dir='ltr'><strong>com-</strong></span> <span class='ocrx_word' id='word_1_336' title='bbox 2149 4077 2154 4084; x_wconf 93' lang='lat'><strong>.</strong></span> 
     </span>
    </p>
   </div>
   <div class='ocr_carea' id='block_1_42' title="bbox 520 4126 2104 4203">
    <p class='ocr_par' dir='ltr' id='par_1_42' title="bbox 520 4126 2104 4203">
     <span class='ocr_line' id='line_1_42' title="bbox 520 4126 2104 4203; baseline -0.009 -8"><span class='ocrx_word' id='word_1_337' title='bbox 520 4139 794 4195; x_wconf 89' lang='lat' dir='ltr'><strong>municare</strong></span> <span class='ocrx_word' id='word_1_338' title='bbox 819 4134 1019 4190; x_wconf 89' lang='lat' dir='ltr'><strong>civitati</strong></span> <span class='ocrx_word' id='word_1_339' title='bbox 1063 4149 1180 4203; x_wconf 79' lang='lat' dir='ltr'><strong>qua:</strong></span> <span class='ocrx_word' id='word_1_340' title='bbox 1209 4129 1472 4185; x_wconf 82' lang='lat' dir='ltr'><strong>interfecit</strong></span> <span class='ocrx_word' id='word_1_341' title='bbox 1493 4129 1787 4192; x_wconf 90' lang='lat' dir='ltr'><strong>Christum,</strong></span> <span class='ocrx_word' id='word_1_342' title='bbox 1827 4127 1905 4180; x_wconf 91' lang='lat' dir='ltr'><strong>sic</strong></span> <span class='ocrx_word' id='word_1_343' title='bbox 1934 4126 2104 4180; x_wconf 91' lang='lat' dir='ltr'><strong>hono-</strong></span> 
     </span>
    </p>
   </div>
   <div class='ocr_carea' id='block_1_43' title="bbox 518 4215 2104 4292">
    <p class='ocr_par' dir='ltr' id='par_1_43' title="bbox 518 4215 2104 4292">
     <span class='ocr_line' id='line_1_43' title="bbox 518 4215 2104 4292; baseline -0.01 -7"><span class='ocrx_word' id='word_1_344' title='bbox 518 4237 639 4285; x_wconf 92' lang='lat' dir='ltr'><strong>rant</strong></span> <span class='ocrx_word' id='word_1_345' title='bbox 679 4228 1059 4292; x_wconf 89' lang='lat' dir='ltr'><strong>Christum,ut</strong></span> <span class='ocrx_word' id='word_1_346' title='bbox 1086 4223 1263 4277; x_wconf 86' lang='lat' dir='ltr'><strong>dicant</strong></span> <span class='ocrx_word' id='word_1_347' title='bbox 1309 4220 1458 4274; x_wconf 92' lang='lat' dir='ltr'><strong>illum</strong></span> <span class='ocrx_word' id='word_1_348' title='bbox 1498 4218 1818 4273; x_wconf 89' lang='lat' dir='ltr'><strong>remansisse</strong></span> <span class='ocrx_word' id='word_1_349' title='bbox 1859 4215 1926 4270; x_wconf 91' lang='lat' dir='ltr'><strong>ad</strong></span> <span class='ocrx_word' id='word_1_350' title='bbox 1973 4216 2104 4269; x_wconf 90' lang='lat' dir='ltr'><strong>duas</strong></span> 
     </span>
    </p>
   </div>
   <div class='ocr_carea' id='block_1_44' title="bbox 518 4304 2104 4391">
    <p class='ocr_par' dir='ltr' id='par_1_44' title="bbox 518 4304 2104 4391">
     <span class='ocr_line' id='line_1_44' title="bbox 518 4304 2104 4391; baseline -0.009 -17"><span class='ocrx_word' id='word_1_351' title='bbox 518 4321 726 4391; x_wconf 87' lang='lat' dir='ltr'><strong>linguas</strong></span> <span class='ocrx_word' id='word_1_352' title='bbox 748 4360 762 4384; x_wconf 94' lang='lat'><strong>,</strong></span> <span class='ocrx_word' id='word_1_353' title='bbox 796 4318 1040 4380; x_wconf 86' lang='lat' dir='ltr'><strong>latinam,</strong></span> <span class='ocrx_word' id='word_1_354' title='bbox 1089 4325 1144 4370; x_wconf 86' lang='lat' dir='ltr'><strong>et</strong></span> <span class='ocrx_word' id='word_1_355' title='bbox 1182 4313 1463 4384; x_wconf 88' lang='lat' dir='ltr'><strong>punicam,</strong></span> <span class='ocrx_word' id='word_1_356' title='bbox 1497 4308 1549 4363; x_wconf 91' lang='lat' dir='ltr'><strong>id</strong></span> <span class='ocrx_word' id='word_1_357' title='bbox 1587 4317 1699 4373; x_wconf 91' lang='lat' dir='ltr'><strong>est,</strong></span> <span class='ocrx_word' id='word_1_358' title='bbox 1729 4306 1917 4361; x_wconf 85' lang='lat' dir='ltr'><strong>afram.</strong></span> <span class='ocrx_word' id='word_1_359' title='bbox 1951 4304 2104 4360; x_wconf 88' lang='lat' dir='ltr'><strong>Solas</strong></span> 
     </span>
    </p>
   </div>
   <div class='ocr_carea' id='block_1_45' title="bbox 514 4397 2102 4480">
    <p class='ocr_par' dir='ltr' id='par_1_45' title="bbox 514 4397 2102 4480">
     <span class='ocr_line' id='line_1_45' title="bbox 514 4397 2102 4480; baseline -0.011 -14"><span class='ocrx_word' id='word_1_360' title='bbox 514 4410 647 4466; x_wconf 91' lang='lat' dir='ltr'><strong>duas</strong></span> <span class='ocrx_word' id='word_1_361' title='bbox 692 4411 894 4480; x_wconf 88' lang='lat' dir='ltr'><strong>linguas</strong></span> <span class='ocrx_word' id='word_1_362' title='bbox 925 4415 1070 4462; x_wconf 91' lang='lat' dir='ltr'><strong>tenet</strong></span> <span class='ocrx_word' id='word_1_363' title='bbox 1109 4399 1387 4460; x_wconf 87' lang='lat' dir='ltr'><strong>Christus?</strong></span> <span class='ocrx_word' id='word_1_364' title='bbox 1427 4397 1546 4452; x_wconf 78' lang='lat' dir='ltr'><strong>Istae</strong></span> <span class='ocrx_word' id='word_1_365' title='bbox 1586 4399 1727 4453; x_wconf 89' lang='lat' dir='ltr'><strong>enim</strong></span> <span class='ocrx_word' id='word_1_366' title='bbox 1761 4397 1880 4451; x_wconf 82' lang='lat' dir='ltr'><strong>duae</strong></span> <span class='ocrx_word' id='word_1_367' title='bbox 1908 4397 2102 4466; x_wconf 70' lang='lat' dir='ltr'><strong>lingua:</strong></span> 
     </span>
    </p>
   </div>
   <div class='ocr_carea' id='block_1_46' title="bbox 515 4488 2099 4569">
    <p class='ocr_par' dir='ltr' id='par_1_46' title="bbox 515 4488 2099 4569">
     <span class='ocr_line' id='line_1_46' title="bbox 515 4488 2099 4569; baseline -0.008 -11"><span class='ocrx_word' id='word_1_368' title='bbox 515 4503 645 4558; x_wconf 71' lang='lat' dir='ltr'><strong>sola:</strong></span> <span class='ocrx_word' id='word_1_369' title='bbox 671 4511 797 4557; x_wconf 90' lang='lat' dir='ltr'><strong>sunt</strong></span> <span class='ocrx_word' id='word_1_370' title='bbox 826 4501 879 4555; x_wconf 92' lang='lat' dir='ltr'><strong>in</strong></span> <span class='ocrx_word' id='word_1_371' title='bbox 917 4507 1065 4569; x_wconf 89' lang='lat' dir='ltr'><strong>parte</strong></span> <span class='ocrx_word' id='word_1_372' title='bbox 1091 4493 1302 4561; x_wconf 88' lang='lat' dir='ltr'><strong>Donati,</strong></span> <span class='ocrx_word' id='word_1_373' title='bbox 1330 4492 1449 4562; x_wconf 91' lang='lat' dir='ltr'><strong>plus</strong></span> <span class='ocrx_word' id='word_1_374' title='bbox 1475 4507 1579 4545; x_wconf 93' lang='lat' dir='ltr'><strong>non</strong></span> <span class='ocrx_word' id='word_1_375' title='bbox 1621 4490 1834 4544; x_wconf 86' lang='lat' dir='ltr'><strong>habent.</strong></span> <span class='ocrx_word' id='word_1_376' title='bbox 1872 4488 2099 4559; x_wconf 86' lang='lat' dir='ltr'><strong>Evigile-</strong></span> 
     </span>
    </p>
   </div>
   <div class='ocr_carea' id='block_1_47' title="bbox 513 4583 2102 4658">
    <p class='ocr_par' dir='ltr' id='par_1_47' title="bbox 513 4583 2102 4658">
     <span class='ocr_line' id='line_1_47' title="bbox 513 4583 2102 4658; baseline -0.006 -9"><span class='ocrx_word' id='word_1_377' title='bbox 513 4610 650 4658; x_wconf 89' lang='lat' dir='ltr'><strong>mus,</strong></span> <span class='ocrx_word' id='word_1_378' title='bbox 693 4595 902 4658; x_wconf 90' lang='lat' dir='ltr'><strong>fratres,</strong></span> <span class='ocrx_word' id='word_1_379' title='bbox 931 4590 1204 4645; x_wconf 88' lang='lat' dir='ltr'><strong>videamus</strong></span> <span class='ocrx_word' id='word_1_380' title='bbox 1229 4586 1404 4656; x_wconf 91' lang='lat' dir='ltr'><strong>potius</strong></span> <span class='ocrx_word' id='word_1_381' title='bbox 1428 4584 1623 4639; x_wconf 89' lang='lat' dir='ltr'><strong>donum</strong></span> <span class='ocrx_word' id='word_1_382' title='bbox 1649 4583 1878 4652; x_wconf 85' lang='lat' dir='ltr'><strong>Spiritus</strong></span> <span class='ocrx_word' id='word_1_383' title='bbox 1905 4583 2018 4648; x_wconf 92' lang='lat' dir='ltr'><strong>Dei,</strong></span> <span class='ocrx_word' id='word_1_384' title='bbox 2047 4592 2102 4640; x_wconf 88' lang='lat' dir='ltr'><strong>et</strong></span> 
     </span>
    </p>
   </div>
   <div class='ocr_carea' id='block_1_48' title="bbox 509 4675 2099 4744">
    <p class='ocr_par' dir='ltr' id='par_1_48' title="bbox 509 4675 2099 4744">
     <span class='ocr_line' id='line_1_48' title="bbox 509 4675 2099 4744; baseline -0.009 -2"><span class='ocrx_word' id='word_1_385' title='bbox 509 4685 790 4742; x_wconf 77' lang='lat' dir='ltr'><strong>credamus</strong></span> <span class='ocrx_word' id='word_1_386' title='bbox 815 4693 939 4738; x_wconf 91' lang='lat' dir='ltr'><strong>ante</strong></span> <span class='ocrx_word' id='word_1_387' title='bbox 961 4681 1116 4736; x_wconf 90' lang='lat' dir='ltr'><strong>dictis</strong></span> <span class='ocrx_word' id='word_1_388' title='bbox 1144 4679 1212 4734; x_wconf 92' lang='lat' dir='ltr'><strong>de</strong></span> <span class='ocrx_word' id='word_1_389' title='bbox 1239 4678 1349 4743; x_wconf 92' lang='lat' dir='ltr'><strong>illo,</strong></span> <span class='ocrx_word' id='word_1_390' title='bbox 1372 4687 1425 4731; x_wconf 90' lang='lat' dir='ltr'><strong>et</strong></span> <span class='ocrx_word' id='word_1_391' title='bbox 1451 4675 1721 4729; x_wconf 87' lang='lat' dir='ltr'><strong>videamus</strong></span> <span class='ocrx_word' id='word_1_392' title='bbox 1747 4675 1960 4742; x_wconf 87' lang='lat' dir='ltr'><strong>impleta</strong></span> <span class='ocrx_word' id='word_1_393' title='bbox 1982 4690 2099 4744; x_wconf 56' lang='lat' dir='ltr'><strong>quas</strong></span> 
     </span>
    </p>
   </div>
   <div class='ocr_carea' id='block_1_49' title="bbox 508 4765 2100 4836">
    <p class='ocr_par' dir='ltr' id='par_1_49' title="bbox 508 4765 2100 4836">
     <span class='ocr_line' id='line_1_49' title="bbox 508 4765 2100 4836; baseline -0.008 -4"><span class='ocrx_word' id='word_1_394' title='bbox 508 4787 633 4832; x_wconf 89' lang='lat' dir='ltr'><strong>ante</strong></span> <span class='ocrx_word' id='word_1_395' title='bbox 667 4775 808 4831; x_wconf 87' lang='lat' dir='ltr'><strong>dicta</strong></span> <span class='ocrx_word' id='word_1_396' title='bbox 846 4781 969 4828; x_wconf 91' lang='lat' dir='ltr'><strong>sunt</strong></span> <span class='ocrx_word' id='word_1_397' title='bbox 994 4771 1046 4826; x_wconf 90' lang='lat' dir='ltr'><strong>in</strong></span> <span class='ocrx_word' id='word_1_398' title='bbox 1085 4771 1338 4824; x_wconf 85' lang='lat' dir='ltr'><strong>Psalmo:</strong></span> <span class='ocrx_word' id='word_1_399' title='bbox 1385 4765 1506 4820; x_wconf 89' lang='lat' dir='ltr'><strong>Non</strong></span> <span class='ocrx_word' id='word_1_400' title='bbox 1545 4777 1658 4820; x_wconf 88' lang='lat' dir='ltr'><strong>sunt</strong></span> <span class='ocrx_word' id='word_1_401' title='bbox 1707 4766 1916 4836; x_wconf 71' lang='lat' dir='ltr'><strong>loquela:</strong></span> <span class='ocrx_word' id='word_1_402' title='bbox 1945 4781 2100 4836; x_wconf 86' lang='lat' dir='ltr'><strong>neque</strong></span> 
     </span>
    </p>
   </div>
   <div class='ocr_carea' id='block_1_50' title="bbox 508 4857 2099 4934">
    <p class='ocr_par' dir='ltr' id='par_1_50' title="bbox 508 4857 2099 4934">
     <span class='ocr_line' id='line_1_50' title="bbox 508 4857 2099 4934; baseline -0.008 -11"><span class='ocrx_word' id='word_1_403' title='bbox 508 4883 762 4923; x_wconf 83' lang='lat' dir='ltr'><strong>sermones</strong></span> <span class='ocrx_word' id='word_1_404' title='bbox 786 4906 802 4932; x_wconf 94' lang='lat'><strong>,</strong></span> <span class='ocrx_word' id='word_1_405' title='bbox 831 4878 1044 4934; x_wconf 89' lang='lat' dir='ltr'><strong>quorum</strong></span> <span class='ocrx_word' id='word_1_406' title='bbox 1081 4878 1182 4914; x_wconf 88' lang='lat' dir='ltr'><strong>non</strong></span> <span class='ocrx_word' id='word_1_407' title='bbox 1222 4860 1497 4914; x_wconf 84' lang='lat' dir='ltr'><strong>audiantur</strong></span> <span class='ocrx_word' id='word_1_408' title='bbox 1527 4875 1667 4912; x_wconf 88' lang='lat' dir='ltr'><strong>voces</strong></span> <span class='ocrx_word' id='word_1_409' title='bbox 1694 4874 1885 4911; x_wconf 85' lang='lat' dir='ltr'><strong>eorum.</strong></span> <span class='ocrx_word' id='word_1_410' title='bbox 1932 4857 2002 4911; x_wconf 91' lang='lat' dir='ltr'><strong>Et</strong></span> <span class='ocrx_word' id='word_1_411' title='bbox 2031 4873 2099 4911; x_wconf 90' lang='lat' dir='ltr'><strong>ne</strong></span> 
     </span>
    </p>
   </div>
   <div class='ocr_carea' id='block_1_51' title="bbox 508 4950 2096 5030">
    <p class='ocr_par' dir='ltr' id='par_1_51' title="bbox 508 4950 2096 5030">
     <span class='ocr_line' id='line_1_51' title="bbox 508 4950 2096 5030; baseline -0.009 -13"><span class='ocrx_word' id='word_1_412' title='bbox 508 4961 646 5017; x_wconf 89' lang='lat' dir='ltr'><strong>forte</strong></span> <span class='ocrx_word' id='word_1_413' title='bbox 675 4961 805 5030; x_wconf 65' lang='lat' dir='ltr'><strong>ipsa:</strong></span> <span class='ocrx_word' id='word_1_414' title='bbox 841 4958 1032 5026; x_wconf 67' lang='lat' dir='ltr'><strong>lingua:</strong></span> <span class='ocrx_word' id='word_1_415' title='bbox 1067 4963 1327 5009; x_wconf 90' lang='lat' dir='ltr'><strong>venerunt</strong></span> <span class='ocrx_word' id='word_1_416' title='bbox 1365 4952 1430 5006; x_wconf 89' lang='lat' dir='ltr'><strong>ad</strong></span> <span class='ocrx_word' id='word_1_417' title='bbox 1462 4966 1623 5006; x_wconf 91' lang='lat' dir='ltr'><strong>unum</strong></span> <span class='ocrx_word' id='word_1_418' title='bbox 1652 4950 1826 5004; x_wconf 91' lang='lat' dir='ltr'><strong>locum</strong></span> <span class='ocrx_word' id='word_1_419' title='bbox 1846 4990 1861 5015; x_wconf 92' lang='lat'><strong>,</strong></span> <span class='ocrx_word' id='word_1_420' title='bbox 1909 4959 2096 5004; x_wconf 86' lang='lat' dir='ltr'><strong>etnon</strong></span> 
     </span>
    </p>
   </div>
   <div class='ocr_carea' id='block_1_52' title="bbox 507 5041 2095 5126">
    <p class='ocr_par' dir='ltr' id='par_1_52' title="bbox 507 5041 2095 5126">
     <span class='ocr_line' id='line_1_52' title="bbox 507 5041 2095 5126; baseline -0.009 -17"><span class='ocrx_word' id='word_1_421' title='bbox 507 5056 683 5126; x_wconf 88' lang='lat' dir='ltr'><strong>potius</strong></span> <span class='ocrx_word' id='word_1_422' title='bbox 721 5052 920 5108; x_wconf 88' lang='lat' dir='ltr'><strong>donum</strong></span> <span class='ocrx_word' id='word_1_423' title='bbox 955 5047 1154 5104; x_wconf 84' lang='lat' dir='ltr'><strong>Christi</strong></span> <span class='ocrx_word' id='word_1_424' title='bbox 1185 5045 1328 5100; x_wconf 88' lang='lat' dir='ltr'><strong>venit</strong></span> <span class='ocrx_word' id='word_1_425' title='bbox 1366 5045 1432 5099; x_wconf 88' lang='lat' dir='ltr'><strong>ad</strong></span> <span class='ocrx_word' id='word_1_426' title='bbox 1466 5057 1653 5098; x_wconf 88' lang='lat' dir='ltr'><strong>omnes</strong></span> <span class='ocrx_word' id='word_1_427' title='bbox 1697 5042 1902 5113; x_wconf 86' lang='lat' dir='ltr'><strong>linguas</strong></span> <span class='ocrx_word' id='word_1_428' title='bbox 1924 5084 1937 5106; x_wconf 90' lang='lat'><strong>,</strong></span> <span class='ocrx_word' id='word_1_429' title='bbox 1971 5041 2095 5096; x_wconf 89' lang='lat' dir='ltr'><strong>audi</strong></span> 
     </span>
    </p>
   </div>
   <div class='ocr_carea' id='block_1_53' title="bbox 506 5137 2096 5216">
    <p class='ocr_par' dir='ltr' id='par_1_53' title="bbox 506 5137 2096 5216">
     <span class='ocr_line' id='line_1_53' title="bbox 506 5137 2096 5216; baseline -0.01 -14"><span class='ocrx_word' id='word_1_430' title='bbox 506 5146 633 5216; x_wconf 88' lang='lat' dir='ltr'><strong>quid</strong></span> <span class='ocrx_word' id='word_1_431' title='bbox 659 5143 896 5215; x_wconf 87' lang='lat' dir='ltr'><strong>sequitur</strong></span> <span class='ocrx_word' id='word_1_432' title='bbox 925 5158 937 5195; x_wconf 89' lang='lat'><strong>:</strong></span> <span class='ocrx_word' id='word_1_433' title='bbox 971 5139 1038 5193; x_wconf 92' lang='lat' dir='ltr'><strong>In</strong></span> <span class='ocrx_word' id='word_1_434' title='bbox 1065 5155 1262 5192; x_wconf 89' lang='lat' dir='ltr'><strong>omnem</strong></span> <span class='ocrx_word' id='word_1_435' title='bbox 1289 5148 1471 5191; x_wconf 89' lang='lat' dir='ltr'><strong>terram</strong></span> <span class='ocrx_word' id='word_1_436' title='bbox 1497 5137 1613 5190; x_wconf 73' lang='lat' dir='ltr'><strong>exiit</strong></span> <span class='ocrx_word' id='word_1_437' title='bbox 1640 5153 1792 5190; x_wconf 89' lang='lat' dir='ltr'><strong>sonus</strong></span> <span class='ocrx_word' id='word_1_438' title='bbox 1831 5151 2024 5198; x_wconf 87' lang='lat' dir='ltr'><strong>eorum,</strong></span> <span class='ocrx_word' id='word_1_439' title='bbox 2049 5143 2096 5187; x_wconf 91' lang='lat' dir='ltr'><strong>et</strong></span> 
     </span>
    </p>
   </div>
   <div class='ocr_carea' id='block_1_54' title="bbox 506 5226 2095 5307">
    <p class='ocr_par' dir='ltr' id='par_1_54' title="bbox 506 5226 2095 5307">
     <span class='ocr_line' id='line_1_54' title="bbox 506 5226 2095 5307; baseline -0.009 -15"><span class='ocrx_word' id='word_1_440' title='bbox 506 5239 561 5292; x_wconf 90' lang='lat' dir='ltr'><strong>in</strong></span> <span class='ocrx_word' id='word_1_441' title='bbox 591 5239 714 5307; x_wconf 76' lang='lat' dir='ltr'><strong>ﬁnes</strong></span> <span class='ocrx_word' id='word_1_442' title='bbox 748 5232 881 5290; x_wconf 85' lang='lat' dir='ltr'><strong>orbis</strong></span> <span class='ocrx_word' id='word_1_443' title='bbox 907 5242 1052 5287; x_wconf 68' lang='lat' dir='ltr'><strong>terra</strong></span> <span class='ocrx_word' id='word_1_444' title='bbox 1078 5231 1224 5284; x_wconf 87' lang='lat' dir='ltr'><strong>verba</strong></span> <span class='ocrx_word' id='word_1_445' title='bbox 1259 5246 1449 5282; x_wconf 78' lang='lat' dir='ltr'><strong>eorum.</strong></span> <span class='ocrx_word' id='word_1_446' title='bbox 1485 5228 1660 5296; x_wconf 90' lang='lat' dir='ltr'><strong>Quare</strong></span> <span class='ocrx_word' id='word_1_447' title='bbox 1690 5227 1828 5282; x_wconf 89' lang='lat' dir='ltr'><strong>hoc?</strong></span> <span class='ocrx_word' id='word_1_448' title='bbox 1873 5226 2004 5293; x_wconf 84' lang='lat' dir='ltr'><strong>Quia</strong></span> <span class='ocrx_word' id='word_1_449' title='bbox 2041 5226 2095 5279; x_wconf 89' lang='lat' dir='ltr'><strong>in</strong></span> 
     </span>
    </p>
   </div>
   <div class='ocr_carea' id='block_1_55' title="bbox 504 5319 2094 5401">
    <p class='ocr_par' dir='ltr' id='par_1_55' title="bbox 504 5319 2094 5401">
     <span class='ocr_line' id='line_1_55' title="bbox 504 5319 2094 5401; baseline -0.007 -16"><span class='ocrx_word' id='word_1_450' title='bbox 504 5331 611 5386; x_wconf 81' lang='lat' dir='ltr'><strong>sole</strong></span> <span class='ocrx_word' id='word_1_451' title='bbox 645 5329 809 5401; x_wconf 81' lang='lat' dir='ltr'><strong>posuit</strong></span> <span class='ocrx_word' id='word_1_452' title='bbox 834 5323 1214 5383; x_wconf 78' lang='lat' dir='ltr'><strong>tabernaculum</strong></span> <span class='ocrx_word' id='word_1_453' title='bbox 1259 5339 1404 5376; x_wconf 89' lang='lat' dir='ltr'><strong>suum</strong></span> <span class='ocrx_word' id='word_1_454' title='bbox 1435 5320 1618 5396; x_wconf 85' lang='lat' dir='ltr'><strong>(Psal.</strong></span> <span class='ocrx_word' id='word_1_455' title='bbox 1650 5337 1812 5386; x_wconf 82' lang='lat' dir='ltr'><strong>xvnt,</strong></span> <span class='ocrx_word' id='word_1_456' title='bbox 1840 5323 1874 5376; x_wconf 76' lang='grc'><strong>4</strong></span> <span class='ocrx_word' id='word_1_457' title='bbox 1903 5322 2006 5392; x_wconf 88' lang='lat'><strong>6),</strong></span> <span class='ocrx_word' id='word_1_458' title='bbox 2042 5319 2094 5374; x_wconf 92' lang='lat' dir='ltr'><strong>id</strong></span> 
     </span>
    </p>
   </div>
   <div class='ocr_carea' id='block_1_56' title="bbox 508 5414 2095 5488">
    <p class='ocr_par' dir='ltr' id='par_1_56' title="bbox 508 5414 2095 5488">
     <span class='ocr_line' id='line_1_56' title="bbox 508 5414 2095 5488; baseline -0.006 -11"><span class='ocrx_word' id='word_1_459' title='bbox 508 5431 610 5488; x_wconf 85' lang='lat' dir='ltr'><strong>est,</strong></span> <span class='ocrx_word' id='word_1_460' title='bbox 651 5420 705 5476; x_wconf 89' lang='lat' dir='ltr'><strong>in</strong></span> <span class='ocrx_word' id='word_1_461' title='bbox 733 5419 1038 5475; x_wconf 86' lang='lat' dir='ltr'><strong>manifesto.</strong></span> <span class='ocrx_word' id='word_1_462' title='bbox 1078 5415 1499 5472; x_wconf 84' lang='lat' dir='ltr'><strong>Tabernaculum</strong></span> <span class='ocrx_word' id='word_1_463' title='bbox 1529 5414 1662 5482; x_wconf 83' lang='lat' dir='ltr'><strong>ejus,</strong></span> <span class='ocrx_word' id='word_1_464' title='bbox 1693 5429 1817 5468; x_wconf 89' lang='lat' dir='ltr'><strong>caro</strong></span> <span class='ocrx_word' id='word_1_465' title='bbox 1847 5415 1993 5484; x_wconf 87' lang='lat' dir='ltr'><strong>ejus;</strong></span> <span class='ocrx_word' id='word_1_466' title='bbox 2022 5423 2095 5469; x_wconf 88' lang='lat' dir='ltr'><strong>ta-</strong></span> 
     </span>
    </p>
   </div>
   <div class='ocr_carea' id='block_1_57' title="bbox 567 5525 2092 5611">
    <p class='ocr_par' dir='ltr' id='par_1_57' title="bbox 567 5525 2092 5611">
     <span class='ocr_line' id='line_1_57' title="bbox 567 5525 2092 5611; baseline -0.009 -21"><span class='ocrx_word' id='word_1_467' title='bbox 567 5541 586 5574; x_wconf 77' lang='grc' dir='ltr'>ί</span> <span class='ocrx_word' id='word_1_468' title='bbox 609 5537 758 5611; x_wconf 57' lang='lat' dir='ltr'><strong>aditi;</strong></span> <span class='ocrx_word' id='word_1_469' title='bbox 773 5532 1075 5589; x_wconf 66' lang='lat' dir='ltr'><strong>exhorrescis</strong></span> <span class='ocrx_word' id='word_1_470' title='bbox 1091 5529 1562 5584; x_wconf 75' lang='lat' dir='ltr'><strong>conunwticatiOnem</strong></span> <span class='ocrx_word' id='word_1_471' title='bbox 1583 5525 1707 5580; x_wconf 83' lang='lat' dir='ltr'><strong>illius</strong></span> <span class='ocrx_word' id='word_1_472' title='bbox 1723 5527 1945 5581; x_wconf 84' lang='lat' dir='ltr'><strong>civitatis.</strong></span> <span class='ocrx_word' id='word_1_473' title='bbox 1962 5537 2092 5591; x_wconf 80' lang='lat' dir='ltr'><strong>Mss.,</strong></span> 
     </span>
    </p>
   </div>
   <div class='ocr_carea' id='block_1_58' title="bbox 503 5613 2093 5728">
    <p class='ocr_par' dir='ltr' id='par_1_58' title="bbox 503 5613 2093 5728">
     <span class='ocr_line' id='line_1_58' title="bbox 503 5613 895 5654; baseline -0.013 0"><span class='ocrx_word' id='word_1_474' title='bbox 503 5613 895 5654; x_wconf 73' lang='lat' dir='ltr'><strong>commotionem.</strong></span> 
     </span>
     <span class='ocr_line' id='line_1_59' title="bbox 565 5651 2093 5728; baseline -0.002 2"><span class='ocrx_word' id='word_1_475' title='bbox 565 5665 637 5728; x_wconf 84' lang='grc' dir='ltr'><strong>(α)</strong></span> <span class='ocrx_word' id='word_1_476' title='bbox 660 5664 798 5713; x_wconf 74' lang='lat' dir='ltr'><strong>Uber</strong></span> <span class='ocrx_word' id='word_1_477' title='bbox 833 5669 932 5728; x_wconf 61' lang='grc' dir='ltr'><strong>ᾼριο</strong></span> <span class='ocrx_word' id='word_1_478' title='bbox 956 5665 1116 5728; x_wconf 56' lang='grc' dir='ltr'><strong>Δρρεξ-</strong></span> <span class='ocrx_word' id='word_1_479' title='bbox 1155 5656 1480 5728; x_wconf 63' lang='lat' dir='ltr'><strong>anniversaria</strong></span> <span class='ocrx_word' id='word_1_480' title='bbox 1500 5651 1808 5728; x_wconf 58' lang='grc' dir='ltr'><strong>βοιξιιξιιίιξιθ</strong></span> <span class='ocrx_word' id='word_1_481' title='bbox 1842 5663 1949 5728; x_wconf 60' lang='lat' dir='ltr'><strong>Post</strong></span> <span class='ocrx_word' id='word_1_482' title='bbox 1983 5663 2093 5709; x_wconf 62' lang='lat' dir='ltr'><strong>Pas-</strong></span> 
     </span>
    </p>
   </div>
   <div class='ocr_carea' id='block_1_59' title="bbox 498 5715 2093 5842">
    <p class='ocr_par' dir='ltr' id='par_1_59' title="bbox 498 5715 2093 5842">
     <span class='ocr_line' id='line_1_60' title="bbox 500 5715 2093 5839; baseline -0.004 -61"><span class='ocrx_word' id='word_1_483' title='bbox 500 5715 693 5839; x_wconf 47' lang='lat' dir='ltr'><strong>stoiig&#39;m</strong></span> <span class='ocrx_word' id='word_1_484' title='bbox 717 5723 903 5777; x_wconf 84' lang='lat' dir='ltr'><strong>nomint</strong></span> <span class='ocrx_word' id='word_1_485' title='bbox 937 5715 1264 5778; x_wconf 67' lang='lat' dir='ltr'><strong>recitabam,</strong></span> <span class='ocrx_word' id='word_1_486' title='bbox 1297 5731 1364 5768; x_wconf 86' lang='lat' dir='ltr'><strong>ex</strong></span> <span class='ocrx_word' id='word_1_487' title='bbox 1385 5723 1538 5767; x_wconf 82' lang='lat' dir='ltr'><strong>&#39;rract.</strong></span> <span class='ocrx_word' id='word_1_488' title='bbox 1574 5715 1607 5765; x_wconf 90' lang='lat'><strong>6</strong></span> <span class='ocrx_word' id='word_1_489' title='bbox 1641 5718 1691 5765; x_wconf 89' lang='lat' dir='ltr'><strong>iu</strong></span> <span class='ocrx_word' id='word_1_490' title='bbox 1723 5715 1903 5782; x_wconf 63' lang='lat' dir='ltr'><strong>evang.</strong></span> <span class='ocrx_word' id='word_1_491' title='bbox 1925 5726 2093 5784; x_wconf 80' lang='lat' dir='ltr'><strong>Joan.,</strong></span> 
     </span>
     <span class='ocr_line' id='line_1_61' title="bbox 498 5803 552 5842; baseline 0 -2"><span class='ocrx_word' id='word_1_492' title='bbox 498 5803 552 5842; x_wconf 78' lang='grc' dir='ltr'><strong>ιι.</strong></span> 
     </span>
    </p>
   </div>
   <div class='ocr_carea' id='block_1_60' title="bbox 1179 293 2988 404">
    <p class='ocr_par' dir='ltr' id='par_1_60' title="bbox 1179 293 2988 404">
     <span class='ocr_line' id='line_1_62' title="bbox 1179 293 2988 404; baseline -0.001 -7"><span class='ocrx_word' id='word_1_493' title='bbox 1179 340 1248 397; x_wconf 79' lang='lat' dir='ltr'><strong>IN</strong></span> <span class='ocrx_word' id='word_1_494' title='bbox 1284 335 1667 396; x_wconf 78' lang='lat' dir='ltr'><strong>EPISTOLAM</strong></span> <span class='ocrx_word' id='word_1_495' title='bbox 1703 293 1980 393; x_wconf 62' lang='lat' dir='ltr'><strong>rosariis</strong></span> <span class='ocrx_word' id='word_1_496' title='bbox 2017 333 2112 392; x_wconf 62' lang='lat' dir='ltr'><strong>an</strong></span> <span class='ocrx_word' id='word_1_497' title='bbox 2146 333 2483 404; x_wconf 78' lang='lat' dir='ltr'><strong>PARTHOS,</strong></span> <span class='ocrx_word' id='word_1_498' title='bbox 2523 337 2582 393; x_wconf 89' lang='lat' dir='ltr'><strong>s.</strong></span> <span class='ocrx_word' id='word_1_499' title='bbox 2621 337 2988 398; x_wconf 82' lang='lat' dir='ltr'><strong>AUGUSTINI</strong></span> 
     </span>
    </p>
   </div>
   <div class='ocr_carea' id='block_1_61' title="bbox 2211 447 3799 529">
    <p class='ocr_par' dir='ltr' id='par_1_61' title="bbox 2211 447 3799 529">
     <span class='ocr_line' id='line_1_63' title="bbox 2211 447 3799 529; baseline 0.009 -24"><span class='ocrx_word' id='word_1_500' title='bbox 2211 447 2554 505; x_wconf 88' lang='lat' dir='ltr'><strong>bernaculum</strong></span> <span class='ocrx_word' id='word_1_501' title='bbox 2573 451 2706 521; x_wconf 88' lang='lat' dir='ltr'><strong>ejus,</strong></span> <span class='ocrx_word' id='word_1_502' title='bbox 2735 453 2971 510; x_wconf 87' lang='lat' dir='ltr'><strong>Ecclesia</strong></span> <span class='ocrx_word' id='word_1_503' title='bbox 2991 454 3105 524; x_wconf 88' lang='lat' dir='ltr'><strong>ejus</strong></span> <span class='ocrx_word' id='word_1_504' title='bbox 3126 471 3144 509; x_wconf 88' lang='lat'><strong>:</strong></span> <span class='ocrx_word' id='word_1_505' title='bbox 3163 455 3218 511; x_wconf 91' lang='lat' dir='ltr'><strong>in</strong></span> <span class='ocrx_word' id='word_1_506' title='bbox 3239 456 3355 513; x_wconf 90' lang='lat' dir='ltr'><strong>sole</strong></span> <span class='ocrx_word' id='word_1_507' title='bbox 3375 458 3548 528; x_wconf 83' lang='lat' dir='ltr'><strong>posita</strong></span> <span class='ocrx_word' id='word_1_508' title='bbox 3565 469 3672 529; x_wconf 87' lang='lat' dir='ltr'><strong>est,</strong></span> <span class='ocrx_word' id='word_1_509' title='bbox 3695 477 3799 520; x_wconf 87' lang='lat' dir='ltr'><strong>non</strong></span> 
     </span>
    </p>
   </div>
   <div class='ocr_carea' id='block_1_62' title="bbox 2212 542 3798 624">
    <p class='ocr_par' dir='ltr' id='par_1_62' title="bbox 2212 542 3798 624">
     <span class='ocr_line' id='line_1_64' title="bbox 2212 542 3798 624; baseline 0.009 -28"><span class='ocrx_word' id='word_1_510' title='bbox 2212 553 2293 596; x_wconf 91' lang='lat' dir='ltr'><strong>est</strong></span> <span class='ocrx_word' id='word_1_511' title='bbox 2315 542 2366 596; x_wconf 93' lang='lat' dir='ltr'><strong>in</strong></span> <span class='ocrx_word' id='word_1_512' title='bbox 2397 553 2572 611; x_wconf 90' lang='lat' dir='ltr'><strong>nocte,</strong></span> <span class='ocrx_word' id='word_1_513' title='bbox 2596 545 2690 599; x_wconf 87' lang='lat' dir='ltr'><strong>sed</strong></span> <span class='ocrx_word' id='word_1_514' title='bbox 2718 546 2767 599; x_wconf 92' lang='lat' dir='ltr'><strong>in</strong></span> <span class='ocrx_word' id='word_1_515' title='bbox 2790 546 2895 600; x_wconf 89' lang='lat' dir='ltr'><strong>die.</strong></span> <span class='ocrx_word' id='word_1_516' title='bbox 2919 545 3026 602; x_wconf 90' lang='lat' dir='ltr'><strong>Sed</strong></span> <span class='ocrx_word' id='word_1_517' title='bbox 3047 563 3212 619; x_wconf 89' lang='lat' dir='ltr'><strong>quare</strong></span> <span class='ocrx_word' id='word_1_518' title='bbox 3232 550 3308 604; x_wconf 90' lang='lat' dir='ltr'><strong>illi</strong></span> <span class='ocrx_word' id='word_1_519' title='bbox 3331 567 3435 606; x_wconf 92' lang='lat' dir='ltr'><strong>non</strong></span> <span class='ocrx_word' id='word_1_520' title='bbox 3458 557 3798 624; x_wconf 86' lang='lat' dir='ltr'><strong>agnoscunt?</strong></span> 
     </span>
    </p>
   </div>
   <div class='ocr_carea' id='block_1_63' title="bbox 2212 632 3800 712">
    <p class='ocr_par' dir='ltr' id='par_1_63' title="bbox 2212 632 3800 712">
     <span class='ocr_line' id='line_1_65' title="bbox 2212 632 3800 712; baseline 0.01 -24"><span class='ocrx_word' id='word_1_521' title='bbox 2212 632 2401 690; x_wconf 81' lang='lat' dir='ltr'><strong>Redite</strong></span> <span class='ocrx_word' id='word_1_522' title='bbox 2417 635 2482 689; x_wconf 89' lang='lat' dir='ltr'><strong>ad</strong></span> <span class='ocrx_word' id='word_1_523' title='bbox 2503 636 2802 705; x_wconf 89' lang='lat' dir='ltr'><strong>lectionem,</strong></span> <span class='ocrx_word' id='word_1_524' title='bbox 2820 639 2884 693; x_wconf 89' lang='lat' dir='ltr'><strong>ad</strong></span> <span class='ocrx_word' id='word_1_525' title='bbox 2901 656 3059 710; x_wconf 90' lang='lat' dir='ltr'><strong>quam</strong></span> <span class='ocrx_word' id='word_1_526' title='bbox 3079 641 3190 696; x_wconf 88' lang='lat' dir='ltr'><strong>heri</strong></span> <span class='ocrx_word' id='word_1_527' title='bbox 3209 642 3330 698; x_wconf 90' lang='lat' dir='ltr'><strong>ﬁnis</strong></span> <span class='ocrx_word' id='word_1_528' title='bbox 3344 644 3511 700; x_wconf 89' lang='lat' dir='ltr'><strong>factus</strong></span> <span class='ocrx_word' id='word_1_529' title='bbox 3525 655 3630 712; x_wconf 87' lang='lat' dir='ltr'><strong>est,</strong></span> <span class='ocrx_word' id='word_1_530' title='bbox 3656 658 3714 703; x_wconf 87' lang='lat' dir='ltr'><strong>et</strong></span> <span class='ocrx_word' id='word_1_531' title='bbox 3726 651 3800 704; x_wconf 90' lang='lat' dir='ltr'><strong>vi-</strong></span> 
     </span>
    </p>
   </div>
   <div class='ocr_carea' id='block_1_64' title="bbox 2213 725 3802 808">
    <p class='ocr_par' dir='ltr' id='par_1_64' title="bbox 2213 725 3802 808">
     <span class='ocr_line' id='line_1_66' title="bbox 2213 725 3802 808; baseline 0.01 -27"><span class='ocrx_word' id='word_1_532' title='bbox 2213 725 2336 781; x_wconf 89' lang='lat' dir='ltr'><strong>dete</strong></span> <span class='ocrx_word' id='word_1_533' title='bbox 2355 743 2518 797; x_wconf 85' lang='lat' dir='ltr'><strong>quare</strong></span> <span class='ocrx_word' id='word_1_534' title='bbox 2541 745 2642 783; x_wconf 90' lang='lat' dir='ltr'><strong>non</strong></span> <span class='ocrx_word' id='word_1_535' title='bbox 2660 742 2954 801; x_wconf 88' lang='lat' dir='ltr'><strong>agnoscunt</strong></span> <span class='ocrx_word' id='word_1_536' title='bbox 2973 751 2985 786; x_wconf 92' lang='lat'><strong>:</strong></span> <span class='ocrx_word' id='word_1_537' title='bbox 3009 734 3107 801; x_wconf 84' lang='lat' dir='ltr'><strong>Qui</strong></span> <span class='ocrx_word' id='word_1_538' title='bbox 3123 736 3227 789; x_wconf 89' lang='lat' dir='ltr'><strong>odit</strong></span> <span class='ocrx_word' id='word_1_539' title='bbox 3244 739 3453 807; x_wconf 79' lang='lat' dir='ltr'><strong>fratrem</strong></span> <span class='ocrx_word' id='word_1_540' title='bbox 3466 757 3636 808; x_wconf 87' lang='lat' dir='ltr'><strong>suum,</strong></span> <span class='ocrx_word' id='word_1_541' title='bbox 3658 741 3714 795; x_wconf 85' lang='lat' dir='ltr'><strong>in</strong></span> <span class='ocrx_word' id='word_1_542' title='bbox 3733 750 3802 796; x_wconf 85' lang='lat' dir='ltr'><strong>te-</strong></span> 
     </span>
    </p>
   </div>
   <div class='ocr_carea' id='block_1_65' title="bbox 2213 817 3806 898">
    <p class='ocr_par' dir='ltr' id='par_1_65' title="bbox 2213 817 3806 898">
     <span class='ocr_line' id='line_1_67' title="bbox 2213 817 3806 898; baseline 0.011 -26"><span class='ocrx_word' id='word_1_543' title='bbox 2213 817 2378 873; x_wconf 69' lang='lat' dir='ltr'><strong>nebris</strong></span> <span class='ocrx_word' id='word_1_544' title='bbox 2392 835 2539 874; x_wconf 80' lang='lat' dir='ltr'><strong>amau</strong></span> <span class='ocrx_word' id='word_1_545' title='bbox 2546 824 2636 885; x_wconf 85' lang='lat' dir='ltr'><strong>lat,</strong></span> <span class='ocrx_word' id='word_1_546' title='bbox 2655 832 2699 875; x_wconf 90' lang='lat' dir='ltr'><strong>et</strong></span> <span class='ocrx_word' id='word_1_547' title='bbox 2715 832 2868 877; x_wconf 79' lang='lat' dir='ltr'><strong>nesat</strong></span> <span class='ocrx_word' id='word_1_548' title='bbox 2881 841 2981 894; x_wconf 85' lang='lat' dir='ltr'><strong>quo</strong></span> <span class='ocrx_word' id='word_1_549' title='bbox 2995 836 3098 890; x_wconf 86' lang='lat' dir='ltr'><strong>eat;</strong></span> <span class='ocrx_word' id='word_1_550' title='bbox 3112 829 3348 898; x_wconf 88' lang='lat' dir='ltr'><strong>quoniam</strong></span> <span class='ocrx_word' id='word_1_551' title='bbox 3365 831 3579 886; x_wconf 65' lang='lat' dir='ltr'><strong>tenebras</strong></span> <span class='ocrx_word' id='word_1_552' title='bbox 3591 848 3806 889; x_wconf 68' lang='lat' dir='ltr'><strong>maca-</strong></span> 
     </span>
    </p>
   </div>
   <div class='ocr_carea' id='block_1_66' title="bbox 2213 914 3802 992">
    <p class='ocr_par' dir='ltr' id='par_1_66' title="bbox 2213 914 3802 992">
     <span class='ocr_line' id='line_1_68' title="bbox 2213 914 3802 992; baseline 0.012 -28"><span class='ocrx_word' id='word_1_553' title='bbox 2213 923 2388 965; x_wconf 87' lang='lat' dir='ltr'><strong>verunt</strong></span> <span class='ocrx_word' id='word_1_554' title='bbox 2408 914 2577 967; x_wconf 87' lang='lat' dir='ltr'><strong>oculos</strong></span> <span class='ocrx_word' id='word_1_555' title='bbox 2593 915 2721 983; x_wconf 84' lang='lat' dir='ltr'><strong>ejus.</strong></span> <span class='ocrx_word' id='word_1_556' title='bbox 2743 914 2850 970; x_wconf 87' lang='lat' dir='ltr'><strong>Nos</strong></span> <span class='ocrx_word' id='word_1_557' title='bbox 2871 932 2998 988; x_wconf 88' lang='lat' dir='ltr'><strong>ergo</strong></span> <span class='ocrx_word' id='word_1_558' title='bbox 3018 921 3293 989; x_wconf 89' lang='lat' dir='ltr'><strong>sequentia</strong></span> <span class='ocrx_word' id='word_1_559' title='bbox 3310 923 3606 992; x_wconf 89' lang='lat' dir='ltr'><strong>videamus,</strong></span> <span class='ocrx_word' id='word_1_560' title='bbox 3629 936 3685 981; x_wconf 90' lang='lat' dir='ltr'><strong>et</strong></span> <span class='ocrx_word' id='word_1_561' title='bbox 3702 942 3802 982; x_wconf 87' lang='lat' dir='ltr'><strong>non</strong></span> 
     </span>
    </p>
   </div>
   <div class='ocr_carea' id='block_1_67' title="bbox 2215 1003 3800 1075">
    <p class='ocr_par' dir='ltr' id='par_1_67' title="bbox 2215 1003 3800 1075">
     <span class='ocr_line' id='line_1_69' title="bbox 2215 1003 3800 1075; baseline 0.012 -20"><span class='ocrx_word' id='word_1_562' title='bbox 2215 1003 2381 1056; x_wconf 87' lang='lat' dir='ltr'><strong>simus</strong></span> <span class='ocrx_word' id='word_1_563' title='bbox 2397 1004 2450 1057; x_wconf 91' lang='lat' dir='ltr'><strong>in</strong></span> <span class='ocrx_word' id='word_1_564' title='bbox 2467 1005 2718 1060; x_wconf 88' lang='lat' dir='ltr'><strong>tenebris.</strong></span> <span class='ocrx_word' id='word_1_565' title='bbox 2740 1005 2890 1062; x_wconf 89' lang='lat' dir='ltr'><strong>Unde</strong></span> <span class='ocrx_word' id='word_1_566' title='bbox 2907 1025 3011 1063; x_wconf 90' lang='lat' dir='ltr'><strong>non</strong></span> <span class='ocrx_word' id='word_1_567' title='bbox 3029 1011 3228 1066; x_wconf 89' lang='lat' dir='ltr'><strong>erimus</strong></span> <span class='ocrx_word' id='word_1_568' title='bbox 3245 1013 3294 1066; x_wconf 93' lang='lat' dir='ltr'><strong>in</strong></span> <span class='ocrx_word' id='word_1_569' title='bbox 3315 1015 3573 1071; x_wconf 79' lang='lat' dir='ltr'><strong>tenebris?</strong></span> <span class='ocrx_word' id='word_1_570' title='bbox 3588 1017 3648 1073; x_wconf 90' lang='lat' dir='ltr'><strong>Si</strong></span> <span class='ocrx_word' id='word_1_571' title='bbox 3663 1034 3800 1075; x_wconf 89' lang='lat' dir='ltr'><strong>ame-</strong></span> 
     </span>
    </p>
   </div>
   <div class='ocr_carea' id='block_1_68' title="bbox 2215 1093 3801 1172">
    <p class='ocr_par' dir='ltr' id='par_1_68' title="bbox 2215 1093 3801 1172">
     <span class='ocr_line' id='line_1_70' title="bbox 2215 1093 3801 1172; baseline 0.012 -25"><span class='ocrx_word' id='word_1_572' title='bbox 2215 1109 2333 1148; x_wconf 92' lang='lat' dir='ltr'><strong>mus</strong></span> <span class='ocrx_word' id='word_1_573' title='bbox 2352 1093 2560 1151; x_wconf 90' lang='lat' dir='ltr'><strong>fratres.</strong></span> <span class='ocrx_word' id='word_1_574' title='bbox 2580 1097 2732 1152; x_wconf 91' lang='lat' dir='ltr'><strong>Unde</strong></span> <span class='ocrx_word' id='word_1_575' title='bbox 2750 1095 3127 1172; x_wconf 86' lang='lat' dir='ltr'><strong>probaturquia</strong></span> <span class='ocrx_word' id='word_1_576' title='bbox 3144 1119 3383 1160; x_wconf 87' lang='lat' dir='ltr'><strong>amamus</strong></span> <span class='ocrx_word' id='word_1_577' title='bbox 3399 1107 3801 1166; x_wconf 79' lang='lat' dir='ltr'><strong>fraternitatem?</strong></span> 
     </span>
    </p>
   </div>
   <div class='ocr_carea' id='block_1_69' title="bbox 2213 1183 3801 1265">
    <p class='ocr_par' dir='ltr' id='par_1_69' title="bbox 2213 1183 3801 1265">
     <span class='ocr_line' id='line_1_71' title="bbox 2213 1183 3801 1265; baseline 0.013 -27"><span class='ocrx_word' id='word_1_578' title='bbox 2213 1183 2346 1254; x_wconf 87' lang='lat' dir='ltr'><strong>Quia</strong></span> <span class='ocrx_word' id='word_1_579' title='bbox 2363 1201 2468 1241; x_wconf 91' lang='lat' dir='ltr'><strong>non</strong></span> <span class='ocrx_word' id='word_1_580' title='bbox 2485 1189 2774 1245; x_wconf 87' lang='lat' dir='ltr'><strong>scindimus</strong></span> <span class='ocrx_word' id='word_1_581' title='bbox 2790 1193 3060 1261; x_wconf 89' lang='lat' dir='ltr'><strong>unitatem,</strong></span> <span class='ocrx_word' id='word_1_582' title='bbox 3076 1196 3195 1265; x_wconf 88' lang='lat' dir='ltr'><strong>quia</strong></span> <span class='ocrx_word' id='word_1_583' title='bbox 3215 1208 3455 1255; x_wconf 80' lang='lat' dir='ltr'><strong>tenemus</strong></span> <span class='ocrx_word' id='word_1_584' title='bbox 3468 1201 3801 1260; x_wconf 88' lang='lat' dir='ltr'><strong>eharitatem.</strong></span> 
     </span>
    </p>
   </div>
   <div class='ocr_carea' id='block_1_70' title="bbox 2286 1277 3804 1364">
    <p class='ocr_par' dir='ltr' id='par_1_70' title="bbox 2286 1277 3804 1364">
     <span class='ocr_line' id='line_1_72' title="bbox 2286 1277 3804 1364; baseline 0.011 -32"><span class='ocrx_word' id='word_1_585' title='bbox 2286 1277 2340 1332; x_wconf 78' lang='grc'><strong>4.</strong></span> <span class='ocrx_word' id='word_1_586' title='bbox 2369 1277 2549 1334; x_wconf 87' lang='lat' dir='ltr'><strong>Scriba</strong></span> <span class='ocrx_word' id='word_1_587' title='bbox 2571 1280 2725 1349; x_wconf 88' lang='lat' dir='ltr'><strong>vobis,</strong></span> <span class='ocrx_word' id='word_1_588' title='bbox 2757 1284 2927 1352; x_wconf 78' lang='lat' dir='ltr'><strong>ﬁlioli,</strong></span> <span class='ocrx_word' id='word_1_589' title='bbox 2953 1288 3072 1355; x_wconf 84' lang='lat' dir='ltr'><strong>quia</strong></span> <span class='ocrx_word' id='word_1_590' title='bbox 3095 1290 3414 1345; x_wconf 89' lang='lat' dir='ltr'><strong>remittuntur</strong></span> <span class='ocrx_word' id='word_1_591' title='bbox 3436 1292 3574 1347; x_wconf 80' lang='lat' dir='ltr'><strong>vobis</strong></span> <span class='ocrx_word' id='word_1_592' title='bbox 3604 1305 3804 1364; x_wconf 81' lang='lat' dir='ltr'><strong>peccata</strong></span> 
     </span>
    </p>
   </div>
   <div class='ocr_carea' id='block_1_71' title="bbox 2218 1374 3806 1454">
    <p class='ocr_par' dir='ltr' id='par_1_71' title="bbox 2218 1374 3806 1454">
     <span class='ocr_line' id='line_1_73' title="bbox 2218 1374 3806 1454; baseline 0.01 -30"><span class='ocrx_word' id='word_1_593' title='bbox 2218 1388 2308 1444; x_wconf 87' lang='lat' dir='ltr'><strong>per</strong></span> <span class='ocrx_word' id='word_1_594' title='bbox 2354 1389 2532 1426; x_wconf 89' lang='lat' dir='ltr'><strong>nomen</strong></span> <span class='ocrx_word' id='word_1_595' title='bbox 2575 1376 2704 1445; x_wconf 83' lang='lat' dir='ltr'><strong>ejus.</strong></span> <span class='ocrx_word' id='word_1_596' title='bbox 2751 1374 2874 1431; x_wconf 92' lang='lat' dir='ltr'><strong>Ideo</strong></span> <span class='ocrx_word' id='word_1_597' title='bbox 2919 1378 3099 1444; x_wconf 85' lang='lat' dir='ltr'><strong>ﬁlioli,</strong></span> <span class='ocrx_word' id='word_1_598' title='bbox 3145 1381 3268 1450; x_wconf 88' lang='lat' dir='ltr'><strong>quia</strong></span> <span class='ocrx_word' id='word_1_599' title='bbox 3307 1382 3544 1438; x_wconf 91' lang='lat' dir='ltr'><strong>dimissis</strong></span> <span class='ocrx_word' id='word_1_600' title='bbox 3575 1387 3806 1454; x_wconf 87' lang='lat' dir='ltr'><strong>peccatis</strong></span> 
     </span>
    </p>
   </div>
   <div class='ocr_carea' id='block_1_72' title="bbox 2219 1464 3805 1545">
    <p class='ocr_par' dir='ltr' id='par_1_72' title="bbox 2219 1464 3805 1545">
     <span class='ocr_line' id='line_1_74' title="bbox 2219 1464 3805 1545; baseline 0.008 -27"><span class='ocrx_word' id='word_1_601' title='bbox 2219 1464 2517 1520; x_wconf 89' lang='lat' dir='ltr'><strong>nascimini.</strong></span> <span class='ocrx_word' id='word_1_602' title='bbox 2540 1466 2643 1520; x_wconf 91' lang='lat' dir='ltr'><strong>Sed</strong></span> <span class='ocrx_word' id='word_1_603' title='bbox 2668 1481 2762 1536; x_wconf 88' lang='lat' dir='ltr'><strong>per</strong></span> <span class='ocrx_word' id='word_1_604' title='bbox 2785 1468 2936 1536; x_wconf 90' lang='lat' dir='ltr'><strong>cujus</strong></span> <span class='ocrx_word' id='word_1_605' title='bbox 2963 1487 3157 1525; x_wconf 91' lang='lat' dir='ltr'><strong>nomen</strong></span> <span class='ocrx_word' id='word_1_606' title='bbox 3183 1473 3522 1529; x_wconf 90' lang='lat' dir='ltr'><strong>remittuntur</strong></span> <span class='ocrx_word' id='word_1_607' title='bbox 3553 1478 3805 1545; x_wconf 84' lang='lat' dir='ltr'><strong>peceata?</strong></span> 
     </span>
    </p>
   </div>
   <div class='ocr_carea' id='block_1_73' title="bbox 2216 1560 3805 1636">
    <p class='ocr_par' dir='ltr' id='par_1_73' title="bbox 2216 1560 3805 1636">
     <span class='ocr_line' id='line_1_75' title="bbox 2216 1560 3805 1636; baseline 0.006 -21"><span class='ocrx_word' id='word_1_608' title='bbox 2216 1560 2480 1630; x_wconf 86' lang='lat' dir='ltr'><strong>Numquid</strong></span> <span class='ocrx_word' id='word_1_609' title='bbox 2507 1577 2602 1630; x_wconf 91' lang='lat' dir='ltr'><strong>per</strong></span> <span class='ocrx_word' id='word_1_610' title='bbox 2627 1562 2942 1633; x_wconf 79' lang='lat' dir='ltr'><strong>Augustini?</strong></span> <span class='ocrx_word' id='word_1_611' title='bbox 2969 1564 3106 1634; x_wconf 87' lang='lat' dir='ltr'><strong>Ergo</strong></span> <span class='ocrx_word' id='word_1_612' title='bbox 3133 1581 3231 1620; x_wconf 91' lang='lat' dir='ltr'><strong>nec</strong></span> <span class='ocrx_word' id='word_1_613' title='bbox 3255 1582 3349 1636; x_wconf 89' lang='lat' dir='ltr'><strong>per</strong></span> <span class='ocrx_word' id='word_1_614' title='bbox 3371 1583 3564 1623; x_wconf 85' lang='lat' dir='ltr'><strong>nomen</strong></span> <span class='ocrx_word' id='word_1_615' title='bbox 3592 1569 3805 1624; x_wconf 87' lang='lat' dir='ltr'><strong>Donati.</strong></span> 
     </span>
    </p>
   </div>
   <div class='ocr_carea' id='block_1_74' title="bbox 2217 1651 3809 1731">
    <p class='ocr_par' dir='ltr' id='par_1_74' title="bbox 2217 1651 3809 1731">
     <span class='ocr_line' id='line_1_76' title="bbox 2217 1651 3809 1731; baseline 0.006 -25"><span class='ocrx_word' id='word_1_616' title='bbox 2217 1651 2427 1708; x_wconf 79' lang='lat' dir='ltr'><strong>Videris</strong></span> <span class='ocrx_word' id='word_1_617' title='bbox 2467 1655 2585 1724; x_wconf 90' lang='lat' dir='ltr'><strong>quis</strong></span> <span class='ocrx_word' id='word_1_618' title='bbox 2617 1655 2969 1726; x_wconf 83' lang='lat' dir='ltr'><strong>Augustinus,</strong></span> <span class='ocrx_word' id='word_1_619' title='bbox 3001 1666 3093 1711; x_wconf 91' lang='lat' dir='ltr'><strong>aut</strong></span> <span class='ocrx_word' id='word_1_620' title='bbox 3118 1658 3234 1727; x_wconf 87' lang='lat' dir='ltr'><strong>quis</strong></span> <span class='ocrx_word' id='word_1_621' title='bbox 3278 1658 3513 1715; x_wconf 86' lang='lat' dir='ltr'><strong>Donatus</strong></span> <span class='ocrx_word' id='word_1_622' title='bbox 3541 1679 3554 1714; x_wconf 89' lang='lat'><strong>:</strong></span> <span class='ocrx_word' id='word_1_623' title='bbox 3586 1676 3687 1716; x_wconf 87' lang='lat' dir='ltr'><strong>nec</strong></span> <span class='ocrx_word' id='word_1_624' title='bbox 3715 1677 3809 1731; x_wconf 85' lang='lat' dir='ltr'><strong>per</strong></span> 
     </span>
    </p>
   </div>
   <div class='ocr_carea' id='block_1_75' title="bbox 2219 1747 3803 1822">
    <p class='ocr_par' dir='ltr' id='par_1_75' title="bbox 2219 1747 3803 1822">
     <span class='ocr_line' id='line_1_77' title="bbox 2219 1747 3803 1822; baseline 0.006 -22"><span class='ocrx_word' id='word_1_625' title='bbox 2219 1762 2412 1802; x_wconf 90' lang='lat' dir='ltr'><strong>nomen</strong></span> <span class='ocrx_word' id='word_1_626' title='bbox 2441 1747 2610 1814; x_wconf 87' lang='lat' dir='ltr'><strong>Pauli,</strong></span> <span class='ocrx_word' id='word_1_627' title='bbox 2630 1765 2728 1805; x_wconf 89' lang='lat' dir='ltr'><strong>nec</strong></span> <span class='ocrx_word' id='word_1_628' title='bbox 2756 1767 2849 1820; x_wconf 92' lang='lat' dir='ltr'><strong>per</strong></span> <span class='ocrx_word' id='word_1_629' title='bbox 2876 1767 3071 1806; x_wconf 86' lang='lat' dir='ltr'><strong>nomen</strong></span> <span class='ocrx_word' id='word_1_630' title='bbox 3090 1751 3400 1807; x_wconf 83' lang='lat' dir='ltr'><strong>Petri.Nam</strong></span> <span class='ocrx_word' id='word_1_631' title='bbox 3419 1753 3803 1822; x_wconf 89' lang='lat' dir='ltr'><strong>dividentibns,</strong></span> 
     </span>
    </p>
   </div>
   <div class='ocr_carea' id='block_1_76' title="bbox 2220 1839 3808 1912">
    <p class='ocr_par' dir='ltr' id='par_1_76' title="bbox 2220 1839 3808 1912">
     <span class='ocr_line' id='line_1_78' title="bbox 2220 1839 3808 1912; baseline 0.006 -20"><span class='ocrx_word' id='word_1_632' title='bbox 2220 1839 2320 1893; x_wconf 87' lang='lat' dir='ltr'><strong>sibi</strong></span> <span class='ocrx_word' id='word_1_633' title='bbox 2351 1840 2666 1908; x_wconf 89' lang='lat' dir='ltr'><strong>Ecclesiam,</strong></span> <span class='ocrx_word' id='word_1_634' title='bbox 2691 1851 2743 1896; x_wconf 90' lang='lat' dir='ltr'><strong>et</strong></span> <span class='ocrx_word' id='word_1_635' title='bbox 2769 1854 2944 1912; x_wconf 89' lang='lat' dir='ltr'><strong>partes</strong></span> <span class='ocrx_word' id='word_1_636' title='bbox 2975 1843 3150 1900; x_wconf 86' lang='lat' dir='ltr'><strong>facere</strong></span> <span class='ocrx_word' id='word_1_637' title='bbox 3174 1844 3241 1900; x_wconf 87' lang='lat' dir='ltr'><strong>de</strong></span> <span class='ocrx_word' id='word_1_638' title='bbox 3266 1845 3468 1900; x_wconf 88' lang='lat' dir='ltr'><strong>unitate</strong></span> <span class='ocrx_word' id='word_1_639' title='bbox 3491 1847 3808 1902; x_wconf 84' lang='lat' dir='ltr'><strong>conantibus</strong></span> 
     </span>
    </p>
   </div>
   <div class='ocr_carea' id='block_1_77' title="bbox 2220 1934 3807 2007">
    <p class='ocr_par' dir='ltr' id='par_1_77' title="bbox 2220 1934 3807 2007">
     <span class='ocr_line' id='line_1_79' title="bbox 2220 1934 3807 2007; baseline 0.006 -22"><span class='ocrx_word' id='word_1_640' title='bbox 2220 1934 2520 2002; x_wconf 84' lang='lat' dir='ltr'><strong>parturiens</strong></span> <span class='ocrx_word' id='word_1_641' title='bbox 2549 1934 2794 2002; x_wconf 89' lang='lat' dir='ltr'><strong>parvulos</strong></span> <span class='ocrx_word' id='word_1_642' title='bbox 2834 1944 3005 1989; x_wconf 87' lang='lat' dir='ltr'><strong>mater</strong></span> <span class='ocrx_word' id='word_1_643' title='bbox 3033 1935 3265 1990; x_wconf 90' lang='lat' dir='ltr'><strong>charitas</strong></span> <span class='ocrx_word' id='word_1_644' title='bbox 3307 1937 3362 1991; x_wconf 91' lang='lat' dir='ltr'><strong>in</strong></span> <span class='ocrx_word' id='word_1_645' title='bbox 3390 1938 3681 2007; x_wconf 87' lang='lat' dir='ltr'><strong>Apostolo,</strong></span> <span class='ocrx_word' id='word_1_646' title='bbox 3711 1954 3807 1994; x_wconf 77' lang='lat' dir='ltr'><strong>ex-</strong></span> 
     </span>
    </p>
   </div>
   <div class='ocr_carea' id='block_1_78' title="bbox 2222 2025 3809 2098">
    <p class='ocr_par' dir='ltr' id='par_1_78' title="bbox 2222 2025 3809 2098">
     <span class='ocr_line' id='line_1_80' title="bbox 2222 2025 3809 2098; baseline 0.004 -19"><span class='ocrx_word' id='word_1_647' title='bbox 2222 2025 2368 2094; x_wconf 85' lang='lat' dir='ltr'><strong>ponit</strong></span> <span class='ocrx_word' id='word_1_648' title='bbox 2411 2027 2610 2081; x_wconf 90' lang='lat' dir='ltr'><strong>viscera</strong></span> <span class='ocrx_word' id='word_1_649' title='bbox 2656 2042 2782 2092; x_wconf 92' lang='lat' dir='ltr'><strong>sua,</strong></span> <span class='ocrx_word' id='word_1_650' title='bbox 2841 2028 3139 2084; x_wconf 83' lang='lat' dir='ltr'><strong>conscindit</strong></span> <span class='ocrx_word' id='word_1_651' title='bbox 3188 2029 3577 2098; x_wconf 89' lang='lat' dir='ltr'><strong>quodammodo</strong></span> <span class='ocrx_word' id='word_1_652' title='bbox 3628 2030 3809 2086; x_wconf 85' lang='lat' dir='ltr'><strong>verbis</strong></span> 
     </span>
    </p>
   </div>
   <div class='ocr_carea' id='block_1_79' title="bbox 2222 2117 3809 2190">
    <p class='ocr_par' dir='ltr' id='par_1_79' title="bbox 2222 2117 3809 2190">
     <span class='ocr_line' id='line_1_81' title="bbox 2222 2117 3809 2190; baseline 0.004 -20"><span class='ocrx_word' id='word_1_653' title='bbox 2222 2117 2383 2171; x_wconf 89' lang='lat' dir='ltr'><strong>ubera</strong></span> <span class='ocrx_word' id='word_1_654' title='bbox 2416 2131 2533 2179; x_wconf 89' lang='lat' dir='ltr'><strong>sua,</strong></span> <span class='ocrx_word' id='word_1_655' title='bbox 2563 2117 2737 2188; x_wconf 87' lang='lat' dir='ltr'><strong>plorat</strong></span> <span class='ocrx_word' id='word_1_656' title='bbox 2763 2119 2900 2173; x_wconf 89' lang='lat' dir='ltr'><strong>ﬁlios</strong></span> <span class='ocrx_word' id='word_1_657' title='bbox 2925 2136 3060 2190; x_wconf 87' lang='lat' dir='ltr'><strong>quos</strong></span> <span class='ocrx_word' id='word_1_658' title='bbox 3083 2119 3226 2175; x_wconf 90' lang='lat' dir='ltr'><strong>videt</strong></span> <span class='ocrx_word' id='word_1_659' title='bbox 3265 2121 3462 2184; x_wconf 77' lang='lat' dir='ltr'><strong>efferri,</strong></span> <span class='ocrx_word' id='word_1_660' title='bbox 3497 2131 3720 2177; x_wconf 90' lang='lat' dir='ltr'><strong>revocat</strong></span> <span class='ocrx_word' id='word_1_661' title='bbox 3744 2121 3809 2176; x_wconf 88' lang='lat' dir='ltr'><strong>ad</strong></span> 
     </span>
    </p>
   </div>
   <div class='ocr_carea' id='block_1_80' title="bbox 2221 2212 3809 2283">
    <p class='ocr_par' dir='ltr' id='par_1_80' title="bbox 2221 2212 3809 2283">
     <span class='ocr_line' id='line_1_82' title="bbox 2221 2212 3809 2283; baseline 0.005 -20"><span class='ocrx_word' id='word_1_662' title='bbox 2221 2226 2383 2264; x_wconf 91' lang='lat' dir='ltr'><strong>unum</strong></span> <span class='ocrx_word' id='word_1_663' title='bbox 2414 2227 2604 2264; x_wconf 92' lang='lat' dir='ltr'><strong>nomen</strong></span> <span class='ocrx_word' id='word_1_664' title='bbox 2642 2227 2737 2266; x_wconf 92' lang='lat' dir='ltr'><strong>eos</strong></span> <span class='ocrx_word' id='word_1_665' title='bbox 2765 2212 2854 2283; x_wconf 92' lang='lat' dir='ltr'><strong>qui</strong></span> <span class='ocrx_word' id='word_1_666' title='bbox 2882 2213 3045 2266; x_wconf 87' lang='lat' dir='ltr'><strong>multa</strong></span> <span class='ocrx_word' id='word_1_667' title='bbox 3078 2214 3290 2267; x_wconf 90' lang='lat' dir='ltr'><strong>nomina</strong></span> <span class='ocrx_word' id='word_1_668' title='bbox 3325 2214 3424 2269; x_wconf 87' lang='lat' dir='ltr'><strong>sibi</strong></span> <span class='ocrx_word' id='word_1_669' title='bbox 3455 2213 3630 2270; x_wconf 80' lang='lat' dir='ltr'><strong>facere</strong></span> <span class='ocrx_word' id='word_1_670' title='bbox 3657 2216 3809 2271; x_wconf 88' lang='lat' dir='ltr'><strong>vole-</strong></span> 
     </span>
    </p>
   </div>
   <div class='ocr_carea' id='block_1_81' title="bbox 2220 2301 3812 2371">
    <p class='ocr_par' dir='ltr' id='par_1_81' title="bbox 2220 2301 3812 2371">
     <span class='ocr_line' id='line_1_83' title="bbox 2220 2301 3812 2371; baseline 0.003 -15"><span class='ocrx_word' id='word_1_671' title='bbox 2220 2301 2370 2370; x_wconf 86' lang='lat' dir='ltr'><strong>bant,</strong></span> <span class='ocrx_word' id='word_1_672' title='bbox 2398 2303 2601 2371; x_wconf 82' lang='lat' dir='ltr'><strong>repellil</strong></span> <span class='ocrx_word' id='word_1_673' title='bbox 2629 2302 2698 2358; x_wconf 92' lang='lat' dir='ltr'><strong>ab</strong></span> <span class='ocrx_word' id='word_1_674' title='bbox 2725 2320 2906 2358; x_wconf 78' lang='lat' dir='ltr'><strong>amore</strong></span> <span class='ocrx_word' id='word_1_675' title='bbox 2933 2320 3028 2359; x_wconf 90' lang='lat' dir='ltr'><strong>suo</strong></span> <span class='ocrx_word' id='word_1_676' title='bbox 3050 2312 3107 2357; x_wconf 89' lang='lat' dir='ltr'><strong>ut</strong></span> <span class='ocrx_word' id='word_1_677' title='bbox 3131 2304 3372 2359; x_wconf 88' lang='lat' dir='ltr'><strong>Christus</strong></span> <span class='ocrx_word' id='word_1_678' title='bbox 3395 2315 3623 2370; x_wconf 88' lang='lat' dir='ltr'><strong>ametur,</strong></span> <span class='ocrx_word' id='word_1_679' title='bbox 3651 2315 3705 2361; x_wconf 91' lang='lat' dir='ltr'><strong>et</strong></span> <span class='ocrx_word' id='word_1_680' title='bbox 3728 2305 3812 2361; x_wconf 88' lang='lat' dir='ltr'><strong>di-</strong></span> 
     </span>
    </p>
   </div>
   <div class='ocr_carea' id='block_1_82' title="bbox 2220 2394 3812 2468">
    <p class='ocr_par' dir='ltr' id='par_1_82' title="bbox 2220 2394 3812 2468">
     <span class='ocr_line' id='line_1_84' title="bbox 2220 2394 3812 2468; baseline 0.001 -18"><span class='ocrx_word' id='word_1_681' title='bbox 2220 2396 2292 2450; x_wconf 91' lang='lat' dir='ltr'><strong>cit</strong></span> <span class='ocrx_word' id='word_1_682' title='bbox 2331 2414 2342 2448; x_wconf 90' lang='lat'>:</span> <span class='ocrx_word' id='word_1_683' title='bbox 2377 2394 2640 2466; x_wconf 84' lang='lat' dir='ltr'><strong>Numquid</strong></span> <span class='ocrx_word' id='word_1_684' title='bbox 2669 2395 2868 2450; x_wconf 84' lang='lat' dir='ltr'><strong>Paulus</strong></span> <span class='ocrx_word' id='word_1_685' title='bbox 2915 2415 3006 2468; x_wconf 87' lang='lat' dir='ltr'><strong>pro</strong></span> <span class='ocrx_word' id='word_1_686' title='bbox 3033 2398 3166 2451; x_wconf 89' lang='lat' dir='ltr'><strong>vobis</strong></span> <span class='ocrx_word' id='word_1_687' title='bbox 3203 2398 3476 2468; x_wconf 73' lang='lat' dir='ltr'><strong>cruciﬁxus</strong></span> <span class='ocrx_word' id='word_1_688' title='bbox 3508 2398 3615 2452; x_wconf 81' lang='lat' dir='ltr'><strong>est?</strong></span> <span class='ocrx_word' id='word_1_689' title='bbox 3639 2409 3729 2452; x_wconf 85' lang='lat' dir='ltr'><strong>aut</strong></span> <span class='ocrx_word' id='word_1_690' title='bbox 3760 2401 3812 2453; x_wconf 89' lang='lat' dir='ltr'><strong>in</strong></span> 
     </span>
    </p>
   </div>
   <div class='ocr_carea' id='block_1_83' title="bbox 2223 2489 3813 2563">
    <p class='ocr_par' dir='ltr' id='par_1_83' title="bbox 2223 2489 3813 2563">
     <span class='ocr_line' id='line_1_85' title="bbox 2223 2489 3813 2563; baseline 0.003 -21"><span class='ocrx_word' id='word_1_691' title='bbox 2223 2491 2422 2543; x_wconf 79' lang='lat' dir='ltr'><strong>nomine</strong></span> <span class='ocrx_word' id='word_1_692' title='bbox 2450 2489 2605 2543; x_wconf 87' lang='lat' dir='ltr'><strong>Pauli</strong></span> <span class='ocrx_word' id='word_1_693' title='bbox 2630 2490 2869 2560; x_wconf 76' lang='lat' dir='ltr'><strong>baptizati</strong></span> <span class='ocrx_word' id='word_1_694' title='bbox 2897 2492 3011 2545; x_wconf 87' lang='lat' dir='ltr'><strong>estis</strong></span> <span class='ocrx_word' id='word_1_695' title='bbox 3041 2491 3084 2561; x_wconf 86' lang='grc' dir='ltr'>(Ι</span> <span class='ocrx_word' id='word_1_696' title='bbox 3113 2489 3228 2546; x_wconf 88' lang='lat' dir='ltr'><strong>Cor.</strong></span> <span class='ocrx_word' id='word_1_697' title='bbox 3251 2507 3291 2556; x_wconf 84' lang='grc' dir='ltr'><strong>ι,</strong></span> <span class='ocrx_word' id='word_1_698' title='bbox 3317 2492 3454 2563; x_wconf 74' lang='lat' dir='ltr'><strong>i5)?</strong></span> <span class='ocrx_word' id='word_1_699' title='bbox 3487 2491 3622 2560; x_wconf 87' lang='lat' dir='ltr'><strong>Quid</strong></span> <span class='ocrx_word' id='word_1_700' title='bbox 3645 2492 3813 2546; x_wconf 88' lang='lat' dir='ltr'><strong>dicit?</strong></span> 
     </span>
    </p>
   </div>
   <div class='ocr_carea' id='block_1_84' title="bbox 2221 2582 3814 2651">
    <p class='ocr_par' dir='ltr' id='par_1_84' title="bbox 2221 2582 3814 2651">
     <span class='ocr_line' id='line_1_86' title="bbox 2221 2582 3814 2651; baseline 0.003 -14"><span class='ocrx_word' id='word_1_701' title='bbox 2221 2582 2354 2637; x_wconf 83' lang='lat' dir='ltr'><strong>Nolo</strong></span> <span class='ocrx_word' id='word_1_702' title='bbox 2375 2585 2476 2638; x_wconf 91' lang='lat' dir='ltr'><strong>mei</strong></span> <span class='ocrx_word' id='word_1_703' title='bbox 2499 2585 2634 2650; x_wconf 91' lang='lat' dir='ltr'><strong>sitis,</strong></span> <span class='ocrx_word' id='word_1_704' title='bbox 2655 2593 2712 2637; x_wconf 91' lang='lat' dir='ltr'><strong>ut</strong></span> <span class='ocrx_word' id='word_1_705' title='bbox 2737 2601 2942 2639; x_wconf 85' lang='lat' dir='ltr'><strong>mecum</strong></span> <span class='ocrx_word' id='word_1_706' title='bbox 2960 2586 3076 2640; x_wconf 90' lang='lat' dir='ltr'><strong>sitis</strong></span> <span class='ocrx_word' id='word_1_707' title='bbox 3094 2587 3110 2616; x_wconf 85' lang='grc'>¹</span> <span class='ocrx_word' id='word_1_708' title='bbox 3137 2604 3149 2639; x_wconf 92' lang='lat'><strong>:</strong></span> <span class='ocrx_word' id='word_1_709' title='bbox 3174 2600 3380 2640; x_wconf 88' lang='lat' dir='ltr'><strong>mecum</strong></span> <span class='ocrx_word' id='word_1_710' title='bbox 3403 2595 3601 2651; x_wconf 88' lang='lat' dir='ltr'><strong>estote;</strong></span> <span class='ocrx_word' id='word_1_711' title='bbox 3621 2601 3814 2642; x_wconf 88' lang='lat' dir='ltr'><strong>omnes</strong></span> 
     </span>
    </p>
   </div>
   <div class='ocr_carea' id='block_1_85' title="bbox 2222 2678 3815 2751">
    <p class='ocr_par' dir='ltr' id='par_1_85' title="bbox 2222 2678 3815 2751">
     <span class='ocr_line' id='line_1_87' title="bbox 2222 2678 3815 2751; baseline 0.003 -20"><span class='ocrx_word' id='word_1_712' title='bbox 2222 2678 2364 2732; x_wconf 83' lang='lat' dir='ltr'><strong>illius</strong></span> <span class='ocrx_word' id='word_1_713' title='bbox 2385 2693 2567 2730; x_wconf 89' lang='lat' dir='ltr'><strong>smnus</strong></span> <span class='ocrx_word' id='word_1_714' title='bbox 2587 2679 2676 2747; x_wconf 90' lang='lat' dir='ltr'><strong>qui</strong></span> <span class='ocrx_word' id='word_1_715' title='bbox 2710 2695 2804 2748; x_wconf 89' lang='lat' dir='ltr'><strong>pro</strong></span> <span class='ocrx_word' id='word_1_716' title='bbox 2835 2678 2986 2732; x_wconf 88' lang='lat' dir='ltr'><strong>nobis</strong></span> <span class='ocrx_word' id='word_1_717' title='bbox 3017 2687 3255 2733; x_wconf 89' lang='lat' dir='ltr'><strong>mortuus</strong></span> <span class='ocrx_word' id='word_1_718' title='bbox 3278 2689 3380 2746; x_wconf 88' lang='lat' dir='ltr'><strong>est,</strong></span> <span class='ocrx_word' id='word_1_719' title='bbox 3412 2681 3501 2750; x_wconf 91' lang='lat' dir='ltr'><strong>qui</strong></span> <span class='ocrx_word' id='word_1_720' title='bbox 3531 2696 3628 2751; x_wconf 89' lang='lat' dir='ltr'><strong>pro</strong></span> <span class='ocrx_word' id='word_1_721' title='bbox 3653 2680 3815 2736; x_wconf 88' lang='lat' dir='ltr'><strong>nobis</strong></span> 
     </span>
    </p>
   </div>
   <div class='ocr_carea' id='block_1_86' title="bbox 2221 2769 3816 2844">
    <p class='ocr_par' dir='ltr' id='par_1_86' title="bbox 2221 2769 3816 2844">
     <span class='ocr_line' id='line_1_88' title="bbox 2221 2769 3816 2844; baseline 0.001 -19"><span class='ocrx_word' id='word_1_722' title='bbox 2221 2769 2508 2825; x_wconf 81' lang='lat' dir='ltr'><strong>crucifixus</strong></span> <span class='ocrx_word' id='word_1_723' title='bbox 2537 2779 2619 2824; x_wconf 89' lang='lat' dir='ltr'><strong>est</strong></span> <span class='ocrx_word' id='word_1_724' title='bbox 2645 2787 2660 2824; x_wconf 87' lang='lat'><em>:</em></span> <span class='ocrx_word' id='word_1_725' title='bbox 2689 2770 2830 2824; x_wconf 89' lang='lat' dir='ltr'><strong>unde</strong></span> <span class='ocrx_word' id='word_1_726' title='bbox 2855 2780 2909 2826; x_wconf 92' lang='lat' dir='ltr'><strong>et</strong></span> <span class='ocrx_word' id='word_1_727' title='bbox 2938 2771 3042 2832; x_wconf 86' lang='lat' dir='ltr'><strong>hic.</strong></span> <span class='ocrx_word' id='word_1_728' title='bbox 3074 2770 3410 2825; x_wconf 87' lang='lat' dir='ltr'><strong>Dimittuntur</strong></span> <span class='ocrx_word' id='word_1_729' title='bbox 3434 2773 3569 2827; x_wconf 87' lang='lat' dir='ltr'><strong>vobis</strong></span> <span class='ocrx_word' id='word_1_730' title='bbox 3591 2783 3816 2844; x_wconf 78' lang='lat' dir='ltr'><strong>peccata</strong></span> 
     </span>
    </p>
   </div>
   <div class='ocr_carea' id='block_1_87' title="bbox 2222 2861 3428 2933">
    <p class='ocr_par' dir='ltr' id='par_1_87' title="bbox 2222 2861 3428 2933">
     <span class='ocr_line' id='line_1_89' title="bbox 2222 2861 3428 2933; baseline 0.001 -19"><span class='ocrx_word' id='word_1_731' title='bbox 2222 2878 2310 2933; x_wconf 85' lang='lat' dir='ltr'><strong>per</strong></span> <span class='ocrx_word' id='word_1_732' title='bbox 2335 2877 2514 2914; x_wconf 88' lang='lat' dir='ltr'><strong>nomen</strong></span> <span class='ocrx_word' id='word_1_733' title='bbox 2535 2863 2664 2931; x_wconf 88' lang='lat' dir='ltr'><strong>ejus,</strong></span> <span class='ocrx_word' id='word_1_734' title='bbox 2689 2877 2793 2916; x_wconf 92' lang='lat' dir='ltr'><strong>non</strong></span> <span class='ocrx_word' id='word_1_735' title='bbox 2818 2877 2911 2932; x_wconf 78' lang='lat' dir='ltr'><strong>per</strong></span> <span class='ocrx_word' id='word_1_736' title='bbox 2933 2861 3161 2916; x_wconf 91' lang='lat' dir='ltr'><strong>hominis</strong></span> <span class='ocrx_word' id='word_1_737' title='bbox 3187 2862 3428 2932; x_wconf 88' lang='lat' dir='ltr'><strong>alicujus.</strong></span> 
     </span>
    </p>
   </div>
   <div class='ocr_carea' id='block_1_88' title="bbox 2292 2954 3814 3026">
    <p class='ocr_par' dir='ltr' id='par_1_88' title="bbox 2292 2954 3814 3026">
     <span class='ocr_line' id='line_1_90' title="bbox 2292 2954 3814 3026; baseline 0.002 -17"><span class='ocrx_word' id='word_1_738' title='bbox 2292 2955 2344 3009; x_wconf 84' lang='lat'><strong>5.</strong></span> <span class='ocrx_word' id='word_1_739' title='bbox 2389 2954 2565 3010; x_wconf 87' lang='lat' dir='ltr'><strong>Scriba</strong></span> <span class='ocrx_word' id='word_1_740' title='bbox 2591 2955 2746 3022; x_wconf 85' lang='lat' dir='ltr'><strong>vobis,</strong></span> <span class='ocrx_word' id='word_1_741' title='bbox 2789 2967 2970 3024; x_wconf 87' lang='lat' dir='ltr'><strong>patres.</strong></span> <span class='ocrx_word' id='word_1_742' title='bbox 3000 2955 3174 3023; x_wconf 87' lang='lat' dir='ltr'><strong>Quare</strong></span> <span class='ocrx_word' id='word_1_743' title='bbox 3205 2958 3374 3026; x_wconf 90' lang='lat' dir='ltr'><strong>primo</strong></span> <span class='ocrx_word' id='word_1_744' title='bbox 3401 2957 3528 3010; x_wconf 88' lang='lat' dir='ltr'><strong>ﬁlii?</strong></span> <span class='ocrx_word' id='word_1_745' title='bbox 3561 2957 3694 3025; x_wconf 82' lang='lat' dir='ltr'><strong>Quia</strong></span> <span class='ocrx_word' id='word_1_746' title='bbox 3723 2976 3814 3012; x_wconf 85' lang='lat' dir='ltr'><strong>re-</strong></span> 
     </span>
    </p>
   </div>
   <div class='ocr_carea' id='block_1_89' title="bbox 2220 3048 3813 3120">
    <p class='ocr_par' dir='ltr' id='par_1_89' title="bbox 2220 3048 3813 3120">
     <span class='ocr_line' id='line_1_91' title="bbox 2220 3048 3813 3120; baseline 0.004 -20"><span class='ocrx_word' id='word_1_747' title='bbox 2220 3048 2486 3102; x_wconf 87' lang='lat' dir='ltr'><strong>mittuntur</strong></span> <span class='ocrx_word' id='word_1_748' title='bbox 2500 3048 2635 3102; x_wconf 86' lang='lat' dir='ltr'><strong>vobis</strong></span> <span class='ocrx_word' id='word_1_749' title='bbox 2658 3059 2860 3119; x_wconf 87' lang='lat' dir='ltr'><strong>peccata</strong></span> <span class='ocrx_word' id='word_1_750' title='bbox 2876 3067 2963 3118; x_wconf 90' lang='lat' dir='ltr'><strong>per</strong></span> <span class='ocrx_word' id='word_1_751' title='bbox 2979 3066 3160 3103; x_wconf 86' lang='lat' dir='ltr'><strong>nomen</strong></span> <span class='ocrx_word' id='word_1_752' title='bbox 3179 3051 3308 3120; x_wconf 85' lang='lat' dir='ltr'><strong>ejus,</strong></span> <span class='ocrx_word' id='word_1_753' title='bbox 3337 3060 3390 3105; x_wconf 92' lang='lat' dir='ltr'><strong>et</strong></span> <span class='ocrx_word' id='word_1_754' title='bbox 3418 3053 3813 3120; x_wconf 78' lang='lat' dir='ltr'><strong>regeneramiui</strong></span> 
     </span>
    </p>
   </div>
   <div class='ocr_carea' id='block_1_90' title="bbox 2176 3139 3814 3215">
    <p class='ocr_par' dir='ltr' id='par_1_90' title="bbox 2176 3139 3814 3215">
     <span class='ocr_line' id='line_1_92' title="bbox 2176 3139 3814 3215; baseline 0.004 -21"><span class='ocrx_word' id='word_1_755' title='bbox 2176 3159 2178 3162; x_wconf 50' lang='grc' dir='ltr'>ν</span> <span class='ocrx_word' id='word_1_756' title='bbox 2219 3139 2272 3194; x_wconf 92' lang='lat' dir='ltr'><strong>in</strong></span> <span class='ocrx_word' id='word_1_757' title='bbox 2301 3155 2490 3194; x_wconf 90' lang='lat' dir='ltr'><strong>novam</strong></span> <span class='ocrx_word' id='word_1_758' title='bbox 2529 3141 2712 3207; x_wconf 89' lang='lat' dir='ltr'><strong>vitam,</strong></span> <span class='ocrx_word' id='word_1_759' title='bbox 2743 3141 2862 3196; x_wconf 91' lang='lat' dir='ltr'><strong>ideo</strong></span> <span class='ocrx_word' id='word_1_760' title='bbox 2891 3140 3003 3196; x_wconf 90' lang='lat' dir='ltr'><strong>ﬁlii.</strong></span> <span class='ocrx_word' id='word_1_761' title='bbox 3032 3141 3215 3197; x_wconf 87' lang='lat' dir='ltr'><strong>Patres</strong></span> <span class='ocrx_word' id='word_1_762' title='bbox 3241 3143 3438 3213; x_wconf 88' lang='lat' dir='ltr'><strong>quare?</strong></span> <span class='ocrx_word' id='word_1_763' title='bbox 3472 3143 3601 3211; x_wconf 84' lang='lat' dir='ltr'><strong>Quia</strong></span> <span class='ocrx_word' id='word_1_764' title='bbox 3621 3161 3814 3215; x_wconf 80' lang='lat' dir='ltr'><strong>cogno-</strong></span> 
     </span>
    </p>
   </div>
   <div class='ocr_carea' id='block_1_91' title="bbox 2218 3233 3814 3305">
    <p class='ocr_par' dir='ltr' id='par_1_91' title="bbox 2218 3233 3814 3305">
     <span class='ocr_line' id='line_1_93' title="bbox 2218 3233 3814 3305; baseline 0.003 -19"><span class='ocrx_word' id='word_1_765' title='bbox 2218 3233 2358 3287; x_wconf 84' lang='lat' dir='ltr'><strong>vistis</strong></span> <span class='ocrx_word' id='word_1_766' title='bbox 2395 3249 2508 3287; x_wconf 88' lang='lat' dir='ltr'><strong>eum</strong></span> <span class='ocrx_word' id='word_1_767' title='bbox 2534 3233 2620 3303; x_wconf 86' lang='lat' dir='ltr'><strong>qui</strong></span> <span class='ocrx_word' id='word_1_768' title='bbox 2653 3249 2684 3286; x_wconf 90' lang='lat' dir='ltr'><strong>a</strong></span> <span class='ocrx_word' id='word_1_769' title='bbox 2721 3234 2967 3305; x_wconf 83' lang='lat' dir='ltr'><strong>principio</strong></span> <span class='ocrx_word' id='word_1_770' title='bbox 2987 3243 3094 3288; x_wconf 89' lang='lat' dir='ltr'><strong>est:</strong></span> <span class='ocrx_word' id='word_1_771' title='bbox 3116 3233 3427 3304; x_wconf 85' lang='lat' dir='ltr'><strong>principium</strong></span> <span class='ocrx_word' id='word_1_772' title='bbox 3454 3235 3594 3290; x_wconf 91' lang='lat' dir='ltr'><strong>enim</strong></span> <span class='ocrx_word' id='word_1_773' title='bbox 3621 3235 3687 3290; x_wconf 93' lang='lat' dir='ltr'><strong>ad</strong></span> <span class='ocrx_word' id='word_1_774' title='bbox 3717 3251 3814 3305; x_wconf 88' lang='lat' dir='ltr'><strong>pa-</strong></span> 
     </span>
    </p>
   </div>
   <div class='ocr_carea' id='block_1_92' title="bbox 2218 3321 3813 3393">
    <p class='ocr_par' dir='ltr' id='par_1_92' title="bbox 2218 3321 3813 3393">
     <span class='ocr_line' id='line_1_94' title="bbox 2218 3321 3813 3393; baseline 0.005 -18"><span class='ocrx_word' id='word_1_775' title='bbox 2218 3321 2519 3377; x_wconf 89' lang='lat' dir='ltr'><strong>ternitatem</strong></span> <span class='ocrx_word' id='word_1_776' title='bbox 2551 3322 2797 3393; x_wconf 87' lang='lat' dir='ltr'><strong>pertinet.</strong></span> <span class='ocrx_word' id='word_1_777' title='bbox 2827 3324 3004 3379; x_wconf 84' lang='lat' dir='ltr'><strong>Novus</strong></span> <span class='ocrx_word' id='word_1_778' title='bbox 3029 3325 3272 3380; x_wconf 84' lang='lat' dir='ltr'><strong>Christus</strong></span> <span class='ocrx_word' id='word_1_779' title='bbox 3294 3326 3343 3380; x_wconf 91' lang='lat' dir='ltr'><strong>in</strong></span> <span class='ocrx_word' id='word_1_780' title='bbox 3370 3341 3550 3390; x_wconf 88' lang='lat' dir='ltr'><strong>carne,</strong></span> <span class='ocrx_word' id='word_1_781' title='bbox 3581 3327 3677 3383; x_wconf 88' lang='lat' dir='ltr'><strong>sed</strong></span> <span class='ocrx_word' id='word_1_782' title='bbox 3707 3344 3813 3383; x_wconf 90' lang='lat' dir='ltr'><strong>an-</strong></span> 
     </span>
    </p>
   </div>
   <div class='ocr_carea' id='block_1_93' title="bbox 2217 3414 3814 3489">
    <p class='ocr_par' dir='ltr' id='par_1_93' title="bbox 2217 3414 3814 3489">
     <span class='ocr_line' id='line_1_95' title="bbox 2217 3414 3814 3489; baseline 0.004 -20"><span class='ocrx_word' id='word_1_783' title='bbox 2217 3414 2395 3484; x_wconf 86' lang='lat' dir='ltr'><strong>tiquus</strong></span> <span class='ocrx_word' id='word_1_784' title='bbox 2421 3416 2474 3469; x_wconf 93' lang='lat' dir='ltr'><strong>in</strong></span> <span class='ocrx_word' id='word_1_785' title='bbox 2493 3415 2786 3470; x_wconf 90' lang='lat' dir='ltr'><strong>divinitate.</strong></span> <span class='ocrx_word' id='word_1_786' title='bbox 2810 3416 2979 3485; x_wconf 90' lang='lat' dir='ltr'><strong>Quam</strong></span> <span class='ocrx_word' id='word_1_787' title='bbox 3000 3419 3246 3488; x_wconf 88' lang='lat' dir='ltr'><strong>antiquus</strong></span> <span class='ocrx_word' id='word_1_788' title='bbox 3269 3421 3548 3489; x_wconf 84' lang='lat' dir='ltr'><strong>putamus?</strong></span> <span class='ocrx_word' id='word_1_789' title='bbox 3568 3427 3699 3489; x_wconf 90' lang='lat' dir='ltr'><strong>quot</strong></span> <span class='ocrx_word' id='word_1_790' title='bbox 3713 3437 3814 3476; x_wconf 79' lang='lat' dir='ltr'><strong>an-</strong></span> 
     </span>
    </p>
   </div>
   <div class='ocr_carea' id='block_1_94' title="bbox 2219 3507 3813 3583">
    <p class='ocr_par' dir='ltr' id='par_1_94' title="bbox 2219 3507 3813 3583">
     <span class='ocr_line' id='line_1_96' title="bbox 2219 3507 3813 3583; baseline 0.003 -21"><span class='ocrx_word' id='word_1_791' title='bbox 2219 3509 2446 3562; x_wconf 83' lang='lat' dir='ltr'><strong>norum?</strong></span> <span class='ocrx_word' id='word_1_792' title='bbox 2475 3507 2796 3581; x_wconf 85' lang='lat' dir='ltr'><strong>Putamusne</strong></span> <span class='ocrx_word' id='word_1_793' title='bbox 2839 3510 3008 3578; x_wconf 88' lang='lat' dir='ltr'><strong>major</strong></span> <span class='ocrx_word' id='word_1_794' title='bbox 3057 3525 3213 3579; x_wconf 89' lang='lat' dir='ltr'><strong>quam</strong></span> <span class='ocrx_word' id='word_1_795' title='bbox 3258 3521 3430 3566; x_wconf 90' lang='lat' dir='ltr'><strong>mater</strong></span> <span class='ocrx_word' id='word_1_796' title='bbox 3467 3512 3596 3566; x_wconf 84' lang='lat' dir='ltr'><strong>sua?</strong></span> <span class='ocrx_word' id='word_1_797' title='bbox 3640 3511 3813 3583; x_wconf 72' lang='lat' dir='ltr'><strong>Major</strong></span> 
     </span>
    </p>
   </div>
   <div class='ocr_carea' id='block_1_95' title="bbox 2218 3601 3815 3673">
    <p class='ocr_par' dir='ltr' id='par_1_95' title="bbox 2218 3601 3815 3673">
     <span class='ocr_line' id='line_1_97' title="bbox 2218 3601 3815 3673; baseline 0.005 -19"><span class='ocrx_word' id='word_1_798' title='bbox 2218 3601 2374 3670; x_wconf 90' lang='lat' dir='ltr'><strong>plane</strong></span> <span class='ocrx_word' id='word_1_799' title='bbox 2394 3616 2552 3672; x_wconf 92' lang='lat' dir='ltr'><strong>quam</strong></span> <span class='ocrx_word' id='word_1_800' title='bbox 2574 3610 2777 3656; x_wconf 82' lang='lat' dir='ltr'><strong>mater:</strong></span> <span class='ocrx_word' id='word_1_801' title='bbox 2806 3602 2982 3656; x_wconf 90' lang='lat' dir='ltr'><strong>omnia</strong></span> <span class='ocrx_word' id='word_1_802' title='bbox 3007 3603 3146 3656; x_wconf 89' lang='lat' dir='ltr'><strong>enim</strong></span> <span class='ocrx_word' id='word_1_803' title='bbox 3180 3618 3274 3673; x_wconf 91' lang='lat' dir='ltr'><strong>per</strong></span> <span class='ocrx_word' id='word_1_804' title='bbox 3301 3603 3473 3672; x_wconf 89' lang='lat' dir='ltr'><strong>ipsum</strong></span> <span class='ocrx_word' id='word_1_805' title='bbox 3501 3603 3643 3660; x_wconf 85' lang='lat' dir='ltr'><strong>facta</strong></span> <span class='ocrx_word' id='word_1_806' title='bbox 3682 3615 3815 3662; x_wconf 87' lang='lat' dir='ltr'><strong>sunt</strong></span> 
     </span>
    </p>
   </div>
   <div class='ocr_carea' id='block_1_96' title="bbox 2219 3693 3808 3767">
    <p class='ocr_par' dir='ltr' id='par_1_96' title="bbox 2219 3693 3808 3767">
     <span class='ocr_line' id='line_1_98' title="bbox 2219 3693 3808 3767; baseline 0.004 -20"><span class='ocrx_word' id='word_1_807' title='bbox 2219 3693 2396 3765; x_wconf 73' lang='lat' dir='ltr'><strong>(Joan.</strong></span> <span class='ocrx_word' id='word_1_808' title='bbox 2429 3711 2466 3760; x_wconf 87' lang='grc' dir='ltr'><strong>ι,</strong></span> <span class='ocrx_word' id='word_1_809' title='bbox 2490 3693 2569 3764; x_wconf 82' lang='grc'><strong>⁸5).</strong></span> <span class='ocrx_word' id='word_1_810' title='bbox 2593 3693 2648 3748; x_wconf 88' lang='lat' dir='ltr'><strong>Si</strong></span> <span class='ocrx_word' id='word_1_811' title='bbox 2673 3694 2873 3761; x_wconf 90' lang='lat' dir='ltr'><strong>omnia,</strong></span> <span class='ocrx_word' id='word_1_812' title='bbox 2906 3705 2960 3749; x_wconf 91' lang='lat' dir='ltr'><strong>et</strong></span> <span class='ocrx_word' id='word_1_813' title='bbox 2987 3694 3153 3764; x_wconf 87' lang='lat' dir='ltr'><strong>ipsam</strong></span> <span class='ocrx_word' id='word_1_814' title='bbox 3183 3704 3405 3751; x_wconf 87' lang='lat' dir='ltr'><strong>matrem</strong></span> <span class='ocrx_word' id='word_1_815' title='bbox 3445 3697 3694 3767; x_wconf 88' lang='lat' dir='ltr'><strong>antiquus</strong></span> <span class='ocrx_word' id='word_1_816' title='bbox 3724 3697 3808 3754; x_wconf 84' lang='lat' dir='ltr'><strong>fe-</strong></span> 
     </span>
    </p>
   </div>
   <div class='ocr_carea' id='block_1_97' title="bbox 2217 3786 3810 3856">
    <p class='ocr_par' dir='ltr' id='par_1_97' title="bbox 2217 3786 3810 3856">
     <span class='ocr_line' id='line_1_99' title="bbox 2217 3786 3810 3856; baseline 0.004 -16"><span class='ocrx_word' id='word_1_817' title='bbox 2217 3787 2306 3852; x_wconf 89' lang='lat' dir='ltr'><strong>cit,</strong></span> <span class='ocrx_word' id='word_1_818' title='bbox 2337 3787 2402 3841; x_wconf 92' lang='lat' dir='ltr'><strong>de</strong></span> <span class='ocrx_word' id='word_1_819' title='bbox 2431 3801 2530 3856; x_wconf 90' lang='lat' dir='ltr'><strong>qua</strong></span> <span class='ocrx_word' id='word_1_820' title='bbox 2557 3795 2862 3842; x_wconf 89' lang='lat' dir='ltr'><strong>nasceretur</strong></span> <span class='ocrx_word' id='word_1_821' title='bbox 2887 3802 3072 3841; x_wconf 84' lang='lat' dir='ltr'><strong>novus.</strong></span> <span class='ocrx_word' id='word_1_822' title='bbox 3093 3786 3416 3843; x_wconf 86' lang='lat' dir='ltr'><strong>Putamusne</strong></span> <span class='ocrx_word' id='word_1_823' title='bbox 3435 3798 3558 3844; x_wconf 89' lang='lat' dir='ltr'><strong>ante</strong></span> <span class='ocrx_word' id='word_1_824' title='bbox 3574 3799 3810 3847; x_wconf 84' lang='lat' dir='ltr'><strong>matrem</strong></span> 
     </span>
    </p>
   </div>
   <div class='ocr_carea' id='block_1_98' title="bbox 2215 3879 3810 3952">
    <p class='ocr_par' dir='ltr' id='par_1_98' title="bbox 2215 3879 3810 3952">
     <span class='ocr_line' id='line_1_100' title="bbox 2215 3879 3810 3952; baseline 0.004 -18"><span class='ocrx_word' id='word_1_825' title='bbox 2215 3879 2422 3934; x_wconf 83' lang='lat' dir='ltr'><strong>solam?</strong></span> <span class='ocrx_word' id='word_1_826' title='bbox 2448 3880 2516 3934; x_wconf 88' lang='lat' dir='ltr'><strong>Et</strong></span> <span class='ocrx_word' id='word_1_827' title='bbox 2542 3889 2666 3935; x_wconf 88' lang='lat' dir='ltr'><strong>ante</strong></span> <span class='ocrx_word' id='word_1_828' title='bbox 2709 3895 2839 3936; x_wconf 88' lang='lat' dir='ltr'><strong>avos</strong></span> <span class='ocrx_word' id='word_1_829' title='bbox 2886 3881 3069 3935; x_wconf 90' lang='lat' dir='ltr'><strong>matris</strong></span> <span class='ocrx_word' id='word_1_830' title='bbox 3111 3881 3381 3952; x_wconf 88' lang='lat' dir='ltr'><strong>antiquus.</strong></span> <span class='ocrx_word' id='word_1_831' title='bbox 3427 3883 3573 3938; x_wconf 87' lang='lat' dir='ltr'><strong>Avus</strong></span> <span class='ocrx_word' id='word_1_832' title='bbox 3619 3885 3810 3940; x_wconf 87' lang='lat' dir='ltr'><strong>matris</strong></span> 
     </span>
    </p>
   </div>
   <div class='ocr_carea' id='block_1_99' title="bbox 2213 3973 3810 4050">
    <p class='ocr_par' dir='ltr' id='par_1_99' title="bbox 2213 3973 3810 4050">
     <span class='ocr_line' id='line_1_101' title="bbox 2213 3973 3810 4050; baseline 0.003 -23"><span class='ocrx_word' id='word_1_833' title='bbox 2213 3975 2378 4043; x_wconf 82' lang='lat' dir='ltr'><strong>ipsius</strong></span> <span class='ocrx_word' id='word_1_834' title='bbox 2402 3973 2696 4041; x_wconf 84' lang='lat' dir='ltr'><strong>Abraham;</strong></span> <span class='ocrx_word' id='word_1_835' title='bbox 2721 3983 2775 4030; x_wconf 91' lang='lat' dir='ltr'><strong>et</strong></span> <span class='ocrx_word' id='word_1_836' title='bbox 2807 3974 3064 4029; x_wconf 90' lang='lat' dir='ltr'><strong>Dominus</strong></span> <span class='ocrx_word' id='word_1_837' title='bbox 3089 3974 3236 4040; x_wconf 91' lang='lat' dir='ltr'><strong>dicit,</strong></span> <span class='ocrx_word' id='word_1_838' title='bbox 3263 3975 3391 4029; x_wconf 89' lang='lat' dir='ltr'><strong>Ante</strong></span> <span class='ocrx_word' id='word_1_839' title='bbox 3429 3975 3690 4031; x_wconf 82' lang='lat' dir='ltr'><strong>Abraham</strong></span> <span class='ocrx_word' id='word_1_840' title='bbox 3713 3995 3810 4050; x_wconf 83' lang='lat' dir='ltr'><strong>ego</strong></span> 
     </span>
    </p>
   </div>
   <div class='ocr_carea' id='block_1_100' title="bbox 2212 4065 3811 4139">
    <p class='ocr_par' dir='ltr' id='par_1_100' title="bbox 2212 4065 3811 4139">
     <span class='ocr_line' id='line_1_102' title="bbox 2212 4065 3811 4139; baseline 0.004 -19"><span class='ocrx_word' id='word_1_841' title='bbox 2212 4082 2322 4120; x_wconf 86' lang='lat' dir='ltr'><strong>sum</strong></span> <span class='ocrx_word' id='word_1_842' title='bbox 2352 4065 2459 4139; x_wconf 85' lang='lat' dir='ltr'><strong>(Id.</strong></span> <span class='ocrx_word' id='word_1_843' title='bbox 2496 4083 2605 4134; x_wconf 83' lang='lat' dir='ltr'><strong>vui,</strong></span> <span class='ocrx_word' id='word_1_844' title='bbox 2634 4067 2746 4138; x_wconf 85' lang='lat'><strong>58).</strong></span> <span class='ocrx_word' id='word_1_845' title='bbox 2774 4069 2908 4121; x_wconf 92' lang='lat' dir='ltr'><strong>Ante</strong></span> <span class='ocrx_word' id='word_1_846' title='bbox 2933 4065 3200 4122; x_wconf 87' lang='lat' dir='ltr'><strong>Abraham</strong></span> <span class='ocrx_word' id='word_1_847' title='bbox 3227 4067 3486 4123; x_wconf 84' lang='lat' dir='ltr'><strong>dicimus?</strong></span> <span class='ocrx_word' id='word_1_848' title='bbox 3513 4065 3724 4124; x_wconf 61' lang='lat' dir='ltr'><strong>Caelum</strong></span> <span class='ocrx_word' id='word_1_849' title='bbox 3755 4079 3811 4126; x_wconf 90' lang='lat' dir='ltr'><strong>et</strong></span> 
     </span>
    </p>
   </div>
   <div class='ocr_carea' id='block_1_101' title="bbox 2212 4157 3812 4228">
    <p class='ocr_par' dir='ltr' id='par_1_101' title="bbox 2212 4157 3812 4228">
     <span class='ocr_line' id='line_1_103' title="bbox 2212 4157 3812 4228; baseline 0.003 -16"><span class='ocrx_word' id='word_1_850' title='bbox 2212 4165 2372 4223; x_wconf 87' lang='lat' dir='ltr'><strong>terra,</strong></span> <span class='ocrx_word' id='word_1_851' title='bbox 2405 4167 2688 4228; x_wconf 87' lang='lat' dir='ltr'><strong>antequam</strong></span> <span class='ocrx_word' id='word_1_852' title='bbox 2715 4168 2855 4213; x_wconf 88' lang='lat' dir='ltr'><strong>esset</strong></span> <span class='ocrx_word' id='word_1_853' title='bbox 2883 4159 3062 4225; x_wconf 89' lang='lat' dir='ltr'><strong>homo,</strong></span> <span class='ocrx_word' id='word_1_854' title='bbox 3089 4157 3226 4214; x_wconf 90' lang='lat' dir='ltr'><strong>facta</strong></span> <span class='ocrx_word' id='word_1_855' title='bbox 3254 4169 3395 4214; x_wconf 89' lang='lat' dir='ltr'><strong>sunt.</strong></span> <span class='ocrx_word' id='word_1_856' title='bbox 3424 4162 3564 4215; x_wconf 84' lang='lat' dir='ltr'><strong>Ante</strong></span> <span class='ocrx_word' id='word_1_857' title='bbox 3586 4161 3687 4216; x_wconf 88' lang='lat' dir='ltr'><strong>ista</strong></span> <span class='ocrx_word' id='word_1_858' title='bbox 3711 4159 3812 4217; x_wconf 86' lang='lat' dir='ltr'><strong>fuit</strong></span> 
     </span>
    </p>
   </div>
   <div class='ocr_carea' id='block_1_102' title="bbox 2213 4249 3811 4320">
    <p class='ocr_par' dir='ltr' id='par_1_102' title="bbox 2213 4249 3811 4320">
     <span class='ocr_line' id='line_1_104' title="bbox 2213 4249 3811 4320; baseline 0.004 -17"><span class='ocrx_word' id='word_1_859' title='bbox 2213 4249 2486 4315; x_wconf 91' lang='lat' dir='ltr'><strong>Dominus,</strong></span> <span class='ocrx_word' id='word_1_860' title='bbox 2509 4251 2613 4304; x_wconf 91' lang='lat' dir='ltr'><strong>imo</strong></span> <span class='ocrx_word' id='word_1_861' title='bbox 2633 4259 2687 4304; x_wconf 90' lang='lat' dir='ltr'><strong>et</strong></span> <span class='ocrx_word' id='word_1_862' title='bbox 2712 4258 2811 4305; x_wconf 90' lang='lat' dir='ltr'><strong>est.</strong></span> <span class='ocrx_word' id='word_1_863' title='bbox 2836 4249 3045 4320; x_wconf 91' lang='lat' dir='ltr'><strong>Optime</strong></span> <span class='ocrx_word' id='word_1_864' title='bbox 3069 4251 3213 4306; x_wconf 91' lang='lat' dir='ltr'><strong>enim</strong></span> <span class='ocrx_word' id='word_1_865' title='bbox 3239 4267 3342 4306; x_wconf 92' lang='lat' dir='ltr'><strong>non</strong></span> <span class='ocrx_word' id='word_1_866' title='bbox 3360 4255 3452 4320; x_wconf 88' lang='lat' dir='ltr'><strong>ait,</strong></span> <span class='ocrx_word' id='word_1_867' title='bbox 3473 4255 3614 4308; x_wconf 88' lang='lat' dir='ltr'><strong>Ante</strong></span> <span class='ocrx_word' id='word_1_868' title='bbox 3635 4255 3811 4311; x_wconf 84' lang='lat' dir='ltr'><strong>Abra-</strong></span> 
     </span>
    </p>
   </div>
   <div class='ocr_carea' id='block_1_103' title="bbox 2211 4337 3809 4418">
    <p class='ocr_par' dir='ltr' id='par_1_103' title="bbox 2211 4337 3809 4418">
     <span class='ocr_line' id='line_1_105' title="bbox 2211 4337 3809 4418; baseline 0.005 -25"><span class='ocrx_word' id='word_1_869' title='bbox 2211 4341 2332 4395; x_wconf 89' lang='lat' dir='ltr'><strong>ham</strong></span> <span class='ocrx_word' id='word_1_870' title='bbox 2360 4357 2460 4411; x_wconf 85' lang='lat' dir='ltr'><strong>ego</strong></span> <span class='ocrx_word' id='word_1_871' title='bbox 2489 4341 2592 4408; x_wconf 90' lang='lat' dir='ltr'><strong>fui;</strong></span> <span class='ocrx_word' id='word_1_872' title='bbox 2621 4341 2736 4407; x_wconf 87' lang='lat' dir='ltr'><strong>sed,</strong></span> <span class='ocrx_word' id='word_1_873' title='bbox 2769 4341 2896 4394; x_wconf 84' lang='lat' dir='ltr'><strong>Ante</strong></span> <span class='ocrx_word' id='word_1_874' title='bbox 2919 4341 3177 4396; x_wconf 78' lang='lat' dir='ltr'><strong>Abraham</strong></span> <span class='ocrx_word' id='word_1_875' title='bbox 3213 4360 3304 4415; x_wconf 85' lang='lat' dir='ltr'><strong>ego</strong></span> <span class='ocrx_word' id='word_1_876' title='bbox 3321 4361 3452 4398; x_wconf 88' lang='lat' dir='ltr'><strong>sum.</strong></span> <span class='ocrx_word' id='word_1_877' title='bbox 3475 4337 3631 4418; x_wconf 63' lang='lat' dir='ltr'><strong>Qﬂod</strong></span> <span class='ocrx_word' id='word_1_878' title='bbox 3659 4347 3809 4402; x_wconf 89' lang='lat' dir='ltr'><strong>enim</strong></span> 
     </span>
    </p>
   </div>
   <div class='ocr_carea' id='block_1_104' title="bbox 2209 4433 3806 4506">
    <p class='ocr_par' dir='ltr' id='par_1_104' title="bbox 2209 4433 3806 4506">
     <span class='ocr_line' id='line_1_106' title="bbox 2209 4433 3806 4506; baseline 0.003 -19"><span class='ocrx_word' id='word_1_879' title='bbox 2209 4433 2401 4488; x_wconf 91' lang='lat' dir='ltr'><strong>dicitur</strong></span> <span class='ocrx_word' id='word_1_880' title='bbox 2428 4433 2549 4504; x_wconf 88' lang='lat' dir='ltr'><strong>quia</strong></span> <span class='ocrx_word' id='word_1_881' title='bbox 2581 4433 2697 4498; x_wconf 86' lang='lat' dir='ltr'><strong>fuit,</strong></span> <span class='ocrx_word' id='word_1_882' title='bbox 2741 4448 2846 4488; x_wconf 91' lang='lat' dir='ltr'><strong>non</strong></span> <span class='ocrx_word' id='word_1_883' title='bbox 2885 4443 2994 4501; x_wconf 89' lang='lat' dir='ltr'><strong>est;</strong></span> <span class='ocrx_word' id='word_1_884' title='bbox 3035 4443 3089 4489; x_wconf 91' lang='lat' dir='ltr'><strong>et</strong></span> <span class='ocrx_word' id='word_1_885' title='bbox 3118 4435 3259 4504; x_wconf 92' lang='lat' dir='ltr'><strong>quod</strong></span> <span class='ocrx_word' id='word_1_886' title='bbox 3285 4435 3477 4489; x_wconf 90' lang='lat' dir='ltr'><strong>dicitur</strong></span> <span class='ocrx_word' id='word_1_887' title='bbox 3515 4437 3640 4506; x_wconf 90' lang='lat' dir='ltr'><strong>quia</strong></span> <span class='ocrx_word' id='word_1_888' title='bbox 3671 4436 3806 4505; x_wconf 87' lang='lat' dir='ltr'><strong>erit,</strong></span> 
     </span>
    </p>
   </div>
   <div class='ocr_carea' id='block_1_105' title="bbox 2209 4526 3808 4600">
    <p class='ocr_par' dir='ltr' id='par_1_105' title="bbox 2209 4526 3808 4600">
     <span class='ocr_line' id='line_1_107' title="bbox 2209 4526 3808 4600; baseline 0.002 -19"><span class='ocrx_word' id='word_1_889' title='bbox 2209 4526 2442 4581; x_wconf 92' lang='lat' dir='ltr'><strong>nondum</strong></span> <span class='ocrx_word' id='word_1_890' title='bbox 2468 4534 2551 4582; x_wconf 91' lang='lat' dir='ltr'><strong>est</strong></span> <span class='ocrx_word' id='word_1_891' title='bbox 2579 4544 2593 4580; x_wconf 90' lang='lat'><strong>:</strong></span> <span class='ocrx_word' id='word_1_892' title='bbox 2625 4526 2713 4582; x_wconf 90' lang='lat' dir='ltr'><strong>ille</strong></span> <span class='ocrx_word' id='word_1_893' title='bbox 2731 4541 2838 4581; x_wconf 90' lang='lat' dir='ltr'><strong>non</strong></span> <span class='ocrx_word' id='word_1_894' title='bbox 2865 4527 3012 4582; x_wconf 89' lang='lat' dir='ltr'><strong>novit</strong></span> <span class='ocrx_word' id='word_1_895' title='bbox 3029 4529 3130 4582; x_wconf 90' lang='lat' dir='ltr'><strong>nisi</strong></span> <span class='ocrx_word' id='word_1_896' title='bbox 3160 4543 3296 4583; x_wconf 84' lang='lat' dir='ltr'><strong>esse.</strong></span> <span class='ocrx_word' id='word_1_897' title='bbox 3322 4526 3624 4584; x_wconf 91' lang='lat' dir='ltr'><strong>Secundum</strong></span> <span class='ocrx_word' id='word_1_898' title='bbox 3656 4529 3808 4600; x_wconf 90' lang='lat' dir='ltr'><strong>quod</strong></span> 
     </span>
    </p>
   </div>
   <div class='ocr_carea' id='block_1_106' title="bbox 2209 4615 3808 4684">
    <p class='ocr_par' dir='ltr' id='par_1_106' title="bbox 2209 4615 3808 4684">
     <span class='ocr_line' id='line_1_108' title="bbox 2209 4615 3808 4684; baseline 0 -10"><span class='ocrx_word' id='word_1_899' title='bbox 2209 4617 2352 4674; x_wconf 88' lang='lat' dir='ltr'><strong>Deus</strong></span> <span class='ocrx_word' id='word_1_900' title='bbox 2401 4629 2499 4684; x_wconf 85' lang='lat' dir='ltr'><strong>est,</strong></span> <span class='ocrx_word' id='word_1_901' title='bbox 2545 4632 2664 4674; x_wconf 90' lang='lat' dir='ltr'><strong>esse</strong></span> <span class='ocrx_word' id='word_1_902' title='bbox 2707 4619 2882 4684; x_wconf 88' lang='lat' dir='ltr'><strong>novit;</strong></span> <span class='ocrx_word' id='word_1_903' title='bbox 2936 4620 3100 4674; x_wconf 87' lang='lat' dir='ltr'><strong>fuisse</strong></span> <span class='ocrx_word' id='word_1_904' title='bbox 3151 4630 3206 4674; x_wconf 92' lang='lat' dir='ltr'><strong>et</strong></span> <span class='ocrx_word' id='word_1_905' title='bbox 3239 4615 3475 4674; x_wconf 91' lang='lat' dir='ltr'><strong>futurum</strong></span> <span class='ocrx_word' id='word_1_906' title='bbox 3527 4633 3651 4674; x_wconf 88' lang='lat' dir='ltr'><strong>esse</strong></span> <span class='ocrx_word' id='word_1_907' title='bbox 3690 4636 3808 4675; x_wconf 88' lang='lat' dir='ltr'><strong>non</strong></span> 
     </span>
    </p>
   </div>
   <div class='ocr_carea' id='block_1_107' title="bbox 2207 4709 3806 4785">
    <p class='ocr_par' dir='ltr' id='par_1_107' title="bbox 2207 4709 3806 4785">
     <span class='ocr_line' id='line_1_109' title="bbox 2207 4709 3806 4785; baseline 0.001 -19"><span class='ocrx_word' id='word_1_908' title='bbox 2207 4710 2370 4766; x_wconf 92' lang='lat' dir='ltr'><strong>novit.</strong></span> <span class='ocrx_word' id='word_1_909' title='bbox 2405 4709 2531 4766; x_wconf 89' lang='lat' dir='ltr'><strong>Dies</strong></span> <span class='ocrx_word' id='word_1_910' title='bbox 2563 4720 2648 4766; x_wconf 85' lang='lat' dir='ltr'><strong>est</strong></span> <span class='ocrx_word' id='word_1_911' title='bbox 2677 4711 2748 4766; x_wconf 90' lang='lat' dir='ltr'><strong>ibi</strong></span> <span class='ocrx_word' id='word_1_912' title='bbox 2793 4727 2951 4779; x_wconf 88' lang='lat' dir='ltr'><strong>unus,</strong></span> <span class='ocrx_word' id='word_1_913' title='bbox 2996 4712 3090 4767; x_wconf 89' lang='lat' dir='ltr'><strong>sed</strong></span> <span class='ocrx_word' id='word_1_914' title='bbox 3133 4713 3506 4782; x_wconf 85' lang='lat' dir='ltr'><strong>sempiternus.</strong></span> <span class='ocrx_word' id='word_1_915' title='bbox 3549 4712 3666 4767; x_wconf 83' lang='lat' dir='ltr'><strong>Non</strong></span> <span class='ocrx_word' id='word_1_916' title='bbox 3697 4729 3806 4785; x_wconf 87' lang='lat' dir='ltr'><strong>po-</strong></span> 
     </span>
    </p>
   </div>
   <div class='ocr_carea' id='block_1_108' title="bbox 2207 4802 3802 4861">
    <p class='ocr_par' dir='ltr' id='par_1_108' title="bbox 2207 4802 3802 4861">
     <span class='ocr_line' id='line_1_110' title="bbox 2207 4802 3802 4861; baseline 0 -3"><span class='ocrx_word' id='word_1_917' title='bbox 2207 4813 2339 4858; x_wconf 91' lang='lat' dir='ltr'><strong>nunt</strong></span> <span class='ocrx_word' id='word_1_918' title='bbox 2365 4803 2511 4857; x_wconf 91' lang='lat' dir='ltr'><strong>illum</strong></span> <span class='ocrx_word' id='word_1_919' title='bbox 2550 4802 2691 4858; x_wconf 90' lang='lat' dir='ltr'><strong>diem</strong></span> <span class='ocrx_word' id='word_1_920' title='bbox 2741 4804 2792 4857; x_wconf 93' lang='lat' dir='ltr'><strong>in</strong></span> <span class='ocrx_word' id='word_1_921' title='bbox 2841 4804 3020 4859; x_wconf 89' lang='lat' dir='ltr'><strong>medio</strong></span> <span class='ocrx_word' id='word_1_922' title='bbox 3071 4803 3355 4860; x_wconf 88' lang='lat' dir='ltr'><strong>hesternus</strong></span> <span class='ocrx_word' id='word_1_923' title='bbox 3395 4814 3450 4860; x_wconf 90' lang='lat' dir='ltr'><strong>et</strong></span> <span class='ocrx_word' id='word_1_924' title='bbox 3489 4806 3802 4861; x_wconf 88' lang='lat' dir='ltr'><strong>crastinus:</strong></span> 
     </span>
    </p>
   </div>
   <div class='ocr_carea' id='block_1_109' title="bbox 2207 4893 3803 4966">
    <p class='ocr_par' dir='ltr' id='par_1_109' title="bbox 2207 4893 3803 4966">
     <span class='ocr_line' id='line_1_111' title="bbox 2207 4893 3803 4966; baseline 0 -15"><span class='ocrx_word' id='word_1_925' title='bbox 2207 4897 2455 4951; x_wconf 90' lang='lat' dir='ltr'><strong>hesterno</strong></span> <span class='ocrx_word' id='word_1_926' title='bbox 2481 4897 2622 4950; x_wconf 90' lang='lat' dir='ltr'><strong>enim</strong></span> <span class='ocrx_word' id='word_1_927' title='bbox 2650 4896 2735 4951; x_wconf 91' lang='lat' dir='ltr'><strong>die</strong></span> <span class='ocrx_word' id='word_1_928' title='bbox 2762 4897 2931 4963; x_wconf 90' lang='lat' dir='ltr'><strong>ﬁnito,</strong></span> <span class='ocrx_word' id='word_1_929' title='bbox 2966 4897 3223 4966; x_wconf 90' lang='lat' dir='ltr'><strong>incipiens</strong></span> <span class='ocrx_word' id='word_1_930' title='bbox 3246 4893 3535 4951; x_wconf 85' lang='lat' dir='ltr'><strong>hodiernus</strong></span> <span class='ocrx_word' id='word_1_931' title='bbox 3567 4907 3803 4951; x_wconf 86' lang='lat' dir='ltr'><strong>venturo</strong></span> 
     </span>
    </p>
   </div>
   <div class='ocr_carea' id='block_1_110' title="bbox 2204 4988 3799 5056">
    <p class='ocr_par' dir='ltr' id='par_1_110' title="bbox 2204 4988 3799 5056">
     <span class='ocr_line' id='line_1_112' title="bbox 2204 4988 3799 5056; baseline 0 -12"><span class='ocrx_word' id='word_1_932' title='bbox 2204 4989 2440 5044; x_wconf 82' lang='lat' dir='ltr'><strong>crastino</strong></span> <span class='ocrx_word' id='word_1_933' title='bbox 2462 4989 2692 5044; x_wconf 87' lang='lat' dir='ltr'><strong>ﬁnietur.</strong></span> <span class='ocrx_word' id='word_1_934' title='bbox 2724 4988 2815 5044; x_wconf 93' lang='lat' dir='ltr'><strong>llle</strong></span> <span class='ocrx_word' id='word_1_935' title='bbox 2841 5005 2978 5044; x_wconf 92' lang='lat' dir='ltr'><strong>unus</strong></span> <span class='ocrx_word' id='word_1_936' title='bbox 3007 4990 3121 5046; x_wconf 88' lang='lat' dir='ltr'><strong>dies</strong></span> <span class='ocrx_word' id='word_1_937' title='bbox 3148 4989 3217 5044; x_wconf 94' lang='lat' dir='ltr'><strong>ibi</strong></span> <span class='ocrx_word' id='word_1_938' title='bbox 3247 4999 3330 5044; x_wconf 90' lang='lat' dir='ltr'><strong>est</strong></span> <span class='ocrx_word' id='word_1_939' title='bbox 3371 4991 3486 5045; x_wconf 89' lang='lat' dir='ltr'><strong>sine</strong></span> <span class='ocrx_word' id='word_1_940' title='bbox 3530 4990 3799 5056; x_wconf 85' lang='lat' dir='ltr'><strong>tenebris,</strong></span> 
     </span>
    </p>
   </div>
   <div class='ocr_carea' id='block_1_111' title="bbox 2203 5082 3798 5152">
    <p class='ocr_par' dir='ltr' id='par_1_111' title="bbox 2203 5082 3798 5152">
     <span class='ocr_line' id='line_1_113' title="bbox 2203 5082 3798 5152; baseline -0.002 -13"><span class='ocrx_word' id='word_1_941' title='bbox 2203 5084 2319 5139; x_wconf 89' lang='lat' dir='ltr'><strong>sine</strong></span> <span class='ocrx_word' id='word_1_942' title='bbox 2367 5091 2542 5148; x_wconf 90' lang='lat' dir='ltr'><strong>nocte,</strong></span> <span class='ocrx_word' id='word_1_943' title='bbox 2589 5083 2705 5138; x_wconf 91' lang='lat' dir='ltr'><strong>sine</strong></span> <span class='ocrx_word' id='word_1_944' title='bbox 2734 5083 2938 5152; x_wconf 85' lang='lat' dir='ltr'><strong>spatiis,</strong></span> <span class='ocrx_word' id='word_1_945' title='bbox 2973 5083 3088 5138; x_wconf 91' lang='lat' dir='ltr'><strong>sine</strong></span> <span class='ocrx_word' id='word_1_946' title='bbox 3129 5097 3398 5149; x_wconf 91' lang='lat' dir='ltr'><strong>mensura,</strong></span> <span class='ocrx_word' id='word_1_947' title='bbox 3449 5082 3566 5138; x_wconf 89' lang='lat' dir='ltr'><strong>sine</strong></span> <span class='ocrx_word' id='word_1_948' title='bbox 3620 5082 3798 5136; x_wconf 87' lang='lat' dir='ltr'><strong>horis.</strong></span> 
     </span>
    </p>
   </div>
   <div class='ocr_carea' id='block_1_112' title="bbox 2203 5173 3802 5246">
    <p class='ocr_par' dir='ltr' id='par_1_112' title="bbox 2203 5173 3802 5246">
     <span class='ocr_line' id='line_1_114' title="bbox 2203 5173 3802 5246; baseline 0 -15"><span class='ocrx_word' id='word_1_949' title='bbox 2203 5175 2357 5246; x_wconf 91' lang='lat' dir='ltr'><strong>Quod</strong></span> <span class='ocrx_word' id='word_1_950' title='bbox 2408 5177 2489 5231; x_wconf 90' lang='lat' dir='ltr'><strong>vis</strong></span> <span class='ocrx_word' id='word_1_951' title='bbox 2542 5176 2687 5230; x_wconf 92' lang='lat' dir='ltr'><strong>illum</strong></span> <span class='ocrx_word' id='word_1_952' title='bbox 2733 5176 2819 5230; x_wconf 89' lang='lat' dir='ltr'><strong>dic</strong></span> <span class='ocrx_word' id='word_1_953' title='bbox 2851 5191 2866 5230; x_wconf 91' lang='lat'><strong>:</strong></span> <span class='ocrx_word' id='word_1_954' title='bbox 2894 5175 2938 5231; x_wconf 90' lang='lat' dir='ltr'><strong>si</strong></span> <span class='ocrx_word' id='word_1_955' title='bbox 2977 5175 3079 5240; x_wconf 80' lang='lat' dir='ltr'><strong>vis,</strong></span> <span class='ocrx_word' id='word_1_956' title='bbox 3117 5174 3232 5229; x_wconf 91' lang='lat' dir='ltr'><strong>dies</strong></span> <span class='ocrx_word' id='word_1_957' title='bbox 3259 5185 3372 5241; x_wconf 87' lang='lat' dir='ltr'><strong>est;</strong></span> <span class='ocrx_word' id='word_1_958' title='bbox 3401 5173 3447 5228; x_wconf 90' lang='lat' dir='ltr'><strong>si</strong></span> <span class='ocrx_word' id='word_1_959' title='bbox 3487 5174 3585 5239; x_wconf 87' lang='lat' dir='ltr'><strong>vis,</strong></span> <span class='ocrx_word' id='word_1_960' title='bbox 3617 5190 3802 5231; x_wconf 85' lang='lat' dir='ltr'><strong>annus</strong></span> 
     </span>
    </p>
   </div>
   <div class='ocr_carea' id='block_1_113' title="bbox 2203 5267 3803 5338">
    <p class='ocr_par' dir='ltr' id='par_1_113' title="bbox 2203 5267 3803 5338">
     <span class='ocr_line' id='line_1_115' title="bbox 2203 5267 3803 5338; baseline -0.002 -11"><span class='ocrx_word' id='word_1_961' title='bbox 2203 5278 2310 5337; x_wconf 81' lang='lat' dir='ltr'><strong>est;</strong></span> <span class='ocrx_word' id='word_1_962' title='bbox 2353 5271 2397 5325; x_wconf 91' lang='lat' dir='ltr'><strong>si</strong></span> <span class='ocrx_word' id='word_1_963' title='bbox 2422 5271 2523 5336; x_wconf 90' lang='lat' dir='ltr'><strong>vis,</strong></span> <span class='ocrx_word' id='word_1_964' title='bbox 2557 5270 2679 5324; x_wconf 88' lang='lat' dir='ltr'><strong>anni</strong></span> <span class='ocrx_word' id='word_1_965' title='bbox 2706 5279 2848 5326; x_wconf 91' lang='lat' dir='ltr'><strong>sunt.</strong></span> <span class='ocrx_word' id='word_1_966' title='bbox 2879 5269 3090 5325; x_wconf 92' lang='lat' dir='ltr'><strong>Dictum</strong></span> <span class='ocrx_word' id='word_1_967' title='bbox 3117 5277 3201 5324; x_wconf 87' lang='lat' dir='ltr'><strong>est</strong></span> <span class='ocrx_word' id='word_1_968' title='bbox 3239 5269 3384 5323; x_wconf 91' lang='lat' dir='ltr'><strong>enim</strong></span> <span class='ocrx_word' id='word_1_969' title='bbox 3423 5267 3490 5323; x_wconf 93' lang='lat' dir='ltr'><strong>de</strong></span> <span class='ocrx_word' id='word_1_970' title='bbox 3517 5267 3634 5338; x_wconf 90' lang='lat' dir='ltr'><strong>ipso</strong></span> <span class='ocrx_word' id='word_1_971' title='bbox 3651 5271 3692 5334; x_wconf 77' lang='lat'><strong>&#39;,</strong></span> <span class='ocrx_word' id='word_1_972' title='bbox 3725 5269 3803 5324; x_wconf 82' lang='lat' dir='ltr'><strong>Et</strong></span> 
     </span>
    </p>
   </div>
   <div class='ocr_carea' id='block_1_114' title="bbox 2202 5357 3802 5432">
    <p class='ocr_par' dir='ltr' id='par_1_114' title="bbox 2202 5357 3802 5432">
     <span class='ocr_line' id='line_1_116' title="bbox 2202 5357 3802 5432; baseline -0.001 -16"><span class='ocrx_word' id='word_1_973' title='bbox 2202 5362 2324 5417; x_wconf 87' lang='lat' dir='ltr'><strong>anni</strong></span> <span class='ocrx_word' id='word_1_974' title='bbox 2351 5364 2422 5416; x_wconf 90' lang='lat' dir='ltr'><strong>tui</strong></span> <span class='ocrx_word' id='word_1_975' title='bbox 2443 5379 2543 5416; x_wconf 89' lang='lat' dir='ltr'><strong>non</strong></span> <span class='ocrx_word' id='word_1_976' title='bbox 2568 5361 2800 5431; x_wconf 80' lang='lat' dir='ltr'><strong>deﬁcient</strong></span> <span class='ocrx_word' id='word_1_977' title='bbox 2826 5359 2997 5431; x_wconf 86' lang='lat' dir='ltr'><strong>(Psal.</strong></span> <span class='ocrx_word' id='word_1_978' title='bbox 3021 5376 3091 5427; x_wconf 88' lang='lat' dir='ltr'><strong>CI,</strong></span> <span class='ocrx_word' id='word_1_979' title='bbox 3112 5357 3226 5432; x_wconf 75' lang='lat'><strong>28).</strong></span> <span class='ocrx_word' id='word_1_980' title='bbox 3249 5359 3474 5428; x_wconf 88' lang='lat' dir='ltr'><strong>Quando</strong></span> <span class='ocrx_word' id='word_1_981' title='bbox 3497 5369 3678 5414; x_wconf 88' lang='lat' dir='ltr'><strong>autem</strong></span> <span class='ocrx_word' id='word_1_982' title='bbox 3707 5360 3802 5415; x_wconf 81' lang='lat' dir='ltr'><strong>di-</strong></span> 
     </span>
    </p>
   </div>
   <div class='ocr_carea' id='block_1_115' title="bbox 2137 5451 3802 5523">
    <p class='ocr_par' dir='ltr' id='par_1_115' title="bbox 2137 5451 3802 5523">
     <span class='ocr_line' id='line_1_117' title="bbox 2137 5451 3802 5523; baseline -0.002 -12"><span class='ocrx_word' id='word_1_983' title='bbox 2137 5465 2160 5481; x_wconf 71' lang='lat'>‘</span> <span class='ocrx_word' id='word_1_984' title='bbox 2201 5467 2318 5512; x_wconf 89' lang='lat' dir='ltr'><strong>ctus</strong></span> <span class='ocrx_word' id='word_1_985' title='bbox 2345 5465 2426 5510; x_wconf 91' lang='lat' dir='ltr'><strong>est</strong></span> <span class='ocrx_word' id='word_1_986' title='bbox 2454 5454 2607 5509; x_wconf 85' lang='lat' dir='ltr'><strong>dies?</strong></span> <span class='ocrx_word' id='word_1_987' title='bbox 2632 5454 2856 5523; x_wconf 86' lang='lat' dir='ltr'><strong>Quando</strong></span> <span class='ocrx_word' id='word_1_988' title='bbox 2880 5453 3078 5510; x_wconf 88' lang='lat' dir='ltr'><strong>dictum</strong></span> <span class='ocrx_word' id='word_1_989' title='bbox 3107 5464 3191 5510; x_wconf 88' lang='lat' dir='ltr'><strong>est</strong></span> <span class='ocrx_word' id='word_1_990' title='bbox 3218 5453 3464 5515; x_wconf 91' lang='lat' dir='ltr'><strong>Domino,</strong></span> <span class='ocrx_word' id='word_1_991' title='bbox 3498 5451 3612 5523; x_wconf 83' lang='lat' dir='ltr'><strong>Ego</strong></span> <span class='ocrx_word' id='word_1_992' title='bbox 3641 5453 3802 5508; x_wconf 80' lang='lat' dir='ltr'><strong>hodie</strong></span> 
     </span>
    </p>
   </div>
   <div class='ocr_carea' id='block_1_116' title="bbox 2201 5544 3801 5619">
    <p class='ocr_par' dir='ltr' id='par_1_116' title="bbox 2201 5544 3801 5619">
     <span class='ocr_line' id='line_1_118' title="bbox 2201 5544 3801 5619; baseline -0.003 -17"><span class='ocrx_word' id='word_1_993' title='bbox 2201 5548 2352 5618; x_wconf 88' lang='lat' dir='ltr'><strong>genui</strong></span> <span class='ocrx_word' id='word_1_994' title='bbox 2395 5557 2458 5601; x_wconf 90' lang='lat' dir='ltr'><strong>te-</strong></span> <span class='ocrx_word' id='word_1_995' title='bbox 2488 5545 2656 5619; x_wconf 88' lang='lat' dir='ltr'><strong>(Psal.</strong></span> <span class='ocrx_word' id='word_1_996' title='bbox 2703 5562 2756 5611; x_wconf 84' lang='grc' dir='ltr'><strong>ιι,</strong></span> <span class='ocrx_word' id='word_1_997' title='bbox 2805 5545 2880 5618; x_wconf 90' lang='grc'><strong>7).</strong></span> <span class='ocrx_word' id='word_1_998' title='bbox 2924 5545 3007 5601; x_wconf 84' lang='lat' dir='ltr'><strong>Ab</strong></span> <span class='ocrx_word' id='word_1_999' title='bbox 3036 5554 3236 5600; x_wconf 74' lang='lat' dir='ltr'><strong>teterno</strong></span> <span class='ocrx_word' id='word_1_1000' title='bbox 3273 5545 3427 5600; x_wconf 89' lang='lat' dir='ltr'><strong>Patre</strong></span> <span class='ocrx_word' id='word_1_1001' title='bbox 3454 5544 3692 5612; x_wconf 84' lang='lat' dir='ltr'><strong>genitus,</strong></span> <span class='ocrx_word' id='word_1_1002' title='bbox 3726 5559 3801 5598; x_wconf 75' lang='lat' dir='ltr'><strong>ex</strong></span> 
     </span>
    </p>
   </div>
   <div class='ocr_carea' id='block_1_117' title="bbox 2265 5654 3800 5723">
    <p class='ocr_par' dir='ltr' id='par_1_117' title="bbox 2265 5654 3800 5723">
     <span class='ocr_line' id='line_1_119' title="bbox 2265 5654 3800 5723; baseline -0.003 -13"><span class='ocrx_word' id='word_1_1003' title='bbox 2265 5665 2281 5696; x_wconf 74' lang='grc' dir='ltr'><strong><em>ι</em></strong></span> <span class='ocrx_word' id='word_1_1004' title='bbox 2301 5660 2693 5723; x_wconf 82' lang='lat' dir='ltr'><strong>Er.,sedmecwn</strong></span> <span class='ocrx_word' id='word_1_1005' title='bbox 2707 5659 2826 5723; x_wconf 73' lang='lat' dir='ltr'><strong>sitis.</strong></span> <span class='ocrx_word' id='word_1_1006' title='bbox 2844 5660 2991 5723; x_wconf 86' lang='lat' dir='ltr'><strong>Lugd.</strong></span> <span class='ocrx_word' id='word_1_1007' title='bbox 3011 5666 3062 5710; x_wconf 90' lang='lat' dir='ltr'><strong>et</strong></span> <span class='ocrx_word' id='word_1_1008' title='bbox 3073 5658 3310 5723; x_wconf 74' lang='lat' dir='ltr'><strong>Ven.,sed</strong></span> <span class='ocrx_word' id='word_1_1009' title='bbox 3325 5663 3376 5708; x_wconf 87' lang='lat' dir='ltr'><strong>ut</strong></span> <span class='ocrx_word' id='word_1_1010' title='bbox 3397 5654 3717 5707; x_wconf 75' lang='lat' dir='ltr'><strong>mecwnsitis.</strong></span> <span class='ocrx_word' id='word_1_1011' title='bbox 3731 5663 3800 5706; x_wconf 75' lang='lat' dir='ltr'><strong>ll.</strong></span> 
     </span>
    </p>
   </div>
   <div class='ocr_carea' id='block_1_118' title="bbox 2263 5721 3804 5786">
    <p class='ocr_par' dir='ltr' id='par_1_118' title="bbox 2263 5721 3804 5786">
     <span class='ocr_line' id='line_1_120' title="bbox 2263 5721 3804 5786; baseline -0.001 -14"><span class='ocrx_word' id='word_1_1012' title='bbox 2263 5727 2283 5757; x_wconf 83' lang='grc'><strong><em>²</em></strong></span> <span class='ocrx_word' id='word_1_1013' title='bbox 2307 5730 2357 5772; x_wconf 83' lang='grc' dir='ltr'><strong>ιιι</strong></span> <span class='ocrx_word' id='word_1_1014' title='bbox 2378 5730 2448 5786; x_wconf 77' lang='lat'><strong>3.,</strong></span> <span class='ocrx_word' id='word_1_1015' title='bbox 2472 5722 2533 5773; x_wconf 89' lang='lat' dir='ltr'><strong>de</strong></span> <span class='ocrx_word' id='word_1_1016' title='bbox 2554 5722 2659 5785; x_wconf 83' lang='lat' dir='ltr'><strong>ipso</strong></span> <span class='ocrx_word' id='word_1_1017' title='bbox 2693 5721 2805 5786; x_wconf 83' lang='lat' dir='ltr'><strong>die;</strong></span> <span class='ocrx_word' id='word_1_1018' title='bbox 2843 5730 2892 5772; x_wconf 88' lang='lat' dir='ltr'><strong>at</strong></span> <span class='ocrx_word' id='word_1_1019' title='bbox 2917 5721 3001 5773; x_wconf 70' lang='lat' dir='ltr'><strong>Er.</strong></span> <span class='ocrx_word' id='word_1_1020' title='bbox 3041 5721 3188 5786; x_wconf 82' lang='lat' dir='ltr'><strong>Lugd.</strong></span> <span class='ocrx_word' id='word_1_1021' title='bbox 3221 5730 3337 5773; x_wconf 83' lang='lat' dir='ltr'><strong>Ven.</strong></span> <span class='ocrx_word' id='word_1_1022' title='bbox 3374 5728 3426 5771; x_wconf 89' lang='lat' dir='ltr'><strong>et</strong></span> <span class='ocrx_word' id='word_1_1023' title='bbox 3466 5727 3577 5772; x_wconf 68' lang='lat' dir='ltr'><strong>nov.</strong></span> <span class='ocrx_word' id='word_1_1024' title='bbox 3617 5725 3804 5771; x_wconf 74' lang='lat' dir='ltr'><strong>carens</strong></span> 
     </span>
    </p>
   </div>
   <div class='ocr_carea' id='block_1_119' title="bbox 2199 5783 2904 5848">
    <p class='ocr_par' dir='ltr' id='par_1_119' title="bbox 2199 5783 2904 5848">
     <span class='ocr_line' id='line_1_121' title="bbox 2199 5783 2904 5848; baseline -0.004 -11"><span class='ocrx_word' id='word_1_1025' title='bbox 2199 5789 2369 5848; x_wconf 83' lang='lat' dir='ltr'><strong>verbo,</strong></span> <span class='ocrx_word' id='word_1_1026' title='bbox 2393 5783 2491 5846; x_wconf 88' lang='lat' dir='ltr'><strong>die,</strong></span> <span class='ocrx_word' id='word_1_1027' title='bbox 2518 5783 2791 5836; x_wconf 33' lang='lat' dir='ltr'><strong>et‘merito.’</strong></span> <span class='ocrx_word' id='word_1_1028' title='bbox 2846 5790 2904 5834; x_wconf 82' lang='lat' dir='ltr'><strong>It.</strong></span> 
     </span>
    </p>
   </div>
  </div>
