4076 6532
273 466 411 532 i993

272 589 568 646 internitate
592 590 819 660 genitus,
848 585 904 642 in
931 583 1225 643 teternitate
1243 585 1481 658 genitus:
1505 586 1647 642 nullo
1672 586 1842 654 initio,

274 681 418 735 nullo
440 681 686 746 termino,
713 681 857 735 nullo
881 680 1053 751 spatio
1072 678 1391 745 latitudinis;
1422 679 1544 749 quia
1582 686 1666 734 est
1705 678 1848 749 quod

275 783 370 836 est,
391 772 516 841 quia
540 772 651 842 ipse
675 781 754 827 est
777 772 866 841 qui
890 781 988 826 est.
1008 771 1118 826 Hoc
1135 787 1325 827 nomen
1341 787 1493 825 suum
1509 770 1643 824 dixit
1659 771 1844 842 Moysi:

277 859 420 913 Dices
448 863 538 926 eis,
567 861 666 928 Qui
685 871 774 928 est,
797 861 928 915 misit
954 878 1031 916 me
1051 860 1118 914 ad
1141 877 1225 915 vas
1245 859 1436 932 (Exod.
1468 875 1544 925 ιιι,
1573 858 1682 930 14).
1711 857 1849 926 Quid

273 968 398 1023 ergo
423 962 548 1008 ante
574 954 878 1008 Abraham?
904 954 1031 1024 quid
1052 964 1175 1008 ante
1193 951 1340 1007 Noe?
1366 951 1489 1021 quid
1506 959 1628 1006 ante
1647 949 1848 1005 Adam?
1885 969 1890 972 ·

276 1044 412 1098 Audi
429 1044 751 1112 Scripturam
772 1063 785 1098 :
805 1045 932 1098 Ante
951 1046 1215 1116 luciferum
1229 1044 1376 1115 genui
1397 1053 1442 1097 te
1459 1040 1628 1116 (Psal.
1647 1058 1752 1108 cu,
1771 1038 1846 1113 5).

277 1133 554 1188 Postremo
576 1143 699 1189 ante
729 1136 919 1190 ctelum
950 1143 1005 1190 et
1040 1143 1251 1190 terram.
1281 1133 1488 1201 Quare?
1525 1132 1655 1201 Quia
1684 1131 1853 1186 omnia

277 1242 364 1296 per
389 1227 554 1296 ipsum
573 1227 708 1295 facta
720 1236 856 1294 sunt,
881 1235 925 1282 et
941 1228 1046 1282 sine
1069 1226 1179 1296 ipsa
1206 1225 1398 1295 factum
1427 1233 1497 1279 est
1520 1222 1648 1278 nihil
1672 1221 1847 1294 (Ιοαη.

277 1332 316 1383 ι,
347 1317 422 1386 3).
452 1316 572 1372 Ideo
600 1325 776 1386 patres
796 1318 1101 1388 agnoscite:
1133 1322 1311 1386 patres
1351 1315 1494 1370 enim
1533 1314 1664 1368 ﬁunt
1685 1327 1852 1382 agno-

277 1409 476 1463 scendo
496 1409 634 1478 quod
662 1418 742 1463 est
767 1409 833 1463 ab
855 1407 1024 1462 initio.

346 1498 399 1552 6.
445 1498 621 1552 Scriba
645 1499 801 1565 vobis,
822 1499 1052 1568 juvenes.
1078 1496 1193 1551 Filii
1222 1505 1364 1562 sunt,
1413 1502 1589 1566 patres
1613 1503 1754 1561 sunt,
1768 1492 1854 1563 ju-

277 1605 437 1645 venes
464 1598 612 1653 sunt;
643 1590 752 1655 ﬁlii,
786 1589 908 1659 quia
934 1595 1253 1653 nascuntur;
1287 1595 1482 1657 patres,
1509 1585 1630 1654 quia
1655 1584 1853 1654 princi-

277 1679 420 1748 pium
451 1677 1024 1748 agnoscuntzjuvenes
1060 1678 1260 1747 quare?
1302 1676 1435 1742 Quia
1474 1675 1658 1728 vicistis
1704 1674 1855 1728 mali-

277 1787 449 1840 gnum.
498 1769 553 1822 In
593 1769 714 1824 ﬁliis
757 1768 1022 1835 nativitas,
1075 1768 1126 1821 in
1175 1767 1409 1836 patribus
1455 1765 1758 1836 antiquitas,
1801 1765 1856 1820 in

272 1861 558 1931 juvenibus
583 1860 851 1914 fortitudo.
882 1859 936 1914 Si
964 1860 1220 1928 malignus
1247 1872 1276 1910 a
1299 1857 1581 1927 juvenibus
1606 1855 1850 1921 vincitur,
1871 1884 1886 1891 --

279 1963 478 2024 pugnat
503 1953 796 2006 nobiscum.
830 1952 1053 2021 Pugnat,
1084 1950 1179 2004 sed
1203 1963 1308 2004 non
1335 1958 1616 2018 expugnat.
1639 1946 1856 2015 Quare?

278 2045 408 2112 Quia
437 2060 536 2099 nos
562 2059 744 2099 sumus
768 2042 949 2110 fortes,
980 2058 1049 2096 an
1076 2043 1195 2113 quia
1217 2042 1306 2096 ille
1329 2040 1582 2096 estfortis
1604 2041 1656 2094 in
1681 2041 1852 2104 nobis,

278 2140 367 2208 qui
397 2141 533 2194 inter
558 2154 744 2194 manus
771 2137 1196 2207 persequentium
1224 2135 1462 2190 inﬁrmus
1487 2133 1733 2189 inventus
1750 2134 1856 2188 est?
1889 2172 1899 2182 .

280 2233 370 2286 llle
401 2247 498 2286 nus
527 2233 690 2287 fortes
733 2231 874 2295 fecit,
922 2230 1008 2299 qui
1036 2227 1474 2299 persequentibus
1505 2240 1610 2280 non
1641 2224 1854 2280 restitit.

277 2323 577 2378 Cruciﬁxus
602 2332 682 2378 est
705 2323 846 2377 enim
870 2337 934 2376 ex
962 2320 1280 2386 inﬁrmitate,
1308 2317 1404 2374 sed
1423 2317 1555 2373 vivit
1571 2333 1636 2372 ex
1665 2316 1860 2371 virtute

282 2415 375 2469 Dei
413 2415 480 2487 (ll
503 2414 619 2468 Cor.
648 2431 760 2479 xui,
793 2412 872 2485 Ii).
1415 2485 1420 2490 _

352 2507 403 2560 7.
449 2507 626 2561 Scriba
654 2506 808 2569 vobis,
839 2505 999 2575 pueri.
1030 2499 1181 2559 Unde
1201 2502 1382 2573 pueri?
1406 2502 1538 2567 Quia
1563 2501 1858 2571 cagnavistis

284 2593 511 2649 Patrem.
551 2596 730 2651 Scriba
758 2595 913 2657 vobis,
958 2594 1512 2661 patres:commendat
1538 2593 1658 2659 hoc,
1688 2601 1741 2646 et
1769 2608 1858 2647 re-

283 2687 417 2757 petit
445 2689 546 2758 (a),
578 2688 706 2752 Quia
732 2687 1027 2756 cagnavistis
1052 2702 1163 2742 eum
1189 2685 1272 2754 qui
1295 2701 1326 2738 a
1353 2685 1600 2756 principia
1629 2692 1720 2739 est.
1749 2683 1858 2738 Me-

285 2787 521 2832 mentote
562 2794 655 2832 vos
684 2788 862 2846 patres
894 2792 1047 2831 esse:
1081 2777 1126 2830 si
1156 2774 1526 2830 obliviscimini
1564 2790 1685 2829 eum
1714 2774 1802 2844 qui
1829 2790 1858 2830 a
1895 2808 1916 2814 -—

285 2870 545 2939 principio
574 2881 674 2935 est,
725 2869 1018 2938 perdidistis
1051 2869 1437 2937 paternitatem.
1485 2866 1662 2922 Scriba
1702 2868 1857 2936 vobis,

275 2963 504 3031 juvenes.
542 2961 709 3015 Etiam
749 2971 906 3030 atque
932 2961 1088 3014 etiam
1117 2959 1464 3024 causiderate,
1495 2958 1614 3028 quia
1639 2959 1862 3028 juvenes

285 3054 452 3107 estis:
490 3068 732 3124 pugnate,
768 3063 824 3107 ut
853 3053 1100 3115 vincatis;
1148 3051 1358 3116 vincite,
1404 3061 1459 3105 ut
1498 3051 1859 3117 coronemini;

285 3143 514 3200 humiles
542 3155 728 3210 estote,
758 3161 822 3200 ne
846 3144 1044 3199 cadatis
1075 3146 1125 3196 in
1158 3158 1350 3213 pugna.
1376 3142 1555 3197 Scriba
1593 3141 1748 3208 vobis,
1781 3143 1862 3208 iu-

284 3253 449 3303 venes,
473 3239 588 3308 quia
617 3242 768 3307 fortes
793 3238 927 3304 estis,
951 3245 996 3290 et
1025 3236 1224 3289 verbum
1254 3234 1348 3288 Dei
1373 3237 1424 3289 in
1449 3236 1586 3290 vobis
1605 3243 1790 3300 manet,
1815 3243 1863 3289 et

285 3332 474 3384 vicistis
494 3332 788 3398 malignum.

357 3420 409 3476 8.
454 3421 576 3475 Haec
601 3420 799 3485 omnia,
830 3417 1039 3485 fratres,
1069 3417 1189 3488 quia
1217 3416 1566 3487 cognovimus
1590 3417 1643 3472 id
1665 3415 1806 3487 quod
1831 3431 1863 3472 a

287 3511 548 3580 principio
573 3519 671 3574 est,
695 3510 816 3580 quia
842 3509 1002 3564 fortes
1031 3523 1232 3574 sumus,
1263 3507 1383 3577 quia
1410 3508 1749 3576 cognovimus
1764 3505 1865 3563 Pa-

288 3610 424 3655 trem
445 3619 460 3654 :
481 3601 656 3655 omnia
673 3602 771 3655 ista
788 3600 933 3669 quasi
953 3599 1305 3668 cognitionem
1330 3597 1721 3663 commendant,
1739 3595 1868 3650 cha-

289 3696 500 3747 ritatem
527 3710 631 3748 non
661 3691 1067 3748 commendant?
1111 3690 1169 3746 Si
1197 3691 1556 3760 cognovimus,
1586 3704 1824 3744 amemus
1847 3708 1861 3744 :
1883 3714 1908 3720 -

289 3800 412 3839 nam
440 3787 670 3856 cognitio
700 3786 813 3839 sine
847 3784 1102 3838 cbaritate
1130 3797 1236 3837 non
1271 3781 1446 3838 salvos
1472 3780 1614 3836 facit.
1638 3781 1865 3836 Scientia

289 3878 458 3945 inflat,
491 3878 718 3933 charitas
767 3876 990 3932 aediﬁcat
1019 3874 1060 3948 (Ι
1090 3875 1207 3929 Car.
1247 3890 1360 3941 νιιι,
1407 3873 1481 3945 1).
1527 3872 1582 3928 Si
1625 3871 1866 3927 conﬁteri

291 3971 450 4023 vultis
469 3980 524 4023 et
543 3984 648 4023 non
673 3983 874 4035 amare,
902 3967 1131 4035 incipitis
1146 3963 1475 4019 daemonibus
1499 3961 1700 4017 similes
1725 3976 1862 4016 esse.

290 4059 976 4126 Conﬁtebanturdzemones
1001 4056 1189 4110 Filium
1212 4055 1329 4122 Dei,
1347 4062 1402 4108 et
1431 4053 1692 4119 dicebant,
1730 4051 1866 4116 Quid

290 4149 430 4204 nobis
455 4160 502 4203 et
530 4150 616 4203 tibi
647 4147 853 4222 (Matth.
881 4162 995 4212 vin,
1023 4145 1156 4216 29)?
1176 4153 1230 4200 et
1256 4143 1664 4214 repellebantur.
1688 4141 1866 4197 Conﬁ-
1889 4157 1910 4180 υ

293 4242 497 4304 temini,
529 4249 585 4297 et
608 4239 1004 4310 amplectimini.
1034 4237 1110 4292 llli
1132 4237 1272 4292 enim
1295 4235 1551 4290 timebant
1583 4233 1652 4288 de
1676 4233 1867 4304 iniqui-

290 4334 485 4388 tatibus
514 4333 655 4398 suis;
687 4346 780 4387 vos
809 4339 980 4385 amate
1019 4327 1352 4383 dimissorem
1395 4325 1729 4394 iniquitatum
1771 4340 1866 4378 ve-

291 4433 541 4479 strarum.
587 4423 694 4479 Sed
739 4421 1005 4493 quomodo
1050 4421 1342 4490 poterimus
1365 4431 1545 4472 amare
1585 4417 1801 4488 Deum.
1821 4416 1868 4470 si

292 4533 529 4571 amamus
555 4515 842 4571 mundum?
866 4515 1021 4569 Parat
1042 4528 1138 4567 nos
1165 4525 1293 4582 ergo
1322 4508 1603 4564 inhabitari
1638 4508 1868 4562 charita-

293 4611 399 4662 te‘.
429 4610 548 4662 Duo
575 4615 698 4664 sunt
720 4621 949 4671 amores,
981 4603 1165 4659 mundi
1199 4611 1252 4656 et
1279 4601 1408 4656 Dei:
1441 4599 1485 4654 si
1512 4597 1691 4653 mundi
1719 4613 1869 4653 amor

296 4699 513 4763 habitet,
538 4713 645 4752 non
668 4706 749 4752 est
776 4711 876 4766 qua
914 4696 1076 4750 intret
1115 4707 1266 4747 amor
1306 4691 1436 4746 Dei:
1461 4689 1675 4744 recedat
1718 4703 1869 4743 amor

296 4791 495 4850 mundi,
523 4798 579 4844 et
601 4789 803 4843 habitet
831 4786 957 4852 Dei;
1010 4785 1198 4840 melior
1226 4783 1449 4852 accipiat
1473 4782 1665 4836 locum.
1702 4780 1868 4836 Ama-

298 4880 386 4932 bas
429 4879 709 4943 mundum,
742 4877 849 4932 noli
886 4891 1067 4932 amare
1095 4873 1384 4928 mundum:
1411 4886 1532 4926 cum
1561 4869 1869 4925 exhauseris

297 4984 382 5023 cor
399 4980 549 5024 tuum
574 4984 754 5024 amore
781 4979 1012 5034 terreno,
1040 4965 1254 5020 hauries
1276 4977 1512 5017 amorem
1533 4960 1797 5027 divinum;
1816 4969 1871 5017 et

297 5060 475 5128 incipit
501 5059 738 5114 habitare
762 5058 872 5128 jam
896 5057 1146 5120 Charitas,
1171 5053 1238 5108 de
1265 5067 1367 5122 qua
1393 5050 1523 5105 nihil
1549 5051 1670 5104 mali
1697 5057 1872 5119 potest
1899 5073 1904 5084 ε
1927 5079 1932 5086 ι

299 5151 603 5217 procedere.
633 5149 824 5204 Audite
861 5162 986 5217 ergo
1013 5145 1172 5201 verba
1206 5140 1478 5213 purgantis
1502 5139 1679 5194 modo.
1709 5139 1871 5208 Quasi

297 5255 478 5311 agrum
495 5239 869 5296 invenitcorda
896 5237 1198 5292 hominum:
1229 5233 1322 5288 sed
1347 5231 1611 5302 quomodo
1636 5230 1875 5284 invenit?

297 5331 351 5386 Si
375 5333 567 5387 silvam
597 5331 814 5396 invenit,
835 5329 1119 5397 exstirpat;
1148 5326 1194 5380 si
1223 5339 1404 5395 agrum
1427 5330 1704 5393 purgatum
1721 5321 1870 5377 inve-

298 5423 390 5488 nit,
426 5422 648 5491 plantat.
695 5420 942 5475 Plantare
971 5418 1042 5472 ibi
1081 5417 1193 5470 vult
1219 5415 1486 5479 arborem,
1533 5411 1868 5502 Cil‘iifliEEE-n;

298 5512 360 5568 Et
376 5481 546 5583 quam
574 5513 758 5567 silvam
774 5511 886 5566 vult
907 5508 1233 5579 exstirpare?
1249 5508 1499 5560 Amorem
1515 5481 1872 5557 muti-dim“

358 5631 374 5660 ι
399 5635 474 5676 Er.
503 5642 515 5677 :
542 5625 890 5691 sedquonde
911 5624 1166 5691 poterimus
1189 5635 1355 5672 amare
1382 5629 1550 5691 Deum,
1576 5617 1621 5670 si

292 5688 568 5739 nutricium?
606 5678 1192 5746 Si'amamus'mtmdum,
1228 5689 1416 5746 separat
1455 5678 1544 5732 nos
1579 5695 1610 5730 a
1640 5678 1874 5746 charitate

294 5820 434 5874 parat
455 5802 539 5863 niis
561 5802 595 5862 ά
613 5802 843 5863 charitate
876 5810 982 5863 Dei.
1006 5817 1152 5861 parat
1173 5821 1258 5861 nos
1277 5819 1392 5872 ergo
1412 5802 1680 5858 inhabitare
1713 5802 1875 5854 chari-

292 5879 762 6000 w‘aal.uobti.repetit
776 5935 826 5985 in
845 5933 1062 5996 Vulgata,
1083 5945 1177 5983 nec
1199 5933 1250 5983 in
1268 5943 1447 5996 graeco.

575 6018 804 6087 SANGT.
836 6017 1116 6084 Anaus'r.
1155 6015 1266 6080 ΙΙΙ.
1559 6038 1565 6049 -
1801 6058 1848 6063 _.
1893 6014 1900 6023 '

1477 465 1882 532 TRACTATUS
1919 471 1980 528 ll.
2019 471 2244 530 CAPUT
2281 470 2342 526 ll.

3373 469 3516 538 199‘

1950 588 2350 657 exstirpatorem
2371 587 2534 643 silvae.
2556 577 2608 641 Ν
2611 586 2730 642 alite
2745 581 2954 660 diligere
2971 589 3235 657 mundum,
3261 588 3364 648 hoc
3377 596 3521 650 enim

1951 679 2205 749 sequitur,
2235 697 2392 753 neque
2419 698 2476 734 ea
2499 697 2612 751 quae
2629 690 2746 736 sunt
2766 682 2820 736 in
2839 683 3045 737 munda.
3070 683 3132 738 Si
3155 683 3267 753 quis
3291 685 3524 741 dilexerit

1952 769 2212 835 mundum,
2236 771 2431 824 dilectio
2462 770 2632 826 Patris
2657 790 2756 827 non
2779 784 2852 828 est
2873 775 2927 826 in
2951 774 3100 844 ipsa:

2021 862 2076 918 9.
2117 862 2348 917 Audistis
2385 865 2503 934 quia
2531 865 2575 918 si
2601 866 2711 935 quis
2747 865 2976 919 dilexerit
3013 866 3274 933 mundum,
3322 866 3526 922 dilectio

1954 952 2127 1008 Patris
2150 971 2248 1008 non
2274 964 2348 1009 est
2375 955 2427 1007 in
2460 955 2589 1024 ipsa.
2629 954 2706 1010 Ne
2729 957 2846 1025 quis
2867 957 3005 1012 dicat
3035 957 3086 1010 in
3111 957 3270 1010 corde
3301 972 3396 1011 suo
3429 958 3524 1011 fil—

1955 1060 2071 1100 sum
2098 1061 2216 1102 esse
2242 1046 2363 1113 hoc,
2389 1046 2610 1102 fratres:
2643 1048 2780 1102 Deus
2802 1049 2946 1111 dicit,
2970 1064 3064 1119 per
3082 1049 3390 1120 Apostolqu
3404 1051 3524 1120 Spi-

1955 1137 2086 1191 ritus
2113 1147 2327 1192 sanctus
2348 1138 2548 1192 locutus
2574 1147 2675 1204 est,
2709 1139 2835 1192 nihil
2863 1142 3056 1203 verius,
3079 1140 3138 1196 Si
3161 1141 3274 1213 quis
3294 1141 3526 1195 dilexerit

1955 1227 2218 1292 mundum,
2241 1227 2438 1280 dilectio
2468 1226 2640 1282 Patris
2663 1244 2764 1282 non
2783 1237 2852 1282 est
2870 1230 2923 1282 in
2941 1235 3070 1297 ipsa.
3105 1230 3196 1284 Vis
3223 1231 3418 1289 habere
3439 1230 3525 1284 di-

1956 1318 2235 1374 lectionem
2264 1319 2453 1385 Patris,
2487 1328 2542 1373 ut
2569 1319 2643 1373 sis
2671 1318 2906 1375 colueres
2945 1319 3096 1373 Filii?
3139 1319 3256 1374 Noli
3309 1321 3530 1389 diligere

1872 1415 1886 1426 "
1957 1409 2228 1463 mundum.
2260 1395 2490 1465 Eicludc
2518 1411 2712 1465 malum
2736 1426 2970 1465 amorem
2997 1412 3200 1477 mundi,
3225 1423 3282 1466 ut
3301 1411 3526 1480 implea-

1957 1501 2031 1555 ris
2058 1515 2238 1555 amore
2281 1501 2392 1556 Dei.
2444 1501 2544 1555 Vas
2574 1517 2652 1568 es,
2704 1501 2797 1556 sed
2832 1501 3006 1557 adhuc
3035 1502 3219 1571 plenus
3245 1518 3336 1568 es;
3370 1501 3530 1558 funde

1959 1592 2098 1659 quod
2138 1591 2321 1658 habes,
2351 1599 2408 1644 ut
2433 1592 2661 1663 accipias
2689 1592 2830 1662 quod
2864 1607 2971 1646 non
3012 1595 3192 1646 habes.
3221 1589 3378 1648 Certe
3415 1592 3531 1662 jam

1959 1680 2129 1735 renati
2147 1691 2344 1736 suntex
2364 1696 2498 1750 aqua
2515 1692 2569 1735 et
2587 1682 2782 1750 Spiritu
2801 1683 2987 1736 fratres
3003 1681 3168 1736 nostri
3183 1692 3266 1745 ;et
3281 1697 3379 1736 nos
3406 1691 3532 1736 ante

1959 1770 2157 1838 aliquot
2180 1784 2346 1824 annos
2363 1771 2531 1824 renati
2551 1787 2732 1826 sumus
2759 1787 2824 1826 ex
2853 1787 2986 1841 aqua
3013 1781 3066 1824 et
3087 1769 3304 1840 Spiritu.
3325 1771 3530 1824 Bonum

1961 1872 2044 1917 est
2067 1863 2219 1917 nobis
2241 1870 2422 1916 utnon
2445 1862 2722 1933 diligamus
2739 1863 3013 1932 mundum,
3048 1880 3114 1918 ne
3139 1875 3447 1925 remaneant
3476 1864 3532 1918 in

1963 1954 2116 2008 nobis
2131 1955 2469 2009 Sacramenta
2485 1955 2550 2008 ad
2565 1955 2976 2024 damnationem,
2994 1972 3099 2012 non
3115 1957 3445 2012 ﬁrmamenta
3461 1957 3532 2011 ad

1961 2046 2201 2100 salutem.
2218 2046 2631 2102 Firmamentum
2643 2049 2826 2104 salutis
2836 2059 2938 2113 est,
2955 2049 3152 2106 habere
3164 2049 3396 2105 radicem
3413 2047 3535 2102 cha-

1961 2135 2150 2199 ritatis,
2181 2135 2379 2190 habere
2401 2137 2645 2192 virtutem
2666 2137 2897 2208 pietatis,
2927 2155 3029 2193 non
3076 2139 3297 2193 formant
3336 2137 3532 2194 solam.

1961 2223 2105 2278 Bona
2125 2223 2310 2290 forma,
2329 2235 2507 2279 sancta
2526 2226 2691 2280 forma
2711 2243 2724 2277 :
2743 2227 2840 2280 sed
2855 2227 2981 2296 quid
2999 2229 3135 2282 valet
3150 2227 3336 2294 forma,
3356 2227 3400 2280 si
3420 2241 3531 2282 non

1965 2323 2140 2370 teneat
2155 2315 2422 2369 radicem?
2449 2316 2784 2371 Sarmentum
2802 2319 3078 2386 praecisum
3096 2318 3335 2374 nonnein
3348 2319 3526 2388 ignem

1964 2407 2222 2462 mittitur?
2243 2407 2387 2460 Habe
2400 2407 2639 2474 formam,
2656 2409 2749 2463 sed
2767 2410 2818 2462 in
2850 2410 3045 2464 radice.
3062 2410 3338 2477 Quomodo
3358 2419 3535 2465 autem

1963 2497 2292 2566 radicamini,
2329 2508 2502 2552 utnon
2521 2498 2895 2553 eradicemini?
2926 2499 3178 2554 Tenendo
3198 2502 3534 2568 charitatein,

1962 2589 2099 2643 sicut
2117 2588 2244 2644 dicit
2259 2590 2528 2660 apostolus
2547 2590 2757 2656 Paulus,
2777 2589 2845 2643 In
2861 2592 3104 2644 cliart'tate
3122 2592 3334 2645 radit-nti
3358 2603 3404 2644 et
3416 2598 3538 2663 [uno-

1963 2681 2070 2735 dati
2086 2680 2298 2752 (Ep/tes.
2317 2698 2394 2748 ιιι,
2417 2683 2530 2754 17).
2547 2682 2822 2750 Quomodo
2840 2682 2912 2737 ibi
2939 2683 3260 2738 radicabitur
3278 2685 3534 2752 charitas,

1964 2775 2102 2828 inter
2124 2782 2266 2828 tanta
2289 2775 2500 2843 ;silvosa
2542 2776 2736 2830 amoris
2784 2776 3001 2830 mundi?
3028 2775 3332 2844 Exstirpate
3349 2777 3529 2832 silvas.

1963 2865 2206 2936 Magnum
2230 2881 2412 2922 semen
2444 2867 2664 2936 posituri
2707 2868 2863 2930 estis;
2896 2883 3001 2923 non
3048 2869 3121 2924 sit
3144 2873 3195 2921 in
3238 2885 3363 2939 agro
3391 2870 3533 2940 quod

1964 2955 2155 3012 cffocet
2173 2972 2375 3012 semen.
2401 2957 2524 3012 Haec
2543 2966 2666 3012 sunt
2687 2957 2847 3012 verba
2868 2958 3207 3028 exstirpanda
3229 2975 3346 3029 quae
3369 2961 3532 3014 dixit:

1967 3045 2141 3101 Nolite
2164 3047 2653 3119 diligeremundum,
2699 3065 2852 3119 neque
2893 3065 2952 3103 ea
2975 3065 3086 3120 qua:
3107 3060 3223 3105 sunt
3247 3051 3301 3104 in
3327 3053 3532 3106 nutnda.

1966 3137 2029 3193 Si
2050 3139 2159 3208 quis
2182 3139 2408 3192 dilexerit
2433 3140 2692 3206 mundum,
2728 3156 2828 3193 non
2851 3149 2921 3193 est
2950 3140 3170 3194 charitas
3189 3136 3362 3195 Patris
3381 3142 3435 3195 in
3455 3159 3534 3196 eo.

2038 3229 2126 3284 10.
2169 3229 2302 3296 Quia
2327 3246 2472 3284 omne
2505 3231 2639 3294 quod
2680 3230 2732 3284 in
2770 3230 2956 3285 munda
2993 3241 3087 3298 est,
3123 3231 3424 3287 desiderium
3464 3243 3539 3289 est

1965 3321 2150 3384 carnis,
2178 3330 2224 3374 et
2251 3320 2551 3374 desiderium
2578 3321 2853 3389 oculorum,
2893 3331 2940 3376 et
2957 3321 3179 3377 ambitio
3215 3325 3407 3392 saeculi,
3439 3327 3541 3380 tria

1967 3410 2118 3476 dixit,
2147 3427 2258 3480 qua:
2285 3428 2384 3465 non
2408 3421 2522 3465 sunt
2546 3428 2608 3466 ea:
2645 3412 2820 3480 Patre,
2859 3413 2948 3468 sed
2983 3430 3047 3470 ea:
3071 3415 3258 3469 munda
3294 3426 3427 3470 sunt.
3475 3416 3542 3470 Et

1969 3501 2185 3556 mundus
2218 3503 2394 3556 transit
2419 3512 2466 3556 et
2503 3503 2748 3558 desideria
2785 3505 2928 3575 ejus:
2953 3506 3040 3575 qui
3066 3515 3233 3560 autem
3261 3509 3432 3578 fecerit
3455 3523 3544 3561 ve-

1970 3595 2210 3650 luntatem
2233 3595 2348 3663 Dei,
2378 3607 2543 3650 manet
2565 3597 2618 3650 in
2645 3606 2904 3664 aeternum,
2930 3599 3059 3652 sicut
3084 3587 3133 3653 ει
3162 3600 3270 3668 ipse
3293 3610 3459 3655 manet
3487 3601 3541 3654 in

1969 3693 2226 3739 teternum.
2267 3685 2440 3754 Quare
2465 3701 2571 3740 non
2595 3701 2767 3740 amem
2806 3686 2946 3756 quod
2973 3686 3096 3743 fecit
3139 3687 3276 3743 Deus
3303 3689 3355 3742 ιτ
3403 3688 3540 3756 Quid

1967 3776 2082 3830 vis?
2111 3784 2284 3830 utrum
2311 3791 2490 3831 amare
2527 3777 2855 3846 temporalia,
2899 3787 2954 3833 et
2997 3778 3221 3832 transire
3250 3793 3372 3832 cum
3400 3789 3536 3833 tem-

1971 3882 2132 3937 pore;
2161 3883 2227 3921 an
2257 3866 2510 3922 mundum
2535 3883 2642 3921 non
2663 3883 2861 3934 amare,
2888 3875 2944 3922 et
2981 3868 3036 3922 in
3081 3877 3338 3924 :eternum
3364 3868 3540 3923 vivere

1970 3971 2088 4011 cum
2121 3955 2261 4011 Deo?
2290 3956 2483 4012 Rerum
2502 3957 2868 4026 temporalium
2889 3955 3077 4010 ﬂuvius
3102 3956 3258 4011 trahit
3277 3975 3292 4011 :
3309 3955 3404 4012 sed
3421 3965 3540 4014 tan--

1971 4064 2127 4119 quam
2150 4049 2289 4104 circa
2317 4047 2534 4104 ﬂuvium
2573 4049 2731 4104 arbor
2775 4057 2896 4102 nata
2935 4058 3018 4104 est
3058 4049 3311 4104 Dominus
3357 4059 3541 4106 noster

1922 4161 1930 4183 ί
1971 4139 2121 4194 Jesus
2149 4138 2408 4194 Christus.
2447 4140 2746 4209 Assumpsit
2787 4153 3022 4206 carnem,
3054 4150 3293 4195 mortuus
3317 4151 3417 4205 est,
3449 4156 3541 4197 re-

1972 4229 2220 4297 surrexit,
2247 4229 2484 4284 aseendit
2508 4229 2563 4284 in
2591 4230 2805 4286 omium.
2847 4228 3024 4284 Voluit
3049 4245 3108 4284 se
3151 4230 3544 4300 quodammodo

1973 4322 2114 4377 circa
2141 4321 2356 4376 ﬂuvium
2388 4322 2752 4391 temporalium
2788 4321 3044 4391 plantare.
3077 4323 3294 4392 Raperis
3319 4324 3374 4378 in
3404 4338 3546 4394 pra:-

1972 4413 2131 4482 ceps?
2162 4423 2284 4469 tene
2308 4414 2523 4484 lignum.
2551 4412 2726 4469 'Volvit
2752 4420 2804 4467 te
2828 4427 2977 4468 amor
3005 4413 3220 4468 mundi?
3247 4422 3368 4470 tene
3393 4414 3549 4470 Chri-

1973 4516 2134 4563 stum.
2158 4507 2380 4576 Propter
2404 4515 2455 4560 te
2474 4504 2645 4560 factus
2661 4513 2742 4560 est
2766 4505 3093 4575 temporalis,
3117 4513 3173 4559 ut
3193 4515 3246 4559 tu
3269 4505 3364 4560 ﬁas
3389 4513 3548 4560 atter-

1975 4614 2107 4666 nus;
2137 4599 2258 4669 quia
2283 4609 2337 4654 et
2361 4599 2449 4652 ille
2475 4597 2554 4653 sic
2582 4598 2750 4652 factus
2769 4605 2851 4652 est
2876 4597 3199 4668 temporalis,
3227 4605 3284 4651 ut
3307 4607 3550 4652 maneret

1975 4703 2226 4748 mternus.
2271 4691 2511 4746 Accessit
2549 4691 2626 4744 illi
2663 4690 2860 4760 aliquid
2906 4707 2968 4747 ex
3016 4701 3271 4762 tempore,
3311 4706 3418 4746 non
3455 4691 3547 4746 de-

1975 4785 2138 4841 cessit
2161 4800 2228 4840 ex
2266 4784 2579 4840 aeternitate.
2612 4783 2689 4838 Tu
2731 4792 2908 4839 autem
2938 4783 3244 4854 temporalis
3282 4792 3438 4838 natus
3465 4799 3547 4850 es,

1975 4884 2032 4932 et
2084 4891 2178 4946 per
2224 4882 2499 4944 peccatum
2548 4874 2850 4944 temporalis
2895 4873 3061 4928 factus
3120 4889 3179 4929 es
3215 4890 3230 4927 :
3272 4881 3328 4928 tu
3377 4871 3548 4929 factus

1973 4981 2038 5025 es
2061 4967 2368 5038 temporalis
2395 4982 2489 5036 per
2515 4974 2808 5036 peccatum,
2839 4965 2929 5020 ille
2955 4965 3124 5021 factus
3148 4974 3230 5020 est
3246 4965 3550 5036 temporalis

1977 5075 2075 5132 per
2096 5056 2510 5113 misericordiam
2525 5056 2821 5111 dimittendi
2840 5065 3072 5126 peccata.
3093 5055 3358 5124 Quantum
3383 5055 3548 5109 inter-

1978 5158 2083 5216 est,
2111 5164 2227 5204 cum
2257 5149 2362 5203 duo
2387 5156 2509 5203 sunt
2536 5149 2590 5202 in
2617 5163 2850 5215 carcere,
2882 5147 3023 5202 inter
3046 5161 3194 5201 reum
3235 5155 3290 5201 et
3308 5147 3549 5200 visitata-

1979 5256 2092 5297 rem
2128 5239 2330 5310 ipsius?
2355 5239 2524 5294 Homo
2562 5238 2702 5294 enim
2731 5235 3011 5307 aliquando
3037 5236 3182 5290 venit
3214 5235 3282 5291 ad
3322 5236 3550 5290 amicum

1979 5346 2157 5397 suum,
2187 5339 2242 5386 et
2269 5331 2429 5385 intrat
2454 5329 2668 5384 visitare
2695 5343 2837 5393 eum,
2869 5333 2926 5380 et
2964 5325 3122 5380 ambo
3146 5325 3198 5379 in
3227 5339 3442 5381 carcere
3469 5325 3554 5380 vi-

1981 5426 2200 5492 dentur;
2229 5424 2322 5480 sed
2360 5423 2584 5479 multum
2621 5421 2818 5476 distant
2856 5426 2910 5474 et
2936 5417 3169 5474 distincti
3212 5426 3352 5473 sunt.
3398 5416 3556 5474 Illum
3592 5485 3594 5487 _

1981 5534 2140 5575 causa
2167 5518 2378 5589 premit,
2414 5517 2558 5571 illum
2597 5513 2895 5569 humanitas
2944 5510 3181 5567 adduxit.
3223 5510 3310 5566 Sic
3351 5514 3409 5566 in
3453 5511 3556 5566 ista

1983 5612 2324 5678 mortalitate,
2357 5623 2453 5664 nos
2491 5615 2640 5662 reatu
2679 5605 3022 5670 tenebamur;
3063 5603 3151 5657 ille
3195 5601 3556 5658 misericordia

1984 5701 2288 5760 descendit:
2319 5698 2530 5755 intravit
2556 5697 2624 5752 ad
2650 5696 2913 5767 captivum
2939 5694 3265 5764 redemptor,
3309 5708 3418 5749 non
3460 5708 3556 5763 op.

2048 5864 2066 5894 ί
2095 5869 2192 5910 Am.
2212 5859 2318 5910 Bad.
2346 5865 2398 5908 et
2432 5869 2609 5908 novem
2631 5863 2736 5909 Mss.
2758 5862 2928 5906 carent
2958 5853 3035 5903 his
3057 5851 3248 5914 verbis,
3275 5856 3430 5914 quare
3460 5859 3558 5901 ttat

1904 5987 1942 6000 η,
1983 5920 2420 5976 anemonadfecit
2442 5917 2612 5973 Deus?

2613 6018 2625 6084 ;
2657 5998 3258 6086 {Senones—troia.)
