  <div class='ocr_page' id='page_1' title='image "/cluster/home/n/w/nwhite01/storage/ocr_20150623/35/hvd.32044015706302/347.png"; bbox 0 0 4028 6470; ppageno 0'>
   <div class='ocr_carea' id='block_1_1' title="bbox 475 360 626 424">
    <p class='ocr_par' dir='ltr' id='par_1_1' title="bbox 475 360 626 424">
     <span class='ocr_line' id='line_1_1' title="bbox 475 360 626 424; baseline -0.013 0"><span class='ocrx_word' id='word_1_1' title='bbox 475 360 626 424; x_wconf 71' lang='grc'><strong>1905</strong></span> 
     </span>
    </p>
   </div>
   <div class='ocr_carea' id='block_1_2' title="bbox 483 475 2058 554">
    <p class='ocr_par' dir='ltr' id='par_1_2' title="bbox 483 475 2058 554">
     <span class='ocr_line' id='line_1_2' title="bbox 483 475 2058 554; baseline -0.001 -18"><span class='ocrx_word' id='word_1_2' title='bbox 483 493 718 554; x_wconf 87' lang='lat' dir='ltr'><strong>pressor.</strong></span> <span class='ocrx_word' id='word_1_3' title='bbox 758 475 1014 534; x_wconf 86' lang='lat' dir='ltr'><strong>Dominus</strong></span> <span class='ocrx_word' id='word_1_4' title='bbox 1042 491 1140 549; x_wconf 90' lang='lat' dir='ltr'><strong>pro</strong></span> <span class='ocrx_word' id='word_1_5' title='bbox 1165 477 1316 532; x_wconf 90' lang='lat' dir='ltr'><strong>nobis</strong></span> <span class='ocrx_word' id='word_1_6' title='bbox 1349 479 1656 550; x_wconf 79' lang='lat' dir='ltr'><strong>sanguinem</strong></span> <span class='ocrx_word' id='word_1_7' title='bbox 1707 495 1860 534; x_wconf 89' lang='lat' dir='ltr'><strong>suum</strong></span> <span class='ocrx_word' id='word_1_8' title='bbox 1905 479 2058 548; x_wconf 80' lang='lat' dir='ltr'><strong>fudit,</strong></span> 
     </span>
    </p>
   </div>
   <div class='ocr_carea' id='block_1_3' title="bbox 482 555 2062 642">
    <p class='ocr_par' dir='ltr' id='par_1_3' title="bbox 482 555 2062 642">
     <span class='ocr_line' id='line_1_3' title="bbox 482 555 2062 642; baseline -0.003 -12"><span class='ocrx_word' id='word_1_9' title='bbox 482 573 712 630; x_wconf 85' lang='lat' dir='ltr'><strong>redemit</strong></span> <span class='ocrx_word' id='word_1_10' title='bbox 733 586 850 637; x_wconf 83' lang='lat' dir='ltr'><strong>nos,</strong></span> <span class='ocrx_word' id='word_1_11' title='bbox 875 571 1096 626; x_wconf 69' lang='lat' dir='ltr'><strong>mutarit</strong></span> <span class='ocrx_word' id='word_1_12' title='bbox 1112 585 1258 640; x_wconf 73' lang='lat' dir='ltr'><strong>Spem</strong></span> <span class='ocrx_word' id='word_1_13' title='bbox 1293 555 1549 624; x_wconf 87' lang='lat' dir='ltr'><strong>nostram.</strong></span> <span class='ocrx_word' id='word_1_14' title='bbox 1582 570 1768 625; x_wconf 85' lang='lat' dir='ltr'><strong>Adhuc</strong></span> <span class='ocrx_word' id='word_1_15' title='bbox 1793 581 2062 642; x_wconf 76' lang='lat' dir='ltr'><strong>portamus</strong></span> 
     </span>
    </p>
   </div>
   <div class='ocr_carea' id='block_1_4' title="bbox 480 661 2063 736">
    <p class='ocr_par' dir='ltr' id='par_1_4' title="bbox 480 661 2063 736">
     <span class='ocr_line' id='line_1_4' title="bbox 480 661 2063 736; baseline -0.003 -14"><span class='ocrx_word' id='word_1_16' title='bbox 480 665 860 722; x_wconf 71' lang='lat' dir='ltr'><strong>mortalitatem</strong></span> <span class='ocrx_word' id='word_1_17' title='bbox 888 663 1084 730; x_wconf 84' lang='lat' dir='ltr'><strong>carnis,</strong></span> <span class='ocrx_word' id='word_1_18' title='bbox 1121 671 1178 718; x_wconf 83' lang='lat' dir='ltr'><strong>et</strong></span> <span class='ocrx_word' id='word_1_19' title='bbox 1199 661 1266 716; x_wconf 89' lang='lat' dir='ltr'><strong>de</strong></span> <span class='ocrx_word' id='word_1_20' title='bbox 1303 661 1476 717; x_wconf 80' lang='lat' dir='ltr'><strong>futura</strong></span> <span class='ocrx_word' id='word_1_21' title='bbox 1504 663 1897 718; x_wconf 83' lang='lat' dir='ltr'><strong>immortalitate</strong></span> <span class='ocrx_word' id='word_1_22' title='bbox 1927 679 2063 736; x_wconf 82' lang='lat' dir='ltr'><strong>prae-</strong></span> 
     </span>
    </p>
   </div>
   <div class='ocr_carea' id='block_1_5' title="bbox 479 755 2060 830">
    <p class='ocr_par' dir='ltr' id='par_1_5' title="bbox 479 755 2060 830">
     <span class='ocr_line' id='line_1_5' title="bbox 479 755 2060 830; baseline -0.002 -15"><span class='ocrx_word' id='word_1_23' title='bbox 479 758 778 816; x_wconf 81' lang='lat' dir='ltr'><strong>sumimus:</strong></span> <span class='ocrx_word' id='word_1_24' title='bbox 803 765 857 812; x_wconf 91' lang='lat' dir='ltr'><strong>et</strong></span> <span class='ocrx_word' id='word_1_25' title='bbox 885 757 936 810; x_wconf 89' lang='lat' dir='ltr'><strong>in</strong></span> <span class='ocrx_word' id='word_1_26' title='bbox 963 755 1097 812; x_wconf 83' lang='lat' dir='ltr'><strong>mari</strong></span> <span class='ocrx_word' id='word_1_27' title='bbox 1129 755 1464 825; x_wconf 81' lang='lat' dir='ltr'><strong>ﬂuctuamus,</strong></span> <span class='ocrx_word' id='word_1_28' title='bbox 1498 757 1591 812; x_wconf 89' lang='lat' dir='ltr'><strong>sed</strong></span> <span class='ocrx_word' id='word_1_29' title='bbox 1633 756 1920 812; x_wconf 87' lang='lat' dir='ltr'><strong>anchoram</strong></span> <span class='ocrx_word' id='word_1_30' title='bbox 1947 758 2060 830; x_wconf 86' lang='lat' dir='ltr'><strong>spei</strong></span> 
     </span>
    </p>
   </div>
   <div class='ocr_carea' id='block_1_6' title="bbox 477 847 1554 918">
    <p class='ocr_par' dir='ltr' id='par_1_6' title="bbox 477 847 1554 918">
     <span class='ocr_line' id='line_1_6' title="bbox 477 847 1554 918; baseline -0.009 -11"><span class='ocrx_word' id='word_1_31' title='bbox 477 847 538 908; x_wconf 79' lang='lat' dir='ltr'><strong>in</strong></span> <span class='ocrx_word' id='word_1_32' title='bbox 559 849 834 918; x_wconf 80' lang='lat' dir='ltr'><strong>terra-jam</strong></span> <span class='ocrx_word' id='word_1_33' title='bbox 863 847 1092 903; x_wconf 65' lang='lat' dir='ltr'><strong>ﬁnimus.</strong></span> <span class='ocrx_word' id='word_1_34' title='bbox 1551 867 1554 870; x_wconf 53' lang='grc' dir='ltr'><strong>η</strong></span> 
     </span>
    </p>
   </div>
   <div class='ocr_carea' id='block_1_7' title="bbox 553 937 2059 1010">
    <p class='ocr_par' dir='ltr' id='par_1_7' title="bbox 553 937 2059 1010">
     <span class='ocr_line' id='line_1_7' title="bbox 553 937 2059 1010; baseline 0.001 -15"><span class='ocrx_word' id='word_1_35' title='bbox 553 942 640 996; x_wconf 86' lang='lat' dir='ltr'><strong>ll.</strong></span> <span class='ocrx_word' id='word_1_36' title='bbox 677 937 786 996; x_wconf 71' lang='lat' dir='ltr'><strong>Sed</strong></span> <span class='ocrx_word' id='word_1_37' title='bbox 813 954 918 994; x_wconf 88' lang='lat' dir='ltr'><strong>non</strong></span> <span class='ocrx_word' id='word_1_38' title='bbox 945 937 1228 1008; x_wconf 79' lang='lat' dir='ltr'><strong>diligamus</strong></span> <span class='ocrx_word' id='word_1_39' title='bbox 1262 937 1538 1005; x_wconf 88' lang='lat' dir='ltr'><strong>mundum,</strong></span> <span class='ocrx_word' id='word_1_40' title='bbox 1571 953 1743 1009; x_wconf 87' lang='lat' dir='ltr'><strong>neque</strong></span> <span class='ocrx_word' id='word_1_41' title='bbox 1769 953 1829 994; x_wconf 89' lang='lat' dir='ltr'><strong>ea</strong></span> <span class='ocrx_word' id='word_1_42' title='bbox 1859 955 1975 1010; x_wconf 72' lang='lat' dir='ltr'><strong>qua:</strong></span> <span class='ocrx_word' id='word_1_43' title='bbox 2005 939 2059 997; x_wconf 90' lang='lat' dir='ltr'><strong>in</strong></span> 
     </span>
    </p>
   </div>
   <div class='ocr_carea' id='block_1_8' title="bbox 477 1032 2061 1101">
    <p class='ocr_par' dir='ltr' id='par_1_8' title="bbox 477 1032 2061 1101">
     <span class='ocr_line' id='line_1_8' title="bbox 477 1032 2061 1101; baseline -0.002 -11"><span class='ocrx_word' id='word_1_44' title='bbox 477 1034 680 1096; x_wconf 81' lang='lat' dir='ltr'><strong>mundo</strong></span> <span class='ocrx_word' id='word_1_45' title='bbox 699 1042 840 1089; x_wconf 81' lang='lat' dir='ltr'><strong>sunt.</strong></span> <span class='ocrx_word' id='word_1_46' title='bbox 859 1032 988 1101; x_wconf 70' lang='lat' dir='ltr'><strong>Quae</strong></span> <span class='ocrx_word' id='word_1_47' title='bbox 1002 1032 1142 1086; x_wconf 88' lang='lat' dir='ltr'><strong>enim</strong></span> <span class='ocrx_word' id='word_1_48' title='bbox 1159 1033 1212 1086; x_wconf 91' lang='lat' dir='ltr'><strong>in</strong></span> <span class='ocrx_word' id='word_1_49' title='bbox 1229 1032 1430 1086; x_wconf 90' lang='lat' dir='ltr'><strong>mundo</strong></span> <span class='ocrx_word' id='word_1_50' title='bbox 1455 1041 1599 1100; x_wconf 89' lang='lat' dir='ltr'><strong>sunt,</strong></span> <span class='ocrx_word' id='word_1_51' title='bbox 1628 1032 1926 1086; x_wconf 74' lang='lat' dir='ltr'><strong>desiderium</strong></span> <span class='ocrx_word' id='word_1_52' title='bbox 1949 1051 2061 1087; x_wconf 85' lang='lat' dir='ltr'><strong>car—</strong></span> 
     </span>
    </p>
   </div>
   <div class='ocr_carea' id='block_1_9' title="bbox 479 1123 2059 1193">
    <p class='ocr_par' dir='ltr' id='par_1_9' title="bbox 479 1123 2059 1193">
     <span class='ocr_line' id='line_1_9' title="bbox 479 1123 2059 1193; baseline -0.003 -12"><span class='ocrx_word' id='word_1_53' title='bbox 479 1128 558 1182; x_wconf 75' lang='lat' dir='ltr'><strong>nis</strong></span> <span class='ocrx_word' id='word_1_54' title='bbox 583 1134 673 1193; x_wconf 79' lang='lat' dir='ltr'><strong>eu,</strong></span> <span class='ocrx_word' id='word_1_55' title='bbox 707 1134 754 1179; x_wconf 82' lang='lat' dir='ltr'><strong>et</strong></span> <span class='ocrx_word' id='word_1_56' title='bbox 777 1123 1078 1178; x_wconf 78' lang='lat' dir='ltr'><strong>desiderium</strong></span> <span class='ocrx_word' id='word_1_57' title='bbox 1102 1123 1383 1190; x_wconf 83' lang='lat' dir='ltr'><strong>oculorum,</strong></span> <span class='ocrx_word' id='word_1_58' title='bbox 1415 1131 1460 1177; x_wconf 87' lang='lat' dir='ltr'><strong>et</strong></span> <span class='ocrx_word' id='word_1_59' title='bbox 1488 1125 1692 1177; x_wconf 80' lang='lat' dir='ltr'><strong>ambitio</strong></span> <span class='ocrx_word' id='word_1_60' title='bbox 1721 1125 1910 1176; x_wconf 74' lang='lat' dir='ltr'><strong>saeculi.</strong></span> <span class='ocrx_word' id='word_1_61' title='bbox 1938 1123 2059 1177; x_wconf 88' lang='lat' dir='ltr'><strong>Tria</strong></span> 
     </span>
    </p>
   </div>
   <div class='ocr_carea' id='block_1_10' title="bbox 477 1213 2056 1285">
    <p class='ocr_par' dir='ltr' id='par_1_10' title="bbox 477 1213 2056 1285">
     <span class='ocr_line' id='line_1_10' title="bbox 477 1213 2056 1285; baseline -0.003 -12"><span class='ocrx_word' id='word_1_62' title='bbox 477 1226 604 1273; x_wconf 81' lang='lat' dir='ltr'><strong>sunt</strong></span> <span class='ocrx_word' id='word_1_63' title='bbox 629 1217 760 1270; x_wconf 87' lang='lat' dir='ltr'><strong>ista:</strong></span> <span class='ocrx_word' id='word_1_64' title='bbox 785 1230 854 1270; x_wconf 90' lang='lat' dir='ltr'><strong>ne</strong></span> <span class='ocrx_word' id='word_1_65' title='bbox 893 1215 1012 1285; x_wconf 84' lang='lat' dir='ltr'><strong>quis</strong></span> <span class='ocrx_word' id='word_1_66' title='bbox 1057 1213 1192 1269; x_wconf 89' lang='lat' dir='ltr'><strong>forte</strong></span> <span class='ocrx_word' id='word_1_67' title='bbox 1231 1214 1392 1282; x_wconf 86' lang='lat' dir='ltr'><strong>dicat,</strong></span> <span class='ocrx_word' id='word_1_68' title='bbox 1441 1214 1570 1283; x_wconf 85' lang='lat' dir='ltr'><strong>Quae</strong></span> <span class='ocrx_word' id='word_1_69' title='bbox 1608 1215 1659 1267; x_wconf 93' lang='lat' dir='ltr'><strong>in</strong></span> <span class='ocrx_word' id='word_1_70' title='bbox 1688 1213 1885 1269; x_wconf 92' lang='lat' dir='ltr'><strong>mundo</strong></span> <span class='ocrx_word' id='word_1_71' title='bbox 1914 1223 2056 1282; x_wconf 88' lang='lat' dir='ltr'><strong>sunt,</strong></span> 
     </span>
    </p>
   </div>
   <div class='ocr_carea' id='block_1_11' title="bbox 475 1307 2114 1374">
    <p class='ocr_par' dir='ltr' id='par_1_11' title="bbox 475 1307 2114 1374">
     <span class='ocr_line' id='line_1_11' title="bbox 475 1307 2114 1374; baseline -0.003 -9"><span class='ocrx_word' id='word_1_72' title='bbox 475 1308 620 1365; x_wconf 88' lang='lat' dir='ltr'><strong>Deus</strong></span> <span class='ocrx_word' id='word_1_73' title='bbox 645 1308 786 1372; x_wconf 77' lang='lat' dir='ltr'><strong>fecit,</strong></span> <span class='ocrx_word' id='word_1_74' title='bbox 811 1307 995 1374; x_wconf 87' lang='lat' dir='ltr'><strong>idest,</strong></span> <span class='ocrx_word' id='word_1_75' title='bbox 1024 1308 1218 1362; x_wconf 87' lang='lat' dir='ltr'><strong>coelum</strong></span> <span class='ocrx_word' id='word_1_76' title='bbox 1241 1317 1294 1361; x_wconf 90' lang='lat' dir='ltr'><strong>et</strong></span> <span class='ocrx_word' id='word_1_77' title='bbox 1321 1315 1538 1372; x_wconf 89' lang='lat' dir='ltr'><strong>terram,</strong></span> <span class='ocrx_word' id='word_1_78' title='bbox 1563 1323 1731 1372; x_wconf 89' lang='lat' dir='ltr'><strong>mare,</strong></span> <span class='ocrx_word' id='word_1_79' title='bbox 1764 1307 1952 1372; x_wconf 88' lang='lat' dir='ltr'><strong>solem,</strong></span> <span class='ocrx_word' id='word_1_80' title='bbox 1978 1308 2059 1360; x_wconf 93' lang='lat' dir='ltr'><strong>lu-</strong></span> <span class='ocrx_word' id='word_1_81' title='bbox 2089 1335 2114 1342; x_wconf 84' lang='lat'><strong>~-</strong></span> 
     </span>
    </p>
   </div>
   <div class='ocr_carea' id='block_1_12' title="bbox 473 1395 2061 1464">
    <p class='ocr_par' dir='ltr' id='par_1_12' title="bbox 473 1395 2061 1464">
     <span class='ocr_line' id='line_1_12' title="bbox 473 1395 2061 1464; baseline -0.001 -12"><span class='ocrx_word' id='word_1_82' title='bbox 473 1413 623 1462; x_wconf 86' lang='lat' dir='ltr'><strong>nam,</strong></span> <span class='ocrx_word' id='word_1_83' title='bbox 651 1395 852 1463; x_wconf 78' lang='lat' dir='ltr'><strong>stellas,</strong></span> <span class='ocrx_word' id='word_1_84' title='bbox 888 1397 1068 1452; x_wconf 82' lang='lat' dir='ltr'><strong>omnia</strong></span> <span class='ocrx_word' id='word_1_85' title='bbox 1117 1405 1428 1452; x_wconf 86' lang='lat' dir='ltr'><strong>ornamenta</strong></span> <span class='ocrx_word' id='word_1_86' title='bbox 1469 1397 1750 1452; x_wconf 72' lang='lat' dir='ltr'><strong>ctelorum.</strong></span> <span class='ocrx_word' id='word_1_87' title='bbox 1781 1398 1908 1464; x_wconf 63' lang='lat' dir='ltr'><strong>Quae</strong></span> <span class='ocrx_word' id='word_1_88' title='bbox 1936 1406 2061 1452; x_wconf 88' lang='lat' dir='ltr'><strong>sunt</strong></span> 
     </span>
    </p>
   </div>
   <div class='ocr_carea' id='block_1_13' title="bbox 474 1487 2062 1558">
    <p class='ocr_par' dir='ltr' id='par_1_13' title="bbox 474 1487 2062 1558">
     <span class='ocr_line' id='line_1_13' title="bbox 474 1487 2062 1558; baseline -0.003 -13"><span class='ocrx_word' id='word_1_89' title='bbox 474 1497 787 1546; x_wconf 83' lang='lat' dir='ltr'><strong>ornamenta</strong></span> <span class='ocrx_word' id='word_1_90' title='bbox 816 1489 1011 1544; x_wconf 84' lang='lat' dir='ltr'><strong>maris?</strong></span> <span class='ocrx_word' id='word_1_91' title='bbox 1040 1489 1229 1544; x_wconf 82' lang='lat' dir='ltr'><strong>Omnia</strong></span> <span class='ocrx_word' id='word_1_92' title='bbox 1257 1489 1516 1558; x_wconf 89' lang='lat' dir='ltr'><strong>repentia.</strong></span> <span class='ocrx_word' id='word_1_93' title='bbox 1549 1488 1676 1555; x_wconf 62' lang='lat' dir='ltr'><strong>Qum</strong></span> <span class='ocrx_word' id='word_1_94' title='bbox 1715 1487 1903 1542; x_wconf 56' lang='lat' dir='ltr'><strong>terra}?</strong></span> <span class='ocrx_word' id='word_1_95' title='bbox 1931 1488 2062 1542; x_wconf 88' lang='lat' dir='ltr'><strong>Ani-</strong></span> 
     </span>
    </p>
   </div>
   <div class='ocr_carea' id='block_1_14' title="bbox 471 1577 2058 1646">
    <p class='ocr_par' dir='ltr' id='par_1_14' title="bbox 471 1577 2058 1646">
     <span class='ocr_line' id='line_1_14' title="bbox 471 1577 2058 1646; baseline -0.003 -10"><span class='ocrx_word' id='word_1_96' title='bbox 471 1581 655 1646; x_wconf 82' lang='lat' dir='ltr'><strong>malia,</strong></span> <span class='ocrx_word' id='word_1_97' title='bbox 683 1580 922 1646; x_wconf 78' lang='lat' dir='ltr'><strong>arbores,</strong></span> <span class='ocrx_word' id='word_1_98' title='bbox 940 1579 1196 1634; x_wconf 83' lang='lat' dir='ltr'><strong>volatilia.</strong></span> <span class='ocrx_word' id='word_1_99' title='bbox 1219 1578 1323 1632; x_wconf 81' lang='lat' dir='ltr'><strong>ista</strong></span> <span class='ocrx_word' id='word_1_100' title='bbox 1349 1587 1472 1632; x_wconf 91' lang='lat' dir='ltr'><strong>sunt</strong></span> <span class='ocrx_word' id='word_1_101' title='bbox 1499 1578 1551 1632; x_wconf 92' lang='lat' dir='ltr'><strong>in</strong></span> <span class='ocrx_word' id='word_1_102' title='bbox 1571 1577 1784 1643; x_wconf 87' lang='lat' dir='ltr'><strong>mundo,</strong></span> <span class='ocrx_word' id='word_1_103' title='bbox 1819 1579 1955 1632; x_wconf 85' lang='lat' dir='ltr'><strong>Deus</strong></span> <span class='ocrx_word' id='word_1_104' title='bbox 1973 1579 2058 1632; x_wconf 89' lang='lat' dir='ltr'><strong>illa</strong></span> 
     </span>
    </p>
   </div>
   <div class='ocr_carea' id='block_1_15' title="bbox 471 1667 2060 1741">
    <p class='ocr_par' dir='ltr' id='par_1_15' title="bbox 471 1667 2060 1741">
     <span class='ocr_line' id='line_1_15' title="bbox 471 1667 2060 1741; baseline -0.001 -16"><span class='ocrx_word' id='word_1_105' title='bbox 471 1670 618 1726; x_wconf 77' lang='lat' dir='ltr'><strong>fecit.</strong></span> <span class='ocrx_word' id='word_1_106' title='bbox 649 1670 822 1740; x_wconf 80' lang='lat' dir='ltr'><strong>Quare</strong></span> <span class='ocrx_word' id='word_1_107' title='bbox 842 1685 970 1741; x_wconf 85' lang='lat' dir='ltr'><strong>ergo</strong></span> <span class='ocrx_word' id='word_1_108' title='bbox 991 1685 1098 1724; x_wconf 88' lang='lat' dir='ltr'><strong>non</strong></span> <span class='ocrx_word' id='word_1_109' title='bbox 1121 1685 1296 1724; x_wconf 90' lang='lat' dir='ltr'><strong>amem</strong></span> <span class='ocrx_word' id='word_1_110' title='bbox 1318 1669 1458 1739; x_wconf 90' lang='lat' dir='ltr'><strong>quod</strong></span> <span class='ocrx_word' id='word_1_111' title='bbox 1489 1669 1630 1724; x_wconf 90' lang='lat' dir='ltr'><strong>Deus</strong></span> <span class='ocrx_word' id='word_1_112' title='bbox 1658 1669 1812 1738; x_wconf 82' lang='lat' dir='ltr'><strong>iecit?</strong></span> <span class='ocrx_word' id='word_1_113' title='bbox 1831 1667 2060 1738; x_wconf 85' lang='lat' dir='ltr'><strong>Spiritus</strong></span> 
     </span>
    </p>
   </div>
   <div class='ocr_carea' id='block_1_16' title="bbox 473 1759 2058 1830">
    <p class='ocr_par' dir='ltr' id='par_1_16' title="bbox 473 1759 2058 1830">
     <span class='ocr_line' id='line_1_16' title="bbox 473 1759 2058 1830; baseline -0.001 -14"><span class='ocrx_word' id='word_1_114' title='bbox 473 1759 664 1817; x_wconf 84' lang='lat' dir='ltr'><strong>Deisit</strong></span> <span class='ocrx_word' id='word_1_115' title='bbox 687 1761 738 1815; x_wconf 86' lang='lat' dir='ltr'><strong>in</strong></span> <span class='ocrx_word' id='word_1_116' title='bbox 760 1769 831 1828; x_wconf 86' lang='lat' dir='ltr'><strong>te,</strong></span> <span class='ocrx_word' id='word_1_117' title='bbox 857 1769 916 1815; x_wconf 88' lang='lat' dir='ltr'><strong>ut</strong></span> <span class='ocrx_word' id='word_1_118' title='bbox 935 1761 1117 1815; x_wconf 86' lang='lat' dir='ltr'><strong>videas</strong></span> <span class='ocrx_word' id='word_1_119' title='bbox 1137 1760 1258 1830; x_wconf 84' lang='lat' dir='ltr'><strong>quia</strong></span> <span class='ocrx_word' id='word_1_120' title='bbox 1285 1760 1400 1814; x_wconf 69' lang='lat' dir='ltr'><strong>haec</strong></span> <span class='ocrx_word' id='word_1_121' title='bbox 1421 1759 1598 1812; x_wconf 86' lang='lat' dir='ltr'><strong>omnia</strong></span> <span class='ocrx_word' id='word_1_122' title='bbox 1625 1759 1760 1814; x_wconf 90' lang='lat' dir='ltr'><strong>bona</strong></span> <span class='ocrx_word' id='word_1_123' title='bbox 1792 1767 1914 1813; x_wconf 88' lang='lat' dir='ltr'><strong>sunt</strong></span> <span class='ocrx_word' id='word_1_124' title='bbox 1935 1777 1946 1812; x_wconf 88' lang='lat'><strong>:</strong></span> <span class='ocrx_word' id='word_1_125' title='bbox 1965 1759 2058 1814; x_wconf 87' lang='lat' dir='ltr'><strong>sed</strong></span> 
     </span>
    </p>
   </div>
   <div class='ocr_carea' id='block_1_17' title="bbox 471 1849 2054 1916">
    <p class='ocr_par' dir='ltr' id='par_1_17' title="bbox 471 1849 2054 1916">
     <span class='ocr_line' id='line_1_17' title="bbox 471 1849 2054 1916; baseline -0.003 -8"><span class='ocrx_word' id='word_1_126' title='bbox 471 1868 554 1908; x_wconf 71' lang='lat' dir='ltr'><strong>vte</strong></span> <span class='ocrx_word' id='word_1_127' title='bbox 583 1853 676 1908; x_wconf 84' lang='lat' dir='ltr'><strong>tibi</strong></span> <span class='ocrx_word' id='word_1_128' title='bbox 706 1853 750 1907; x_wconf 86' lang='lat' dir='ltr'><strong>si</strong></span> <span class='ocrx_word' id='word_1_129' title='bbox 775 1852 1038 1908; x_wconf 88' lang='lat' dir='ltr'><strong>amaveris</strong></span> <span class='ocrx_word' id='word_1_130' title='bbox 1055 1851 1288 1916; x_wconf 82' lang='lat' dir='ltr'><strong>condita,</strong></span> <span class='ocrx_word' id='word_1_131' title='bbox 1309 1857 1364 1905; x_wconf 83' lang='lat' dir='ltr'><strong>et</strong></span> <span class='ocrx_word' id='word_1_132' title='bbox 1378 1849 1679 1906; x_wconf 85' lang='lat' dir='ltr'><strong>deserueris</strong></span> <span class='ocrx_word' id='word_1_133' title='bbox 1705 1849 2054 1904; x_wconf 85' lang='lat' dir='ltr'><strong>conditorem.</strong></span> 
     </span>
    </p>
   </div>
   <div class='ocr_carea' id='block_1_18' title="bbox 470 1939 2056 2010">
    <p class='ocr_par' dir='ltr' id='par_1_18' title="bbox 470 1939 2056 2010">
     <span class='ocr_line' id='line_1_18' title="bbox 470 1939 2056 2010; baseline -0.004 -8"><span class='ocrx_word' id='word_1_134' title='bbox 470 1943 703 2002; x_wconf 78' lang='lat' dir='ltr'><strong>Pulchra</strong></span> <span class='ocrx_word' id='word_1_135' title='bbox 749 1951 873 1998; x_wconf 86' lang='lat' dir='ltr'><strong>sunt</strong></span> <span class='ocrx_word' id='word_1_136' title='bbox 915 1943 1040 2008; x_wconf 86' lang='lat' dir='ltr'><strong>tibi;</strong></span> <span class='ocrx_word' id='word_1_137' title='bbox 1083 1942 1178 1997; x_wconf 88' lang='lat' dir='ltr'><strong>sed</strong></span> <span class='ocrx_word' id='word_1_138' title='bbox 1221 1949 1419 2010; x_wconf 88' lang='lat' dir='ltr'><strong>quanto</strong></span> <span class='ocrx_word' id='word_1_139' title='bbox 1445 1949 1528 1995; x_wconf 92' lang='lat' dir='ltr'><strong>est</strong></span> <span class='ocrx_word' id='word_1_140' title='bbox 1557 1939 1642 1994; x_wconf 88' lang='lat' dir='ltr'><strong>ille</strong></span> <span class='ocrx_word' id='word_1_141' title='bbox 1672 1939 1943 2009; x_wconf 84' lang='lat' dir='ltr'><strong>pulchrior</strong></span> <span class='ocrx_word' id='word_1_142' title='bbox 1967 1941 2056 2010; x_wconf 87' lang='lat' dir='ltr'><strong>qui</strong></span> 
     </span>
    </p>
   </div>
   <div class='ocr_carea' id='block_1_19' title="bbox 467 2029 2059 2092">
    <p class='ocr_par' dir='ltr' id='par_1_19' title="bbox 467 2029 2059 2092">
     <span class='ocr_line' id='line_1_19' title="bbox 467 2029 2059 2092; baseline -0.005 -1"><span class='ocrx_word' id='word_1_143' title='bbox 467 2035 573 2092; x_wconf 86' lang='lat' dir='ltr'><strong>ista</strong></span> <span class='ocrx_word' id='word_1_144' title='bbox 603 2035 884 2090; x_wconf 74' lang='lat' dir='ltr'><strong>formavit?-</strong></span> <span class='ocrx_word' id='word_1_145' title='bbox 907 2033 1149 2089; x_wconf 87' lang='lat' dir='ltr'><strong>lntendat</strong></span> <span class='ocrx_word' id='word_1_146' title='bbox 1173 2031 1414 2087; x_wconf 82' lang='lat' dir='ltr'><strong>Charitas</strong></span> <span class='ocrx_word' id='word_1_147' title='bbox 1449 2041 1646 2085; x_wconf 85' lang='lat' dir='ltr'><strong>vestra.</strong></span> <span class='ocrx_word' id='word_1_148' title='bbox 1691 2029 2059 2086; x_wconf 90' lang='lat' dir='ltr'><strong>Similitudini-</strong></span> 
     </span>
    </p>
   </div>
   <div class='ocr_carea' id='block_1_20' title="bbox 467 2123 2053 2198">
    <p class='ocr_par' dir='ltr' id='par_1_20' title="bbox 467 2123 2053 2198">
     <span class='ocr_line' id='line_1_20' title="bbox 467 2123 2053 2198; baseline -0.003 -14"><span class='ocrx_word' id='word_1_149' title='bbox 467 2128 574 2184; x_wconf 82' lang='lat' dir='ltr'><strong>bus</strong></span> <span class='ocrx_word' id='word_1_150' title='bbox 593 2130 736 2184; x_wconf 89' lang='lat' dir='ltr'><strong>enim</strong></span> <span class='ocrx_word' id='word_1_151' title='bbox 763 2127 985 2198; x_wconf 84' lang='lat' dir='ltr'><strong>potestis</strong></span> <span class='ocrx_word' id='word_1_152' title='bbox 1011 2127 1236 2181; x_wconf 88' lang='lat' dir='ltr'><strong>instrui:</strong></span> <span class='ocrx_word' id='word_1_153' title='bbox 1263 2141 1332 2180; x_wconf 92' lang='lat' dir='ltr'><strong>ne</strong></span> <span class='ocrx_word' id='word_1_154' title='bbox 1363 2123 1617 2194; x_wconf 84' lang='lat' dir='ltr'><strong>subrepat</strong></span> <span class='ocrx_word' id='word_1_155' title='bbox 1640 2123 1791 2178; x_wconf 87' lang='lat' dir='ltr'><strong>vobis</strong></span> <span class='ocrx_word' id='word_1_156' title='bbox 1819 2133 2053 2191; x_wconf 85' lang='lat' dir='ltr'><strong>satanas,</strong></span> 
     </span>
    </p>
   </div>
   <div class='ocr_carea' id='block_1_21' title="bbox 467 2217 2056 2292">
    <p class='ocr_par' dir='ltr' id='par_1_21' title="bbox 467 2217 2056 2292">
     <span class='ocr_line' id='line_1_21' title="bbox 467 2217 2056 2292; baseline -0.004 -16"><span class='ocrx_word' id='word_1_157' title='bbox 467 2221 653 2276; x_wconf 84' lang='lat' dir='ltr'><strong>dicens</strong></span> <span class='ocrx_word' id='word_1_158' title='bbox 683 2221 824 2292; x_wconf 91' lang='lat' dir='ltr'><strong>quod</strong></span> <span class='ocrx_word' id='word_1_159' title='bbox 868 2219 1006 2275; x_wconf 88' lang='lat' dir='ltr'><strong>solet</strong></span> <span class='ocrx_word' id='word_1_160' title='bbox 1047 2219 1248 2286; x_wconf 89' lang='lat' dir='ltr'><strong>dicere,</strong></span> <span class='ocrx_word' id='word_1_161' title='bbox 1281 2219 1426 2273; x_wconf 87' lang='lat' dir='ltr'><strong>Bene</strong></span> <span class='ocrx_word' id='word_1_162' title='bbox 1454 2217 1606 2288; x_wconf 87' lang='lat' dir='ltr'><strong>vobis</strong></span> <span class='ocrx_word' id='word_1_163' title='bbox 1634 2218 1704 2272; x_wconf 89' lang='lat' dir='ltr'><strong>sit</strong></span> <span class='ocrx_word' id='word_1_164' title='bbox 1732 2217 1784 2270; x_wconf 89' lang='lat' dir='ltr'><strong>in</strong></span> <span class='ocrx_word' id='word_1_165' title='bbox 1814 2225 2056 2271; x_wconf 87' lang='lat' dir='ltr'><strong>creatura</strong></span> 
     </span>
    </p>
   </div>
   <div class='ocr_carea' id='block_1_22' title="bbox 469 2307 2059 2386">
    <p class='ocr_par' dir='ltr' id='par_1_22' title="bbox 469 2307 2059 2386">
     <span class='ocr_line' id='line_1_22' title="bbox 469 2307 2059 2386; baseline -0.006 -18"><span class='ocrx_word' id='word_1_166' title='bbox 469 2312 599 2378; x_wconf 90' lang='lat' dir='ltr'><strong>Dei;</strong></span> <span class='ocrx_word' id='word_1_167' title='bbox 631 2329 796 2382; x_wconf 87' lang='lat' dir='ltr'><strong>quare</strong></span> <span class='ocrx_word' id='word_1_168' title='bbox 841 2312 926 2366; x_wconf 90' lang='lat' dir='ltr'><strong>illa</strong></span> <span class='ocrx_word' id='word_1_169' title='bbox 959 2311 1102 2376; x_wconf 79' lang='lat' dir='ltr'><strong>fecit,</strong></span> <span class='ocrx_word' id='word_1_170' title='bbox 1150 2309 1252 2363; x_wconf 87' lang='lat' dir='ltr'><strong>nisi</strong></span> <span class='ocrx_word' id='word_1_171' title='bbox 1291 2317 1349 2362; x_wconf 86' lang='lat' dir='ltr'><strong>ut</strong></span> <span class='ocrx_word' id='word_1_172' title='bbox 1381 2309 1516 2364; x_wconf 86' lang='lat' dir='ltr'><strong>bene</strong></span> <span class='ocrx_word' id='word_1_173' title='bbox 1555 2307 1706 2362; x_wconf 83' lang='lat' dir='ltr'><strong>vobis</strong></span> <span class='ocrx_word' id='word_1_174' title='bbox 1743 2307 1847 2380; x_wconf 86' lang='lat' dir='ltr'><strong>sit?</strong></span> <span class='ocrx_word' id='word_1_175' title='bbox 1877 2307 1943 2360; x_wconf 86' lang='lat' dir='ltr'><strong>Et</strong></span> <span class='ocrx_word' id='word_1_176' title='bbox 1978 2307 2059 2386; x_wconf 78' lang='lat' dir='ltr'><strong>in-</strong></span> 
     </span>
    </p>
   </div>
   <div class='ocr_carea' id='block_1_23' title="bbox 469 2399 2053 2474">
    <p class='ocr_par' dir='ltr' id='par_1_23' title="bbox 469 2399 2053 2474">
     <span class='ocr_line' id='line_1_23' title="bbox 469 2399 2053 2474; baseline -0.006 -14"><span class='ocrx_word' id='word_1_177' title='bbox 469 2405 758 2470; x_wconf 82' lang='lat' dir='ltr'><strong>ebriantur,</strong></span> <span class='ocrx_word' id='word_1_178' title='bbox 780 2411 832 2459; x_wconf 89' lang='lat' dir='ltr'><strong>et</strong></span> <span class='ocrx_word' id='word_1_179' title='bbox 844 2411 1089 2474; x_wconf 87' lang='lat' dir='ltr'><strong>pereunt,</strong></span> <span class='ocrx_word' id='word_1_180' title='bbox 1108 2400 1552 2456; x_wconf 85' lang='lat' dir='ltr'><strong>etobiiviscuntur</strong></span> <span class='ocrx_word' id='word_1_181' title='bbox 1562 2399 1864 2453; x_wconf 90' lang='lat' dir='ltr'><strong>Creatorem</strong></span> <span class='ocrx_word' id='word_1_182' title='bbox 1877 2411 2053 2452; x_wconf 88' lang='lat' dir='ltr'><strong>suum:</strong></span> 
     </span>
    </p>
   </div>
   <div class='ocr_carea' id='block_1_24' title="bbox 463 2489 2053 2565">
    <p class='ocr_par' dir='ltr' id='par_1_24' title="bbox 463 2489 2053 2565">
     <span class='ocr_line' id='line_1_24' title="bbox 463 2489 2053 2565; baseline -0.006 -12"><span class='ocrx_word' id='word_1_183' title='bbox 463 2497 596 2553; x_wconf 87' lang='lat' dir='ltr'><strong>dum</strong></span> <span class='ocrx_word' id='word_1_184' title='bbox 639 2511 743 2552; x_wconf 91' lang='lat' dir='ltr'><strong>non</strong></span> <span class='ocrx_word' id='word_1_185' title='bbox 795 2503 1172 2565; x_wconf 85' lang='lat' dir='ltr'><strong>temperanter,</strong></span> <span class='ocrx_word' id='word_1_186' title='bbox 1217 2493 1312 2564; x_wconf 86' lang='lat' dir='ltr'><strong>sed</strong></span> <span class='ocrx_word' id='word_1_187' title='bbox 1350 2491 1538 2562; x_wconf 88' lang='lat' dir='ltr'><strong>cupide</strong></span> <span class='ocrx_word' id='word_1_188' title='bbox 1583 2499 1800 2546; x_wconf 89' lang='lat' dir='ltr'><strong>uttmtur</strong></span> <span class='ocrx_word' id='word_1_189' title='bbox 1838 2489 2053 2558; x_wconf 88' lang='lat' dir='ltr'><strong>creatis,</strong></span> 
     </span>
    </p>
   </div>
   <div class='ocr_carea' id='block_1_25' title="bbox 465 2579 2055 2652">
    <p class='ocr_par' dir='ltr' id='par_1_25' title="bbox 465 2579 2055 2652">
     <span class='ocr_line' id='line_1_25' title="bbox 465 2579 2055 2652; baseline -0.006 -8"><span class='ocrx_word' id='word_1_190' title='bbox 465 2589 690 2644; x_wconf 88' lang='lat' dir='ltr'><strong>Creator</strong></span> <span class='ocrx_word' id='word_1_191' title='bbox 713 2586 1090 2644; x_wconf 86' lang='lat' dir='ltr'><strong>contemnitur.</strong></span> <span class='ocrx_word' id='word_1_192' title='bbox 1121 2585 1199 2639; x_wconf 89' lang='lat' dir='ltr'><strong>De</strong></span> <span class='ocrx_word' id='word_1_193' title='bbox 1227 2584 1421 2638; x_wconf 91' lang='lat' dir='ltr'><strong>talibus</strong></span> <span class='ocrx_word' id='word_1_194' title='bbox 1449 2583 1577 2652; x_wconf 81' lang='lat' dir='ltr'><strong>dicit</strong></span> <span class='ocrx_word' id='word_1_195' title='bbox 1605 2581 1924 2650; x_wconf 85' lang='lat' dir='ltr'><strong>Apostolus:</strong></span> <span class='ocrx_word' id='word_1_196' title='bbox 1954 2579 2055 2634; x_wconf 88' lang='lat' dir='ltr'><strong>Co-</strong></span> 
     </span>
    </p>
   </div>
   <div class='ocr_carea' id='block_1_26' title="bbox 465 2671 2056 2742">
    <p class='ocr_par' dir='ltr' id='par_1_26' title="bbox 465 2671 2056 2742">
     <span class='ocr_line' id='line_1_26' title="bbox 465 2671 2056 2742; baseline -0.006 -10"><span class='ocrx_word' id='word_1_197' title='bbox 465 2679 672 2733; x_wconf 78' lang='lat' dir='ltr'><strong>luerunt</strong></span> <span class='ocrx_word' id='word_1_198' title='bbox 695 2687 740 2731; x_wconf 86' lang='lat' dir='ltr'><strong>et</strong></span> <span class='ocrx_word' id='word_1_199' title='bbox 769 2677 1040 2730; x_wconf 75' lang='lat' dir='ltr'><strong>servierunt</strong></span> <span class='ocrx_word' id='word_1_200' title='bbox 1063 2681 1306 2728; x_wconf 75' lang='lat' dir='ltr'><strong>creatura:</strong></span> <span class='ocrx_word' id='word_1_201' title='bbox 1329 2671 1498 2742; x_wconf 72' lang='lat' dir='ltr'><strong>potius</strong></span> <span class='ocrx_word' id='word_1_202' title='bbox 1515 2687 1665 2740; x_wconf 84' lang='lat' dir='ltr'><strong>quam</strong></span> <span class='ocrx_word' id='word_1_203' title='bbox 1694 2671 1935 2734; x_wconf 78' lang='lat' dir='ltr'><strong>Creatori,</strong></span> <span class='ocrx_word' id='word_1_204' title='bbox 1968 2671 2056 2739; x_wconf 89' lang='lat' dir='ltr'><strong>qui</strong></span> 
     </span>
    </p>
   </div>
   <div class='ocr_carea' id='block_1_27' title="bbox 465 2759 2058 2836">
    <p class='ocr_par' dir='ltr' id='par_1_27' title="bbox 465 2759 2058 2836">
     <span class='ocr_line' id='line_1_27' title="bbox 465 2759 2058 2836; baseline -0.006 -12"><span class='ocrx_word' id='word_1_205' title='bbox 465 2778 538 2824; x_wconf 83' lang='lat' dir='ltr'><strong>est</strong></span> <span class='ocrx_word' id='word_1_206' title='bbox 557 2769 840 2824; x_wconf 77' lang='lat' dir='ltr'><strong>benedictus</strong></span> <span class='ocrx_word' id='word_1_207' title='bbox 867 2769 922 2821; x_wconf 85' lang='lat' dir='ltr'><strong>in</strong></span> <span class='ocrx_word' id='word_1_208' title='bbox 953 2766 1142 2822; x_wconf 64' lang='lat' dir='ltr'><strong>sarcula</strong></span> <span class='ocrx_word' id='word_1_209' title='bbox 1170 2765 1344 2836; x_wconf 83' lang='lat' dir='ltr'><strong>(Rom.</strong></span> <span class='ocrx_word' id='word_1_210' title='bbox 1371 2779 1409 2831; x_wconf 89' lang='grc' dir='ltr'><strong>ι,</strong></span> <span class='ocrx_word' id='word_1_211' title='bbox 1439 2761 1554 2836; x_wconf 71' lang='grc'><strong>25).</strong></span> <span class='ocrx_word' id='word_1_212' title='bbox 1585 2761 1701 2816; x_wconf 86' lang='lat' dir='ltr'><strong>Non</strong></span> <span class='ocrx_word' id='word_1_213' title='bbox 1734 2769 1784 2816; x_wconf 83' lang='lat' dir='ltr'><strong>te</strong></span> <span class='ocrx_word' id='word_1_214' title='bbox 1813 2759 2058 2830; x_wconf 86' lang='lat' dir='ltr'><strong>prohibet</strong></span> 
     </span>
    </p>
   </div>
   <div class='ocr_carea' id='block_1_28' title="bbox 463 2847 2050 2926">
    <p class='ocr_par' dir='ltr' id='par_1_28' title="bbox 463 2847 2050 2926">
     <span class='ocr_line' id='line_1_28' title="bbox 463 2847 2050 2926; baseline -0.007 -10"><span class='ocrx_word' id='word_1_215' title='bbox 463 2859 612 2916; x_wconf 84' lang='lat' dir='ltr'><strong>Deus</strong></span> <span class='ocrx_word' id='word_1_216' title='bbox 638 2875 818 2914; x_wconf 84' lang='lat' dir='ltr'><strong>amare</strong></span> <span class='ocrx_word' id='word_1_217' title='bbox 847 2860 965 2926; x_wconf 90' lang='lat' dir='ltr'><strong>ista,</strong></span> <span class='ocrx_word' id='word_1_218' title='bbox 997 2856 1096 2912; x_wconf 90' lang='lat' dir='ltr'><strong>sed</strong></span> <span class='ocrx_word' id='word_1_219' title='bbox 1123 2871 1230 2912; x_wconf 90' lang='lat' dir='ltr'><strong>non</strong></span> <span class='ocrx_word' id='word_1_220' title='bbox 1260 2854 1482 2925; x_wconf 83' lang='lat' dir='ltr'><strong>diligere</strong></span> <span class='ocrx_word' id='word_1_221' title='bbox 1528 2853 1594 2906; x_wconf 88' lang='lat' dir='ltr'><strong>ad</strong></span> <span class='ocrx_word' id='word_1_222' title='bbox 1633 2847 2050 2918; x_wconf 85' lang='lat' dir='ltr'><strong>beatitudinem;</strong></span> 
     </span>
    </p>
   </div>
   <div class='ocr_carea' id='block_1_29' title="bbox 465 2943 2055 3022">
    <p class='ocr_par' dir='ltr' id='par_1_29' title="bbox 465 2943 2055 3022">
     <span class='ocr_line' id='line_1_29' title="bbox 465 2943 2055 3022; baseline -0.007 -14"><span class='ocrx_word' id='word_1_223' title='bbox 465 2953 560 3008; x_wconf 91' lang='lat' dir='ltr'><strong>sed</strong></span> <span class='ocrx_word' id='word_1_224' title='bbox 591 2951 888 3022; x_wconf 82' lang='lat' dir='ltr'><strong>approbare</strong></span> <span class='ocrx_word' id='word_1_225' title='bbox 909 2957 964 3005; x_wconf 88' lang='lat' dir='ltr'><strong>et</strong></span> <span class='ocrx_word' id='word_1_226' title='bbox 987 2947 1206 3003; x_wconf 86' lang='lat' dir='ltr'><strong>laudare</strong></span> <span class='ocrx_word' id='word_1_227' title='bbox 1235 2955 1292 3002; x_wconf 90' lang='lat' dir='ltr'><strong>ut</strong></span> <span class='ocrx_word' id='word_1_228' title='bbox 1315 2959 1463 3000; x_wconf 88' lang='lat' dir='ltr'><strong>ames</strong></span> <span class='ocrx_word' id='word_1_229' title='bbox 1500 2943 1827 2999; x_wconf 83' lang='lat' dir='ltr'><strong>Creatorem.</strong></span> <span class='ocrx_word' id='word_1_230' title='bbox 1862 2943 2055 3010; x_wconf 85' lang='lat' dir='ltr'><strong>Quem-</strong></span> 
     </span>
    </p>
   </div>
   <div class='ocr_carea' id='block_1_30' title="bbox 463 3039 2056 3112">
    <p class='ocr_par' dir='ltr' id='par_1_30' title="bbox 463 3039 2056 3112">
     <span class='ocr_line' id='line_1_30' title="bbox 463 3039 2056 3112; baseline -0.009 -10"><span class='ocrx_word' id='word_1_231' title='bbox 463 3045 774 3112; x_wconf 86' lang='lat' dir='ltr'><strong>admodum,</strong></span> <span class='ocrx_word' id='word_1_232' title='bbox 807 3044 1020 3110; x_wconf 79' lang='lat' dir='ltr'><strong>fratres,</strong></span> <span class='ocrx_word' id='word_1_233' title='bbox 1051 3041 1096 3096; x_wconf 84' lang='lat' dir='ltr'><strong>si</strong></span> <span class='ocrx_word' id='word_1_234' title='bbox 1125 3053 1353 3110; x_wconf 87' lang='lat' dir='ltr'><strong>sponsus</strong></span> <span class='ocrx_word' id='word_1_235' title='bbox 1377 3039 1575 3092; x_wconf 85' lang='lat' dir='ltr'><strong>faceret</strong></span> <span class='ocrx_word' id='word_1_236' title='bbox 1603 3051 1814 3106; x_wconf 83' lang='lat' dir='ltr'><strong>sponsae</strong></span> <span class='ocrx_word' id='word_1_237' title='bbox 1834 3049 1943 3089; x_wconf 67' lang='lat' dir='ltr'><strong>sua:</strong></span> <span class='ocrx_word' id='word_1_238' title='bbox 1969 3049 2056 3088; x_wconf 90' lang='lat' dir='ltr'><strong>an-</strong></span> 
     </span>
    </p>
   </div>
   <div class='ocr_carea' id='block_1_31' title="bbox 465 3128 2053 3204">
    <p class='ocr_par' dir='ltr' id='par_1_31' title="bbox 465 3128 2053 3204">
     <span class='ocr_line' id='line_1_31' title="bbox 465 3128 2053 3204; baseline -0.007 -12"><span class='ocrx_word' id='word_1_239' title='bbox 465 3137 673 3203; x_wconf 88' lang='lat' dir='ltr'><strong>nulum,</strong></span> <span class='ocrx_word' id='word_1_240' title='bbox 701 3143 754 3190; x_wconf 89' lang='lat' dir='ltr'><strong>et</strong></span> <span class='ocrx_word' id='word_1_241' title='bbox 777 3136 1167 3204; x_wconf 75' lang='lat' dir='ltr'><strong>illaacceptum</strong></span> <span class='ocrx_word' id='word_1_242' title='bbox 1193 3130 1443 3185; x_wconf 88' lang='lat' dir='ltr'><strong>annulum</strong></span> <span class='ocrx_word' id='word_1_243' title='bbox 1481 3129 1600 3200; x_wconf 89' lang='lat' dir='ltr'><strong>plus</strong></span> <span class='ocrx_word' id='word_1_244' title='bbox 1625 3128 1868 3198; x_wconf 85' lang='lat' dir='ltr'><strong>diligeret</strong></span> <span class='ocrx_word' id='word_1_245' title='bbox 1895 3143 2053 3198; x_wconf 86' lang='lat' dir='ltr'><strong>quam</strong></span> 
     </span>
    </p>
   </div>
   <div class='ocr_carea' id='block_1_32' title="bbox 465 3219 2054 3300">
    <p class='ocr_par' dir='ltr' id='par_1_32' title="bbox 465 3219 2054 3300">
     <span class='ocr_line' id='line_1_32' title="bbox 465 3219 2054 3300; baseline -0.008 -14"><span class='ocrx_word' id='word_1_246' title='bbox 465 3244 724 3300; x_wconf 87' lang='lat' dir='ltr'><strong>sponsum</strong></span> <span class='ocrx_word' id='word_1_247' title='bbox 761 3228 848 3299; x_wconf 87' lang='lat' dir='ltr'><strong>qui</strong></span> <span class='ocrx_word' id='word_1_248' title='bbox 877 3225 952 3280; x_wconf 79' lang='lat' dir='ltr'><strong>iiii</strong></span> <span class='ocrx_word' id='word_1_249' title='bbox 993 3225 1117 3280; x_wconf 81' lang='lat' dir='ltr'><strong>fecit</strong></span> <span class='ocrx_word' id='word_1_250' title='bbox 1158 3225 1444 3288; x_wconf 88' lang='lat' dir='ltr'><strong>annulum;</strong></span> <span class='ocrx_word' id='word_1_251' title='bbox 1479 3237 1654 3276; x_wconf 89' lang='lat' dir='ltr'><strong>nonne</strong></span> <span class='ocrx_word' id='word_1_252' title='bbox 1681 3222 1734 3274; x_wconf 89' lang='lat' dir='ltr'><strong>in</strong></span> <span class='ocrx_word' id='word_1_253' title='bbox 1765 3221 1878 3290; x_wconf 90' lang='lat' dir='ltr'><strong>ipso</strong></span> <span class='ocrx_word' id='word_1_254' title='bbox 1913 3219 2054 3274; x_wconf 92' lang='lat' dir='ltr'><strong>dono</strong></span> 
     </span>
    </p>
   </div>
   <div class='ocr_carea' id='block_1_33' title="bbox 465 3312 2056 3392">
    <p class='ocr_par' dir='ltr' id='par_1_33' title="bbox 465 3312 2056 3392">
     <span class='ocr_line' id='line_1_33' title="bbox 465 3312 2056 3392; baseline -0.009 -12"><span class='ocrx_word' id='word_1_255' title='bbox 465 3321 656 3392; x_wconf 77' lang='lat' dir='ltr'><strong>sponsi</strong></span> <span class='ocrx_word' id='word_1_256' title='bbox 683 3321 920 3376; x_wconf 86' lang='lat' dir='ltr'><strong>adultera</strong></span> <span class='ocrx_word' id='word_1_257' title='bbox 950 3318 1122 3372; x_wconf 88' lang='lat' dir='ltr'><strong>anima</strong></span> <span class='ocrx_word' id='word_1_258' title='bbox 1153 3313 1662 3386; x_wconf 89' lang='lat' dir='ltr'><strong>deprehenderetur,</strong></span> <span class='ocrx_word' id='word_1_259' title='bbox 1693 3314 1932 3384; x_wconf 85' lang='lat' dir='ltr'><strong>quamvis</strong></span> <span class='ocrx_word' id='word_1_260' title='bbox 1953 3312 2056 3374; x_wconf 72' lang='lat' dir='ltr'><strong>hoc</strong></span> 
     </span>
    </p>
   </div>
   <div class='ocr_carea' id='block_1_34' title="bbox 463 3405 2054 3486">
    <p class='ocr_par' dir='ltr' id='par_1_34' title="bbox 463 3405 2054 3486">
     <span class='ocr_line' id='line_1_34' title="bbox 463 3405 2054 3486; baseline -0.009 -15"><span class='ocrx_word' id='word_1_261' title='bbox 463 3425 676 3471; x_wconf 79' lang='lat' dir='ltr'><strong>amaret</strong></span> <span class='ocrx_word' id='word_1_262' title='bbox 699 3413 841 3486; x_wconf 88' lang='lat' dir='ltr'><strong>quod</strong></span> <span class='ocrx_word' id='word_1_263' title='bbox 869 3412 1012 3468; x_wconf 87' lang='lat' dir='ltr'><strong>dedit</strong></span> <span class='ocrx_word' id='word_1_264' title='bbox 1037 3411 1298 3483; x_wconf 91' lang='lat' dir='ltr'><strong>sponsus?</strong></span> <span class='ocrx_word' id='word_1_265' title='bbox 1333 3409 1488 3465; x_wconf 89' lang='lat' dir='ltr'><strong>Certe</strong></span> <span class='ocrx_word' id='word_1_266' title='bbox 1527 3408 1630 3462; x_wconf 89' lang='lat' dir='ltr'><strong>hoc</strong></span> <span class='ocrx_word' id='word_1_267' title='bbox 1668 3415 1872 3461; x_wconf 86' lang='lat' dir='ltr'><strong>amaret</strong></span> <span class='ocrx_word' id='word_1_268' title='bbox 1911 3405 2054 3476; x_wconf 91' lang='lat' dir='ltr'><strong>quod</strong></span> 
     </span>
    </p>
   </div>
   <div class='ocr_carea' id='block_1_35' title="bbox 465 3499 2055 3579">
    <p class='ocr_par' dir='ltr' id='par_1_35' title="bbox 465 3499 2055 3579">
     <span class='ocr_line' id='line_1_35' title="bbox 465 3499 2055 3579; baseline -0.008 -14"><span class='ocrx_word' id='word_1_269' title='bbox 465 3509 616 3565; x_wconf 87' lang='lat' dir='ltr'><strong>dedit</strong></span> <span class='ocrx_word' id='word_1_270' title='bbox 643 3523 868 3579; x_wconf 87' lang='lat' dir='ltr'><strong>sponsus</strong></span> <span class='ocrx_word' id='word_1_271' title='bbox 892 3525 904 3560; x_wconf 92' lang='lat'><strong>:</strong></span> <span class='ocrx_word' id='word_1_272' title='bbox 927 3518 1102 3562; x_wconf 87' lang='lat' dir='ltr'><strong>tamen</strong></span> <span class='ocrx_word' id='word_1_273' title='bbox 1123 3506 1170 3560; x_wconf 88' lang='lat' dir='ltr'><strong>si</strong></span> <span class='ocrx_word' id='word_1_274' title='bbox 1191 3505 1414 3570; x_wconf 89' lang='lat' dir='ltr'><strong>diceret,</strong></span> <span class='ocrx_word' id='word_1_275' title='bbox 1443 3501 1646 3558; x_wconf 81' lang='lat' dir='ltr'><strong>Sufﬁcit</strong></span> <span class='ocrx_word' id='word_1_276' title='bbox 1668 3499 1796 3554; x_wconf 88' lang='lat' dir='ltr'><strong>mihi</strong></span> <span class='ocrx_word' id='word_1_277' title='bbox 1827 3501 2055 3554; x_wconf 89' lang='lat' dir='ltr'><strong>annulus</strong></span> 
     </span>
    </p>
   </div>
   <div class='ocr_carea' id='block_1_36' title="bbox 466 3589 2054 3672">
    <p class='ocr_par' dir='ltr' id='par_1_36' title="bbox 466 3589 2054 3672">
     <span class='ocr_line' id='line_1_36' title="bbox 466 3589 2054 3672; baseline -0.008 -15"><span class='ocrx_word' id='word_1_278' title='bbox 466 3601 590 3670; x_wconf 84' lang='lat' dir='ltr'><strong>iste,</strong></span> <span class='ocrx_word' id='word_1_279' title='bbox 614 3601 722 3671; x_wconf 74' lang='lat' dir='ltr'><strong>iam</strong></span> <span class='ocrx_word' id='word_1_280' title='bbox 751 3600 894 3655; x_wconf 89' lang='lat' dir='ltr'><strong>illius</strong></span> <span class='ocrx_word' id='word_1_281' title='bbox 921 3599 1108 3672; x_wconf 74' lang='lat' dir='ltr'><strong>faciem</strong></span> <span class='ocrx_word' id='word_1_282' title='bbox 1139 3595 1264 3650; x_wconf 89' lang='lat' dir='ltr'><strong>nolo</strong></span> <span class='ocrx_word' id='word_1_283' title='bbox 1289 3595 1500 3658; x_wconf 88' lang='lat' dir='ltr'><strong>videre;</strong></span> <span class='ocrx_word' id='word_1_284' title='bbox 1529 3591 1704 3662; x_wconf 82' lang='lat' dir='ltr'><strong>qualis</strong></span> <span class='ocrx_word' id='word_1_285' title='bbox 1727 3591 1906 3645; x_wconf 89' lang='lat' dir='ltr'><strong>esset?</strong></span> <span class='ocrx_word' id='word_1_286' title='bbox 1926 3589 2054 3658; x_wconf 88' lang='lat' dir='ltr'><strong>Quis</strong></span> 
     </span>
    </p>
   </div>
   <div class='ocr_carea' id='block_1_37' title="bbox 465 3681 2050 3763">
    <p class='ocr_par' dir='ltr' id='par_1_37' title="bbox 465 3681 2050 3763">
     <span class='ocr_line' id='line_1_37' title="bbox 465 3681 2050 3763; baseline -0.009 -14"><span class='ocrx_word' id='word_1_287' title='bbox 465 3709 575 3763; x_wconf 83' lang='lat' dir='ltr'><strong>non</strong></span> <span class='ocrx_word' id='word_1_288' title='bbox 607 3691 956 3748; x_wconf 86' lang='lat' dir='ltr'><strong>detestaretur</strong></span> <span class='ocrx_word' id='word_1_289' title='bbox 999 3689 1138 3742; x_wconf 88' lang='lat' dir='ltr'><strong>hanc</strong></span> <span class='ocrx_word' id='word_1_290' title='bbox 1170 3683 1488 3741; x_wconf 87' lang='lat' dir='ltr'><strong>amentiam?</strong></span> <span class='ocrx_word' id='word_1_291' title='bbox 1516 3681 1635 3763; x_wconf 84' lang='lat' dir='ltr'><strong>quis</strong></span> <span class='ocrx_word' id='word_1_292' title='bbox 1663 3695 1765 3734; x_wconf 92' lang='lat' dir='ltr'><strong>non</strong></span> <span class='ocrx_word' id='word_1_293' title='bbox 1797 3681 2050 3734; x_wconf 88' lang='lat' dir='ltr'><strong>adulteri-</strong></span> 
     </span>
    </p>
   </div>
   <div class='ocr_carea' id='block_1_38' title="bbox 465 3761 2054 3844">
    <p class='ocr_par' dir='ltr' id='par_1_38' title="bbox 465 3761 2054 3844">
     <span class='ocr_line' id='line_1_38' title="bbox 465 3761 2054 3844; baseline -0.01 -3"><span class='ocrx_word' id='word_1_294' title='bbox 465 3761 595 3840; x_wconf 85' lang='lat' dir='ltr'><strong>num</strong></span> <span class='ocrx_word' id='word_1_295' title='bbox 611 3784 844 3839; x_wconf 88' lang='lat' dir='ltr'><strong>animum</strong></span> <span class='ocrx_word' id='word_1_296' title='bbox 862 3779 1232 3836; x_wconf 79' lang='lat' dir='ltr'><strong>convinceret?</strong></span> <span class='ocrx_word' id='word_1_297' title='bbox 1247 3778 1412 3832; x_wconf 91' lang='lat' dir='ltr'><strong>Amas</strong></span> <span class='ocrx_word' id='word_1_298' title='bbox 1433 3761 1618 3828; x_wconf 78' lang='lat' dir='ltr'><strong>aurum</strong></span> <span class='ocrx_word' id='word_1_299' title='bbox 1638 3787 1731 3844; x_wconf 91' lang='lat' dir='ltr'><strong>pro</strong></span> <span class='ocrx_word' id='word_1_300' title='bbox 1751 3773 1885 3839; x_wconf 91' lang='lat' dir='ltr'><strong>viro,</strong></span> <span class='ocrx_word' id='word_1_301' title='bbox 1905 3787 2054 3826; x_wconf 86' lang='lat' dir='ltr'><strong>amas</strong></span> 
     </span>
    </p>
   </div>
   <div class='ocr_carea' id='block_1_39' title="bbox 467 3867 2051 3948">
    <p class='ocr_par' dir='ltr' id='par_1_39' title="bbox 467 3867 2051 3948">
     <span class='ocr_line' id='line_1_39' title="bbox 467 3867 2051 3948; baseline -0.009 -16"><span class='ocrx_word' id='word_1_302' title='bbox 467 3877 723 3948; x_wconf 87' lang='lat' dir='ltr'><strong>annulum</strong></span> <span class='ocrx_word' id='word_1_303' title='bbox 755 3889 850 3945; x_wconf 92' lang='lat' dir='ltr'><strong>pro</strong></span> <span class='ocrx_word' id='word_1_304' title='bbox 880 3887 1112 3944; x_wconf 88' lang='lat' dir='ltr'><strong>sponso:</strong></span> <span class='ocrx_word' id='word_1_305' title='bbox 1143 3871 1187 3924; x_wconf 88' lang='lat' dir='ltr'><strong>si</strong></span> <span class='ocrx_word' id='word_1_306' title='bbox 1214 3869 1316 3924; x_wconf 91' lang='lat' dir='ltr'><strong>hoc</strong></span> <span class='ocrx_word' id='word_1_307' title='bbox 1340 3867 1496 3922; x_wconf 90' lang='lat' dir='ltr'><strong>estin</strong></span> <span class='ocrx_word' id='word_1_308' title='bbox 1527 3875 1596 3932; x_wconf 89' lang='lat' dir='ltr'><strong>te,</strong></span> <span class='ocrx_word' id='word_1_309' title='bbox 1626 3873 1682 3918; x_wconf 91' lang='lat' dir='ltr'><strong>ut</strong></span> <span class='ocrx_word' id='word_1_310' title='bbox 1710 3880 1855 3918; x_wconf 90' lang='lat' dir='ltr'><strong>ames</strong></span> <span class='ocrx_word' id='word_1_311' title='bbox 1882 3880 2051 3940; x_wconf 84' lang='lat' dir='ltr'><strong>annu-</strong></span> 
     </span>
    </p>
   </div>
   <div class='ocr_carea' id='block_1_40' title="bbox 467 3959 2048 4038">
    <p class='ocr_par' dir='ltr' id='par_1_40' title="bbox 467 3959 2048 4038">
     <span class='ocr_line' id='line_1_40' title="bbox 467 3959 2048 4038; baseline -0.01 -14"><span class='ocrx_word' id='word_1_312' title='bbox 467 3969 579 4024; x_wconf 89' lang='lat' dir='ltr'><strong>lum</strong></span> <span class='ocrx_word' id='word_1_313' title='bbox 605 3983 703 4038; x_wconf 91' lang='lat' dir='ltr'><strong>pro</strong></span> <span class='ocrx_word' id='word_1_314' title='bbox 731 3981 928 4036; x_wconf 92' lang='lat' dir='ltr'><strong>sponso</strong></span> <span class='ocrx_word' id='word_1_315' title='bbox 959 3973 1068 4028; x_wconf 91' lang='lat' dir='ltr'><strong>tuo,</strong></span> <span class='ocrx_word' id='word_1_316' title='bbox 1098 3969 1151 4018; x_wconf 88' lang='lat' dir='ltr'><strong>et</strong></span> <span class='ocrx_word' id='word_1_317' title='bbox 1181 3961 1317 4017; x_wconf 92' lang='lat' dir='ltr'><strong>nolis</strong></span> <span class='ocrx_word' id='word_1_318' title='bbox 1341 3959 1522 4015; x_wconf 90' lang='lat' dir='ltr'><strong>videre</strong></span> <span class='ocrx_word' id='word_1_319' title='bbox 1567 3971 1822 4027; x_wconf 88' lang='lat' dir='ltr'><strong>sponsum</strong></span> <span class='ocrx_word' id='word_1_320' title='bbox 1869 3965 2012 4010; x_wconf 90' lang='lat' dir='ltr'><strong>tuum</strong></span> <span class='ocrx_word' id='word_1_321' title='bbox 2029 3973 2048 4034; x_wconf 27' lang='lat'><strong>.;</strong></span> 
     </span>
    </p>
   </div>
   <div class='ocr_carea' id='block_1_41' title="bbox 468 4045 2051 4119">
    <p class='ocr_par' dir='ltr' id='par_1_41' title="bbox 468 4045 2051 4119">
     <span class='ocr_line' id='line_1_41' title="bbox 468 4045 2051 4119; baseline -0.009 -6"><span class='ocrx_word' id='word_1_322' title='bbox 468 4059 538 4113; x_wconf 89' lang='lat' dir='ltr'><strong>ad</strong></span> <span class='ocrx_word' id='word_1_323' title='bbox 563 4057 664 4111; x_wconf 88' lang='lat' dir='ltr'><strong>hoc</strong></span> <span class='ocrx_word' id='word_1_324' title='bbox 687 4058 778 4112; x_wconf 89' lang='lat' dir='ltr'><strong>tibi</strong></span> <span class='ocrx_word' id='word_1_325' title='bbox 806 4055 1017 4109; x_wconf 88' lang='lat' dir='ltr'><strong>arrham</strong></span> <span class='ocrx_word' id='word_1_326' title='bbox 1045 4053 1209 4119; x_wconf 89' lang='lat' dir='ltr'><strong>dedit,</strong></span> <span class='ocrx_word' id='word_1_327' title='bbox 1239 4061 1296 4107; x_wconf 89' lang='lat' dir='ltr'><strong>ut</strong></span> <span class='ocrx_word' id='word_1_328' title='bbox 1325 4065 1430 4106; x_wconf 88' lang='lat' dir='ltr'><strong>non</strong></span> <span class='ocrx_word' id='word_1_329' title='bbox 1463 4059 1515 4105; x_wconf 91' lang='lat' dir='ltr'><strong>te</strong></span> <span class='ocrx_word' id='word_1_330' title='bbox 1541 4049 1929 4119; x_wconf 82' lang='lat' dir='ltr'><strong>oppigneraret,</strong></span> <span class='ocrx_word' id='word_1_331' title='bbox 1958 4045 2051 4102; x_wconf 85' lang='lat' dir='ltr'><strong>sed</strong></span> 
     </span>
    </p>
   </div>
   <div class='ocr_carea' id='block_1_42' title="bbox 469 4135 2051 4222">
    <p class='ocr_par' dir='ltr' id='par_1_42' title="bbox 469 4135 2051 4222">
     <span class='ocr_line' id='line_1_42' title="bbox 469 4135 2051 4222; baseline -0.009 -19"><span class='ocrx_word' id='word_1_332' title='bbox 469 4153 755 4204; x_wconf 86' lang='lat' dir='ltr'><strong>averteret.</strong></span> <span class='ocrx_word' id='word_1_333' title='bbox 802 4143 884 4198; x_wconf 90' lang='lat' dir='ltr'><strong>Ad</strong></span> <span class='ocrx_word' id='word_1_334' title='bbox 929 4144 1033 4198; x_wconf 91' lang='lat' dir='ltr'><strong>hoc</strong></span> <span class='ocrx_word' id='word_1_335' title='bbox 1073 4143 1254 4222; x_wconf 80' lang='lat' dir='ltr'><strong>utique</strong></span> <span class='ocrx_word' id='word_1_336' title='bbox 1281 4141 1494 4195; x_wconf 89' lang='lat' dir='ltr'><strong>arrham</strong></span> <span class='ocrx_word' id='word_1_337' title='bbox 1524 4139 1614 4192; x_wconf 89' lang='lat' dir='ltr'><strong>dat</strong></span> <span class='ocrx_word' id='word_1_338' title='bbox 1641 4151 1884 4206; x_wconf 92' lang='lat' dir='ltr'><strong>sponsus,</strong></span> <span class='ocrx_word' id='word_1_339' title='bbox 1915 4143 1970 4189; x_wconf 90' lang='lat' dir='ltr'><strong>ut</strong></span> <span class='ocrx_word' id='word_1_340' title='bbox 2001 4135 2051 4189; x_wconf 75' lang='lat' dir='ltr'><strong>in</strong></span> 
     </span>
    </p>
   </div>
   <div class='ocr_carea' id='block_1_43' title="bbox 469 4226 2051 4306">
    <p class='ocr_par' dir='ltr' id='par_1_43' title="bbox 469 4226 2051 4306">
     <span class='ocr_line' id='line_1_43' title="bbox 469 4226 2051 4306; baseline -0.009 -13"><span class='ocrx_word' id='word_1_341' title='bbox 469 4238 629 4293; x_wconf 86' lang='lat' dir='ltr'><strong>arrha</strong></span> <span class='ocrx_word' id='word_1_342' title='bbox 660 4250 753 4290; x_wconf 83' lang='lat' dir='ltr'><strong>sua</strong></span> <span class='ocrx_word' id='word_1_343' title='bbox 783 4237 896 4304; x_wconf 89' lang='lat' dir='ltr'><strong>ipse</strong></span> <span class='ocrx_word' id='word_1_344' title='bbox 925 4242 1151 4288; x_wconf 89' lang='lat' dir='ltr'><strong>ametur.</strong></span> <span class='ocrx_word' id='word_1_345' title='bbox 1203 4232 1344 4300; x_wconf 79' lang='lat' dir='ltr'><strong>Ergo</strong></span> <span class='ocrx_word' id='word_1_346' title='bbox 1373 4229 1520 4285; x_wconf 86' lang='lat' dir='ltr'><strong>dedit</strong></span> <span class='ocrx_word' id='word_1_347' title='bbox 1559 4228 1649 4282; x_wconf 87' lang='lat' dir='ltr'><strong>tibi</strong></span> <span class='ocrx_word' id='word_1_348' title='bbox 1691 4226 1833 4281; x_wconf 90' lang='lat' dir='ltr'><strong>Deus</strong></span> <span class='ocrx_word' id='word_1_349' title='bbox 1875 4227 2051 4306; x_wconf 80' lang='lat' dir='ltr'><strong>omnia</strong></span> 
     </span>
    </p>
   </div>
   <div class='ocr_carea' id='block_1_44' title="bbox 470 4316 2046 4398">
    <p class='ocr_par' dir='ltr' id='par_1_44' title="bbox 470 4316 2046 4398">
     <span class='ocr_line' id='line_1_44' title="bbox 470 4316 2046 4398; baseline -0.008 -15"><span class='ocrx_word' id='word_1_350' title='bbox 470 4329 594 4394; x_wconf 88' lang='lat' dir='ltr'><strong>ista,</strong></span> <span class='ocrx_word' id='word_1_351' title='bbox 623 4341 738 4398; x_wconf 83' lang='lat' dir='ltr'><strong>ama</strong></span> <span class='ocrx_word' id='word_1_352' title='bbox 767 4325 914 4378; x_wconf 88' lang='lat' dir='ltr'><strong>illum</strong></span> <span class='ocrx_word' id='word_1_353' title='bbox 935 4323 1026 4393; x_wconf 90' lang='lat' dir='ltr'><strong>qui</strong></span> <span class='ocrx_word' id='word_1_354' title='bbox 1047 4321 1190 4377; x_wconf 80' lang='lat' dir='ltr'><strong>fecit.</strong></span> <span class='ocrx_word' id='word_1_355' title='bbox 1213 4321 1341 4374; x_wconf 85' lang='lat' dir='ltr'><strong>Plus</strong></span> <span class='ocrx_word' id='word_1_356' title='bbox 1371 4329 1452 4374; x_wconf 90' lang='lat' dir='ltr'><strong>est</strong></span> <span class='ocrx_word' id='word_1_357' title='bbox 1480 4317 1620 4388; x_wconf 88' lang='lat' dir='ltr'><strong>quod</strong></span> <span class='ocrx_word' id='word_1_358' title='bbox 1648 4316 1738 4372; x_wconf 91' lang='lat' dir='ltr'><strong>tibi</strong></span> <span class='ocrx_word' id='word_1_359' title='bbox 1765 4317 1874 4370; x_wconf 88' lang='lat' dir='ltr'><strong>vult</strong></span> <span class='ocrx_word' id='word_1_360' title='bbox 1899 4316 2046 4396; x_wconf 86' lang='lat' dir='ltr'><strong>dare,</strong></span> 
     </span>
    </p>
   </div>
   <div class='ocr_carea' id='block_1_45' title="bbox 471 4407 2046 4488">
    <p class='ocr_par' dir='ltr' id='par_1_45' title="bbox 471 4407 2046 4488">
     <span class='ocr_line' id='line_1_45' title="bbox 471 4407 2046 4488; baseline -0.01 -13"><span class='ocrx_word' id='word_1_361' title='bbox 471 4420 528 4475; x_wconf 87' lang='lat' dir='ltr'><strong>id</strong></span> <span class='ocrx_word' id='word_1_362' title='bbox 548 4427 648 4482; x_wconf 89' lang='lat' dir='ltr'><strong>est,</strong></span> <span class='ocrx_word' id='word_1_363' title='bbox 669 4419 922 4488; x_wconf 90' lang='lat' dir='ltr'><strong>seipsum,</strong></span> <span class='ocrx_word' id='word_1_364' title='bbox 946 4415 1035 4484; x_wconf 90' lang='lat' dir='ltr'><strong>qui</strong></span> <span class='ocrx_word' id='word_1_365' title='bbox 1064 4415 1162 4468; x_wconf 92' lang='lat' dir='ltr'><strong>ista</strong></span> <span class='ocrx_word' id='word_1_366' title='bbox 1185 4413 1326 4467; x_wconf 82' lang='lat' dir='ltr'><strong>fecit.</strong></span> <span class='ocrx_word' id='word_1_367' title='bbox 1356 4411 1410 4466; x_wconf 90' lang='lat' dir='ltr'><strong>Si</strong></span> <span class='ocrx_word' id='word_1_368' title='bbox 1436 4418 1611 4464; x_wconf 84' lang='lat' dir='ltr'><strong>autem</strong></span> <span class='ocrx_word' id='word_1_369' title='bbox 1627 4407 1886 4462; x_wconf 86' lang='lat' dir='ltr'><strong>atnaveris</strong></span> <span class='ocrx_word' id='word_1_370' title='bbox 1913 4408 2046 4478; x_wconf 84' lang='lat' dir='ltr'><strong>haec,</strong></span> 
     </span>
    </p>
   </div>
   <div class='ocr_carea' id='block_1_46' title="bbox 472 4498 2088 4584">
    <p class='ocr_par' dir='ltr' id='par_1_46' title="bbox 472 4498 2088 4584">
     <span class='ocr_line' id='line_1_46' title="bbox 472 4498 2088 4584; baseline -0.009 -19"><span class='ocrx_word' id='word_1_371' title='bbox 472 4511 716 4584; x_wconf 86' lang='lat' dir='ltr'><strong>quamvis</strong></span> <span class='ocrx_word' id='word_1_372' title='bbox 741 4509 828 4563; x_wconf 89' lang='lat' dir='ltr'><strong>illa</strong></span> <span class='ocrx_word' id='word_1_373' title='bbox 865 4507 1002 4562; x_wconf 90' lang='lat' dir='ltr'><strong>Deus</strong></span> <span class='ocrx_word' id='word_1_374' title='bbox 1029 4505 1230 4572; x_wconf 85' lang='lat' dir='ltr'><strong>iecerit,</strong></span> <span class='ocrx_word' id='word_1_375' title='bbox 1258 4511 1311 4558; x_wconf 91' lang='lat' dir='ltr'><strong>et</strong></span> <span class='ocrx_word' id='word_1_376' title='bbox 1333 4501 1628 4572; x_wconf 74' lang='lat' dir='ltr'><strong>neglexeris</strong></span> <span class='ocrx_word' id='word_1_377' title='bbox 1652 4498 1976 4564; x_wconf 85' lang='lat' dir='ltr'><strong>Creatorem,</strong></span> <span class='ocrx_word' id='word_1_378' title='bbox 1999 4507 2052 4552; x_wconf 89' lang='lat' dir='ltr'><strong>et</strong></span> <span class='ocrx_word' id='word_1_379' title='bbox 2085 4513 2088 4516; x_wconf 54' lang='grc' dir='ltr'>λ</span> 
     </span>
    </p>
   </div>
   <div class='ocr_carea' id='block_1_47' title="bbox 471 4587 2050 4663">
    <p class='ocr_par' dir='ltr' id='par_1_47' title="bbox 471 4587 2050 4663">
     <span class='ocr_line' id='line_1_47' title="bbox 471 4587 2050 4663; baseline -0.01 -6"><span class='ocrx_word' id='word_1_380' title='bbox 471 4601 735 4657; x_wconf 86' lang='lat' dir='ltr'><strong>amaveris</strong></span> <span class='ocrx_word' id='word_1_381' title='bbox 757 4598 1045 4663; x_wconf 88' lang='lat' dir='ltr'><strong>mundum;</strong></span> <span class='ocrx_word' id='word_1_382' title='bbox 1075 4611 1252 4651; x_wconf 89' lang='lat' dir='ltr'><strong>nonne</strong></span> <span class='ocrx_word' id='word_1_383' title='bbox 1283 4603 1402 4649; x_wconf 89' lang='lat' dir='ltr'><strong>tuus</strong></span> <span class='ocrx_word' id='word_1_384' title='bbox 1429 4607 1580 4646; x_wconf 91' lang='lat' dir='ltr'><strong>amor</strong></span> <span class='ocrx_word' id='word_1_385' title='bbox 1605 4591 1932 4646; x_wconf 90' lang='lat' dir='ltr'><strong>adulterinus</strong></span> <span class='ocrx_word' id='word_1_386' title='bbox 1957 4587 2050 4642; x_wconf 86' lang='lat' dir='ltr'><strong>de-</strong></span> 
     </span>
    </p>
   </div>
   <div class='ocr_carea' id='block_1_48' title="bbox 469 4689 802 4768">
    <p class='ocr_par' dir='ltr' id='par_1_48' title="bbox 469 4689 802 4768">
     <span class='ocr_line' id='line_1_48' title="bbox 469 4689 802 4768; baseline -0.015 -19"><span class='ocrx_word' id='word_1_387' title='bbox 469 4692 746 4768; x_wconf 87' lang='lat' dir='ltr'><strong>putabitur</strong></span> <span class='ocrx_word' id='word_1_388' title='bbox 757 4689 802 4744; x_wconf 77' lang='lat' dir='ltr'><strong>“I</strong></span> 
     </span>
    </p>
   </div>
   <div class='ocr_carea' id='block_1_49' title="bbox 547 4775 2050 4848">
    <p class='ocr_par' dir='ltr' id='par_1_49' title="bbox 547 4775 2050 4848">
     <span class='ocr_line' id='line_1_49' title="bbox 547 4775 2050 4848; baseline -0.007 -7"><span class='ocrx_word' id='word_1_389' title='bbox 547 4783 637 4841; x_wconf 69' lang='grc'><strong>12.</strong></span> <span class='ocrx_word' id='word_1_390' title='bbox 665 4781 888 4839; x_wconf 69' lang='lat' dir='ltr'><strong>Mundus</strong></span> <span class='ocrx_word' id='word_1_391' title='bbox 915 4781 1056 4838; x_wconf 87' lang='lat' dir='ltr'><strong>enim</strong></span> <span class='ocrx_word' id='word_1_392' title='bbox 1080 4777 1371 4848; x_wconf 87' lang='lat' dir='ltr'><strong>appellatur</strong></span> <span class='ocrx_word' id='word_1_393' title='bbox 1397 4791 1500 4831; x_wconf 92' lang='lat' dir='ltr'><strong>non</strong></span> <span class='ocrx_word' id='word_1_394' title='bbox 1531 4777 1700 4830; x_wconf 90' lang='lat' dir='ltr'><strong>solum</strong></span> <span class='ocrx_word' id='word_1_395' title='bbox 1725 4777 1823 4831; x_wconf 89' lang='lat' dir='ltr'><strong>ista</strong></span> <span class='ocrx_word' id='word_1_396' title='bbox 1853 4775 2050 4832; x_wconf 82' lang='lat' dir='ltr'><strong>fabrica</strong></span> 
     </span>
    </p>
   </div>
   <div class='ocr_carea' id='block_1_50' title="bbox 472 4867 2052 4947">
    <p class='ocr_par' dir='ltr' id='par_1_50' title="bbox 472 4867 2052 4947">
     <span class='ocr_line' id='line_1_50' title="bbox 472 4867 2052 4947; baseline -0.005 -16"><span class='ocrx_word' id='word_1_397' title='bbox 472 4889 632 4947; x_wconf 87' lang='lat' dir='ltr'><strong>quam</strong></span> <span class='ocrx_word' id='word_1_398' title='bbox 656 4871 784 4930; x_wconf 72' lang='lat' dir='ltr'><strong>fecit</strong></span> <span class='ocrx_word' id='word_1_399' title='bbox 809 4871 949 4927; x_wconf 86' lang='lat' dir='ltr'><strong>Deus</strong></span> <span class='ocrx_word' id='word_1_400' title='bbox 968 4912 984 4938; x_wconf 91' lang='lat'><strong>,</strong></span> <span class='ocrx_word' id='word_1_401' title='bbox 1011 4869 1204 4926; x_wconf 53' lang='lat' dir='ltr'><strong>caelum</strong></span> <span class='ocrx_word' id='word_1_402' title='bbox 1235 4877 1289 4923; x_wconf 89' lang='lat' dir='ltr'><strong>et</strong></span> <span class='ocrx_word' id='word_1_403' title='bbox 1313 4877 1454 4922; x_wconf 88' lang='lat' dir='ltr'><strong>terra</strong></span> <span class='ocrx_word' id='word_1_404' title='bbox 1475 4908 1490 4933; x_wconf 93' lang='lat'><strong>,</strong></span> <span class='ocrx_word' id='word_1_405' title='bbox 1520 4883 1668 4923; x_wconf 89' lang='lat' dir='ltr'><strong>mare</strong></span> <span class='ocrx_word' id='word_1_406' title='bbox 1687 4910 1700 4935; x_wconf 96' lang='lat'><strong>,</strong></span> <span class='ocrx_word' id='word_1_407' title='bbox 1731 4867 1954 4923; x_wconf 88' lang='lat' dir='ltr'><strong>visibilia</strong></span> <span class='ocrx_word' id='word_1_408' title='bbox 1997 4875 2052 4944; x_wconf 82' lang='lat' dir='ltr'><strong>et</strong></span> 
     </span>
    </p>
   </div>
   <div class='ocr_carea' id='block_1_51' title="bbox 471 4961 2046 5026">
    <p class='ocr_par' dir='ltr' id='par_1_51' title="bbox 471 4961 2046 5026">
     <span class='ocr_line' id='line_1_51' title="bbox 471 4961 2046 5026; baseline -0.006 -2"><span class='ocrx_word' id='word_1_409' title='bbox 471 4966 756 5026; x_wconf 80' lang='lat' dir='ltr'><strong>invisibilia</strong></span> <span class='ocrx_word' id='word_1_410' title='bbox 789 4984 805 5020; x_wconf 88' lang='lat'><strong>:</strong></span> <span class='ocrx_word' id='word_1_411' title='bbox 831 4964 928 5020; x_wconf 84' lang='lat' dir='ltr'><strong>sed</strong></span> <span class='ocrx_word' id='word_1_412' title='bbox 955 4963 1279 5018; x_wconf 83' lang='lat' dir='ltr'><strong>habitatores</strong></span> <span class='ocrx_word' id='word_1_413' title='bbox 1305 4961 1486 5015; x_wconf 91' lang='lat' dir='ltr'><strong>mundi</strong></span> <span class='ocrx_word' id='word_1_414' title='bbox 1512 4961 1736 5014; x_wconf 88' lang='lat' dir='ltr'><strong>mundus</strong></span> <span class='ocrx_word' id='word_1_415' title='bbox 1775 4969 2046 5026; x_wconf 88' lang='lat' dir='ltr'><strong>vocantur,</strong></span> 
     </span>
    </p>
   </div>
   <div class='ocr_carea' id='block_1_52' title="bbox 473 5051 2048 5132">
    <p class='ocr_par' dir='ltr' id='par_1_52' title="bbox 473 5051 2048 5132">
     <span class='ocr_line' id='line_1_52' title="bbox 473 5051 2048 5132; baseline -0.005 -20"><span class='ocrx_word' id='word_1_416' title='bbox 473 5057 742 5130; x_wconf 87' lang='lat' dir='ltr'><strong>quomodo</strong></span> <span class='ocrx_word' id='word_1_417' title='bbox 770 5055 960 5112; x_wconf 89' lang='lat' dir='ltr'><strong>domus</strong></span> <span class='ocrx_word' id='word_1_418' title='bbox 987 5063 1206 5110; x_wconf 88' lang='lat' dir='ltr'><strong>vocatur</strong></span> <span class='ocrx_word' id='word_1_419' title='bbox 1234 5062 1287 5107; x_wconf 89' lang='lat' dir='ltr'><strong>et</strong></span> <span class='ocrx_word' id='word_1_420' title='bbox 1325 5053 1554 5121; x_wconf 87' lang='lat' dir='ltr'><strong>parietes</strong></span> <span class='ocrx_word' id='word_1_421' title='bbox 1583 5059 1636 5132; x_wconf 83' lang='lat' dir='ltr'><strong>et</strong></span> <span class='ocrx_word' id='word_1_422' title='bbox 1675 5051 2048 5106; x_wconf 83' lang='lat' dir='ltr'><strong>inhabitantes.</strong></span> 
     </span>
    </p>
   </div>
   <div class='ocr_carea' id='block_1_53' title="bbox 473 5143 2051 5220">
    <p class='ocr_par' dir='ltr' id='par_1_53' title="bbox 473 5143 2051 5220">
     <span class='ocr_line' id='line_1_53' title="bbox 473 5143 2051 5220; baseline -0.005 -15"><span class='ocrx_word' id='word_1_423' title='bbox 473 5151 545 5206; x_wconf 91' lang='lat' dir='ltr'><strong>Et</strong></span> <span class='ocrx_word' id='word_1_424' title='bbox 567 5147 849 5220; x_wconf 85' lang='lat' dir='ltr'><strong>aliquando</strong></span> <span class='ocrx_word' id='word_1_425' title='bbox 869 5145 1145 5201; x_wconf 88' lang='lat' dir='ltr'><strong>laudamus</strong></span> <span class='ocrx_word' id='word_1_426' title='bbox 1171 5144 1407 5212; x_wconf 88' lang='lat' dir='ltr'><strong>domum,</strong></span> <span class='ocrx_word' id='word_1_427' title='bbox 1435 5153 1489 5198; x_wconf 90' lang='lat' dir='ltr'><strong>et</strong></span> <span class='ocrx_word' id='word_1_428' title='bbox 1517 5143 1874 5212; x_wconf 87' lang='lat' dir='ltr'><strong>vituperamus</strong></span> <span class='ocrx_word' id='word_1_429' title='bbox 1902 5144 2051 5197; x_wconf 90' lang='lat' dir='ltr'><strong>inha-</strong></span> 
     </span>
    </p>
   </div>
   <div class='ocr_carea' id='block_1_54' title="bbox 471 5235 2052 5306">
    <p class='ocr_par' dir='ltr' id='par_1_54' title="bbox 471 5235 2052 5306">
     <span class='ocr_line' id='line_1_54' title="bbox 471 5235 2052 5306; baseline -0.008 -6"><span class='ocrx_word' id='word_1_430' title='bbox 471 5243 724 5300; x_wconf 86' lang='lat' dir='ltr'><strong>bitantes.</strong></span> <span class='ocrx_word' id='word_1_431' title='bbox 755 5239 989 5295; x_wconf 87' lang='lat' dir='ltr'><strong>Dicimus</strong></span> <span class='ocrx_word' id='word_1_432' title='bbox 1013 5239 1186 5302; x_wconf 90' lang='lat' dir='ltr'><strong>enim,</strong></span> <span class='ocrx_word' id='word_1_433' title='bbox 1230 5236 1374 5292; x_wconf 88' lang='lat' dir='ltr'><strong>Bona</strong></span> <span class='ocrx_word' id='word_1_434' title='bbox 1415 5235 1632 5300; x_wconf 89' lang='lat' dir='ltr'><strong>domus;</strong></span> <span class='ocrx_word' id='word_1_435' title='bbox 1666 5236 1786 5306; x_wconf 91' lang='lat' dir='ltr'><strong>quia</strong></span> <span class='ocrx_word' id='word_1_436' title='bbox 1815 5250 2052 5289; x_wconf 88' lang='lat' dir='ltr'><strong>marmo-</strong></span> 
     </span>
    </p>
   </div>
   <div class='ocr_carea' id='block_1_55' title="bbox 473 5315 2054 5406">
    <p class='ocr_par' dir='ltr' id='par_1_55' title="bbox 473 5315 2054 5406">
     <span class='ocr_line' id='line_1_55' title="bbox 473 5315 2054 5406; baseline -0.007 -15"><span class='ocrx_word' id='word_1_437' title='bbox 473 5343 590 5393; x_wconf 82' lang='lat' dir='ltr'><strong>rata</strong></span> <span class='ocrx_word' id='word_1_438' title='bbox 620 5341 702 5389; x_wconf 90' lang='lat' dir='ltr'><strong>est</strong></span> <span class='ocrx_word' id='word_1_439' title='bbox 728 5341 782 5388; x_wconf 89' lang='lat' dir='ltr'><strong>et</strong></span> <span class='ocrx_word' id='word_1_440' title='bbox 807 5331 1026 5401; x_wconf 91' lang='lat' dir='ltr'><strong>pulchre</strong></span> <span class='ocrx_word' id='word_1_441' title='bbox 1051 5329 1292 5400; x_wconf 83' lang='lat' dir='ltr'><strong>laqueata</strong></span> <span class='ocrx_word' id='word_1_442' title='bbox 1326 5343 1340 5380; x_wconf 91' lang='lat'>:</span> <span class='ocrx_word' id='word_1_443' title='bbox 1369 5333 1423 5406; x_wconf 85' lang='lat' dir='ltr'><strong>et</strong></span> <span class='ocrx_word' id='word_1_444' title='bbox 1450 5315 1605 5380; x_wconf 87' lang='lat' dir='ltr'><strong>aliter</strong></span> <span class='ocrx_word' id='word_1_445' title='bbox 1633 5324 1876 5392; x_wconf 89' lang='lat' dir='ltr'><strong>dicimus,</strong></span> <span class='ocrx_word' id='word_1_446' title='bbox 1909 5325 2054 5404; x_wconf 84' lang='lat' dir='ltr'><strong>Bona</strong></span> 
     </span>
    </p>
   </div>
   <div class='ocr_carea' id='block_1_56' title="bbox 473 5417 2086 5492">
    <p class='ocr_par' dir='ltr' id='par_1_56' title="bbox 473 5417 2086 5492">
     <span class='ocr_line' id='line_1_56' title="bbox 473 5417 2086 5492; baseline -0.008 -8"><span class='ocrx_word' id='word_1_447' title='bbox 473 5429 701 5492; x_wconf 90' lang='lat' dir='ltr'><strong>domus;</strong></span> <span class='ocrx_word' id='word_1_448' title='bbox 746 5437 906 5479; x_wconf 89' lang='lat' dir='ltr'><strong>nemo</strong></span> <span class='ocrx_word' id='word_1_449' title='bbox 949 5423 1020 5477; x_wconf 91' lang='lat' dir='ltr'><strong>ibi</strong></span> <span class='ocrx_word' id='word_1_450' title='bbox 1063 5421 1259 5492; x_wconf 89' lang='lat' dir='ltr'><strong>patitur</strong></span> <span class='ocrx_word' id='word_1_451' title='bbox 1296 5419 1539 5488; x_wconf 75' lang='lat' dir='ltr'><strong>iniuriam</strong></span> <span class='ocrx_word' id='word_1_452' title='bbox 1564 5458 1578 5483; x_wconf 91' lang='lat'><strong>,</strong></span> <span class='ocrx_word' id='word_1_453' title='bbox 1616 5417 1774 5471; x_wconf 65' lang='lat' dir='ltr'><strong>nulla:</strong></span> <span class='ocrx_word' id='word_1_454' title='bbox 1813 5418 2011 5486; x_wconf 69' lang='lat' dir='ltr'><strong>rapinae</strong></span> <span class='ocrx_word' id='word_1_455' title='bbox 2034 5458 2050 5484; x_wconf 92' lang='lat'><strong>,</strong></span> <span class='ocrx_word' id='word_1_456' title='bbox 2083 5443 2086 5446; x_wconf 92' lang='lat'><strong><em>-</em></strong></span> 
     </span>
    </p>
   </div>
   <div class='ocr_carea' id='block_1_57' title="bbox 475 5501 2058 5586">
    <p class='ocr_par' dir='ltr' id='par_1_57' title="bbox 475 5501 2058 5586">
     <span class='ocr_line' id='line_1_57' title="bbox 475 5501 2058 5586; baseline -0.007 -12"><span class='ocrx_word' id='word_1_457' title='bbox 475 5515 632 5574; x_wconf 65' lang='lat' dir='ltr'><strong>nulla:</strong></span> <span class='ocrx_word' id='word_1_458' title='bbox 672 5514 1046 5586; x_wconf 86' lang='lat' dir='ltr'><strong>oppressiones</strong></span> <span class='ocrx_word' id='word_1_459' title='bbox 1076 5511 1150 5567; x_wconf 83' lang='lat' dir='ltr'><strong>ibi</strong></span> <span class='ocrx_word' id='word_1_460' title='bbox 1176 5501 1324 5566; x_wconf 82' lang='lat' dir='ltr'><strong>ﬁunt.</strong></span> <span class='ocrx_word' id='word_1_461' title='bbox 1349 5501 1515 5564; x_wconf 79' lang='lat' dir='ltr'><strong>Modo</strong></span> <span class='ocrx_word' id='word_1_462' title='bbox 1555 5525 1657 5563; x_wconf 90' lang='lat' dir='ltr'><strong>non</strong></span> <span class='ocrx_word' id='word_1_463' title='bbox 1689 5507 1915 5578; x_wconf 87' lang='lat' dir='ltr'><strong>parietes</strong></span> <span class='ocrx_word' id='word_1_464' title='bbox 1944 5509 2058 5563; x_wconf 84' lang='lat' dir='ltr'><strong>lau-</strong></span> 
     </span>
    </p>
   </div>
   <div class='ocr_carea' id='block_1_58' title="bbox 476 5601 2057 5682">
    <p class='ocr_par' dir='ltr' id='par_1_58' title="bbox 476 5601 2057 5682">
     <span class='ocr_line' id='line_1_58' title="bbox 476 5601 2057 5682; baseline -0.007 -15"><span class='ocrx_word' id='word_1_465' title='bbox 476 5611 666 5667; x_wconf 85' lang='lat' dir='ltr'><strong>damus</strong></span> <span class='ocrx_word' id='word_1_466' title='bbox 690 5649 704 5672; x_wconf 88' lang='lat'><strong>,</strong></span> <span class='ocrx_word' id='word_1_467' title='bbox 743 5605 838 5662; x_wconf 87' lang='lat' dir='ltr'><strong>sed</strong></span> <span class='ocrx_word' id='word_1_468' title='bbox 882 5604 1264 5660; x_wconf 83' lang='lat' dir='ltr'><strong>inhabitatores</strong></span> <span class='ocrx_word' id='word_1_469' title='bbox 1305 5603 1562 5674; x_wconf 89' lang='lat' dir='ltr'><strong>parietum</strong></span> <span class='ocrx_word' id='word_1_470' title='bbox 1603 5619 1616 5656; x_wconf 92' lang='lat'>:</span> <span class='ocrx_word' id='word_1_471' title='bbox 1655 5601 1845 5682; x_wconf 88' lang='lat' dir='ltr'><strong>domus</strong></span> <span class='ocrx_word' id='word_1_472' title='bbox 1881 5608 2057 5656; x_wconf 87' lang='lat' dir='ltr'><strong>tamen</strong></span> 
     </span>
    </p>
   </div>
   <div class='ocr_carea' id='block_1_59' title="bbox 543 5735 2063 5801">
    <p class='ocr_par' dir='ltr' id='par_1_59' title="bbox 543 5735 2063 5801">
     <span class='ocr_line' id='line_1_59' title="bbox 543 5735 2063 5801; baseline -0.006 -6"><span class='ocrx_word' id='word_1_473' title='bbox 543 5746 561 5777; x_wconf 79' lang='grc' dir='ltr'>ι</span> <span class='ocrx_word' id='word_1_474' title='bbox 588 5753 715 5798; x_wconf 76' lang='lat' dir='ltr'><strong>Mss.</strong></span> <span class='ocrx_word' id='word_1_475' title='bbox 736 5747 782 5796; x_wconf 81' lang='lat' dir='ltr'><strong>et</strong></span> <span class='ocrx_word' id='word_1_476' title='bbox 805 5739 1306 5801; x_wconf 70' lang='grc' dir='ltr'><strong>ωπαυειίεηιαηάωη,</strong></span> <span class='ocrx_word' id='word_1_477' title='bbox 1332 5735 1586 5801; x_wconf 62' lang='lat' dir='ltr'><strong>deierauit,</strong></span> <span class='ocrx_word' id='word_1_478' title='bbox 1619 5745 1717 5801; x_wconf 79' lang='lat' dir='ltr'><strong>Am.</strong></span> <span class='ocrx_word' id='word_1_479' title='bbox 1747 5737 1854 5786; x_wconf 77' lang='lat' dir='ltr'><strong>ead.</strong></span> <span class='ocrx_word' id='word_1_480' title='bbox 1877 5743 1982 5801; x_wconf 60' lang='lat' dir='ltr'><strong>tua,</strong></span> <span class='ocrx_word' id='word_1_481' title='bbox 2013 5737 2063 5786; x_wconf 79' lang='lat' dir='ltr'><strong>et</strong></span> 
     </span>
    </p>
   </div>
   <div class='ocr_carea' id='block_1_60' title="bbox 477 5798 2066 5884">
    <p class='ocr_par' dir='ltr' id='par_1_60' title="bbox 477 5798 2066 5884">
     <span class='ocr_line' id='line_1_60' title="bbox 477 5798 2066 5884; baseline -0.02 -8"><span class='ocrx_word' id='word_1_482' title='bbox 477 5801 714 5872; x_wconf 63' lang='lat' dir='ltr'><strong>omni</strong></span> <span class='ocrx_word' id='word_1_483' title='bbox 1009 5799 1186 5872; x_wconf 54' lang='lat' dir='ltr'><strong>erit!“</strong></span> <span class='ocrx_word' id='word_1_484' title='bbox 1207 5798 1484 5870; x_wconf 60' lang='lat' dir='ltr'><strong>Creatorem</strong></span> <span class='ocrx_word' id='word_1_485' title='bbox 1501 5798 1586 5870; x_wconf 77' lang='lat' dir='ltr'><strong>qui</strong></span> <span class='ocrx_word' id='word_1_486' title='bbox 1605 5798 1716 5866; x_wconf 70' lang='lat' dir='ltr'><strong>fecit</strong></span> <span class='ocrx_word' id='word_1_487' title='bbox 1737 5799 1988 5860; x_wconf 81' lang='lat' dir='ltr'><strong>mundum.</strong></span> <span class='ocrx_word' id='word_1_488' title='bbox 2061 5825 2066 5832; x_wconf 89' lang='lat'><strong>.</strong></span> 
     </span>
    </p>
   </div>
   <div class='ocr_carea' id='block_1_61' title="bbox 1198 315 3004 456">
    <p class='ocr_par' dir='ltr' id='par_1_61' title="bbox 1198 315 3004 456">
     <span class='ocr_line' id='line_1_61' title="bbox 1198 315 3004 456; baseline 0.007 -37"><span class='ocrx_word' id='word_1_489' title='bbox 1198 315 1282 419; x_wconf 79' lang='lat' dir='ltr'><strong>&#39;tN</strong></span> <span class='ocrx_word' id='word_1_490' title='bbox 1317 357 1694 421; x_wconf 80' lang='lat' dir='ltr'><strong>EPISTOLAM</strong></span> <span class='ocrx_word' id='word_1_491' title='bbox 1727 359 2002 444; x_wconf 75' lang='lat' dir='ltr'><strong>JOANNIS</strong></span> <span class='ocrx_word' id='word_1_492' title='bbox 2038 362 2132 424; x_wconf 84' lang='lat' dir='ltr'><strong>AD</strong></span> <span class='ocrx_word' id='word_1_493' title='bbox 2164 363 2496 456; x_wconf 63' lang='lat' dir='ltr'><strong>parmas,</strong></span> <span class='ocrx_word' id='word_1_494' title='bbox 2531 369 2595 444; x_wconf 31' lang='lat' dir='ltr'><strong>.s.</strong></span> <span class='ocrx_word' id='word_1_495' title='bbox 2635 365 3004 430; x_wconf 68' lang='lat' dir='ltr'><strong>aucusmu</strong></span> 
     </span>
    </p>
   </div>
   <div class='ocr_carea' id='block_1_62' title="bbox 2169 484 3744 566">
    <p class='ocr_par' dir='ltr' id='par_1_62' title="bbox 2169 484 3744 566">
     <span class='ocr_line' id='line_1_62' title="bbox 2169 484 3744 566; baseline 0.006 -28"><span class='ocrx_word' id='word_1_496' title='bbox 2169 493 2423 560; x_wconf 84' lang='lat' dir='ltr'><strong>vocatur,</strong></span> <span class='ocrx_word' id='word_1_497' title='bbox 2447 484 2561 546; x_wconf 85' lang='lat' dir='ltr'><strong>sive</strong></span> <span class='ocrx_word' id='word_1_498' title='bbox 2585 485 2676 566; x_wconf 72' lang='lat' dir='ltr'><strong>iiia</strong></span> <span class='ocrx_word' id='word_1_499' title='bbox 2699 529 2713 554; x_wconf 97' lang='lat'><strong>,</strong></span> <span class='ocrx_word' id='word_1_500' title='bbox 2760 489 2872 566; x_wconf 73' lang='lat' dir='ltr'><strong>sive</strong></span> <span class='ocrx_word' id='word_1_501' title='bbox 2907 488 3017 566; x_wconf 60' lang='lat' dir='ltr'><strong>iiia.</strong></span> <span class='ocrx_word' id='word_1_502' title='bbox 3045 486 3244 554; x_wconf 73' lang='lat' dir='ltr'><strong>Omnes</strong></span> <span class='ocrx_word' id='word_1_503' title='bbox 3278 488 3421 564; x_wconf 68' lang='lat' dir='ltr'><strong>enim</strong></span> <span class='ocrx_word' id='word_1_504' title='bbox 3461 489 3744 566; x_wconf 71' lang='lat' dir='ltr'><strong>dilectores</strong></span> 
     </span>
    </p>
   </div>
   <div class='ocr_carea' id='block_1_63' title="bbox 2168 573 3746 656">
    <p class='ocr_par' dir='ltr' id='par_1_63' title="bbox 2168 573 3746 656">
     <span class='ocr_line' id='line_1_63' title="bbox 2168 573 3746 656; baseline 0.01 -29"><span class='ocrx_word' id='word_1_505' title='bbox 2168 573 2380 652; x_wconf 83' lang='lat' dir='ltr'><strong>mundi,</strong></span> <span class='ocrx_word' id='word_1_506' title='bbox 2434 577 2554 656; x_wconf 88' lang='lat' dir='ltr'><strong>quia</strong></span> <span class='ocrx_word' id='word_1_507' title='bbox 2605 575 2890 650; x_wconf 83' lang='lat' dir='ltr'><strong>dilectione</strong></span> <span class='ocrx_word' id='word_1_508' title='bbox 2933 577 3228 656; x_wconf 69' lang='lat' dir='ltr'><strong>inhabitant</strong></span> <span class='ocrx_word' id='word_1_509' title='bbox 3269 579 3562 654; x_wconf 83' lang='lat' dir='ltr'><strong>mundum;</strong></span> <span class='ocrx_word' id='word_1_510' title='bbox 3609 584 3746 654; x_wconf 83' lang='lat' dir='ltr'><strong>sicut</strong></span> 
     </span>
    </p>
   </div>
   <div class='ocr_carea' id='block_1_64' title="bbox 2167 655 3746 746">
    <p class='ocr_par' dir='ltr' id='par_1_64' title="bbox 2167 655 3746 746">
     <span class='ocr_line' id='line_1_64' title="bbox 2167 655 3746 746; baseline 0.007 -26"><span class='ocrx_word' id='word_1_511' title='bbox 2167 665 2357 720; x_wconf 66' lang='lat' dir='ltr'><strong>coelum</strong></span> <span class='ocrx_word' id='word_1_512' title='bbox 2389 655 2680 740; x_wconf 85' lang='lat' dir='ltr'><strong>inhabitant</strong></span> <span class='ocrx_word' id='word_1_513' title='bbox 2709 683 2931 746; x_wconf 89' lang='lat' dir='ltr'><strong>quorum</strong></span> <span class='ocrx_word' id='word_1_514' title='bbox 2959 655 3274 744; x_wconf 70' lang='lat' dir='ltr'><strong>sursumest</strong></span> <span class='ocrx_word' id='word_1_515' title='bbox 3310 685 3403 726; x_wconf 89' lang='lat' dir='ltr'><strong>cor</strong></span> <span class='ocrx_word' id='word_1_516' title='bbox 3424 713 3439 738; x_wconf 91' lang='lat'><strong>,</strong></span> <span class='ocrx_word' id='word_1_517' title='bbox 3468 682 3522 728; x_wconf 91' lang='lat' dir='ltr'><strong>et</strong></span> <span class='ocrx_word' id='word_1_518' title='bbox 3550 674 3746 732; x_wconf 82' lang='lat' dir='ltr'><strong>ambu-</strong></span> 
     </span>
    </p>
   </div>
   <div class='ocr_carea' id='block_1_65' title="bbox 2167 757 3746 838">
    <p class='ocr_par' dir='ltr' id='par_1_65' title="bbox 2167 757 3746 838">
     <span class='ocr_line' id='line_1_65' title="bbox 2167 757 3746 838; baseline 0.008 -28"><span class='ocrx_word' id='word_1_519' title='bbox 2167 757 2275 812; x_wconf 85' lang='lat' dir='ltr'><strong>lant</strong></span> <span class='ocrx_word' id='word_1_520' title='bbox 2319 771 2478 830; x_wconf 82' lang='lat' dir='ltr'><strong>carne</strong></span> <span class='ocrx_word' id='word_1_521' title='bbox 2526 759 2576 834; x_wconf 86' lang='lat' dir='ltr'><strong>in</strong></span> <span class='ocrx_word' id='word_1_522' title='bbox 2627 769 2766 822; x_wconf 83' lang='lat' dir='ltr'><strong>terra</strong></span> <span class='ocrx_word' id='word_1_523' title='bbox 2798 779 2811 814; x_wconf 96' lang='lat'>:</span> <span class='ocrx_word' id='word_1_524' title='bbox 2842 775 3028 838; x_wconf 66' lang='lat' dir='ltr'><strong>omnes</strong></span> <span class='ocrx_word' id='word_1_525' title='bbox 3066 776 3190 834; x_wconf 74' lang='lat' dir='ltr'><strong>ergo</strong></span> <span class='ocrx_word' id='word_1_526' title='bbox 3234 761 3518 818; x_wconf 88' lang='lat' dir='ltr'><strong>dilectores</strong></span> <span class='ocrx_word' id='word_1_527' title='bbox 3559 765 3746 822; x_wconf 85' lang='lat' dir='ltr'><strong>mundi</strong></span> 
     </span>
    </p>
   </div>
   <div class='ocr_carea' id='block_1_66' title="bbox 2109 847 3748 924">
    <p class='ocr_par' dir='ltr' id='par_1_66' title="bbox 2109 847 3748 924">
     <span class='ocr_line' id='line_1_66' title="bbox 2109 847 3748 924; baseline 0.008 -23"><span class='ocrx_word' id='word_1_528' title='bbox 2109 883 2128 888; x_wconf 86' lang='lat'><strong>-</strong></span> <span class='ocrx_word' id='word_1_529' title='bbox 2166 847 2395 916; x_wconf 79' lang='lat' dir='ltr'><strong>mundus</strong></span> <span class='ocrx_word' id='word_1_530' title='bbox 2417 859 2690 906; x_wconf 88' lang='lat' dir='ltr'><strong>vocantur.</strong></span> <span class='ocrx_word' id='word_1_531' title='bbox 2715 851 2818 922; x_wconf 81' lang='lat' dir='ltr'><strong>Ipsi</strong></span> <span class='ocrx_word' id='word_1_532' title='bbox 2845 870 2950 924; x_wconf 81' lang='lat' dir='ltr'><strong>non</strong></span> <span class='ocrx_word' id='word_1_533' title='bbox 2983 851 3177 908; x_wconf 88' lang='lat' dir='ltr'><strong>habent</strong></span> <span class='ocrx_word' id='word_1_534' title='bbox 3203 855 3302 908; x_wconf 89' lang='lat' dir='ltr'><strong>nisi</strong></span> <span class='ocrx_word' id='word_1_535' title='bbox 3327 855 3425 910; x_wconf 84' lang='lat' dir='ltr'><strong>ista</strong></span> <span class='ocrx_word' id='word_1_536' title='bbox 3457 857 3578 920; x_wconf 82' lang='lat' dir='ltr'><strong>tria,</strong></span> <span class='ocrx_word' id='word_1_537' title='bbox 3607 857 3748 914; x_wconf 78' lang='lat' dir='ltr'><strong>desi—</strong></span> 
     </span>
    </p>
   </div>
   <div class='ocr_carea' id='block_1_67' title="bbox 2166 937 3748 1020">
    <p class='ocr_par' dir='ltr' id='par_1_67' title="bbox 2166 937 3748 1020">
     <span class='ocr_line' id='line_1_67' title="bbox 2166 937 3748 1020; baseline 0.008 -28"><span class='ocrx_word' id='word_1_538' title='bbox 2166 937 2370 993; x_wconf 90' lang='lat' dir='ltr'><strong>derium</strong></span> <span class='ocrx_word' id='word_1_539' title='bbox 2397 941 2602 1014; x_wconf 87' lang='lat' dir='ltr'><strong>carnis,</strong></span> <span class='ocrx_word' id='word_1_540' title='bbox 2637 941 2958 1016; x_wconf 85' lang='lat' dir='ltr'><strong>desiderium</strong></span> <span class='ocrx_word' id='word_1_541' title='bbox 2985 943 3260 1016; x_wconf 82' lang='lat' dir='ltr'><strong>oculorum</strong></span> <span class='ocrx_word' id='word_1_542' title='bbox 3280 985 3296 1012; x_wconf 90' lang='lat'><strong>,</strong></span> <span class='ocrx_word' id='word_1_543' title='bbox 3324 953 3378 1000; x_wconf 89' lang='lat' dir='ltr'><strong>et</strong></span> <span class='ocrx_word' id='word_1_544' title='bbox 3403 947 3748 1020; x_wconf 70' lang='lat' dir='ltr'><strong>ambitionem</strong></span> 
     </span>
    </p>
   </div>
   <div class='ocr_carea' id='block_1_68' title="bbox 2168 1017 3750 1112">
    <p class='ocr_par' dir='ltr' id='par_1_68' title="bbox 2168 1017 3750 1112">
     <span class='ocr_line' id='line_1_68' title="bbox 2168 1017 3750 1112; baseline 0.008 -28"><span class='ocrx_word' id='word_1_545' title='bbox 2168 1032 2366 1086; x_wconf 72' lang='lat' dir='ltr'><strong>szeculi.</strong></span> <span class='ocrx_word' id='word_1_546' title='bbox 2399 1032 2708 1108; x_wconf 84' lang='lat' dir='ltr'><strong>Desiderant</strong></span> <span class='ocrx_word' id='word_1_547' title='bbox 2735 1035 2878 1112; x_wconf 85' lang='lat' dir='ltr'><strong>enim</strong></span> <span class='ocrx_word' id='word_1_548' title='bbox 2903 1035 3242 1108; x_wconf 75' lang='lat' dir='ltr'><strong>manducare,</strong></span> <span class='ocrx_word' id='word_1_549' title='bbox 3265 1038 3468 1106; x_wconf 84' lang='lat' dir='ltr'><strong>bibere,</strong></span> <span class='ocrx_word' id='word_1_550' title='bbox 3495 1017 3750 1106; x_wconf 74' lang='lat' dir='ltr'><strong>concum-</strong></span> 
     </span>
    </p>
   </div>
   <div class='ocr_carea' id='block_1_69' title="bbox 2166 1119 3752 1200">
    <p class='ocr_par' dir='ltr' id='par_1_69' title="bbox 2166 1119 3752 1200">
     <span class='ocr_line' id='line_1_69' title="bbox 2166 1119 3752 1200; baseline 0.006 -25"><span class='ocrx_word' id='word_1_551' title='bbox 2166 1119 2328 1188; x_wconf 87' lang='lat' dir='ltr'><strong>bere,</strong></span> <span class='ocrx_word' id='word_1_552' title='bbox 2371 1123 2444 1176; x_wconf 88' lang='lat' dir='ltr'><strong>uti</strong></span> <span class='ocrx_word' id='word_1_553' title='bbox 2483 1124 2837 1200; x_wconf 80' lang='lat' dir='ltr'><strong>voluptatibus</strong></span> <span class='ocrx_word' id='word_1_554' title='bbox 2879 1125 3012 1179; x_wconf 87' lang='lat' dir='ltr'><strong>istis.</strong></span> <span class='ocrx_word' id='word_1_555' title='bbox 3041 1125 3305 1200; x_wconf 81' lang='lat' dir='ltr'><strong>Numquid</strong></span> <span class='ocrx_word' id='word_1_556' title='bbox 3337 1144 3439 1198; x_wconf 83' lang='lat' dir='ltr'><strong>non</strong></span> <span class='ocrx_word' id='word_1_557' title='bbox 3471 1139 3552 1196; x_wconf 81' lang='lat' dir='ltr'><strong>est</strong></span> <span class='ocrx_word' id='word_1_558' title='bbox 3581 1131 3634 1200; x_wconf 80' lang='lat' dir='ltr'><strong>in</strong></span> <span class='ocrx_word' id='word_1_559' title='bbox 3667 1132 3752 1196; x_wconf 62' lang='lat' dir='ltr'><strong>bis</strong></span> 
     </span>
    </p>
   </div>
   <div class='ocr_carea' id='block_1_70' title="bbox 2166 1199 3750 1292">
    <p class='ocr_par' dir='ltr' id='par_1_70' title="bbox 2166 1199 3750 1292">
     <span class='ocr_line' id='line_1_70' title="bbox 2166 1199 3750 1292; baseline 0.006 -28"><span class='ocrx_word' id='word_1_560' title='bbox 2166 1211 2396 1266; x_wconf 90' lang='lat' dir='ltr'><strong>modus?</strong></span> <span class='ocrx_word' id='word_1_561' title='bbox 2426 1213 2531 1268; x_wconf 90' lang='lat' dir='ltr'><strong>Aut</strong></span> <span class='ocrx_word' id='word_1_562' title='bbox 2558 1213 2770 1290; x_wconf 83' lang='lat' dir='ltr'><strong>quando</strong></span> <span class='ocrx_word' id='word_1_563' title='bbox 2800 1216 3011 1290; x_wconf 86' lang='lat' dir='ltr'><strong>dicitur,</strong></span> <span class='ocrx_word' id='word_1_564' title='bbox 3045 1211 3214 1284; x_wconf 79' lang='lat' dir='ltr'><strong>Nolite</strong></span> <span class='ocrx_word' id='word_1_565' title='bbox 3245 1201 3352 1292; x_wconf 32' lang='lat' dir='ltr'><strong>ista.</strong></span> <span class='ocrx_word' id='word_1_566' title='bbox 3372 1199 3618 1290; x_wconf 78' lang='lat' dir='ltr'><strong>diligere,</strong></span> <span class='ocrx_word' id='word_1_567' title='bbox 3646 1220 3750 1292; x_wconf 82' lang='lat' dir='ltr'><strong>hoc</strong></span> 
     </span>
    </p>
   </div>
   <div class='ocr_carea' id='block_1_71' title="bbox 2166 1289 3750 1386">
    <p class='ocr_par' dir='ltr' id='par_1_71' title="bbox 2166 1289 3750 1386">
     <span class='ocr_line' id='line_1_71' title="bbox 2166 1289 3750 1386; baseline 0.006 -30"><span class='ocrx_word' id='word_1_568' title='bbox 2166 1299 2376 1368; x_wconf 86' lang='lat' dir='ltr'><strong>dicitur,</strong></span> <span class='ocrx_word' id='word_1_569' title='bbox 2407 1289 2589 1358; x_wconf 88' lang='lat' dir='ltr'><strong>utnon</strong></span> <span class='ocrx_word' id='word_1_570' title='bbox 2623 1304 2968 1370; x_wconf 87' lang='lat' dir='ltr'><strong>manducetis,</strong></span> <span class='ocrx_word' id='word_1_571' title='bbox 3000 1317 3090 1380; x_wconf 85' lang='lat' dir='ltr'><strong>aut</strong></span> <span class='ocrx_word' id='word_1_572' title='bbox 3117 1323 3219 1386; x_wconf 68' lang='lat' dir='ltr'><strong>non</strong></span> <span class='ocrx_word' id='word_1_573' title='bbox 3249 1289 3580 1382; x_wconf 15' lang='lat' dir='ltr'><strong>bibatis,iaut</strong></span> <span class='ocrx_word' id='word_1_574' title='bbox 3611 1289 3750 1380; x_wconf 64' lang='lat' dir='ltr'><strong>tilias</strong></span> 
     </span>
    </p>
   </div>
   <div class='ocr_carea' id='block_1_72' title="bbox 2167 1395 3750 1474">
    <p class='ocr_par' dir='ltr' id='par_1_72' title="bbox 2167 1395 3750 1474">
     <span class='ocr_line' id='line_1_72' title="bbox 2167 1395 3750 1474; baseline 0.007 -27"><span class='ocrx_word' id='word_1_575' title='bbox 2167 1408 2272 1448; x_wconf 89' lang='lat' dir='ltr'><strong>non</strong></span> <span class='ocrx_word' id='word_1_576' title='bbox 2303 1396 2635 1470; x_wconf 75' lang='lat' dir='ltr'><strong>procreatis?</strong></span> <span class='ocrx_word' id='word_1_577' title='bbox 2661 1395 2774 1468; x_wconf 86' lang='lat' dir='ltr'><strong>Non</strong></span> <span class='ocrx_word' id='word_1_578' title='bbox 2802 1397 2904 1452; x_wconf 90' lang='lat' dir='ltr'><strong>hoc</strong></span> <span class='ocrx_word' id='word_1_579' title='bbox 2937 1397 3147 1468; x_wconf 77' lang='lat' dir='ltr'><strong>dicitur.</strong></span> <span class='ocrx_word' id='word_1_580' title='bbox 3177 1399 3284 1470; x_wconf 86' lang='lat' dir='ltr'><strong>Sed</strong></span> <span class='ocrx_word' id='word_1_581' title='bbox 3312 1401 3380 1464; x_wconf 85' lang='lat' dir='ltr'><strong>sit</strong></span> <span class='ocrx_word' id='word_1_582' title='bbox 3405 1401 3596 1474; x_wconf 79' lang='lat' dir='ltr'><strong>modus</strong></span> <span class='ocrx_word' id='word_1_583' title='bbox 3625 1418 3750 1474; x_wconf 79' lang='lat' dir='ltr'><strong>pro-</strong></span> 
     </span>
    </p>
   </div>
   <div class='ocr_carea' id='block_1_73' title="bbox 2166 1471 3752 1566">
    <p class='ocr_par' dir='ltr' id='par_1_73' title="bbox 2166 1471 3752 1566">
     <span class='ocr_line' id='line_1_73' title="bbox 2166 1471 3752 1566; baseline 0.009 -30"><span class='ocrx_word' id='word_1_584' title='bbox 2166 1479 2284 1554; x_wconf 79' lang='lat' dir='ltr'><strong>pter</strong></span> <span class='ocrx_word' id='word_1_585' title='bbox 2307 1482 2636 1564; x_wconf 84' lang='lat' dir='ltr'><strong>Creatorem,</strong></span> <span class='ocrx_word' id='word_1_586' title='bbox 2662 1496 2717 1542; x_wconf 92' lang='lat' dir='ltr'><strong>ut</strong></span> <span class='ocrx_word' id='word_1_587' title='bbox 2737 1503 2844 1566; x_wconf 73' lang='lat' dir='ltr'><strong>non</strong></span> <span class='ocrx_word' id='word_1_588' title='bbox 2879 1503 2972 1562; x_wconf 80' lang='lat' dir='ltr'><strong>vos</strong></span> <span class='ocrx_word' id='word_1_589' title='bbox 2999 1489 3197 1566; x_wconf 69' lang='lat' dir='ltr'><strong>illigent</strong></span> <span class='ocrx_word' id='word_1_590' title='bbox 3213 1490 3314 1560; x_wconf 85' lang='lat' dir='ltr'><strong>ista</strong></span> <span class='ocrx_word' id='word_1_591' title='bbox 3331 1471 3613 1564; x_wconf 59' lang='lat' dir='ltr'><strong>dilectione</strong></span> <span class='ocrx_word' id='word_1_592' title='bbox 3677 1509 3752 1564; x_wconf 65' lang='lat' dir='ltr'><strong>ne</strong></span> 
     </span>
    </p>
   </div>
   <div class='ocr_carea' id='block_1_74' title="bbox 2165 1563 3755 1658">
    <p class='ocr_par' dir='ltr' id='par_1_74' title="bbox 2165 1563 3755 1658">
     <span class='ocr_line' id='line_1_74' title="bbox 2165 1563 3755 1658; baseline 0.007 -28"><span class='ocrx_word' id='word_1_593' title='bbox 2165 1575 2233 1630; x_wconf 91' lang='lat' dir='ltr'><strong>ad</strong></span> <span class='ocrx_word' id='word_1_594' title='bbox 2248 1575 2528 1652; x_wconf 69' lang='lat' dir='ltr'><strong>fruendum</strong></span> <span class='ocrx_word' id='word_1_595' title='bbox 2548 1577 2648 1652; x_wconf 76' lang='lat' dir='ltr'><strong>ifoc</strong></span> <span class='ocrx_word' id='word_1_596' title='bbox 2659 1563 2868 1652; x_wconf 81' lang='lat' dir='ltr'><strong>ametis,</strong></span> <span class='ocrx_word' id='word_1_597' title='bbox 2883 1563 3022 1656; x_wconf 79' lang='lat' dir='ltr'><strong>quod</strong></span> <span class='ocrx_word' id='word_1_598' title='bbox 3037 1563 3102 1654; x_wconf 72' lang='lat' dir='ltr'><strong>ad</strong></span> <span class='ocrx_word' id='word_1_599' title='bbox 3118 1581 3366 1658; x_wconf 73' lang='lat' dir='ltr'><strong>uteqdum</strong></span> <span class='ocrx_word' id='word_1_600' title='bbox 3383 1582 3578 1656; x_wconf 79' lang='lat' dir='ltr'><strong>habere</strong></span> <span class='ocrx_word' id='word_1_601' title='bbox 3595 1563 3755 1648; x_wconf 74' lang='lat' dir='ltr'><strong>debe-</strong></span> 
     </span>
    </p>
   </div>
   <div class='ocr_carea' id='block_1_75' title="bbox 2167 1668 3754 1750">
    <p class='ocr_par' dir='ltr' id='par_1_75' title="bbox 2167 1668 3754 1750">
     <span class='ocr_line' id='line_1_75' title="bbox 2167 1668 3754 1750; baseline 0.006 -28"><span class='ocrx_word' id='word_1_602' title='bbox 2167 1668 2255 1744; x_wconf 82' lang='lat' dir='ltr'><strong>tis.</strong></span> <span class='ocrx_word' id='word_1_603' title='bbox 2277 1669 2392 1724; x_wconf 88' lang='lat' dir='ltr'><strong>Non</strong></span> <span class='ocrx_word' id='word_1_604' title='bbox 2407 1679 2580 1748; x_wconf 83' lang='lat' dir='ltr'><strong>autem</strong></span> <span class='ocrx_word' id='word_1_605' title='bbox 2593 1671 2915 1740; x_wconf 86' lang='lat' dir='ltr'><strong>probamini,</strong></span> <span class='ocrx_word' id='word_1_606' title='bbox 2934 1673 3032 1726; x_wconf 91' lang='lat' dir='ltr'><strong>nisi</strong></span> <span class='ocrx_word' id='word_1_607' title='bbox 3055 1673 3264 1744; x_wconf 80' lang='lat' dir='ltr'><strong>quando</strong></span> <span class='ocrx_word' id='word_1_608' title='bbox 3279 1674 3754 1750; x_wconf 70' lang='lat' dir='ltr'><strong>vobisproponun-</strong></span> 
     </span>
    </p>
   </div>
   <div class='ocr_carea' id='block_1_76' title="bbox 2169 1759 3752 1840">
    <p class='ocr_par' dir='ltr' id='par_1_76' title="bbox 2169 1759 3752 1840">
     <span class='ocr_line' id='line_1_76' title="bbox 2169 1759 3752 1840; baseline 0.008 -28"><span class='ocrx_word' id='word_1_609' title='bbox 2169 1767 2255 1812; x_wconf 89' lang='lat' dir='ltr'><strong>tur</strong></span> <span class='ocrx_word' id='word_1_610' title='bbox 2271 1759 2501 1826; x_wconf 90' lang='lat' dir='ltr'><strong>duo,hoc</strong></span> <span class='ocrx_word' id='word_1_611' title='bbox 2517 1771 2605 1816; x_wconf 91' lang='lat' dir='ltr'><strong>aut</strong></span> <span class='ocrx_word' id='word_1_612' title='bbox 2618 1761 2745 1832; x_wconf 86' lang='lat' dir='ltr'><strong>illud</strong></span> <span class='ocrx_word' id='word_1_613' title='bbox 2761 1781 2773 1816; x_wconf 91' lang='lat'><strong>:</strong></span> <span class='ocrx_word' id='word_1_614' title='bbox 2787 1763 3050 1834; x_wconf 76' lang='lat' dir='ltr'><strong>Justitiam</strong></span> <span class='ocrx_word' id='word_1_615' title='bbox 3065 1764 3162 1832; x_wconf 88' lang='lat' dir='ltr'><strong>vis,</strong></span> <span class='ocrx_word' id='word_1_616' title='bbox 3179 1781 3246 1838; x_wconf 83' lang='lat' dir='ltr'><strong>an</strong></span> <span class='ocrx_word' id='word_1_617' title='bbox 3263 1766 3436 1840; x_wconf 66' lang='lat' dir='ltr'><strong>lucra?</strong></span> <span class='ocrx_word' id='word_1_618' title='bbox 3447 1765 3563 1822; x_wconf 87' lang='lat' dir='ltr'><strong>Non</strong></span> <span class='ocrx_word' id='word_1_619' title='bbox 3577 1768 3752 1830; x_wconf 80' lang='lat' dir='ltr'><strong>habeo</strong></span> 
     </span>
    </p>
   </div>
   <div class='ocr_carea' id='block_1_77' title="bbox 2167 1848 3756 1934">
    <p class='ocr_par' dir='ltr' id='par_1_77' title="bbox 2167 1848 3756 1934">
     <span class='ocr_line' id='line_1_77' title="bbox 2167 1848 3756 1934; baseline 0.007 -32"><span class='ocrx_word' id='word_1_620' title='bbox 2167 1848 2306 1902; x_wconf 89' lang='lat' dir='ltr'><strong>unde</strong></span> <span class='ocrx_word' id='word_1_621' title='bbox 2321 1851 2491 1906; x_wconf 85' lang='lat' dir='ltr'><strong>vivam</strong></span> <span class='ocrx_word' id='word_1_622' title='bbox 2502 1893 2514 1914; x_wconf 98' lang='lat'><strong>,</strong></span> <span class='ocrx_word' id='word_1_623' title='bbox 2541 1867 2645 1928; x_wconf 86' lang='lat' dir='ltr'><strong>non</strong></span> <span class='ocrx_word' id='word_1_624' title='bbox 2670 1851 2839 1928; x_wconf 83' lang='lat' dir='ltr'><strong>habeo</strong></span> <span class='ocrx_word' id='word_1_625' title='bbox 2853 1853 2989 1928; x_wconf 83' lang='lat' dir='ltr'><strong>unde</strong></span> <span class='ocrx_word' id='word_1_626' title='bbox 3003 1853 3335 1934; x_wconf 57' lang='lat' dir='ltr'><strong>mendacem,</strong></span> <span class='ocrx_word' id='word_1_627' title='bbox 3357 1871 3460 1928; x_wconf 72' lang='lat' dir='ltr'><strong>non</strong></span> <span class='ocrx_word' id='word_1_628' title='bbox 3477 1855 3647 1920; x_wconf 81' lang='lat' dir='ltr'><strong>habeo</strong></span> <span class='ocrx_word' id='word_1_629' title='bbox 3659 1873 3756 1912; x_wconf 89' lang='lat' dir='ltr'><strong>un-</strong></span> 
     </span>
    </p>
   </div>
   <div class='ocr_carea' id='block_1_78' title="bbox 2165 1939 3756 2024">
    <p class='ocr_par' dir='ltr' id='par_1_78' title="bbox 2165 1939 3756 2024">
     <span class='ocr_line' id='line_1_78' title="bbox 2165 1939 3756 2024; baseline 0.006 -30"><span class='ocrx_word' id='word_1_630' title='bbox 2165 1939 2234 1994; x_wconf 91' lang='lat' dir='ltr'><strong>de</strong></span> <span class='ocrx_word' id='word_1_631' title='bbox 2271 1939 2466 1994; x_wconf 83' lang='lat' dir='ltr'><strong>bibam.</strong></span> <span class='ocrx_word' id='word_1_632' title='bbox 2495 1941 2595 1998; x_wconf 89' lang='lat' dir='ltr'><strong>Sed</strong></span> <span class='ocrx_word' id='word_1_633' title='bbox 2627 1943 2772 2012; x_wconf 90' lang='lat' dir='ltr'><strong>quid,</strong></span> <span class='ocrx_word' id='word_1_634' title='bbox 2793 1945 2836 1998; x_wconf 90' lang='lat' dir='ltr'><strong>si</strong></span> <span class='ocrx_word' id='word_1_635' title='bbox 2863 1961 2966 2008; x_wconf 89' lang='lat' dir='ltr'><strong>non</strong></span> <span class='ocrx_word' id='word_1_636' title='bbox 2994 1954 3144 2016; x_wconf 85' lang='lat' dir='ltr'><strong>potes</strong></span> <span class='ocrx_word' id='word_1_637' title='bbox 3173 1947 3370 2024; x_wconf 74' lang='lat' dir='ltr'><strong>habere</strong></span> <span class='ocrx_word' id='word_1_638' title='bbox 3405 1949 3504 2022; x_wconf 73' lang='lat' dir='ltr'><strong>ista</strong></span> <span class='ocrx_word' id='word_1_639' title='bbox 3531 1949 3632 2004; x_wconf 88' lang='lat' dir='ltr'><strong>nisi</strong></span> <span class='ocrx_word' id='word_1_640' title='bbox 3655 1965 3756 2020; x_wconf 78' lang='lat' dir='ltr'><strong>per</strong></span> 
     </span>
    </p>
   </div>
   <div class='ocr_carea' id='block_1_79' title="bbox 2165 2032 3753 2112">
    <p class='ocr_par' dir='ltr' id='par_1_79' title="bbox 2165 2032 3753 2112">
     <span class='ocr_line' id='line_1_79' title="bbox 2165 2032 3753 2112; baseline 0.005 -26"><span class='ocrx_word' id='word_1_641' title='bbox 2165 2032 2534 2100; x_wconf 81' lang='lat' dir='ltr'><strong>iniquitatem?</strong></span> <span class='ocrx_word' id='word_1_642' title='bbox 2581 2032 2770 2108; x_wconf 81' lang='lat' dir='ltr'><strong>Nonne</strong></span> <span class='ocrx_word' id='word_1_643' title='bbox 2801 2035 2989 2112; x_wconf 87' lang='lat' dir='ltr'><strong>melius</strong></span> <span class='ocrx_word' id='word_1_644' title='bbox 3015 2051 3161 2100; x_wconf 86' lang='lat' dir='ltr'><strong>amas</strong></span> <span class='ocrx_word' id='word_1_645' title='bbox 3185 2037 3327 2107; x_wconf 90' lang='lat' dir='ltr'><strong>quod</strong></span> <span class='ocrx_word' id='word_1_646' title='bbox 3355 2054 3460 2112; x_wconf 83' lang='lat' dir='ltr'><strong>non</strong></span> <span class='ocrx_word' id='word_1_647' title='bbox 3503 2039 3702 2094; x_wconf 87' lang='lat' dir='ltr'><strong>amittis</strong></span> <span class='ocrx_word' id='word_1_648' title='bbox 3733 2079 3753 2106; x_wconf 84' lang='lat'><strong>,</strong></span> 
     </span>
    </p>
   </div>
   <div class='ocr_carea' id='block_1_80' title="bbox 2165 2111 3754 2206">
    <p class='ocr_par' dir='ltr' id='par_1_80' title="bbox 2165 2111 3754 2206">
     <span class='ocr_line' id='line_1_80' title="bbox 2165 2111 3754 2206; baseline 0.006 -30"><span class='ocrx_word' id='word_1_649' title='bbox 2165 2129 2323 2193; x_wconf 89' lang='lat' dir='ltr'><strong>quam</strong></span> <span class='ocrx_word' id='word_1_650' title='bbox 2372 2123 2698 2198; x_wconf 82' lang='lat' dir='ltr'><strong>iniquitatem</strong></span> <span class='ocrx_word' id='word_1_651' title='bbox 2739 2111 3066 2204; x_wconf 76' lang='lat' dir='ltr'><strong>committis?</strong></span> <span class='ocrx_word' id='word_1_652' title='bbox 3110 2126 3338 2206; x_wconf 82' lang='lat' dir='ltr'><strong>Lucrum</strong></span> <span class='ocrx_word' id='word_1_653' title='bbox 3389 2111 3503 2202; x_wconf 71' lang='lat' dir='ltr'><strong>auri</strong></span> <span class='ocrx_word' id='word_1_654' title='bbox 3557 2128 3706 2186; x_wconf 88' lang='lat' dir='ltr'><strong>vides</strong></span> <span class='ocrx_word' id='word_1_655' title='bbox 3733 2171 3754 2198; x_wconf 82' lang='grc'><strong>.</strong></span> 
     </span>
    </p>
   </div>
   <div class='ocr_carea' id='block_1_81' title="bbox 2165 2197 3758 2292">
    <p class='ocr_par' dir='ltr' id='par_1_81' title="bbox 2165 2197 3758 2292">
     <span class='ocr_line' id='line_1_81' title="bbox 2165 2197 3758 2292; baseline 0.003 -23"><span class='ocrx_word' id='word_1_656' title='bbox 2165 2213 2416 2292; x_wconf 74' lang='lat' dir='ltr'><strong>damnum</strong></span> <span class='ocrx_word' id='word_1_657' title='bbox 2444 2197 2564 2270; x_wconf 74' lang='lat' dir='ltr'><strong>fidei</strong></span> <span class='ocrx_word' id='word_1_658' title='bbox 2591 2232 2696 2290; x_wconf 82' lang='lat' dir='ltr'><strong>non</strong></span> <span class='ocrx_word' id='word_1_659' title='bbox 2724 2197 2890 2271; x_wconf 77' lang='lat' dir='ltr'><strong>vides.</strong></span> <span class='ocrx_word' id='word_1_660' title='bbox 2919 2217 3032 2290; x_wconf 80' lang='lat' dir='ltr'><strong>Hoc</strong></span> <span class='ocrx_word' id='word_1_661' title='bbox 3058 2233 3203 2290; x_wconf 76' lang='lat' dir='ltr'><strong>ergo,</strong></span> <span class='ocrx_word' id='word_1_662' title='bbox 3235 2197 3489 2274; x_wconf 45' lang='lat' dir='ltr'><strong>ait&#39;nObis</strong></span> <span class='ocrx_word' id='word_1_663' title='bbox 3508 2261 3522 2286; x_wconf 96' lang='lat'><strong>,</strong></span> <span class='ocrx_word' id='word_1_664' title='bbox 3552 2197 3758 2274; x_wconf 47' lang='lat' dir='ltr'><strong>deside?-</strong></span> 
     </span>
    </p>
   </div>
   <div class='ocr_carea' id='block_1_82' title="bbox 2165 2307 3757 2384">
    <p class='ocr_par' dir='ltr' id='par_1_82' title="bbox 2165 2307 3757 2384">
     <span class='ocr_line' id='line_1_82' title="bbox 2165 2307 3757 2384; baseline 0.006 -24"><span class='ocrx_word' id='word_1_665' title='bbox 2165 2307 2294 2360; x_wconf 80' lang='lat' dir='ltr'><strong>rium</strong></span> <span class='ocrx_word' id='word_1_666' title='bbox 2315 2308 2478 2360; x_wconf 76' lang='lat' dir='ltr'><strong>carnis</strong></span> <span class='ocrx_word' id='word_1_667' title='bbox 2505 2317 2598 2374; x_wconf 77' lang='lat' dir='ltr'><strong>est,</strong></span> <span class='ocrx_word' id='word_1_668' title='bbox 2631 2307 2682 2362; x_wconf 94' lang='lat' dir='ltr'><strong>id</strong></span> <span class='ocrx_word' id='word_1_669' title='bbox 2717 2315 2798 2362; x_wconf 90' lang='lat' dir='ltr'><strong>est</strong></span> <span class='ocrx_word' id='word_1_670' title='bbox 2817 2351 2832 2376; x_wconf 91' lang='lat'><strong>,</strong></span> <span class='ocrx_word' id='word_1_671' title='bbox 2860 2308 3181 2384; x_wconf 86' lang='lat' dir='ltr'><strong>desiderium</strong></span> <span class='ocrx_word' id='word_1_672' title='bbox 3206 2327 3390 2378; x_wconf 66' lang='lat' dir='ltr'><strong>eorum</strong></span> <span class='ocrx_word' id='word_1_673' title='bbox 3419 2328 3598 2368; x_wconf 87' lang='lat' dir='ltr'><strong>rerum</strong></span> <span class='ocrx_word' id='word_1_674' title='bbox 3629 2329 3757 2384; x_wconf 65' lang='lat' dir='ltr'><strong>quae</strong></span> 
     </span>
    </p>
   </div>
   <div class='ocr_carea' id='block_1_83' title="bbox 2164 2400 3758 2484">
    <p class='ocr_par' dir='ltr' id='par_1_83' title="bbox 2164 2400 3758 2484">
     <span class='ocr_line' id='line_1_83' title="bbox 2164 2400 3758 2484; baseline 0.006 -31"><span class='ocrx_word' id='word_1_675' title='bbox 2164 2400 2432 2482; x_wconf 84' lang='lat' dir='ltr'><strong>pertinent</strong></span> <span class='ocrx_word' id='word_1_676' title='bbox 2473 2400 2538 2478; x_wconf 81' lang='lat' dir='ltr'><strong>ad</strong></span> <span class='ocrx_word' id='word_1_677' title='bbox 2577 2416 2826 2480; x_wconf 75' lang='lat' dir='ltr'><strong>carnem,</strong></span> <span class='ocrx_word' id='word_1_678' title='bbox 2865 2403 3002 2484; x_wconf 64' lang='lat' dir='ltr'><strong>sicut</strong></span> <span class='ocrx_word' id='word_1_679' title='bbox 3033 2404 3180 2480; x_wconf 78' lang='lat' dir='ltr'><strong>cibus</strong></span> <span class='ocrx_word' id='word_1_680' title='bbox 3219 2413 3274 2459; x_wconf 90' lang='lat' dir='ltr'><strong>et</strong></span> <span class='ocrx_word' id='word_1_681' title='bbox 3307 2405 3652 2471; x_wconf 84' lang='lat' dir='ltr'><strong>concubitus,</strong></span> <span class='ocrx_word' id='word_1_682' title='bbox 3691 2415 3758 2463; x_wconf 80' lang='lat' dir='ltr'><strong>et</strong></span> 
     </span>
    </p>
   </div>
   <div class='ocr_carea' id='block_1_84' title="bbox 2164 2479 2708 2570">
    <p class='ocr_par' dir='ltr' id='par_1_84' title="bbox 2164 2479 2708 2570">
     <span class='ocr_line' id='line_1_84' title="bbox 2164 2479 2708 2570; baseline -0.004 -22"><span class='ocrx_word' id='word_1_683' title='bbox 2164 2479 2358 2548; x_wconf 68' lang='lat' dir='ltr'><strong>cmtera</strong></span> <span class='ocrx_word' id='word_1_684' title='bbox 2387 2493 2708 2570; x_wconf 77' lang='lat' dir='ltr'><strong>hujusmodi.</strong></span> 
     </span>
    </p>
   </div>
   <div class='ocr_carea' id='block_1_85' title="bbox 2239 2583 3760 2658">
    <p class='ocr_par' dir='ltr' id='par_1_85' title="bbox 2239 2583 3760 2658">
     <span class='ocr_line' id='line_1_85' title="bbox 2239 2583 3760 2658; baseline 0.004 -20"><span class='ocrx_word' id='word_1_685' title='bbox 2239 2585 2326 2640; x_wconf 79' lang='grc'><strong>1⁵5.</strong></span> <span class='ocrx_word' id='word_1_686' title='bbox 2368 2583 2434 2650; x_wconf 82' lang='lat' dir='ltr'><strong>Et</strong></span> <span class='ocrx_word' id='word_1_687' title='bbox 2464 2585 2762 2658; x_wconf 72' lang='lat' dir='ltr'><strong>desiderium</strong></span> <span class='ocrx_word' id='word_1_688' title='bbox 2789 2585 3053 2641; x_wconf 80' lang='lat' dir='ltr'><strong>oculorum</strong></span> <span class='ocrx_word' id='word_1_689' title='bbox 3077 2602 3096 2641; x_wconf 88' lang='lat'><strong>.&#39;</strong></span> <span class='ocrx_word' id='word_1_690' title='bbox 3125 2585 3448 2648; x_wconf 81' lang='lat' dir='ltr'><strong>desiderium</strong></span> <span class='ocrx_word' id='word_1_691' title='bbox 3471 2587 3760 2644; x_wconf 84' lang='lat' dir='ltr'><strong>oculorum</strong></span> 
     </span>
    </p>
   </div>
   <div class='ocr_carea' id='block_1_86' title="bbox 2163 2675 3758 2752">
    <p class='ocr_par' dir='ltr' id='par_1_86' title="bbox 2163 2675 3758 2752">
     <span class='ocr_line' id='line_1_86' title="bbox 2163 2675 3758 2752; baseline 0.003 -22"><span class='ocrx_word' id='word_1_692' title='bbox 2163 2675 2291 2730; x_wconf 89' lang='lat' dir='ltr'><strong>dicit</strong></span> <span class='ocrx_word' id='word_1_693' title='bbox 2332 2690 2544 2729; x_wconf 90' lang='lat' dir='ltr'><strong>omnem</strong></span> <span class='ocrx_word' id='word_1_694' title='bbox 2572 2676 2950 2732; x_wconf 85' lang='lat' dir='ltr'><strong>curiositatem.</strong></span> <span class='ocrx_word' id='word_1_695' title='bbox 2981 2676 3098 2732; x_wconf 85' lang='lat' dir='ltr'><strong>Jam</strong></span> <span class='ocrx_word' id='word_1_696' title='bbox 3137 2694 3296 2752; x_wconf 84' lang='lat' dir='ltr'><strong>quam</strong></span> <span class='ocrx_word' id='word_1_697' title='bbox 3324 2679 3428 2746; x_wconf 80' lang='lat' dir='ltr'><strong>late</strong></span> <span class='ocrx_word' id='word_1_698' title='bbox 3465 2686 3608 2752; x_wconf 80' lang='lat' dir='ltr'><strong>patet</strong></span> <span class='ocrx_word' id='word_1_699' title='bbox 3645 2693 3758 2734; x_wconf 86' lang='lat' dir='ltr'><strong>cu-</strong></span> 
     </span>
    </p>
   </div>
   <div class='ocr_carea' id='block_1_87' title="bbox 2162 2765 3761 2844">
    <p class='ocr_par' dir='ltr' id='par_1_87' title="bbox 2162 2765 3761 2844">
     <span class='ocr_line' id='line_1_87' title="bbox 2162 2765 3761 2844; baseline 0.003 -24"><span class='ocrx_word' id='word_1_700' title='bbox 2162 2767 2374 2820; x_wconf 87' lang='lat' dir='ltr'><strong>riositas</strong></span> <span class='ocrx_word' id='word_1_701' title='bbox 2393 2766 2418 2818; x_wconf 88' lang='lat'><strong>?</strong></span> <span class='ocrx_word' id='word_1_702' title='bbox 2448 2765 2566 2842; x_wconf 78' lang='lat' dir='ltr'><strong>Ipsa</strong></span> <span class='ocrx_word' id='word_1_703' title='bbox 2595 2768 2645 2819; x_wconf 90' lang='lat' dir='ltr'><strong>in</strong></span> <span class='ocrx_word' id='word_1_704' title='bbox 2671 2768 3004 2844; x_wconf 80' lang='lat' dir='ltr'><strong>spectaculis,</strong></span> <span class='ocrx_word' id='word_1_705' title='bbox 3033 2768 3086 2822; x_wconf 92' lang='lat' dir='ltr'><strong>in</strong></span> <span class='ocrx_word' id='word_1_706' title='bbox 3107 2768 3343 2842; x_wconf 81' lang='lat' dir='ltr'><strong>theatris,</strong></span> <span class='ocrx_word' id='word_1_707' title='bbox 3377 2769 3432 2824; x_wconf 90' lang='lat' dir='ltr'><strong>in</strong></span> <span class='ocrx_word' id='word_1_708' title='bbox 3453 2784 3761 2844; x_wconf 82' lang='lat' dir='ltr'><strong>sacramen-</strong></span> 
     </span>
    </p>
   </div>
   <div class='ocr_carea' id='block_1_88' title="bbox 2163 2857 3760 2930">
    <p class='ocr_par' dir='ltr' id='par_1_88' title="bbox 2163 2857 3760 2930">
     <span class='ocr_line' id='line_1_88' title="bbox 2163 2857 3760 2930; baseline 0.004 -20"><span class='ocrx_word' id='word_1_709' title='bbox 2163 2857 2233 2911; x_wconf 88' lang='lat' dir='ltr'><strong>tis</strong></span> <span class='ocrx_word' id='word_1_710' title='bbox 2259 2857 2481 2924; x_wconf 87' lang='lat' dir='ltr'><strong>diaboli,</strong></span> <span class='ocrx_word' id='word_1_711' title='bbox 2513 2857 2562 2910; x_wconf 89' lang='lat' dir='ltr'><strong>in</strong></span> <span class='ocrx_word' id='word_1_712' title='bbox 2605 2857 2820 2930; x_wconf 79' lang='lat' dir='ltr'><strong>magicis</strong></span> <span class='ocrx_word' id='word_1_713' title='bbox 2849 2859 3050 2913; x_wconf 88' lang='lat' dir='ltr'><strong>artibus</strong></span> <span class='ocrx_word' id='word_1_714' title='bbox 3073 2901 3086 2926; x_wconf 94' lang='lat'><strong>,</strong></span> <span class='ocrx_word' id='word_1_715' title='bbox 3121 2861 3174 2914; x_wconf 91' lang='lat' dir='ltr'><strong>in</strong></span> <span class='ocrx_word' id='word_1_716' title='bbox 3209 2860 3480 2914; x_wconf 81' lang='lat' dir='ltr'><strong>maleﬁciis</strong></span> <span class='ocrx_word' id='word_1_717' title='bbox 3519 2861 3631 2930; x_wconf 85' lang='lat' dir='ltr'><strong>ipsa</strong></span> <span class='ocrx_word' id='word_1_718' title='bbox 3662 2869 3760 2918; x_wconf 85' lang='lat' dir='ltr'><strong>est</strong></span> 
     </span>
    </p>
   </div>
   <div class='ocr_carea' id='block_1_89' title="bbox 2163 2949 3760 3026">
    <p class='ocr_par' dir='ltr' id='par_1_89' title="bbox 2163 2949 3760 3026">
     <span class='ocr_line' id='line_1_89' title="bbox 2163 2949 3760 3026; baseline 0.003 -20"><span class='ocrx_word' id='word_1_719' title='bbox 2163 2951 2462 3006; x_wconf 81' lang='lat' dir='ltr'><strong>curiositas.</strong></span> <span class='ocrx_word' id='word_1_720' title='bbox 2499 2949 2793 3026; x_wconf 74' lang='lat' dir='ltr'><strong>Aliquando</strong></span> <span class='ocrx_word' id='word_1_721' title='bbox 2821 2959 2989 3006; x_wconf 88' lang='lat' dir='ltr'><strong>tentat</strong></span> <span class='ocrx_word' id='word_1_722' title='bbox 3014 2953 3171 3006; x_wconf 91' lang='lat' dir='ltr'><strong>etiam</strong></span> <span class='ocrx_word' id='word_1_723' title='bbox 3209 2967 3392 3008; x_wconf 91' lang='lat' dir='ltr'><strong>servos</strong></span> <span class='ocrx_word' id='word_1_724' title='bbox 3419 2953 3542 3018; x_wconf 89' lang='lat' dir='ltr'><strong>Dei,</strong></span> <span class='ocrx_word' id='word_1_725' title='bbox 3570 2961 3626 3006; x_wconf 91' lang='lat' dir='ltr'><strong>ut</strong></span> <span class='ocrx_word' id='word_1_726' title='bbox 3653 2969 3760 3010; x_wconf 85' lang='lat' dir='ltr'><strong>ve-</strong></span> 
     </span>
    </p>
   </div>
   <div class='ocr_carea' id='block_1_90' title="bbox 2163 3040 3759 3112">
    <p class='ocr_par' dir='ltr' id='par_1_90' title="bbox 2163 3040 3759 3112">
     <span class='ocr_line' id='line_1_90' title="bbox 2163 3040 3759 3112; baseline 0.002 -18"><span class='ocrx_word' id='word_1_727' title='bbox 2163 3041 2262 3094; x_wconf 90' lang='lat' dir='ltr'><strong>lint</strong></span> <span class='ocrx_word' id='word_1_728' title='bbox 2288 3041 2436 3110; x_wconf 78' lang='lat' dir='ltr'><strong>quasi</strong></span> <span class='ocrx_word' id='word_1_729' title='bbox 2473 3040 2784 3112; x_wconf 86' lang='lat' dir='ltr'><strong>miraculum</strong></span> <span class='ocrx_word' id='word_1_730' title='bbox 2814 3041 2985 3096; x_wconf 84' lang='lat' dir='ltr'><strong>facere</strong></span> <span class='ocrx_word' id='word_1_731' title='bbox 3008 3083 3022 3108; x_wconf 94' lang='lat'><strong>,</strong></span> <span class='ocrx_word' id='word_1_732' title='bbox 3053 3049 3257 3098; x_wconf 90' lang='lat' dir='ltr'><strong>tentare</strong></span> <span class='ocrx_word' id='word_1_733' title='bbox 3297 3050 3472 3096; x_wconf 87' lang='lat' dir='ltr'><strong>utrum</strong></span> <span class='ocrx_word' id='word_1_734' title='bbox 3499 3041 3759 3098; x_wconf 83' lang='lat' dir='ltr'><strong>exaudiat</strong></span> 
     </span>
    </p>
   </div>
   <div class='ocr_carea' id='block_1_91' title="bbox 2089 3130 3759 3208">
    <p class='ocr_par' dir='ltr' id='par_1_91' title="bbox 2089 3130 3759 3208">
     <span class='ocr_line' id='line_1_91' title="bbox 2089 3130 3759 3208; baseline 0.001 -23"><span class='ocrx_word' id='word_1_735' title='bbox 2089 3145 2116 3168; x_wconf 69' lang='grc' dir='ltr'><strong>’ί</strong></span> <span class='ocrx_word' id='word_1_736' title='bbox 2163 3131 2282 3206; x_wconf 86' lang='lat' dir='ltr'><strong>illos</strong></span> <span class='ocrx_word' id='word_1_737' title='bbox 2311 3131 2453 3184; x_wconf 87' lang='lat' dir='ltr'><strong>Deus</strong></span> <span class='ocrx_word' id='word_1_738' title='bbox 2481 3131 2534 3184; x_wconf 89' lang='lat' dir='ltr'><strong>in</strong></span> <span class='ocrx_word' id='word_1_739' title='bbox 2557 3130 2864 3208; x_wconf 86' lang='lat' dir='ltr'><strong>miraculis;</strong></span> <span class='ocrx_word' id='word_1_740' title='bbox 2896 3133 3174 3200; x_wconf 78' lang='lat' dir='ltr'><strong>curiositas</strong></span> <span class='ocrx_word' id='word_1_741' title='bbox 3213 3141 3322 3198; x_wconf 88' lang='lat' dir='ltr'><strong>est,</strong></span> <span class='ocrx_word' id='word_1_742' title='bbox 3367 3131 3466 3186; x_wconf 88' lang='lat' dir='ltr'><strong>hoc</strong></span> <span class='ocrx_word' id='word_1_743' title='bbox 3493 3140 3574 3186; x_wconf 85' lang='lat' dir='ltr'><strong>est</strong></span> <span class='ocrx_word' id='word_1_744' title='bbox 3598 3133 3759 3186; x_wconf 81' lang='lat' dir='ltr'><strong>desi-</strong></span> 
     </span>
    </p>
   </div>
   <div class='ocr_carea' id='block_1_92' title="bbox 2163 3220 3752 3292">
    <p class='ocr_par' dir='ltr' id='par_1_92' title="bbox 2163 3220 3752 3292">
     <span class='ocr_line' id='line_1_92' title="bbox 2163 3220 3752 3292; baseline 0.001 -17"><span class='ocrx_word' id='word_1_745' title='bbox 2163 3220 2368 3275; x_wconf 85' lang='lat' dir='ltr'><strong>derium</strong></span> <span class='ocrx_word' id='word_1_746' title='bbox 2398 3221 2701 3286; x_wconf 89' lang='lat' dir='ltr'><strong>oculorum;</strong></span> <span class='ocrx_word' id='word_1_747' title='bbox 2743 3236 2848 3276; x_wconf 90' lang='lat' dir='ltr'><strong>non</strong></span> <span class='ocrx_word' id='word_1_748' title='bbox 2877 3230 2959 3275; x_wconf 91' lang='lat' dir='ltr'><strong>est</strong></span> <span class='ocrx_word' id='word_1_749' title='bbox 3001 3237 3032 3276; x_wconf 89' lang='lat' dir='ltr'><strong>a</strong></span> <span class='ocrx_word' id='word_1_750' title='bbox 3071 3222 3245 3276; x_wconf 84' lang='lat' dir='ltr'><strong>Patre.</strong></span> <span class='ocrx_word' id='word_1_751' title='bbox 3281 3221 3334 3276; x_wconf 91' lang='lat' dir='ltr'><strong>Si</strong></span> <span class='ocrx_word' id='word_1_752' title='bbox 3375 3221 3517 3276; x_wconf 88' lang='lat' dir='ltr'><strong>dedit</strong></span> <span class='ocrx_word' id='word_1_753' title='bbox 3555 3222 3702 3276; x_wconf 84' lang='lat' dir='ltr'><strong>Deus</strong></span> <span class='ocrx_word' id='word_1_754' title='bbox 3733 3264 3752 3292; x_wconf 85' lang='lat'><strong>,</strong></span> 
     </span>
    </p>
   </div>
   <div class='ocr_carea' id='block_1_93' title="bbox 2160 3312 3754 3390">
    <p class='ocr_par' dir='ltr' id='par_1_93' title="bbox 2160 3312 3754 3390">
     <span class='ocr_line' id='line_1_93' title="bbox 2160 3312 3754 3390; baseline 0.003 -24"><span class='ocrx_word' id='word_1_755' title='bbox 2160 3312 2278 3378; x_wconf 79' lang='lat' dir='ltr'><strong>fac;</strong></span> <span class='ocrx_word' id='word_1_756' title='bbox 2307 3312 2500 3390; x_wconf 84' lang='lat' dir='ltr'><strong>obtulit</strong></span> <span class='ocrx_word' id='word_1_757' title='bbox 2525 3313 2666 3366; x_wconf 89' lang='lat' dir='ltr'><strong>enim</strong></span> <span class='ocrx_word' id='word_1_758' title='bbox 2695 3321 2750 3366; x_wconf 91' lang='lat' dir='ltr'><strong>ut</strong></span> <span class='ocrx_word' id='word_1_759' title='bbox 2777 3312 2937 3367; x_wconf 82' lang='lat' dir='ltr'><strong>facias</strong></span> <span class='ocrx_word' id='word_1_760' title='bbox 2968 3331 2982 3367; x_wconf 91' lang='lat'><strong>:</strong></span> <span class='ocrx_word' id='word_1_761' title='bbox 3009 3329 3114 3368; x_wconf 91' lang='lat' dir='ltr'><strong>non</strong></span> <span class='ocrx_word' id='word_1_762' title='bbox 3153 3314 3294 3388; x_wconf 85' lang='lat' dir='ltr'><strong>enim</strong></span> <span class='ocrx_word' id='word_1_763' title='bbox 3320 3315 3406 3384; x_wconf 88' lang='lat' dir='ltr'><strong>qui</strong></span> <span class='ocrx_word' id='word_1_764' title='bbox 3453 3330 3556 3367; x_wconf 89' lang='lat' dir='ltr'><strong>non</strong></span> <span class='ocrx_word' id='word_1_765' title='bbox 3589 3313 3754 3370; x_wconf 76' lang='lat' dir='ltr'><strong>fece-</strong></span> 
     </span>
    </p>
   </div>
   <div class='ocr_carea' id='block_1_94' title="bbox 2161 3391 3757 3480">
    <p class='ocr_par' dir='ltr' id='par_1_94' title="bbox 2161 3391 3757 3480">
     <span class='ocr_line' id='line_1_94' title="bbox 2161 3391 3757 3480; baseline 0.001 -23"><span class='ocrx_word' id='word_1_766' title='bbox 2161 3412 2286 3458; x_wconf 72' lang='lat' dir='ltr'><strong>runt</strong></span> <span class='ocrx_word' id='word_1_767' title='bbox 2308 3445 2322 3470; x_wconf 95' lang='lat'><strong>,</strong></span> <span class='ocrx_word' id='word_1_768' title='bbox 2367 3391 2430 3456; x_wconf 86' lang='lat' dir='ltr'><strong>ad</strong></span> <span class='ocrx_word' id='word_1_769' title='bbox 2463 3418 2684 3473; x_wconf 83' lang='lat' dir='ltr'><strong>regnum</strong></span> <span class='ocrx_word' id='word_1_770' title='bbox 2726 3403 2821 3458; x_wconf 88' lang='lat' dir='ltr'><strong>Dei</strong></span> <span class='ocrx_word' id='word_1_771' title='bbox 2863 3419 2967 3457; x_wconf 91' lang='lat' dir='ltr'><strong>non</strong></span> <span class='ocrx_word' id='word_1_772' title='bbox 2995 3404 3356 3480; x_wconf 82' lang='lat' dir='ltr'><strong>pertinebunt.</strong></span> <span class='ocrx_word' id='word_1_773' title='bbox 3387 3403 3518 3458; x_wconf 89' lang='lat' dir='ltr'><strong>Cum</strong></span> <span class='ocrx_word' id='word_1_774' title='bbox 3545 3403 3757 3480; x_wconf 64' lang='lat' dir='ltr'><strong>gaudeo</strong></span> 
     </span>
    </p>
   </div>
   <div class='ocr_carea' id='block_1_95' title="bbox 2161 3477 3756 3574">
    <p class='ocr_par' dir='ltr' id='par_1_95' title="bbox 2161 3477 3756 3574">
     <span class='ocr_line' id='line_1_95' title="bbox 2161 3477 3756 3574; baseline 0.001 -23"><span class='ocrx_word' id='word_1_775' title='bbox 2161 3504 2284 3551; x_wconf 89' lang='lat' dir='ltr'><strong>rent</strong></span> <span class='ocrx_word' id='word_1_776' title='bbox 2305 3481 2548 3564; x_wconf 31' lang='lat' dir='ltr'><strong>&#39;Apostoli</strong></span> <span class='ocrx_word' id='word_1_777' title='bbox 2579 3493 2701 3566; x_wconf 91' lang='lat' dir='ltr'><strong>quia</strong></span> <span class='ocrx_word' id='word_1_778' title='bbox 2740 3477 3000 3550; x_wconf 78' lang='lat' dir='ltr'><strong>daemonia</strong></span> <span class='ocrx_word' id='word_1_779' title='bbox 3011 3477 3106 3550; x_wconf 39' lang='lat' dir='ltr'><strong>&#39;eis</strong></span> <span class='ocrx_word' id='word_1_780' title='bbox 3136 3496 3368 3574; x_wconf 81' lang='lat' dir='ltr'><strong>subjecta</strong></span> <span class='ocrx_word' id='word_1_781' title='bbox 3395 3477 3582 3562; x_wconf 76' lang='lat' dir='ltr'><strong>erant,</strong></span> <span class='ocrx_word' id='word_1_782' title='bbox 3617 3497 3756 3566; x_wconf 85' lang='lat' dir='ltr'><strong>quid</strong></span> 
     </span>
    </p>
   </div>
   <div class='ocr_carea' id='block_1_96' title="bbox 2161 3583 3755 3666">
    <p class='ocr_par' dir='ltr' id='par_1_96' title="bbox 2161 3583 3755 3666">
     <span class='ocr_line' id='line_1_96' title="bbox 2161 3583 3755 3666; baseline 0.001 -26"><span class='ocrx_word' id='word_1_783' title='bbox 2161 3589 2238 3640; x_wconf 88' lang='lat' dir='ltr'><strong>eis</strong></span> <span class='ocrx_word' id='word_1_784' title='bbox 2259 3585 2391 3640; x_wconf 78' lang='lat' dir='ltr'><strong>dixit</strong></span> <span class='ocrx_word' id='word_1_785' title='bbox 2420 3585 2713 3640; x_wconf 85' lang='lat' dir='ltr'><strong>Dominus?</strong></span> <span class='ocrx_word' id='word_1_786' title='bbox 2736 3583 2911 3660; x_wconf 81' lang='lat' dir='ltr'><strong>Nolite</strong></span> <span class='ocrx_word' id='word_1_787' title='bbox 2933 3587 2984 3658; x_wconf 86' lang='lat' dir='ltr'><strong>in</strong></span> <span class='ocrx_word' id='word_1_788' title='bbox 3008 3587 3100 3648; x_wconf 77' lang='lat' dir='ltr'><strong>hoc</strong></span> <span class='ocrx_word' id='word_1_789' title='bbox 3122 3585 3380 3666; x_wconf 79' lang='lat' dir='ltr'><strong>gaudere;</strong></span> <span class='ocrx_word' id='word_1_790' title='bbox 3425 3587 3513 3640; x_wconf 77' lang='lat' dir='ltr'><strong>sed</strong></span> <span class='ocrx_word' id='word_1_791' title='bbox 3531 3587 3755 3658; x_wconf 74' lang='lat' dir='ltr'><strong>gaudete</strong></span> 
     </span>
    </p>
   </div>
   <div class='ocr_carea' id='block_1_97' title="bbox 2160 3676 3748 3758">
    <p class='ocr_par' dir='ltr' id='par_1_97' title="bbox 2160 3676 3748 3758">
     <span class='ocr_line' id='line_1_97' title="bbox 2160 3676 3748 3758; baseline 0.001 -28"><span class='ocrx_word' id='word_1_792' title='bbox 2160 3679 2396 3754; x_wconf 79' lang='lat' dir='ltr'><strong>quoniam</strong></span> <span class='ocrx_word' id='word_1_793' title='bbox 2425 3679 2627 3750; x_wconf 74' lang='lat' dir='ltr'><strong>nomine</strong></span> <span class='ocrx_word' id='word_1_794' title='bbox 2653 3689 2814 3732; x_wconf 85' lang='lat' dir='ltr'><strong>vestra</strong></span> <span class='ocrx_word' id='word_1_795' title='bbox 2842 3679 3027 3758; x_wconf 75' lang='lat' dir='ltr'><strong>scripta</strong></span> <span class='ocrx_word' id='word_1_796' title='bbox 3071 3687 3186 3730; x_wconf 83' lang='lat' dir='ltr'><strong>sunt</strong></span> <span class='ocrx_word' id='word_1_797' title='bbox 3225 3678 3277 3730; x_wconf 84' lang='lat' dir='ltr'><strong>in</strong></span> <span class='ocrx_word' id='word_1_798' title='bbox 3313 3679 3438 3731; x_wconf 69' lang='lat' dir='ltr'><strong>cosio</strong></span> <span class='ocrx_word' id='word_1_799' title='bbox 3471 3676 3626 3744; x_wconf 82' lang='lat' dir='ltr'><strong>(Luc.</strong></span> <span class='ocrx_word' id='word_1_800' title='bbox 3667 3694 3704 3732; x_wconf 75' lang='grc' dir='ltr'><strong>ι</strong></span> <span class='ocrx_word' id='word_1_801' title='bbox 3733 3721 3748 3746; x_wconf 84' lang='grc'>,</span> 
     </span>
    </p>
   </div>
   <div class='ocr_carea' id='block_1_98' title="bbox 2159 3768 3752 3850">
    <p class='ocr_par' dir='ltr' id='par_1_98' title="bbox 2159 3768 3752 3850">
     <span class='ocr_line' id='line_1_98' title="bbox 2159 3768 3752 3850; baseline 0.003 -28"><span class='ocrx_word' id='word_1_802' title='bbox 2159 3770 2230 3824; x_wconf 77' lang='grc'>20</span> <span class='ocrx_word' id='word_1_803' title='bbox 2251 3771 2288 3841; x_wconf 94' lang='grc'><strong>).</strong></span> <span class='ocrx_word' id='word_1_804' title='bbox 2325 3769 2447 3824; x_wconf 89' lang='lat' dir='ltr'><strong>Inde</strong></span> <span class='ocrx_word' id='word_1_805' title='bbox 2487 3769 2653 3846; x_wconf 86' lang='lat' dir='ltr'><strong>voluit</strong></span> <span class='ocrx_word' id='word_1_806' title='bbox 2682 3768 2914 3839; x_wconf 80' lang='lat' dir='ltr'><strong>gaudere</strong></span> <span class='ocrx_word' id='word_1_807' title='bbox 2943 3769 3226 3850; x_wconf 80' lang='lat' dir='ltr'><strong>Apostolus</strong></span> <span class='ocrx_word' id='word_1_808' title='bbox 3251 3809 3265 3834; x_wconf 90' lang='lat'><strong>,</strong></span> <span class='ocrx_word' id='word_1_809' title='bbox 3295 3768 3434 3822; x_wconf 83' lang='lat' dir='ltr'><strong>unde</strong></span> <span class='ocrx_word' id='word_1_810' title='bbox 3463 3768 3662 3838; x_wconf 83' lang='lat' dir='ltr'><strong>gaudes</strong></span> <span class='ocrx_word' id='word_1_811' title='bbox 3691 3779 3752 3826; x_wconf 80' lang='lat' dir='ltr'><strong>et</strong></span> 
     </span>
    </p>
   </div>
   <div class='ocr_carea' id='block_1_99' title="bbox 2159 3861 3750 3940">
    <p class='ocr_par' dir='ltr' id='par_1_99' title="bbox 2159 3861 3750 3940">
     <span class='ocr_line' id='line_1_99' title="bbox 2159 3861 3750 3940; baseline 0.001 -24"><span class='ocrx_word' id='word_1_812' title='bbox 2159 3869 2238 3916; x_wconf 90' lang='lat' dir='ltr'><strong>tu.</strong></span> <span class='ocrx_word' id='word_1_813' title='bbox 2271 3861 2364 3916; x_wconf 78' lang='lat' dir='ltr'><strong>Vae</strong></span> <span class='ocrx_word' id='word_1_814' title='bbox 2394 3862 2484 3932; x_wconf 80' lang='lat' dir='ltr'><strong>tibi</strong></span> <span class='ocrx_word' id='word_1_815' title='bbox 2513 3862 2676 3925; x_wconf 89' lang='lat' dir='ltr'><strong>enim,</strong></span> <span class='ocrx_word' id='word_1_816' title='bbox 2705 3862 2748 3916; x_wconf 90' lang='lat' dir='ltr'><strong>si</strong></span> <span class='ocrx_word' id='word_1_817' title='bbox 2778 3877 2970 3938; x_wconf 85' lang='lat' dir='ltr'><strong>nomen</strong></span> <span class='ocrx_word' id='word_1_818' title='bbox 3001 3869 3146 3930; x_wconf 87' lang='lat' dir='ltr'><strong>tuum</strong></span> <span class='ocrx_word' id='word_1_819' title='bbox 3171 3877 3274 3936; x_wconf 83' lang='lat' dir='ltr'><strong>non</strong></span> <span class='ocrx_word' id='word_1_820' title='bbox 3306 3869 3386 3915; x_wconf 88' lang='lat' dir='ltr'><strong>est</strong></span> <span class='ocrx_word' id='word_1_821' title='bbox 3409 3861 3668 3940; x_wconf 74' lang='lat' dir='ltr'><strong>scriptum</strong></span> <span class='ocrx_word' id='word_1_822' title='bbox 3691 3863 3750 3918; x_wconf 87' lang='lat' dir='ltr'><strong>in</strong></span> 
     </span>
    </p>
   </div>
   <div class='ocr_carea' id='block_1_100' title="bbox 2160 3953 3750 4028">
    <p class='ocr_par' dir='ltr' id='par_1_100' title="bbox 2160 3953 3750 4028">
     <span class='ocr_line' id='line_1_100' title="bbox 2160 3953 3750 4028; baseline 0.001 -20"><span class='ocrx_word' id='word_1_823' title='bbox 2160 3955 2316 4014; x_wconf 69' lang='lat' dir='ltr'><strong>cwlo.</strong></span> <span class='ocrx_word' id='word_1_824' title='bbox 2339 3954 2604 4026; x_wconf 86' lang='lat' dir='ltr'><strong>Numquid</strong></span> <span class='ocrx_word' id='word_1_825' title='bbox 2632 3969 2710 4008; x_wconf 68' lang='lat' dir='ltr'><strong>vce</strong></span> <span class='ocrx_word' id='word_1_826' title='bbox 2739 3955 2854 4028; x_wconf 85' lang='lat' dir='ltr'><strong>tibi,</strong></span> <span class='ocrx_word' id='word_1_827' title='bbox 2886 3954 2928 4007; x_wconf 89' lang='lat' dir='ltr'><strong>si</strong></span> <span class='ocrx_word' id='word_1_828' title='bbox 2957 3969 3060 4007; x_wconf 86' lang='lat' dir='ltr'><strong>non</strong></span> <span class='ocrx_word' id='word_1_829' title='bbox 3089 3953 3426 4026; x_wconf 77' lang='lat' dir='ltr'><strong>suscitaveris</strong></span> <span class='ocrx_word' id='word_1_830' title='bbox 3456 3964 3700 4028; x_wconf 72' lang='lat' dir='ltr'><strong>mortuos</strong></span> <span class='ocrx_word' id='word_1_831' title='bbox 3723 3956 3750 4010; x_wconf 86' lang='lat'><strong>?</strong></span> 
     </span>
    </p>
   </div>
   <div class='ocr_carea' id='block_1_101' title="bbox 2165 4027 3747 4130">
    <p class='ocr_par' dir='ltr' id='par_1_101' title="bbox 2165 4027 3747 4130">
     <span class='ocr_line' id='line_1_101' title="bbox 2165 4027 3747 4130; baseline 0.003 -30"><span class='ocrx_word' id='word_1_832' title='bbox 2165 4046 2422 4128; x_wconf 70' lang='lat' dir='ltr'><strong>numquid</strong></span> <span class='ocrx_word' id='word_1_833' title='bbox 2458 4063 2536 4100; x_wconf 73' lang='lat' dir='ltr'><strong>va:</strong></span> <span class='ocrx_word' id='word_1_834' title='bbox 2564 4047 2682 4130; x_wconf 63' lang='lat' dir='ltr'><strong>tibi,</strong></span> <span class='ocrx_word' id='word_1_835' title='bbox 2709 4046 2754 4100; x_wconf 89' lang='lat' dir='ltr'><strong>si</strong></span> <span class='ocrx_word' id='word_1_836' title='bbox 2781 4027 2885 4130; x_wconf 72' lang='lat' dir='ltr'><strong>non</strong></span> <span class='ocrx_word' id='word_1_837' title='bbox 2912 4045 3264 4102; x_wconf 88' lang='lat' dir='ltr'><strong>ambulaveris</strong></span> <span class='ocrx_word' id='word_1_838' title='bbox 3287 4046 3337 4100; x_wconf 90' lang='lat' dir='ltr'><strong>in</strong></span> <span class='ocrx_word' id='word_1_839' title='bbox 3367 4047 3541 4126; x_wconf 75' lang='lat' dir='ltr'><strong>mari?</strong></span> <span class='ocrx_word' id='word_1_840' title='bbox 3581 4065 3747 4124; x_wconf 75' lang='lat' dir='ltr'><strong>num-</strong></span> 
     </span>
    </p>
   </div>
   <div class='ocr_carea' id='block_1_102' title="bbox 2159 4137 3748 4216">
    <p class='ocr_par' dir='ltr' id='par_1_102' title="bbox 2159 4137 3748 4216">
     <span class='ocr_line' id='line_1_102' title="bbox 2159 4137 3748 4216; baseline 0.001 -22"><span class='ocrx_word' id='word_1_841' title='bbox 2159 4141 2284 4210; x_wconf 88' lang='lat' dir='ltr'><strong>quid</strong></span> <span class='ocrx_word' id='word_1_842' title='bbox 2313 4157 2388 4194; x_wconf 74' lang='lat' dir='ltr'><strong>vte</strong></span> <span class='ocrx_word' id='word_1_843' title='bbox 2419 4139 2546 4205; x_wconf 90' lang='lat' dir='ltr'><strong>tibi,</strong></span> <span class='ocrx_word' id='word_1_844' title='bbox 2579 4141 2624 4194; x_wconf 91' lang='lat' dir='ltr'><strong>si</strong></span> <span class='ocrx_word' id='word_1_845' title='bbox 2657 4155 2762 4216; x_wconf 76' lang='lat' dir='ltr'><strong>non</strong></span> <span class='ocrx_word' id='word_1_846' title='bbox 2789 4139 3076 4194; x_wconf 85' lang='lat' dir='ltr'><strong>excluseris</strong></span> <span class='ocrx_word' id='word_1_847' title='bbox 3103 4137 3406 4216; x_wconf 59' lang='lat' dir='ltr'><strong>dmutonia?</strong></span> <span class='ocrx_word' id='word_1_848' title='bbox 3448 4140 3500 4193; x_wconf 74' lang='lat' dir='ltr'><strong>Si</strong></span> <span class='ocrx_word' id='word_1_849' title='bbox 3531 4142 3748 4212; x_wconf 78' lang='lat' dir='ltr'><strong>accepi—</strong></span> 
     </span>
    </p>
   </div>
   <div class='ocr_carea' id='block_1_103' title="bbox 2159 4229 3750 4308">
    <p class='ocr_par' dir='ltr' id='par_1_103' title="bbox 2159 4229 3750 4308">
     <span class='ocr_line' id='line_1_103' title="bbox 2159 4229 3750 4308; baseline 0.002 -23"><span class='ocrx_word' id='word_1_850' title='bbox 2159 4232 2227 4285; x_wconf 89' lang='lat' dir='ltr'><strong>sti</strong></span> <span class='ocrx_word' id='word_1_851' title='bbox 2255 4231 2392 4286; x_wconf 90' lang='lat' dir='ltr'><strong>unde</strong></span> <span class='ocrx_word' id='word_1_852' title='bbox 2419 4231 2599 4308; x_wconf 69' lang='lat' dir='ltr'><strong>iacias,</strong></span> <span class='ocrx_word' id='word_1_853' title='bbox 2631 4241 2778 4308; x_wconf 83' lang='lat' dir='ltr'><strong>utere</strong></span> <span class='ocrx_word' id='word_1_854' title='bbox 2799 4231 3088 4304; x_wconf 85' lang='lat' dir='ltr'><strong>humiliter,</strong></span> <span class='ocrx_word' id='word_1_855' title='bbox 3113 4245 3216 4284; x_wconf 89' lang='lat' dir='ltr'><strong>non</strong></span> <span class='ocrx_word' id='word_1_856' title='bbox 3239 4229 3484 4302; x_wconf 72' lang='lat' dir='ltr'><strong>superbe.</strong></span> <span class='ocrx_word' id='word_1_857' title='bbox 3524 4231 3658 4292; x_wconf 80' lang='lat' dir='ltr'><strong>Nam</strong></span> <span class='ocrx_word' id='word_1_858' title='bbox 3685 4241 3750 4294; x_wconf 74' lang='lat' dir='ltr'><strong>et.</strong></span> 
     </span>
    </p>
   </div>
   <div class='ocr_carea' id='block_1_104' title="bbox 2159 4307 3744 4400">
    <p class='ocr_par' dir='ltr' id='par_1_104' title="bbox 2159 4307 3744 4400">
     <span class='ocr_line' id='line_1_104' title="bbox 2159 4307 3744 4400; baseline 0.001 -24"><span class='ocrx_word' id='word_1_859' title='bbox 2159 4322 2228 4376; x_wconf 90' lang='lat' dir='ltr'><strong>de</strong></span> <span class='ocrx_word' id='word_1_860' title='bbox 2253 4307 2584 4400; x_wconf 32' lang='lat' dir='ltr'><strong>quibusdam.</strong></span> <span class='ocrx_word' id='word_1_861' title='bbox 2601 4307 3080 4398; x_wconf 83' lang='lat' dir='ltr'><strong>pseudOprophetis</strong></span> <span class='ocrx_word' id='word_1_862' title='bbox 3121 4323 3252 4396; x_wconf 80' lang='lat' dir='ltr'><strong>dixit</strong></span> <span class='ocrx_word' id='word_1_863' title='bbox 3293 4309 3546 4396; x_wconf 78' lang='lat' dir='ltr'><strong>Dominus</strong></span> <span class='ocrx_word' id='word_1_864' title='bbox 3569 4363 3584 4386; x_wconf 95' lang='lat'><strong>,</strong></span> <span class='ocrx_word' id='word_1_865' title='bbox 3613 4323 3744 4392; x_wconf 84' lang='lat' dir='ltr'><strong>quia</strong></span> 
     </span>
    </p>
   </div>
   <div class='ocr_carea' id='block_1_105' title="bbox 2159 4403 3748 4490">
    <p class='ocr_par' dir='ltr' id='par_1_105' title="bbox 2159 4403 3748 4490">
     <span class='ocr_line' id='line_1_105' title="bbox 2159 4403 3748 4490; baseline 0 -18"><span class='ocrx_word' id='word_1_866' title='bbox 2159 4403 2346 4490; x_wconf 55' lang='lat' dir='ltr'><strong>facturi</strong></span> <span class='ocrx_word' id='word_1_867' title='bbox 2371 4427 2493 4472; x_wconf 89' lang='lat' dir='ltr'><strong>sunt</strong></span> <span class='ocrx_word' id='word_1_868' title='bbox 2521 4419 2668 4488; x_wconf 80' lang='lat' dir='ltr'><strong>signa</strong></span> <span class='ocrx_word' id='word_1_869' title='bbox 2693 4426 2745 4480; x_wconf 82' lang='lat' dir='ltr'><strong>et</strong></span> <span class='ocrx_word' id='word_1_870' title='bbox 2773 4417 3006 4490; x_wconf 77' lang='lat' dir='ltr'><strong>prodigia</strong></span> <span class='ocrx_word' id='word_1_871' title='bbox 3040 4416 3248 4490; x_wconf 80' lang='lat' dir='ltr'><strong>(Matth.</strong></span> <span class='ocrx_word' id='word_1_872' title='bbox 3275 4431 3424 4481; x_wconf 75' lang='lat' dir='ltr'><strong>XXIV,</strong></span> <span class='ocrx_word' id='word_1_873' title='bbox 3451 4416 3565 4487; x_wconf 73' lang='lat' dir='ltr'><strong>2t).</strong></span> <span class='ocrx_word' id='word_1_874' title='bbox 3595 4417 3748 4488; x_wconf 75' lang='lat' dir='ltr'><strong>Ergo</strong></span> 
     </span>
    </p>
   </div>
   <div class='ocr_carea' id='block_1_106' title="bbox 2159 4493 3744 4584">
    <p class='ocr_par' dir='ltr' id='par_1_106' title="bbox 2159 4493 3744 4584">
     <span class='ocr_line' id='line_1_106' title="bbox 2159 4493 3744 4584; baseline 0 -22"><span class='ocrx_word' id='word_1_875' title='bbox 2159 4524 2266 4563; x_wconf 92' lang='lat' dir='ltr'><strong>non</strong></span> <span class='ocrx_word' id='word_1_876' title='bbox 2293 4509 2360 4562; x_wconf 88' lang='lat' dir='ltr'><strong>sit</strong></span> <span class='ocrx_word' id='word_1_877' title='bbox 2395 4509 2611 4570; x_wconf 88' lang='lat' dir='ltr'><strong>ambitio</strong></span> <span class='ocrx_word' id='word_1_878' title='bbox 2639 4509 2837 4584; x_wconf 81' lang='lat' dir='ltr'><strong>saeculi.</strong></span> <span class='ocrx_word' id='word_1_879' title='bbox 2865 4493 3098 4564; x_wconf 84' lang='lat' dir='ltr'><strong>Ambitio</strong></span> <span class='ocrx_word' id='word_1_880' title='bbox 3135 4509 3314 4584; x_wconf 61' lang='lat' dir='ltr'><strong>saiculi</strong></span> <span class='ocrx_word' id='word_1_881' title='bbox 3337 4509 3589 4580; x_wconf 84' lang='lat' dir='ltr'><strong>superbia</strong></span> <span class='ocrx_word' id='word_1_882' title='bbox 3635 4518 3744 4563; x_wconf 86' lang='lat' dir='ltr'><strong>est.</strong></span> 
     </span>
    </p>
   </div>
   <div class='ocr_carea' id='block_1_107' title="bbox 2159 4587 3750 4680">
    <p class='ocr_par' dir='ltr' id='par_1_107' title="bbox 2159 4587 3750 4680">
     <span class='ocr_line' id='line_1_107' title="bbox 2159 4587 3750 4680; baseline -0.001 -23"><span class='ocrx_word' id='word_1_883' title='bbox 2159 4601 2368 4676; x_wconf 82' lang='lat' dir='ltr'><strong>Jactare</strong></span> <span class='ocrx_word' id='word_1_884' title='bbox 2410 4617 2468 4658; x_wconf 90' lang='lat' dir='ltr'><strong>se</strong></span> <span class='ocrx_word' id='word_1_885' title='bbox 2507 4602 2620 4654; x_wconf 85' lang='lat' dir='ltr'><strong>vult</strong></span> <span class='ocrx_word' id='word_1_886' title='bbox 2665 4601 2714 4654; x_wconf 91' lang='lat' dir='ltr'><strong>in</strong></span> <span class='ocrx_word' id='word_1_887' title='bbox 2757 4601 3074 4678; x_wconf 64' lang='lat' dir='ltr'><strong>honoribus;</strong></span> <span class='ocrx_word' id='word_1_888' title='bbox 3119 4617 3342 4678; x_wconf 73' lang='lat' dir='ltr'><strong>magnus</strong></span> <span class='ocrx_word' id='word_1_889' title='bbox 3385 4601 3484 4656; x_wconf 91' lang='lat' dir='ltr'><strong>sibi</strong></span> <span class='ocrx_word' id='word_1_890' title='bbox 3519 4587 3750 4680; x_wconf 67' lang='lat' dir='ltr'><strong>videtur</strong></span> 
     </span>
    </p>
   </div>
   <div class='ocr_carea' id='block_1_108' title="bbox 2158 4692 3504 4772">
    <p class='ocr_par' dir='ltr' id='par_1_108' title="bbox 2158 4692 3504 4772">
     <span class='ocr_line' id='line_1_108' title="bbox 2158 4692 3504 4772; baseline -0.002 -22"><span class='ocrx_word' id='word_1_891' title='bbox 2158 4695 2339 4772; x_wconf 82' lang='lat' dir='ltr'><strong>homo,</strong></span> <span class='ocrx_word' id='word_1_892' title='bbox 2364 4695 2473 4764; x_wconf 81' lang='lat' dir='ltr'><strong>sive</strong></span> <span class='ocrx_word' id='word_1_893' title='bbox 2498 4693 2565 4770; x_wconf 85' lang='lat' dir='ltr'><strong>de</strong></span> <span class='ocrx_word' id='word_1_894' title='bbox 2586 4692 2799 4772; x_wconf 70' lang='lat' dir='ltr'><strong>divitiis,</strong></span> <span class='ocrx_word' id='word_1_895' title='bbox 2831 4695 2942 4764; x_wconf 82' lang='lat' dir='ltr'><strong>sive</strong></span> <span class='ocrx_word' id='word_1_896' title='bbox 2966 4694 3030 4750; x_wconf 89' lang='lat' dir='ltr'><strong>de</strong></span> <span class='ocrx_word' id='word_1_897' title='bbox 3056 4694 3226 4764; x_wconf 89' lang='lat' dir='ltr'><strong>aliqua</strong></span> <span class='ocrx_word' id='word_1_898' title='bbox 3255 4695 3504 4764; x_wconf 78' lang='lat' dir='ltr'><strong>potentia.</strong></span> 
     </span>
    </p>
   </div>
   <div class='ocr_carea' id='block_1_109' title="bbox 2231 4785 3752 4864">
    <p class='ocr_par' dir='ltr' id='par_1_109' title="bbox 2231 4785 3752 4864">
     <span class='ocr_line' id='line_1_109' title="bbox 2231 4785 3752 4864; baseline 0 -24"><span class='ocrx_word' id='word_1_899' title='bbox 2231 4787 2316 4840; x_wconf 77' lang='grc'><strong>14.</strong></span> <span class='ocrx_word' id='word_1_900' title='bbox 2339 4785 2458 4864; x_wconf 62' lang='lat' dir='ltr'><strong>&#39;i‘ria</strong></span> <span class='ocrx_word' id='word_1_901' title='bbox 2480 4795 2600 4862; x_wconf 69' lang='lat' dir='ltr'><strong>sunt</strong></span> <span class='ocrx_word' id='word_1_902' title='bbox 2621 4785 2740 4848; x_wconf 88' lang='lat' dir='ltr'><strong>ista,</strong></span> <span class='ocrx_word' id='word_1_903' title='bbox 2771 4794 2823 4842; x_wconf 90' lang='lat' dir='ltr'><strong>ct</strong></span> <span class='ocrx_word' id='word_1_904' title='bbox 2845 4786 2974 4840; x_wconf 87' lang='lat' dir='ltr'><strong>nihil</strong></span> <span class='ocrx_word' id='word_1_905' title='bbox 3001 4785 3203 4858; x_wconf 82' lang='lat' dir='ltr'><strong>invenis</strong></span> <span class='ocrx_word' id='word_1_906' title='bbox 3221 4785 3359 4852; x_wconf 83' lang='lat' dir='ltr'><strong>unde</strong></span> <span class='ocrx_word' id='word_1_907' title='bbox 3389 4793 3620 4842; x_wconf 83' lang='lat' dir='ltr'><strong>tentetur</strong></span> <span class='ocrx_word' id='word_1_908' title='bbox 3645 4802 3752 4842; x_wconf 75' lang='lat' dir='ltr'><strong>eu-</strong></span> 
     </span>
    </p>
   </div>
   <div class='ocr_carea' id='block_1_110' title="bbox 2157 4875 3750 4952">
    <p class='ocr_par' dir='ltr' id='par_1_110' title="bbox 2157 4875 3750 4952">
     <span class='ocr_line' id='line_1_110' title="bbox 2157 4875 3750 4952; baseline 0.003 -22"><span class='ocrx_word' id='word_1_909' title='bbox 2157 4875 2348 4952; x_wconf 23' lang='lat' dir='ltr'><strong>piditzas</strong></span> <span class='ocrx_word' id='word_1_910' title='bbox 2359 4875 2610 4952; x_wconf 83' lang='lat' dir='ltr'><strong>humana,</strong></span> <span class='ocrx_word' id='word_1_911' title='bbox 2639 4877 2738 4936; x_wconf 85' lang='lat' dir='ltr'><strong>nisi</strong></span> <span class='ocrx_word' id='word_1_912' title='bbox 2759 4887 2847 4952; x_wconf 81' lang='lat' dir='ltr'><strong>aut</strong></span> <span class='ocrx_word' id='word_1_913' title='bbox 2872 4877 3135 4948; x_wconf 78' lang='lat' dir='ltr'><strong>desiderio</strong></span> <span class='ocrx_word' id='word_1_914' title='bbox 3149 4878 3341 4952; x_wconf 76' lang='lat' dir='ltr'><strong>carnis,</strong></span> <span class='ocrx_word' id='word_1_915' title='bbox 3361 4886 3451 4944; x_wconf 82' lang='lat' dir='ltr'><strong>aut</strong></span> <span class='ocrx_word' id='word_1_916' title='bbox 3471 4877 3750 4942; x_wconf 79' lang='lat' dir='ltr'><strong>desiderio</strong></span> 
     </span>
    </p>
   </div>
   <div class='ocr_carea' id='block_1_111' title="bbox 2159 4965 3746 5040">
    <p class='ocr_par' dir='ltr' id='par_1_111' title="bbox 2159 4965 3746 5040">
     <span class='ocr_line' id='line_1_111' title="bbox 2159 4965 3746 5040; baseline 0.003 -19"><span class='ocrx_word' id='word_1_917' title='bbox 2159 4967 2464 5040; x_wconf 63' lang='lat' dir='ltr'><strong>oculorum,</strong></span> <span class='ocrx_word' id='word_1_918' title='bbox 2495 4975 2586 5022; x_wconf 91' lang='lat' dir='ltr'><strong>aut</strong></span> <span class='ocrx_word' id='word_1_919' title='bbox 2610 4967 2896 5024; x_wconf 88' lang='lat' dir='ltr'><strong>ambitione</strong></span> <span class='ocrx_word' id='word_1_920' title='bbox 2929 4965 3131 5040; x_wconf 66' lang='lat' dir='ltr'><strong>seaculi.</strong></span> <span class='ocrx_word' id='word_1_921' title='bbox 3163 4968 3263 5022; x_wconf 87' lang='lat' dir='ltr'><strong>Per</strong></span> <span class='ocrx_word' id='word_1_922' title='bbox 3299 4968 3397 5022; x_wconf 88' lang='lat' dir='ltr'><strong>ista</strong></span> <span class='ocrx_word' id='word_1_923' title='bbox 3428 4969 3530 5022; x_wconf 88' lang='lat' dir='ltr'><strong>tria</strong></span> <span class='ocrx_word' id='word_1_924' title='bbox 3561 4979 3746 5026; x_wconf 84' lang='lat' dir='ltr'><strong>tenta-</strong></span> 
     </span>
    </p>
   </div>
   <div class='ocr_carea' id='block_1_112' title="bbox 2159 5041 3750 5134">
    <p class='ocr_par' dir='ltr' id='par_1_112' title="bbox 2159 5041 3750 5134">
     <span class='ocr_line' id='line_1_112' title="bbox 2159 5041 3750 5134; baseline 0.003 -22"><span class='ocrx_word' id='word_1_925' title='bbox 2159 5047 2250 5114; x_wconf 86' lang='lat' dir='ltr'><strong>tus</strong></span> <span class='ocrx_word' id='word_1_926' title='bbox 2261 5041 2352 5130; x_wconf 76' lang='lat' dir='ltr'><strong>est</strong></span> <span class='ocrx_word' id='word_1_927' title='bbox 2381 5056 2638 5132; x_wconf 81' lang='lat' dir='ltr'><strong>Dominus</strong></span> <span class='ocrx_word' id='word_1_928' title='bbox 2675 5073 2706 5134; x_wconf 77' lang='lat' dir='ltr'><strong>a</strong></span> <span class='ocrx_word' id='word_1_929' title='bbox 2738 5041 2976 5112; x_wconf 74' lang='lat' dir='ltr'><strong>diabolo.</strong></span> <span class='ocrx_word' id='word_1_930' title='bbox 2999 5058 3272 5114; x_wconf 79' lang='lat' dir='ltr'><strong>Desiderio</strong></span> <span class='ocrx_word' id='word_1_931' title='bbox 3300 5061 3473 5126; x_wconf 83' lang='lat' dir='ltr'><strong>carnis</strong></span> <span class='ocrx_word' id='word_1_932' title='bbox 3503 5069 3750 5130; x_wconf 58' lang='lat' dir='ltr'><strong>tentatus</strong></span> 
     </span>
    </p>
   </div>
   <div class='ocr_carea' id='block_1_113' title="bbox 2159 5147 3746 5226">
    <p class='ocr_par' dir='ltr' id='par_1_113' title="bbox 2159 5147 3746 5226">
     <span class='ocr_line' id='line_1_113' title="bbox 2159 5147 3746 5226; baseline 0.001 -23"><span class='ocrx_word' id='word_1_933' title='bbox 2159 5158 2260 5216; x_wconf 90' lang='lat' dir='ltr'><strong>est,</strong></span> <span class='ocrx_word' id='word_1_934' title='bbox 2295 5148 2502 5226; x_wconf 79' lang='lat' dir='ltr'><strong>quando</strong></span> <span class='ocrx_word' id='word_1_935' title='bbox 2530 5147 2723 5224; x_wconf 71' lang='lat' dir='ltr'><strong>dictum</strong></span> <span class='ocrx_word' id='word_1_936' title='bbox 2749 5158 2828 5204; x_wconf 91' lang='lat' dir='ltr'><strong>est</strong></span> <span class='ocrx_word' id='word_1_937' title='bbox 2855 5149 2923 5214; x_wconf 80' lang='lat' dir='ltr'><strong>ei,</strong></span> <span class='ocrx_word' id='word_1_938' title='bbox 2952 5149 3012 5206; x_wconf 89' lang='lat' dir='ltr'><strong>Si</strong></span> <span class='ocrx_word' id='word_1_939' title='bbox 3035 5149 3202 5206; x_wconf 78' lang='lat' dir='ltr'><strong>Filius</strong></span> <span class='ocrx_word' id='word_1_940' title='bbox 3231 5151 3321 5206; x_wconf 87' lang='lat' dir='ltr'><strong>Dei</strong></span> <span class='ocrx_word' id='word_1_941' title='bbox 3345 5169 3415 5218; x_wconf 79' lang='lat' dir='ltr'><strong>ea,</strong></span> <span class='ocrx_word' id='word_1_942' title='bbox 3445 5153 3526 5206; x_wconf 84' lang='lat' dir='ltr'><strong>dic</strong></span> <span class='ocrx_word' id='word_1_943' title='bbox 3543 5153 3746 5222; x_wconf 75' lang='lat' dir='ltr'><strong>lapidi-</strong></span> 
     </span>
    </p>
   </div>
   <div class='ocr_carea' id='block_1_114' title="bbox 2161 5238 3742 5318">
    <p class='ocr_par' dir='ltr' id='par_1_114' title="bbox 2161 5238 3742 5318">
     <span class='ocr_line' id='line_1_114' title="bbox 2161 5238 3742 5318; baseline 0.006 -26"><span class='ocrx_word' id='word_1_944' title='bbox 2161 5238 2251 5292; x_wconf 80' lang='lat' dir='ltr'><strong>bus</strong></span> <span class='ocrx_word' id='word_1_945' title='bbox 2279 5239 2386 5318; x_wconf 72' lang='lat' dir='ltr'><strong>istis</strong></span> <span class='ocrx_word' id='word_1_946' title='bbox 2406 5249 2457 5314; x_wconf 84' lang='lat' dir='ltr'><strong>ut</strong></span> <span class='ocrx_word' id='word_1_947' title='bbox 2483 5256 2638 5316; x_wconf 73' lang='lat' dir='ltr'><strong>panes</strong></span> <span class='ocrx_word' id='word_1_948' title='bbox 2669 5240 2827 5316; x_wconf 75' lang='lat' dir='ltr'><strong>ﬁant;</strong></span> <span class='ocrx_word' id='word_1_949' title='bbox 2851 5241 3059 5314; x_wconf 86' lang='lat' dir='ltr'><strong>quando</strong></span> <span class='ocrx_word' id='word_1_950' title='bbox 3079 5242 3294 5318; x_wconf 80' lang='lat' dir='ltr'><strong>esurivit</strong></span> <span class='ocrx_word' id='word_1_951' title='bbox 3315 5253 3436 5314; x_wconf 81' lang='lat' dir='ltr'><strong>post</strong></span> <span class='ocrx_word' id='word_1_952' title='bbox 3447 5244 3742 5314; x_wconf 77' lang='lat' dir='ltr'><strong>jejunium.</strong></span> 
     </span>
    </p>
   </div>
   <div class='ocr_carea' id='block_1_115' title="bbox 2159 5331 3748 5414">
    <p class='ocr_par' dir='ltr' id='par_1_115' title="bbox 2159 5331 3748 5414">
     <span class='ocr_line' id='line_1_115' title="bbox 2159 5331 3748 5414; baseline 0.004 -28"><span class='ocrx_word' id='word_1_953' title='bbox 2159 5331 2265 5387; x_wconf 88' lang='lat' dir='ltr'><strong>Sed</strong></span> <span class='ocrx_word' id='word_1_954' title='bbox 2291 5335 2557 5414; x_wconf 68' lang='lat' dir='ltr'><strong>quomodo</strong></span> <span class='ocrx_word' id='word_1_955' title='bbox 2593 5336 2786 5408; x_wconf 82' lang='lat' dir='ltr'><strong>repulit</strong></span> <span class='ocrx_word' id='word_1_956' title='bbox 2815 5344 3128 5407; x_wconf 75' lang='lat' dir='ltr'><strong>tentatorem</strong></span> <span class='ocrx_word' id='word_1_957' title='bbox 3153 5377 3169 5402; x_wconf 88' lang='lat'><strong>,</strong></span> <span class='ocrx_word' id='word_1_958' title='bbox 3211 5345 3264 5396; x_wconf 87' lang='lat' dir='ltr'><strong>et</strong></span> <span class='ocrx_word' id='word_1_959' title='bbox 3299 5338 3476 5402; x_wconf 86' lang='lat' dir='ltr'><strong>docuit</strong></span> <span class='ocrx_word' id='word_1_960' title='bbox 3499 5355 3748 5409; x_wconf 68' lang='lat' dir='ltr'><strong>pugnum;</strong></span> 
     </span>
    </p>
   </div>
   <div class='ocr_carea' id='block_1_116' title="bbox 2161 5423 3748 5502">
    <p class='ocr_par' dir='ltr' id='par_1_116' title="bbox 2161 5423 3748 5502">
     <span class='ocr_line' id='line_1_116' title="bbox 2161 5423 3748 5502; baseline 0.006 -26"><span class='ocrx_word' id='word_1_961' title='bbox 2161 5423 2382 5502; x_wconf 75' lang='lat' dir='ltr'><strong>militem</strong></span> <span class='ocrx_word' id='word_1_962' title='bbox 2409 5425 2431 5478; x_wconf 89' lang='lat'><strong>?</strong></span> <span class='ocrx_word' id='word_1_963' title='bbox 2463 5425 2690 5500; x_wconf 65' lang='lat' dir='ltr'><strong>Attende</strong></span> <span class='ocrx_word' id='word_1_964' title='bbox 2718 5425 2844 5498; x_wconf 84' lang='lat' dir='ltr'><strong>quid</strong></span> <span class='ocrx_word' id='word_1_965' title='bbox 2874 5425 2944 5482; x_wconf 82' lang='lat' dir='ltr'><strong>illi</strong></span> <span class='ocrx_word' id='word_1_966' title='bbox 2971 5426 3042 5496; x_wconf 75' lang='lat' dir='ltr'><strong>ait</strong></span> <span class='ocrx_word' id='word_1_967' title='bbox 3065 5444 3080 5478; x_wconf 87' lang='lat'><strong>:</strong></span> <span class='ocrx_word' id='word_1_968' title='bbox 3111 5424 3232 5486; x_wconf 81' lang='lat' dir='ltr'><strong>Non</strong></span> <span class='ocrx_word' id='word_1_969' title='bbox 3251 5429 3304 5482; x_wconf 84' lang='lat' dir='ltr'><strong>in</strong></span> <span class='ocrx_word' id='word_1_970' title='bbox 3331 5429 3438 5496; x_wconf 72' lang='lat' dir='ltr'><strong>solo</strong></span> <span class='ocrx_word' id='word_1_971' title='bbox 3461 5445 3597 5499; x_wconf 78' lang='lat' dir='ltr'><strong>pane</strong></span> <span class='ocrx_word' id='word_1_972' title='bbox 3623 5431 3748 5488; x_wconf 73' lang='lat' dir='ltr'><strong>viri:</strong></span> 
     </span>
    </p>
   </div>
   <div class='ocr_carea' id='block_1_117' title="bbox 2165 5503 3752 5594">
    <p class='ocr_par' dir='ltr' id='par_1_117' title="bbox 2165 5503 3752 5594">
     <span class='ocr_line' id='line_1_117' title="bbox 2165 5503 3752 5594; baseline 0.005 -28"><span class='ocrx_word' id='word_1_973' title='bbox 2165 5503 2334 5578; x_wconf 82' lang='lat' dir='ltr'><strong>homo,</strong></span> <span class='ocrx_word' id='word_1_974' title='bbox 2361 5515 2449 5590; x_wconf 77' lang='lat' dir='ltr'><strong>sed</strong></span> <span class='ocrx_word' id='word_1_975' title='bbox 2467 5517 2519 5570; x_wconf 88' lang='lat' dir='ltr'><strong>in</strong></span> <span class='ocrx_word' id='word_1_976' title='bbox 2547 5517 2682 5594; x_wconf 77' lang='lat' dir='ltr'><strong>omni</strong></span> <span class='ocrx_word' id='word_1_977' title='bbox 2701 5517 2845 5570; x_wconf 83' lang='lat' dir='ltr'><strong>verbo</strong></span> <span class='ocrx_word' id='word_1_978' title='bbox 2871 5515 2986 5571; x_wconf 85' lang='lat' dir='ltr'><strong>Dei.</strong></span> <span class='ocrx_word' id='word_1_979' title='bbox 3010 5515 3264 5586; x_wconf 86' lang='lat' dir='ltr'><strong>Teutalus</strong></span> <span class='ocrx_word' id='word_1_980' title='bbox 3286 5529 3368 5574; x_wconf 89' lang='lat' dir='ltr'><strong>est</strong></span> <span class='ocrx_word' id='word_1_981' title='bbox 3392 5529 3446 5574; x_wconf 90' lang='lat' dir='ltr'><strong>et</strong></span> <span class='ocrx_word' id='word_1_982' title='bbox 3473 5519 3752 5594; x_wconf 83' lang='lat' dir='ltr'><strong>desiderio</strong></span> 
     </span>
    </p>
   </div>
   <div class='ocr_carea' id='block_1_118' title="bbox 2165 5591 3750 5678">
    <p class='ocr_par' dir='ltr' id='par_1_118' title="bbox 2165 5591 3750 5678">
     <span class='ocr_line' id='line_1_118' title="bbox 2165 5591 3750 5678; baseline 0.006 -21"><span class='ocrx_word' id='word_1_983' title='bbox 2165 5605 2438 5660; x_wconf 90' lang='lat' dir='ltr'><strong>oculorum</strong></span> <span class='ocrx_word' id='word_1_984' title='bbox 2462 5606 2530 5662; x_wconf 92' lang='lat' dir='ltr'><strong>de</strong></span> <span class='ocrx_word' id='word_1_985' title='bbox 2555 5591 2824 5676; x_wconf 75' lang='lat' dir='ltr'><strong>miraculo,</strong></span> <span class='ocrx_word' id='word_1_986' title='bbox 2851 5607 3063 5678; x_wconf 79' lang='lat' dir='ltr'><strong>quando</strong></span> <span class='ocrx_word' id='word_1_987' title='bbox 3080 5610 3130 5666; x_wconf 88' lang='lat' dir='ltr'><strong>ei</strong></span> <span class='ocrx_word' id='word_1_988' title='bbox 3158 5607 3326 5666; x_wconf 74' lang='lat' dir='ltr'><strong>dixit:</strong></span> <span class='ocrx_word' id='word_1_989' title='bbox 3353 5609 3494 5666; x_wconf 66' lang='lat' dir='ltr'><strong>illiue</strong></span> <span class='ocrx_word' id='word_1_990' title='bbox 3519 5621 3568 5664; x_wconf 86' lang='lat' dir='ltr'><strong>te</strong></span> <span class='ocrx_word' id='word_1_991' title='bbox 3591 5591 3750 5666; x_wconf 74' lang='lat' dir='ltr'><strong>deor-</strong></span> 
     </span>
    </p>
   </div>
   <div class='ocr_carea' id='block_1_119' title="bbox 2165 5699 3754 5780">
    <p class='ocr_par' dir='ltr' id='par_1_119' title="bbox 2165 5699 3754 5780">
     <span class='ocr_line' id='line_1_119' title="bbox 2165 5699 3754 5780; baseline 0.004 -26"><span class='ocrx_word' id='word_1_992' title='bbox 2165 5715 2294 5764; x_wconf 75' lang='lat' dir='ltr'><strong>sum,</strong></span> <span class='ocrx_word' id='word_1_993' title='bbox 2327 5702 2442 5769; x_wconf 84' lang='lat' dir='ltr'><strong>quia</strong></span> <span class='ocrx_word' id='word_1_994' title='bbox 2467 5701 2708 5772; x_wconf 78' lang='lat' dir='ltr'><strong>scriptum</strong></span> <span class='ocrx_word' id='word_1_995' title='bbox 2734 5708 2823 5764; x_wconf 83' lang='lat' dir='ltr'><strong>est,</strong></span> <span class='ocrx_word' id='word_1_996' title='bbox 2856 5699 3058 5774; x_wconf 79' lang='lat' dir='ltr'><strong>Angelis</strong></span> <span class='ocrx_word' id='word_1_997' title='bbox 3086 5703 3190 5770; x_wconf 71' lang='lat' dir='ltr'><strong>suis</strong></span> <span class='ocrx_word' id='word_1_998' title='bbox 3212 5702 3466 5780; x_wconf 66' lang='lat' dir='ltr'><strong>mandavit</strong></span> <span class='ocrx_word' id='word_1_999' title='bbox 3489 5703 3555 5760; x_wconf 79' lang='lat' dir='ltr'><strong>de</strong></span> <span class='ocrx_word' id='word_1_1000' title='bbox 3586 5713 3657 5770; x_wconf 77' lang='lat' dir='ltr'><strong>te,</strong></span> <span class='ocrx_word' id='word_1_1001' title='bbox 3687 5713 3754 5760; x_wconf 73' lang='lat' dir='ltr'><strong>ut</strong></span> 
     </span>
    </p>
   </div>
   <div class='ocr_carea' id='block_1_120' title="bbox 2166 5785 3758 5894">
    <p class='ocr_par' dir='ltr' id='par_1_120' title="bbox 2166 5785 3758 5894">
     <span class='ocr_line' id='line_1_120' title="bbox 2166 5785 3758 5894; baseline 0.008 -49"><span class='ocrx_word' id='word_1_1002' title='bbox 2166 5791 2442 5860; x_wconf 63' lang='lat' dir='ltr'><strong>suscipiant</strong></span> <span class='ocrx_word' id='word_1_1003' title='bbox 2477 5801 2558 5861; x_wconf 63' lang='lat' dir='ltr'><strong>te,</strong></span> <span class='ocrx_word' id='word_1_1004' title='bbox 2593 5810 2656 5849; x_wconf 82' lang='lat' dir='ltr'><strong>ne</strong></span> <span class='ocrx_word' id='word_1_1005' title='bbox 2695 5794 2896 5866; x_wconf 85' lang='lat' dir='ltr'><strong>quando</strong></span> <span class='ocrx_word' id='word_1_1006' title='bbox 2937 5785 3168 5864; x_wconf 75' lang='lat' dir='ltr'><strong>o/fendas</strong></span> <span class='ocrx_word' id='word_1_1007' title='bbox 3197 5812 3268 5894; x_wconf 37' lang='lat' dir='ltr'><strong>[ad</strong></span> <span class='ocrx_word' id='word_1_1008' title='bbox 3302 5808 3522 5864; x_wconf 70' lang='lat' dir='ltr'><strong>(quidem</strong></span> <span class='ocrx_word' id='word_1_1009' title='bbox 3565 5803 3758 5870; x_wconf 80' lang='lat' dir='ltr'><strong>pedem</strong></span> 
     </span>
    </p>
   </div>
  </div>
