4028 6470
475 345 614 410 1999

471 461 752 520 antichristi
797 457 944 513 multi
985 455 1106 529 facti
1134 462 1267 509 sunt.
1300 451 1384 506 Ea:
1407 450 1547 504 nobis
1575 447 1798 501 exierunt
1829 458 1848 496 :
1875 438 2050 494 videte

471 555 834 612 antichristus.
883 547 962 604 Ea:
998 547 1140 602 nobis
1175 547 1575 610 exierunt:ergo
1595 535 1888 608 plangimus
1903 530 2050 585 dam-

473 665 623 704 num.
679 643 816 700 Audi
851 639 1264 698 consolationem
1298 654 1312 688 :
1342 633 1445 688 Sed
1470 648 1568 684 non
1601 637 1740 684 erant
1777 641 1840 679 ea:
1887 621 2046 674 nobis.

472 741 674 796 Omnes
691 734 946 800 haeretici,
973 745 1157 787 omnes
1173 725 1494 783 schismatici
1516 737 1581 777 ex
1611 719 1764 774 nobis
1784 715 2046 778 exierunt,

471 831 525 888 id
547 841 647 894 est,
675 846 744 884 ex
767 826 1003 884 Ecclesia
1045 829 1270 886 exeunt;
1289 818 1384 874 sed
1423 832 1530 871 non
1555 810 1827 873 exirent,si
1855 824 1921 864 ex
1955 822 2052 860 no-
2083 825 2102 834 ι

471 922 555 978 bis
571 927 769 977 essent.
790 920 1085 986 Antequam
1103 913 1310 968 exirent
1325 923 1470 979 ergo,
1488 921 1592 960 non
1617 909 1842 958 erantex
1873 897 2047 952 nobis.

473 1009 532 1068 Si
560 1021 839 1081 antequam
878 1008 1109 1072 exirent,
1137 1019 1246 1058 non
1263 1009 1412 1056 erant
1449 1013 1516 1054 ex
1537 996 1686 1050 nobis
1705 1011 1718 1059 ;
1739 990 1889 1046 multi
1911 990 2052 1042 intus

475 1114 617 1169 sunt,
655 1079 757 1156 non
791 1101 1049 1161 exierunt,
1070 1096 1163 1150 sed
1179 1105 1352 1148 tamen
1379 1087 1673 1144 antichristi
1703 1093 1849 1138 sunt.
1875 1079 2052 1133 Aude-

475 1210 596 1250 mus
621 1194 718 1246 hoc
737 1192 914 1244 dicere
936 1207 948 1241 :
973 1185 1176 1256 utquid,
1201 1183 1298 1237 nisi
1317 1192 1371 1236 ut
1391 1178 1750 1248 unusquisque
1766 1189 1884 1228 eum
1915 1173 2053 1225 intus

475 1295 579 1350 est,
595 1297 697 1336 non
723 1281 788 1336 sit
806 1275 1185 1335 antichristus?
1205 1273 1569 1341 Descripturus
1590 1270 1730 1324 enim
1751 1275 1804 1320 et
1821 1263 2054 1332 designa-
2075 1289 2110 1312 u-

477 1385 624 1429 turus
644 1385 722 1430 est
749 1371 1120 1434 antichristus;
1147 1375 1200 1422 et
1217 1365 1514 1420 videbimus
1534 1377 1626 1416 eos
1642 1375 1798 1414 nunc.
1815 1357 1880 1411 Et
1895 1357 2056 1410 inter-

477 1481 662 1536 rogare
713 1465 869 1518 debet
895 1459 1255 1529 unusquisque
1284 1454 1660 1511 conscientiam
1689 1465 1860 1514 suam,
1895 1465 1960 1502 an
1989 1446 2058 1500 sit

481 1557 840 1610 antichristus.
873 1553 1058 1606 Latine
1078 1552 1218 1603 enim
1249 1545 1624 1607 Antichristus,
1649 1539 1946 1596 contrarius
1977 1545 2058 1590 est

481 1649 713 1702 Christo.
755 1645 866 1698 Non
899 1641 1162 1712 quomodo
1195 1638 1432 1692 nonnulli
1465 1635 1769 1702 intelligunt
1793 1627 2059 1684 Antichri-

479 1750 620 1793 stum
645 1739 760 1790 ideo
777 1737 997 1796 dictum,
1018 1732 1160 1803 quod
1190 1739 1314 1784 ante
1339 1728 1605 1782 Christum
1621 1734 1876 1778 venturus
1893 1720 1981 1786 sit,
2007 1718 2058 1771 id
2089 1745 2108 1752 -

479 1839 581 1896 est,
611 1843 864 1899 pt-steum
897 1837 1147 1881 venturus
1173 1824 1240 1878 sit
1268 1821 1510 1875 Christus
1542 1837 1553 1871 :
1579 1834 1686 1872 non
1723 1816 1800 1869 sic
1843 1813 2058 1877 dicitur,

481 1937 582 1976 nec
601 1923 676 1974 sic
710 1919 985 1982 scribitur;
1013 1915 1105 1970 sed
1142 1913 1516 1976 Autichristus,
1543 1909 1594 1962 id
1624 1916 1727 1974 est,
1765 1902 2062 1960 contrarius

435 2055 444 2064 .
481 2013 714 2067 Christo.
737 2011 852 2065 Jam
871 2011 987 2079 quis
1008 2009 1074 2061 sit
1099 2005 1393 2060 contrarius
1409 2003 1636 2062 Christo,
1665 2013 1805 2052 nunc
1832 1993 2059 2049 adverti-
2091 2047 2094 2050 ί

483 2105 551 2156 tis
574 2103 686 2170 ipso
707 2111 1025 2168 exponente,
1050 2106 1104 2150 et
1134 2092 1426 2162 intrlligitis
1446 2107 1549 2144 non
1571 2103 1730 2159 posse
1751 2085 1896 2142 exire
1923 2082 2062 2136 foras

483 2196 584 2250 nisi
601 2193 974 2254 antichristos;
1001 2203 1095 2243 eos
1111 2197 1286 2242 autem
1311 2185 1399 2255 qui
1425 2199 1526 2236 non
1558 2189 1678 2234 sunt
1700 2178 1911 2233 Christo
1935 2189 2056 2228 con-
2083 2207 2090 2214 -

487 2287 663 2348 trarii,
725 2283 863 2338 l‘oras
895 2281 1040 2334 exire
1076 2279 1219 2331 nullo
1253 2275 1408 2328 modo
1439 2287 1610 2342 posse.
1641 2270 1739 2338 Qui
1782 2268 1922 2322 enim
1957 2279 2060 2317 non

487 2386 571 2431 est
588 2373 682 2428 Chi
699 2375 798 2428 isto
813 2381 990 2426 contra
1000 2371 1124 2434 rius,
1147 2371 1197 2422 in
1214 2383 1434 2436 corpore
1449 2365 1613 2433 ipsius
1631 2363 1815 2422 lueret,
1835 2367 1887 2412 et
1899 2371 2063 2410 mem-

488 2471 642 2524 brum
671 2475 1026 2536 computatur.
1061 2462 1337 2530 Nunquam
1379 2459 1476 2512 sibi
1504 2463 1626 2510 sunt
1669 2451 1904 2506 membra
1939 2463 2066 2502 con-

490 2563 668 2616 traria.
708 2561 956 2628 Corporis
983 2555 1255 2625 integritas
1285 2550 1542 2605 universis
1569 2545 1820 2601 membris
1834 2547 2060 2596 constat.

493 2654 562 2707 Et
589 2653 714 2721 quid
740 2652 805 2705 de
849 2647 1130 2704 concordia
1177 2645 1538 2700 membrorum
1584 2638 1712 2694 dicit
1746 2632 2066 2704 Apostolus?
2095 2659 2122 2664 --

493 2745 556 2800 Si
585 2743 775 2813 patitur
803 2757 958 2794 unum
984 2743 1279 2804 membrum,
1313 2734 1686 2804 compatiuntur
1714 2730 1880 2783 omnia
1905 2743 2064 2780 ntem-

494 2837 620 2899 bra;
649 2843 696 2887 et
745 2834 788 2886 si
835 2832 1147 2902 gloriﬁcatur
1193 2843 1349 2880 unum
1400 2823 1693 2888 membrum,
1755 2817 2068 2886 congaudent

493 2923 662 2978 omnia
684 2921 900 2975 membra
925 2919 965 2992 (l
987 2917 1105 2975 Cor.
1133 2933 1230 2984 xu,
1258 2915 1371 2988 26).
1395 2915 1450 2970 Si
1472 2929 1596 2984 ergo
1614 2914 1664 2966 in
1685 2907 2068 2982 glorilicatione

492 3015 718 3069 membri
761 3019 954 3067 caetera
983 3010 1222 3064 membra
1266 3005 1617 3076 congaudent,
1662 3011 1716 3056 et
1745 3002 1795 3054 in
1825 2999 2068 3070 passione

493 3106 672 3162 omnia
695 3104 931 3158 membra
959 3101 1258 3170 patiuntur;
1285 3095 1564 3152 concordia
1585 3093 1941 3147 membrorum
1961 3105 2068 3141 non
2095 3089 2132 3124 3-7

495 3201 658 3255 habet
687 3197 1078 3251 auticbristum.
1105 3193 1170 3246 Et
1199 3200 1319 3245 sunt
1348 3189 1437 3259 qui
1465 3189 1604 3242 intus
1629 3186 1706 3240 sic
1735 3193 1857 3238 sunt
1882 3184 1932 3236 in
1953 3177 2072 3237 cor-

395 3298 404 3306 '
499 3306 626 3362 pore
651 3288 858 3344 Domini
879 3286 1046 3340 nostri
1068 3284 1192 3339 Jesu
1207 3282 1433 3344 Christi;
1453 3277 1878 3350 quandoquidem
1899 3275 2073 3328 adhuc

500 3389 714 3437 curatur
735 3395 926 3447 corpus
948 3377 1132 3446 ipsius,
1157 3383 1209 3428 et
1234 3373 1429 3428 sanitas
1459 3369 1690 3442 perfecta
1711 3383 1814 3422 non
1846 3367 1946 3420 erit
1974 3364 2072 3418 nisi

498 3479 552 3531 in
609 3472 998 3529 resurrectione
1034 3474 1362 3521 mortuorum
1419 3483 1432 3518 :
1481 3463 1558 3525 sic
1586 3469 1708 3516 sunt
1745 3460 1796 3514 in
1848 3471 2073 3525 corpore

498 3567 717 3632 Christi,
749 3559 1016 3635 quomodo
1041 3561 1291 3613 humores
1321 3555 1461 3610 mali.
1489 3552 1710 3622 Quando
1736 3555 2072 3610 evomuntur,
2103 3563 2128 3576 θ

503 3669 633 3713 tunc
658 3657 922 3711 relevatur
951 3666 1144 3721 corpus
1177 3667 1189 3702 :
1220 3650 1297 3702 sic
1344 3654 1397 3701 ct
1441 3645 1562 3700 mali
1606 3641 1814 3714 quando
1859 3645 2072 3700 exeunt,

503 3761 629 3806 tunc
679 3745 914 3802 Ecclesia
943 3743 1228 3797 relevatur.
1261 3739 1328 3792 Et
1353 3737 1481 3792 dicit
1522 3733 1732 3804 quando
1760 3746 1855 3786 eos
1881 3727 2078 3784 evomit

502 3850 661 3908 atque
686 3837 1102 3906 projicitcorpus
1131 3850 1142 3885 :
1173 3831 1250 3885 Ex
1293 3845 1378 3884 me
1410 3828 1651 3882 exierunt
1687 3823 1939 3877 humores
1971 3820 2075 3885 isti,

503 3935 600 3990 sed
628 3945 732 3986 non
763 3935 916 3984 erant
939 3942 1004 3982 ex
1027 3939 1132 3979 me.
1153 3923 1290 3989 Quid
1315 3928 1416 3984 est,
1439 3931 1540 3971 non
1567 3922 1717 3969 erant
1737 3927 1800 3966 ex
1824 3909 2074 3963 me'tNon

507 4025 576 4080 de
603 4037 762 4078 carne
792 4033 908 4073 mea
936 4016 1144 4087 praecisi
1171 4021 1311 4076 sunt,
1345 4009 1437 4064 sed
1468 4017 1652 4077 pectus
1693 4000 1824 4057 mihi
1866 4010 2079 4067 preme-

509 4115 642 4170 bant
663 4127 781 4168 cum
812 4113 1069 4164 inessent.

585 4207 637 4260 5.
677 4205 760 4259 Ex
785 4203 925 4256 nobis
951 4201 1214 4262 exierunt;
1242 4195 1359 4259 sed,
1399 4191 1559 4244 nolite
1589 4183 1772 4241 tristes
1802 4195 1955 4248 esse,
1987 4193 2086 4232 non

515 4305 658 4354 erant
686 4312 746 4350 ea:
775 4293 936 4347 nobis.
969 4289 1119 4346 Unde
1151 4284 1380 4355 probas?
1414 4281 1559 4345 Quod
1583 4279 1627 4333 si
1661 4277 1869 4345 fuissent
1900 4288 1963 4326 ea:
1992 4287 2082 4323 no-

517 4391 616 4458 bis,
652 4379 1035 4456 permansissent
1063 4380 1236 4448 utique
1279 4375 1556 4430 nobiscum.
1589 4371 1723 4425 Hinc
1759 4381 1886 4435 ergo
1916 4363 2094 4417 videat

517 4452 762 4539 Charitas
773 4485 966 4538 veSIra,
987 4473 1110 4540 quia
1128 4467 1278 4523 multi
1293 4466 1380 4536 qui
1402 4469 1726 4518 nonsuntex
1747 4455 1924 4519 nobis,
1941 4452 2080 4508 acci-
2117 4467 2120 4472 '

521 4578 676 4646 piunt
703 4571 978 4627 nobiscum
1011 4567 1374 4627 Sacramenta,
1403 4558 1663 4626 accipiunt
1688 4552 1961 4608 nobiscum
1994 4549 2089 4601 lia-

521 4641 798 4736 ptismum,
831 4657 1099 4727 accipiunt
1127 4653 1404 4709 nobiscum
1428 4647 1567 4718 quod
1599 4653 1788 4700 norunt
1823 4641 2006 4696 lideles
2035 4653 2094 4693 se

521 4728 792 4826 accipere,
813 4749 1243 4806 Beuedictionem
1265 4783 1279 4808 ,
1303 4739 1688 4797 Eucharistiam
1705 4737 1743 4798 ⁸,
1765 4742 1819 4788 et
1839 4728 2095 4801 quidquid

523 4849 580 4904 in
609 4843 965 4902 Sacramentis
1007 4837 1204 4895 sanctis
1245 4845 1360 4898 est;
1390 4831 1552 4900 ipsius
1589 4825 1772 4882 altaris
1798 4819 2097 4877 communi-

526 4938 786 4993 cationem
817 4933 1084 5002 accipiunt
1109 4927 1416 4988 nobiscum,
1456 4930 1510 4976 et
1535 4935 1638 4975 non
1669 4924 1884 4972 suntex
1917 4911 2089 4965 nobis.
2115 4919 2152 4948 τι

526 5029 776 5084 Tentatio
801 5001 984 5094 probat
1015 5021 1140 5090 quia
1173 5033 1277 5073 non
1302 5022 1430 5070 sunt
1449 5028 1520 5068 ex
1545 5011 1714 5065 nobis.
1749 5003 1968 5094 Quando
1999 5001 2101 5056 illis

531 5118 753 5173 tentatio
777 5091 1008 5179 venerit,
1041 5112 1186 5165 velut
1214 5106 1496 5164 occasione
1523 5098 1689 5163 venti,
1719 5095 1900 5150 volant
1931 5091 2101 5156 foras,

534 5211 654 5280 quia
679 5225 842 5280 grana
875 5223 979 5261 non
1005 5213 1178 5262 erant.
1204 5202 1404 5258 Omnes
1441 5205 1618 5252 autem
1657 5203 1779 5246 tunc
1819 5190 2104 5251 volabunt,

535 5273 842 5369 quod'saape
869 5296 1150 5352 dicendum
1185 5301 1284 5354 est,
1311 5305 1430 5346 cum
1460 5300 1579 5341 area
1603 5280 1873 5337 Dominica
1889 5273 2112 5343 coeperit

535 5393 778 5448 ventilari
801 5393 854 5445 in
875 5391 960 5446 die
978 5387 1183 5459 iudicii.
1207 5385 1287 5439 Ex
1306 5382 1453 5438 nobis
1469 5371 1816 5438 exierunt,sed
1839 5386 1938 5424 non
1963 5373 2108 5422 erant
2141 5391 2148 5398 -

538 5499 604 5537 ea:
625 5483 765 5536 nobis
781 5482 950 5550 :quod
973 5482 1015 5533 si
1032 5479 1248 5547 fuissent
1273 5491 1336 5530 ea:
1359 5471 1522 5536 nobis,
1539 5467 1926 5538 permansissent
1943 5459 2116 5528 utique

540 5577 825 5632 nobiscum.
865 5575 996 5629 Nam
1023 5571 1183 5628 vultis
1213 5583 1394 5634 nosse,
1423 5559 1742 5622 charissimi,
1763 5567 1918 5626 quam
1933 5549 2118 5606 certis-

543 5671 682 5725 sime
707 5668 913 5723 dicatur
943 5667 1044 5721 hoc
1066 5707 1081 5733 ,
1116 5674 1174 5719 ut
1201 5665 1290 5734 qui
1319 5663 1458 5716 forte
1487 5657 1730 5714 exierunt
1767 5659 1818 5704 et
1857 5644 2114 5708 redeunt,

545 5777 654 5820 non
685 5765 792 5818 sint
821 5759 1151 5824 antichristi,
1185 5771 1289 5813 non
1333 5756 1439 5810 sint
1467 5749 1714 5808 contrarii
1737 5741 1988 5830 Christo?
2013 5735 2116 5807 Qui

610 5897 630 5930 ι
657 5896 712 5950 ιιι
737 5895 924 5949 duobus
945 5893 1096 5962 Mss;
1121 5885 1506 5972 Benedictiouem
1531 5841 1872 5936 Eucharisticef

1193 339 1258 394 IN
1295 330 1674 392 EPISTOLAM
1713 319 1990 386 somnus
2024 317 2116 375 AD
2151 276 2504 378 maritos.
2529 312 2585 370 s.
2627 307 3011 370 AUGUSTINI.

3588 307 3732 364 2000

2167 447 2272 486 non
2323 438 2444 484 sunt
2467 427 2760 482 antichristi
2783 427 2822 492 ί,
2853 440 2958 480 non
2989 429 3163 494 potest
3186 421 3302 479 ﬁeri
3328 429 3386 478 ut
3420 426 3735 478 remaneant

2157 523 2305 578 foris.
2329 522 2430 577 Sed
2455 521 2522 575 de
2552 519 2818 574 voluntate
2846 533 2939 573 sua
2985 517 3207 586 quisque
3247 520 3338 570 aut
3365 513 3734 578 antichristus,

2154 624 2246 668 aut
2269 615 2321 668 in
2343 613 2557 666 Christo
2577 622 2675 665 est.
2701 611 2808 664 Aut
2828 609 2881 662 in
2915 608 3166 662 membris
3195 622 3399 672 sumus,
3431 613 3523 660 aut
3551 604 3605 658 in
3629 601 3736 657 hu-

2154 706 2392 762 moribus
2419 704 2592 758 malis.
2625 702 2724 768 Qui
2762 716 2820 755 se
2860 701 2912 753 in
2957 699 3145 753 melius
3183 704 3493 762 commutat,
3525 695 3577 748 in
3605 707 3734 747 cor-

2154 811 2284 866 pore
2313 795 2608 850 membrum
2638 803 2718 848 est
2748 810 2759 844 :
2793 792 2880 861 qui
2909 799 3082 845 autem
3109 789 3162 842 in
3205 787 3402 842 malitia
3429 790 3730 856 permanet,

2156 887 2347 941 humor
2373 885 2542 938 malus
2567 892 2648 938 est
2672 899 2686 948 ;
2713 881 2991 952 etquando
3007 879 3215 942 exierit,
3239 877 3617 932 relevabuntur
3635 875 3730 944 qui

2159 978 2551 1047 premebantur.
2579 973 2658 1027 Ex
2685 973 2826 1027 nobis
2855 973 3101 1035 eaierunt,
3135 970 3222 1024 sed
3250 985 3352 1022 non
3374 975 3514 1022 erant
3541 983 3604 1020 es:
3641 982 3738 1019 no-

2157 1067 2230 1120 bis
2265 1083 2284 1119 :
2323 1066 2456 1136 quod
2496 1065 2539 1118 si
2578 1063 2788 1134 fuissent
2837 1078 2898 1116 ea:
2925 1062 3086 1127 nobis,
3131 1059 3516 1130 permansissent
3563 1057 3738 1127 utique

2159 1156 2411 1210 nobiscum
2448 1154 2576 1208 :sed
2621 1165 2674 1206 ut
2727 1153 3182 1222 manifestarentur,
3223 1149 3356 1218 quod
3406 1165 3508 1202 non
3555 1163 3734 1202 omnes

2159 1257 2298 1300 erant
2323 1263 2384 1299 ex
2413 1245 2571 1298 nobis.
2603 1243 2723 1297 Ideo
2753 1243 2974 1306 addidit,
2991 1252 3048 1294 ut
3070 1237 3656 1311 manifestarentur,quia
3679 1245 3738 1292 et

2161 1338 2302 1392 intus
2328 1352 2447 1390 cum
2474 1343 2615 1400 sunt,
2647 1348 2752 1388 non
2779 1349 2842 1387 ex
2865 1331 3017 1386 nobis
3043 1341 3197 1396 sunt;
3224 1344 3329 1383 non
3353 1338 3532 1382 tamen
3557 1325 3735 1380 mani-

2161 1429 2282 1482 festi
2309 1437 2449 1486 sunt.
2483 1425 2576 1480 sed
2621 1423 2864 1478 exeundo
2891 1421 3310 1475 manifestantur.
3339 1417 3401 1470 Et
3428 1433 3514 1471 vos
3538 1416 3738 1470 unctio-

2161 1535 2270 1573 nem
2297 1518 2483 1571 habetis
2508 1534 2538 1568 a
2575 1523 2765 1579 sancto,
2800 1523 2853 1566 ut
2885 1513 2982 1583 ipsi
3017 1512 3152 1565 vobis
3180 1509 3431 1578 manifesti
3460 1507 3585 1561 sitis.
3619 1505 3738 1561 Un-

2162 1611 2267 1664 ctio
2293 1609 2579 1679 spiritualis
2607 1608 2721 1676 ipse
2751 1605 2978 1674 Spiritus
3003 1613 3214 1658 sanctus
3243 1613 3344 1667 est,
3375 1601 3525 1669 cujus
3549 1613 3738 1653 sacra-

2164 1711 2400 1755 mentum
2459 1709 2538 1753 est
2583 1700 2636 1751 in
2683 1697 2928 1750 unctione
2985 1693 3201 1749 visibili.
3243 1693 3388 1747 Hanc
3431 1689 3741 1746 unctionem

2163 1794 2357 1849 Christi
2387 1792 2517 1846 dicit
2540 1805 2727 1844 omnes
2753 1789 2840 1858 qui
2868 1787 3083 1852 habent,
3127 1797 3446 1855 cognoscere
3485 1781 3655 1836 malos
3679 1787 3742 1834 et

2165 1885 2364 1948 bonos;
2399 1897 2498 1937 nec
2525 1895 2658 1952 opus
2687 1893 2806 1934 esse
2835 1885 2892 1931 ut
2917 1876 3226 1939 doceantur,
3258 1873 3378 1944 quia
3407 1872 3520 1941 ipsa
3549 1869 3740 1925 unctio

2165 1975 2323 2030 docet
2345 1990 2458 2028 eos.
3387 1982 3390 1984 ·

2241 2068 2293 2121 6.
2337 2065 2516 2121 Scriba
2537 2063 2693 2130 vobis,
2739 2079 2838 2116 non
2867 2059 3000 2131 quod
3035 2057 3304 2112 nescieritis
3333 2055 3621 2118 ueritatem;
3645 2051 3742 2106 sed

2164 2159 2280 2230 quia
2301 2160 2454 2211 nostis
2474 2173 2605 2222 eam,
2635 2165 2680 2209 et
2699 2155 2816 2224 quia
2844 2169 2988 2206 omne
3016 2150 3328 2205 mendacium
3353 2163 3452 2202 non
3472 2155 3544 2200 est
3563 2162 3627 2200 ex
3653 2161 3746 2198 ue-

2165 2253 2332 2305 ritate.
2377 2251 2510 2303 Ecce
2539 2247 2791 2302 admoniti
2832 2260 3014 2299 sumus
3057 2241 3320 2313 quomodo
3357 2251 3746 2308 cognoscamus

2165 2342 2565 2398 Antichristum.
2595 2338 2730 2406 Quid
2755 2347 2835 2392 est
2861 2334 3145 2391 Christus?
3180 2333 3409 2388 Veritas.
3439 2331 3556 2400 Ipse
3583 2329 3744 2394 dixit,

2167 2434 2278 2505 Ego
2308 2419 2418 2487 sum
2460 2432 2638 2485 veritas
2664 2428 2846 2502 (Joan.
2875 2443 2984 2492 xiv,
3016 2425 3089 2499 6).
3127 2425 3286 2480 Omne
3319 2432 3498 2478 autem
3527 2421 3746 2475 menda-

2167 2527 2297 2578 cium
2328 2541 2428 2578 non
2455 2533 2523 2576 est
2544 2539 2606 2576 ex
2633 2522 2864 2574 veritate:
2887 2533 3071 2573 omnes
3095 2517 3251 2587 igitur
3272 2514 3361 2585 qui
3388 2512 3746 2578 mentiuntur,

2171 2615 2404 2670 nondum
2427 2623 2550 2669 sunt
2578 2629 2643 2667 ex
2685 2611 2915 2666 Christo.
2941 2608 3056 2662 Non
3083 2607 3212 2661 dixit
3235 2605 3497 2676 quoddam
3524 2604 3752 2659 menda-

2169 2710 2308 2764 cium
2334 2723 2399 2762 ex
2428 2707 2669 2771 veritate,
2690 2701 3015 2772 etquoddam
3043 2699 3370 2755 mendacium
3391 2713 3498 2752 non
3518 2712 3584 2751 ex
3599 2696 3754 2751 veri-

2175 2809 2300 2854 tate.
2316 2799 2644 2854 Sententiam
2661 2794 2914 2850 attendite
2935 2811 2949 2859 ;
2973 2807 3042 2847 ne
3055 2805 3147 2846 vos
3159 2789 3402 2860 palpetis,
3421 2803 3488 2842 ne
3505 2801 3598 2842 vos
3614 2785 3756 2840 adu-

2175 2893 2314 2956 letis,
2331 2905 2400 2945 ne
2419 2903 2514 2942 vos
2535 2885 2829 2956 decipiatis,
2849 2899 2916 2938 ne
2948 2897 3041 2937 vos
3063 2880 3326 2936 illudatis:
3353 2876 3512 2933 Omne
3531 2877 3754 2930 menda-

2173 2983 2306 3034 cium
2329 2997 2428 3034 non
2453 2987 2524 3032 est
2547 2995 2610 3031 ea:
2635 2978 2859 3030 veritate.
2886 2973 3167 3027 Videamus
3182 2985 3308 3041 ergo
3326 2967 3587 3040 quomodo
3607 2966 3758 3021 anti-

2174 3072 2356 3128 christi
2382 3071 2706 3126 mentiuntur
2724 3069 2842 3137 quia
2857 3081 2960 3120 non
2979 3071 3060 3119 est
3081 3077 3242 3118 unum
3273 3076 3438 3132 genus
3461 3058 3752 3114 mendacii.

2177 3167 2301 3231 Quis
2347 3173 2418 3217 est
2446 3162 2680 3226 mendax,
2709 3160 2806 3213 nisi
2831 3159 2874 3212 is
2899 3157 2984 3225 qui
3010 3164 3156 3226 negat
3189 3153 3322 3224 quod
3347 3151 3496 3206 Iesus
3533 3167 3632 3204 non
3673 3158 3758 3204 est

2177 3253 2438 3310 Christus?
2453 3252 2626 3305 Aliam
2654 3247 3086 3320 significationem
3109 3245 3266 3298 habet
3282 3242 3454 3308 .lesus,
3473 3241 3626 3294 aliam
3649 3239 3757 3292 ha-

2177 3349 2265 3403 bet
2290 3346 2529 3402 Christus
2550 3364 2562 3399 :
2581 3359 2699 3399 cum
2715 3343 2783 3397 sit
2810 3355 2943 3395 unus
2962 3339 3116 3393 Jesus
3133 3335 3378 3391 Christus
3403 3334 3630 3388 salvator
3649 3347 3756 3386 no-

2177 3449 2304 3506 ster,
2336 3440 2488 3494 Jesus
2511 3445 2684 3491 tamen
2705 3433 2976 3504 preprium
2999 3443 3194 3484 nomen
3230 3433 3312 3481 est
3347 3425 3443 3479 illi.
3473 3421 3760 3490 Quomodo

2177 3531 2383 3601 Moyses
2405 3529 2616 3599 proprio
2637 3523 2848 3580 nomine
2862 3519 3155 3591 appellatus
3173 3525 3274 3582 est,
3296 3512 3560 3584 quomodo
3580 3511 3752 3576 Elias,
3821 3509 3824 3512 ‘

2179 3621 2443 3693 quomodo
2485 3615 2783 3680 Abraham;
2825 3613 2902 3667 sic
2947 3619 3190 3680 tanquam
3238 3605 3508 3676 preprium
3553 3615 3756 3655 nomen

2179 3713 2339 3768 habet
2371 3709 2622 3764 Dominus
2665 3713 2844 3760 noster
2867 3702 3019 3757 Jesus
3053 3717 3066 3751 :
3101 3697 3340 3752 Christus
3367 3703 3540 3748 autem
3563 3705 3756 3746 sacra-

2181 3803 2344 3859 menti
2373 3816 2568 3857 nomen
2598 3805 2698 3853 est.
2727 3793 3001 3864 Quomodo
3027 3789 3072 3844 si
3091 3789 3298 3844 dicatur
3319 3784 3594 3856 propheta,
3619 3795 3766 3848 quo-

2193 3902 2352 3957 modo
2369 3902 2411 3955 si
2434 3901 2639 3954 dicatur
2664 3895 2943 3957 sacerdos;
2975 3893 3051 3946 sic
3071 3889 3316 3945 Christus
3335 3883 3750 3942 commendatur

2191 4004 2379 4050 unctus
2399 4033 2413 4056 ,
2443 3994 2495 4047 in
2525 4005 2629 4060 quo
2651 3997 2794 4044 esset
2821 3986 3116 4052 redemptio
3155 3984 3321 4038 totius
3362 3979 3534 4047 populi
3563 3975 3758 4030 Israel.

2191 4086 2295 4139 lste
2321 4083 2560 4139 Christus
2601 4081 2908 4148 sperabatur
2947 4086 3205 4132 venturus
3245 4091 3275 4129 a
3307 4073 3497 4143 populo
3542 4069 3776 4126 Judzeo-

2185 4175 2340 4244 rum;
2367 4185 2420 4231 et
2447 4173 2567 4246 quia
2594 4172 2804 4228 humilis
2825 4172 2992 4238 venit,
3027 4186 3128 4224 non
3155 4177 3236 4224 est
3261 4166 3504 4235 agnitus;
3531 4163 3649 4234 quia
3673 4161 3772 4216 la—

2127 4279 2130 4282 '
2196 4269 2276 4338 pis
2307 4281 2496 4335 parvus
2523 4273 2666 4329 erat,
2694 4262 3028 4318 offenderunt
3057 4263 3107 4313 in
3133 4260 3276 4314 illum
3295 4299 3310 4322 ,
3344 4266 3398 4310 et
3427 4255 3576 4309 l'racti
3608 4261 3772 4307 sunt.

2198 4359 2301 4413 Sed
2327 4359 2491 4412 crevit
2520 4356 2672 4424 lapis,
2700 4362 2752 4409 et
2775 4355 2936 4408 factus
2959 4360 3041 4409 est
3065 4365 3216 4404 mons
3241 4362 3464 4418 magnus
3495 4345 3652 4418 (Dan.
3683 4359 3772 4412 ιι,

2199 4447 2323 4520 55);
2355 4459 2408 4503 et
2444 4447 2568 4517 quid
2597 4447 2666 4500 ait
2695 4444 3002 4513 Scriptura?
3044 4443 3341 4512 Quicunque
3391 4438 3662 4506 offenderit
3709 4439 3776 4490 in

2199 4539 2420 4608 lapidem
2445 4541 2624 4604 istum,
2650 4537 3099 4608 conquassabitur;
3137 4543 3184 4588 et
3213 4547 3365 4601 super
3390 4547 3536 4604 quem
3572 4529 3789 4584 uenerit

2203 4633 2330 4703 lapis
2357 4635 2468 4696 iste,
2489 4640 2706 4684 conteret
2721 4647 2837 4684 eum
2857 4629 3008 4693 (Luc.
3029 4643 3124 4693 xx,
3143 4627 3256 4698 l8).
3273 4622 3628 4680 Discernenda
3645 4629 3792 4677 sunt

2203 4723 2359 4778 verba
2395 4741 2405 4775 :
2439 4723 2791 4778 ottendentem
2833 4723 2968 4776 dixit
3009 4717 3391 4789 conquassari;
3423 4729 3581 4784 super
3607 4727 3788 4782 quem

2203 4823 2378 4868 autem
2409 4815 2633 4880 venerit,
2661 4814 2887 4868 conteri.
2913 4813 3090 4867 Primo
3119 4813 3240 4881 quia
3265 4807 3478 4864 humilis
3502 4807 3666 4869 venit,
3695 4806 3795 4860 of-

2207 4903 2488 4958 fenderunt
2515 4905 2567 4958 in
2597 4903 2742 4957 illum
2769 4903 3008 4958 homines
3035 4921 3046 4956 :
3079 4903 3204 4970 quia
3234 4899 3482 4955 excelsus
3512 4905 3790 4952 venturus

2207 5005 2286 5050 est
2313 4995 2379 5049 ad
2405 4995 2662 5064 judicium
2683 5032 2698 5058 ,
2727 5008 2888 5064 super
2913 5009 3071 5064 quem
3092 4991 3333 5060 venerit,
3355 4995 3604 5046 conteret
3628 5003 3799 5048 eum.

2209 5084 2314 5139 Sed
2345 5085 2487 5140 illum
2519 5100 2622 5140 non
2651 5093 2896 5141 conteret
2917 5094 3192 5152 venturus,
3225 5098 3382 5155 quem
3411 5095 3518 5138 non
3548 5095 3804 5150 quissa-

2211 5180 2287 5233 vit
2316 5195 2436 5234 cum
2467 5180 2628 5234 venit.
2651 5179 2751 5246 Qui
2775 5179 2827 5234 in
2857 5178 3108 5234 humilem
3139 5193 3244 5233 non
3271 5176 3510 5242 offendit,
3543 5189 3646 5229 non
3673 5173 3816 5228 for-

2212 5271 2434 5326 midabit
2454 5273 2745 5327 excelsum.
2777 5271 3021 5328 Breviter
3061 5270 3313 5334 audistis,
3343 5269 3572 5324 fratres:
3606 5266 3700 5335 qui
3743 5267 3814 5324 in

2217 5363 2468 5418 humilem
2497 5379 2602 5417 non
2630 5362 2869 5426 offendit,
2887 5379 2990 5416 non
3012 5361 3315 5417 formidabit
3335 5361 3625 5416 excelsum.
3651 5361 3816 5414 0m-

2215 5454 2368 5510 nibus
2393 5455 2535 5511 enim
2569 5456 2723 5509 malis
2749 5445 2881 5524 lapis
2901 5453 3208 5510 otl'ensionis
3243 5462 3327 5510 est
3346 5453 3617 5516 Christus;
3635 5451 3822 5518 quid-

2216 5545 2340 5614 quid
2369 5546 2496 5599 dicit
2524 5545 2787 5613 Christus,
2816 5559 3055 5600 amarum
3077 5553 3160 5599 est
3187 5543 3313 5600 illis.

2287 5635 2342 5689 7.
2373 5636 2579 5691 Etenim
2609 5636 2805 5701 audite,
2822 5646 2876 5690 et
2904 5635 3314 5691 videte.0mnes
3327 5643 3472 5691 certe
3492 5633 3580 5703 qui
3593 5641 3830 5692 exeunt

2284 5747 2302 5778 ι
2329 5747 2662 5814 _In_pleri_sque
2685 5750 2822 5808 Mss,
2845 5755 2897 5800 ut
2915 5748 2998 5814 qui
3021 5749 3142 5814 forte
3163 5748 3420 5814 exierunt,
3437 5762 3531 5800 non
3553 5749 3649 5814 sint
3673 5748 3830 5800 arui-

2219 5809 2418 5880 σὴρ-ὶδιῇ
2440 5811 2670 5882 neglectu,
2688 5819 2736 5882 _e_t
2763 5823 2858 5861 non
2885 5809 3266 5882 _sunt_‘cqntr_arii
3288 5811 3475 5882 Christo
3501 5811 3643 5882 :_hoc
3683 5816 3828 5866 sunt

2221 5872 2348 5924 enim
2369 5872 2664 5926 antichristi.
2677 5875 2726 5932 Ν
2731 5885 2792 5925 οη
2811 5879 2962 5940 potest
2980 5872 3090 5937 ﬁeri
3113 5880 3165 5928 ut
3187 5880 3481 5937 remaneant,
3500 5879 3600 5925 etc.
