4076 6486
330 414 466 471 2001

329 527 399 580 de
422 523 684 587 Ecclesia,
715 528 768 576 et
794 519 861 574 ab
885 519 1086 573 unitate
1123 517 1370 573 Ecclesiae
1402 517 1777 587 prteciduntur,
1807 533 1903 571 an-

330 617 561 672 tichristi
590 625 712 669 sunt
743 632 756 667 :
790 627 946 668 nemo
985 611 1213 675 dubitet;
1250 612 1360 680 ipse
1403 611 1543 664 enim
1585 610 1902 678 designavit,

330 710 417 764 Ea:
446 710 586 763 nobis
615 708 866 771 exierunt,
897 705 983 759 sed
1027 721 1124 757 non
1177 712 1321 757 erant
1375 720 1434 757 ea:
1483 704 1622 756 nobis
1663 720 1680 756 :
1717 721 1830 756 nam
1862 704 1905 756 si

328 805 544 873 fuissent
574 816 635 853 ea:
672 798 835 861 nobis,
862 796 1244 867 permansissent
1274 795 1443 862 utique
1470 796 1742 848 nobiscum.
1773 797 1903 861 Qut-

329 905 558 959 cumque
584 904 710 957 ergo
737 903 840 940 non
889 895 1105 939 manent
1152 883 1447 946 nobiscum,
1480 882 1574 936 sed
1616 894 1813 937 exeunt
1837 899 1904 937 ex
1932 900 1966 906 '

329 981 509 1046 nobis,
541 977 878 1034 manifestum
905 985 986 1030 est
1011 974 1150 1044 quod
1180 973 1474 1028 antichristi
1505 981 1644 1027 sunt.
1672 972 1738 1026 Et
1773 988 1902 1042 quo-

328 1074 494 1129 modo
524 1071 814 1142 probantur
839 1067 1168 1124 antichristi?
1192 1067 1269 1120 Ex
1289 1065 1585 1120 mendacio.
1611 1066 1673 1118 Et
1699 1067 1808 1133 quis
1831 1076 1902 1120 est

331 1166 574 1232 mendax,
605 1165 702 1216 nisi
753 1163 840 1233 qui
865 1171 1012 1232 negat
1059 1160 1192 1231 quod
1219 1159 1367 1213 Jesus
1409 1175 1508 1210 non
1535 1167 1605 1211 est
1631 1156 1901 1211 Christus?

326 1258 723 1326 lnterrogemus
759 1253 1078 1306 haereticos:
1107 1265 1264 1318 quem
1327 1248 1530 1302 invenis
1570 1248 1896 1312 haereticum,

323 1349 417 1417 qui
443 1355 597 1416 negat
617 1346 737 1414 quia
756 1343 911 1398 Jesus
936 1357 1039 1395 non
1062 1343 1142 1394 est
1162 1339 1400 1394 Christus
1416 1341 1437 1391 ?
1455 1338 1639 1392 Videat
1655 1338 1899 1394 Charitas
1931 1353 1971 1384 ττι

323 1447 502 1491 vestra
530 1450 773 1504 magnum
803 1440 1208 1486 sacramentum.
1254 1429 1522 1483 Attendite
1562 1428 1683 1496 quid
1727 1428 1894 1496 inspi-

323 1527 528 1580 raverit
552 1525 706 1590 nobis
734 1523 985 1577 Dominus
1028 1521 1186 1584 Deus,
1225 1530 1277 1574 et
1302 1518 1427 1587 quid
1456 1518 1720 1572 insinuare
1747 1518 1898 1571 vobis

320 1618 508 1671 velim.
532 1617 669 1671 Ecce
688 1616 930 1669 exierunt
955 1629 983 1666 a
1008 1611 1178 1677 nobis,
1203 1621 1254 1666 et
1280 1611 1400 1666 facti
1430 1620 1548 1666 sunt
1571 1610 1855 1664 Donatistae
1876 1627 1893 1658 .-

325 1709 724 1778 interrogamus
734 1720 827 1761 eos
847 1715 1019 1759 utrum
1035 1703 1188 1758 Jesus
1209 1703 1276 1757 sit
1290 1702 1558 1766 Christus;
1579 1709 1754 1757 sman
1772 1716 1898 1756 con-

1526 403 1949 460 TRACTATUS.
1988 403 2056 458 Ill
2095 405 2315 464 CAPUT
2353 407 2418 464 ll.

3439 417 3574 474 200!

2019 519 2157 588 gatio
2185 535 2286 574 non
2315 529 2513 576 tantum
2543 523 2717 594 lingua
2748 524 2824 590 ﬁt,
2856 524 2950 580 sed
2969 532 3022 581 et
3050 527 3225 593 factis;
3259 538 3400 585 certe
3429 532 3574 588 inve-

2014 612 2188 665 nimus
2231 614 2423 668 multos
2462 617 2798 672 antichristos
2836 620 2925 690 qui
2967 635 3057 675 ore
3087 621 3399 690 proﬁtentur
3423 625 3574 679 Chri-

2013 710 2172 765 stum,
2193 712 2247 756 et
2265 707 2496 762 moribus
2516 707 2830 764 dissentiunt
2853 727 2880 763 a
2902 710 3131 766 Christo.
3151 713 3252 768 Ubi
3279 715 3576 772 invenimus

2012 790 2114 846 hoc
2144 793 2196 846 in
2223 794 2521 864 Scriptura?
2546 799 2759 855 Paulum
2790 802 2912 856 audi
2941 805 3233 872 apostolum
3257 825 3268 859 :
3290 806 3357 861 de
3383 807 3575 864 tali-bus

2013 897 2131 935 cum
2164 879 2482 953 loqueretur,
2511 891 2607 955 ait,
2642 889 2950 961 Confitentur
2975 896 3103 948 enim
3127 914 3181 950 se
3209 914 3352 951 nosse
3382 897 3573 964 Deum,

2013 975 2159 1040 {actis
2199 986 2361 1030 autem
2400 990 2581 1048 negant
2607 981 2729 1052 (Tit.
2761 999 2811 1047 ι,
2857 985 2964 1050 16).
2991 986 3290 1042 Invenimus
3340 997 3394 1042 et
3431 991 3579 1060 ipsos

2010 1064 2648 1139 antichristos:quisquis
2695 1073 2842 1126 factis
2883 1087 3038 1145 negat
3081 1077 3378 1144 Christum,
3428 1082 3569 1134 anti-

2012 1151 2241 1208 christus
2268 1165 2366 1210 est.
2392 1157 2503 1211 Non
2532 1161 2686 1215 audio
2706 1164 2828 1232 quid
2850 1175 3020 1232 sonet,
3053 1168 3144 1221 sed
3173 1169 3326 1223 vich
3351 1171 3474 1238 quid
3497 1173 3574 1225 vi-

2009 1254 2113 1299 vat.
2137 1245 2308 1314 Opera
2331 1248 2634 1319 loquuntur,
2657 1262 2710 1307 et
2729 1256 2882 1310 verba
2911 1260 3259 1327 requirimus?
3286 1263 3414 1330 Quis
3429 1266 3570 1320 enim

2009 1339 2174 1392 malus
2201 1355 2303 1393 non
2332 1341 2465 1397 bene
2493 1345 2601 1396 vult
2626 1345 2803 1414 loqui?
2831 1347 2935 1402 Sed
2960 1351 3081 1418 quid
3113 1352 3239 1406 dicit
3268 1353 3455 1407 talibus
3473 1355 3573 1408 Dec

2007 1428 2213 1482 minus?
2237 1429 2548 1499 Hypoerilw,
2572 1437 2818 1503 quomodo
2866 1442 3065 1506 potestis
3103 1441 3230 1495 bona
3272 1445 3424 1514 loqui,
3459 1463 3570 1499 cum

2004 1520 2110 1572 sitis
2139 1521 2258 1573 mali
2288 1523 2496 1591 (Matth.
2552 1543 2648 1592 xu,
2691 1527 2822 1597 34)?
2847 1529 3017 1584 Voces
3059 1543 3257 1588 vestras
3303 1535 3364 1588 ad
3418 1552 3572 1592 aures

2005 1624 2150 1664 meas
2176 1613 2451 1679 profertis;
2480 1630 2577 1684 ego
2602 1618 2944 1686 cogitationes
2969 1631 3170 1675 vestras
3199 1623 3417 1692 inspicio
3442 1643 3452 1676 :
3478 1643 3571 1678 vn-

2004 1698 2254 1755 luntatem
2283 1704 2474 1757 malam
2502 1705 2572 1759 ibi
2593 1707 2764 1774 video,
2786 1717 2840 1763 et
2866 1711 3026 1764 falsos
3051 1713 3248 1767 fruetus
3272 1717 3569 1772 ostenditis.

322 1797 544 1852 ﬁtentur
566 1797 688 1866 quia
713 1797 869 1851 Jesus
893 1795 1136 1849 Christus
1157 1801 1255 1848 est.
1285 1793 1343 1847 Si
1375 1807 1505 1862 ergo
1529 1792 1616 1846 ille
1641 1801 1721 1846 est
1757 1792 1894 1845 anti-
1914 1819 1948 1828 —
2001 1789 2131 1844 Novi
2153 1793 2275 1860 quid
2298 1793 2436 1848 unde
2453 1795 2691 1866 colligam
2718 1814 2732 1863 ;
2759 1815 2861 1854 non
2888 1801 3076 1871 colligo
3101 1803 3165 1857 de
3188 1804 3390 1858 tribulis
3413 1809 3562 1872 licus,

319 1887 554 1944 christus
577 1889 666 1958 qui
692 1896 848 1959 negat
867 1888 1045 1941 Jesum
1068 1902 1185 1942 esse
1218 1884 1506 1949 Christum,
1532 1899 1629 1939 nec
1647 1900 1744 1938 nos
1767 1899 1891 1953 pos-

318 1989 448 2033 sunt
477 1979 553 2033 illi
577 1977 753 2034 dicere
776 1977 1136 2041 antichristos,
1165 1992 1263 2032 nec
1285 1991 1381 2030 nos
1398 1976 1545 2041 illos;
1574 1975 1694 2045 quia
1721 1984 1774 2029 et
1797 1990 1894 2029 nos

314 2067 657 2136 conﬁtemur,
686 2076 739 2122 et
757 2067 847 2120 illi.
873 2067 928 2121 Si
959 2081 1083 2136 ergo
1105 2081 1201 2120 nec
1229 2065 1303 2119 illi
1332 2079 1429 2119 nos
1450 2065 1651 2130 dicunt,
1678 2080 1774 2118 nec
1793 2079 1890 2118 nos

315 2160 439 2214 illos
469 2175 484 2225 ;
513 2175 641 2228 ergo
668 2173 766 2214 nec
787 2159 860 2212 illi
881 2173 910 2211 a
935 2158 1087 2233 nobis
1109 2158 1368 2223 exierunt,
1397 2171 1496 2211 nec
1525 2170 1620 2210 nos
1649 2156 1715 2209 ab
1742 2156 1888 2225 ipsis.

308 2249 374 2304 Si
404 2265 533 2320 ergo
581 2265 683 2303 non
709 2264 738 2302 a
769 2248 922 2302 nobis
947 2247 1226 2312 exivimus,
1275 2248 1325 2300 in
1357 2247 1558 2300 unitate
1589 2260 1770 2300 sumus
1805 2265 1818 2299 :
1847 2246 1892 2299 si
1920 2256 1976 2286 7-6-

318 2340 375 2394 in
408 2340 608 2394 unitate
634 2354 832 2404 sumus,
867 2339 992 2408 quid
1019 2339 1214 2393 faciunt
1235 2338 1284 2391 in
1313 2337 1414 2392 bac
1439 2338 1649 2392 civitate
1677 2337 1781 2391 duo
1806 2338 1888 2391 al-

318 2433 491 2486 taria?
534 2431 660 2501 quid
703 2430 905 2487 faciunt
933 2431 1115 2485 divisae
1142 2429 1352 2492 domus,
1395 2429 1562 2483 divisa
1612 2428 1890 2498 conjugia?

314 2524 444 2594 quid
499 2525 622 2578 facit
673 2523 968 2578 communis
1010 2523 1217 2588 lectus,
1265 2531 1318 2577 et
1366 2521 1570 2576 divisus
1616 2520 1890 2576 Christus?

318 2615 591 2671 Admonet
617 2630 740 2681 nos,
771 2616 879 2670 vult
899 2631 995 2670 nos
1011 2617 1161 2671 fateri
1185 2615 1324 2685 quod
1349 2630 1530 2670 verum
1547 2623 1644 2669 est.
1662 2617 1764 2669 Aut
1791 2616 1888 2685 ipsi

313 2724 344 2759 a
373 2708 526 2762 nobis
555 2707 818 2774 exierunt,
849 2717 938 2762 aut
968 2721 1066 2762 nos
1086 2707 1151 2762 ab
1180 2707 1326 2775 ipsis.
1342 2706 1446 2762 Sed
1463 2707 1600 2762 absit
1624 2716 1682 2761 ut
1707 2722 1804 2761 nos
1822 2707 1889 2761 ab

311 2798 446 2867 ipsis
472 2809 496 2851 :‘
516 2798 770 2866 habemus
793 2798 933 2852 enim
954 2806 1325 2854 testamentum
1351 2796 1628 2852 dominicae
1663 2797 1888 2851 haeredi-

310 2891 457 2954 tatis,
481 2890 785 2956 recitamus,
805 2899 859 2943 et
884 2889 954 2945 ibi
979 2905 1075 2944 nos
1100 2890 1414 2956 invenimus,
1437 2888 1576 2943 Dabo
1617 2890 1703 2943 tibi
1723 2899 1888 2959 gentes

313 2979 658 3035 hereditatem
711 2990 886 3048 tuam,
942 2989 989 3033 et
1041 2981 1402 3052 possessionem
1455 2988 1592 3032 tuam
1649 2981 1884 3033 terminos

312 3079 462 3123 teme
500 3069 670 3141 (Psal.
719 3086 775 3135 ιι,
805 3069 884 3142 8).
929 3069 1193 3125 Tenemus
1239 3069 1600 3124 haereditatem
1641 3068 1836 3122 Christi
1871 3086 1882 3121 :

311 3162 389 3216 illi
411 3177 530 3217 eam
560 3176 664 3216 non
685 3170 895 3227 tenent;
922 3176 1028 3216 non
1047 3155 1442 3216 communicant
1459 3161 1575 3215 orbi
1598 3170 1944 3227 terrarum,

315 3267 423 3307 non
467 3253 864 3308 communicant
913 3253 1243 3306 universitati
1295 3251 1581 3320 redemptae
1634 3253 1886 3320 sanguine

313 3344 549 3398 Domini.
599 3344 861 3399 Habemus
908 3345 1077 3414 ipsum
1125 3344 1407 3398 Dominum
1451 3354 1810 3414 resurgentem
1855 3359 1886 3398 a

310 3435 557 3497 mortuis,
584 3434 674 3504 qui
725 3448 782 3490 se
810 3433 1162 3488 dubitantium
1215 3433 1458 3487 manibus
1501 3433 1882 3504 discipulorum

311 3524 538 3592 praebuit
582 3523 916 3594 palpandum.
965 3524 1030 3576 Et
1080 3538 1200 3578 cum
1243 3523 1418 3577 adhuc
1461 3524 1536 3576 illi
1562 3523 1880 3590 dubitarent,

310 3614 388 3668 ait
413 3615 553 3668 illis:
587 3613 860 3685 Oportebat
900 3613 1154 3667 Christum
1183 3614 1308 3682 pati,
1360 3622 1406 3666 et
1445 3629 1701 3683 resurgere
1740 3616 1885 3668 tertia

311 3703 415 3770 die,
443 3712 489 3757 et
518 3704 784 3772 pratdicari
807 3704 860 3755 in
889 3702 1088 3755 nomine
1107 3703 1214 3772 ejus
1245 3703 1583 3769 paenitentiam
1626 3711 1671 3754 et
1700 3705 1879 3756 remis-

311 3795 503 3848 sionem
555 3804 885 3863 peccatorum.
926 3793 1062 3848 Ubi?
1112 3792 1251 3862 qua?
1298 3793 1519 3862 quibus?
1564 3791 1666 3844 Per
1714 3810 1884 3846 omnes

311 3896 500 3956 gentes,
531 3886 772 3953 incipiens
800 3887 860 3938 ab
885 3883 1165 3939 Jerusalem
1179 3883 1323 3956 (Luc.
1350 3899 1498 3948 xxw,
1527 3884 1595 3936 46
1611 3893 1655 3936 et
1673 3882 1783 3954 47).
1801 3885 1886 3939 Se

313 3979 426 4031 curi
453 3992 635 4032 sumus
663 3977 729 4030 de
755 3977 955 4030 unitate
981 3974 1322 4029 hzereditatis.
1352 3974 1598 4043 Quisquis
1630 3973 1749 4028 huic
1772 3973 1881 4028 ha:-

312 4070 526 4124 reditati
552 4083 659 4122 non
687 4067 1062 4131 communicat,
1092 4067 1231 4120 foras
1259 4065 1404 4118 exiit.
1895 4067 1955 4104 ‘to

385 4162 439 4216 8.
467 4159 573 4216 Sed
595 4174 698 4213 nou
718 4157 1092 4213 contristemur
1115 4173 1128 4208 :
1159 4155 1240 4209 Ex
1256 4156 1396 4208 nobis
1419 4155 1660 4220 exierunt,
1683 4155 1769 4207 sed
1788 4172 1888 4208 non

317 4261 542 4306 erantex
563 4251 704 4304 nobis
729 4265 879 4304 :nam
908 4250 950 4302 si
981 4250 1188 4320 fuissent
1216 4265 1278 4301 ea:
1303 4247 1443 4301 nobis
1460 4287 1473 4310 ,
1501 4249 1888 4316 permansissent

317 4346 487 4415 utique
512 4343 786 4397 nobiscum.
819 4341 873 4396 Si
905 4355 1030 4409 ergo
1067 4356 1130 4393 ex
1160 4340 1311 4393 nobis
1341 4339 1601 4404 exierunt,
1630 4339 1885 4392 antichri-

317 4436 384 4488 sti
410 4444 570 4498 sunt;
597 4437 640 4487 si
667 4431 960 4486 antichristi
992 4441 1132 4492 sunt,
1166 4430 1446 4484 mendaces
1475 4439 1595 4483 sunt
1620 4445 1634 4494 ;
1665 4431 1707 4483 si
1737 4446 1888 4485 mes.-

318 4523 475 4578 daces
498 4532 642 4588 sunt,
675 4529 870 4591 negant
899 4519 1076 4574 Jcsum
1118 4532 1235 4573 esse
1264 4518 1550 4572 Christum.
1583 4519 1776 4572 lterum
1807 4536 1891 4574 rc-

318 4615 490 4689 dimns
519 4614 585 4668 ad
624 4613 986 4668 difﬁcultatem
1027 4612 1352 4681 qumstionis.
1386 4610 1631 4680 Singulos
1662 4611 1889 4665 interro-

317 4720 402 4775 ga,
433 4704 756 4759 conﬁtentur
797 4702 977 4757 Jesum
1025 4715 1142 4756 esse
1182 4699 1475 4754 Christum.
1512 4699 1756 4754 Coarctat
1795 4715 1890 4755 nos

317 4803 574 4864 angustus
628 4792 924 4848 intellectus
971 4791 1022 4843 in
1071 4790 1171 4844 hac
1214 4788 1471 4857 Epistola.
1507 4788 1710 4842 Videtis
1747 4799 1891 4842 certe

319 4883 702 4953 quaestionem;
733 4881 849 4936 huic
871 4879 1093 4950 quaestio
1134 4887 1187 4933 et
1233 4894 1328 4932 nos
1371 4888 1424 4932 et
1463 4879 1604 4948 ipsos
1633 4879 1823 4940 turbat,
1847 4879 1891 4931 si

319 4990 426 5028 non
471 4972 809 5042 intelligatur.
843 4970 948 5023 Aut
991 4984 1086 5022 nos
1127 4983 1309 5022 sumus
1357 4968 1671 5033 antichristi,
1703 4978 1790 5020 aut
1818 4967 1948 5020 illisi:

318 5073 442 5119 sunt
482 5062 781 5117 antichriSti
822 5079 836 5114 :
873 5060 947 5114 illi
991 5075 1086 5113 nos
1123 5058 1464 5113 antichristos
1494 5066 1702 5122 vocant,
1731 5066 1782 5109 et
1807 5056 1892 5109 di-

320 5165 444 5211 cunt
472 5154 618 5226 quod
645 5155 903 5209 exivimus
931 5152 998 5204 ab
1039 5153 1150 5216 eis;
1200 5166 1296 5204 nos
1337 5149 1456 5203 illos
1499 5147 1893 5202 similiter:scd

321 5245 619 5316 designavit
645 5243 761 5298 base
790 5242 1022 5311 Epistola
1055 5241 1412 5293 antichristos.
1445 5239 1770 5306 Quicumque
1795 5253 1892 5292 ne-

320 5345 408 5406 gat
429 5334 572 5406 quod
599 5334 754 5389 Jesus
779 5347 884 5388 nou
913 5333 980 5386 sit
1005 5331 1265 5395 Christus,
1295 5331 1404 5400 ipse
1425 5340 1504 5383 cst
1531 5329 1890 5383 antichristus.

322 5427 434 5481 Jam
473 5441 605 5496 ergo
632 5440 930 5496 quaaramus
957 5424 1075 5493 quis
1104 5430 1292 5492 neget;
1324 5429 1377 5476 et
1417 5437 1521 5475 non
1563 5420 1893 5475 attendamus

324 5519 386 5572 ad
412 5520 668 5588 linguam,
695 5516 788 5571 sed
818 5515 884 5570 ad
913 5515 1066 5570 facta.
1099 5515 1152 5569 Si
1185 5515 1323 5567 enim
1353 5529 1537 5567 omnes
1567 5514 1892 5582 interrogen-

326 5617 426 5670 tur,
454 5623 642 5661 omnes
664 5623 767 5660 uno
795 5622 888 5661 ore
912 5607 1228 5660 conﬁtentur
1252 5605 1430 5659 Jcsum
1460 5619 1577 5658 esse
1604 5604 1890 5659 Christum.

324 5697 573 5766 Quiescat
618 5699 890 5768 paululum
935 5698 1130 5767 lingua,
1155 5697 1314 5751 vitam
1347 5698 1630 5767 interroga.
1665 5697 1718 5752 Si
1749 5697 1895 5753 inve-

327 5792 563 5846 nerimus
585 5790 709 5857 hoc,
739 5791 782 5846 si
809 5791 922 5858 ipsa
953 5789 1224 5860 Scriptura
1253 5789 1404 5845 nobis
1433 5789 1625 5843 dixerit
1653 5789 1771 5858 quia
1796 5804 1892 5844 ne-

2001 1896 2103 1934 nou
2131 1883 2320 1952 colligo
2348 1885 2412 1938 de
2441 1887 2606 1954 spinis
2627 1904 2776 1943 uvas.
2810 1890 3150 1962 Unaqureqne
3180 1895 3321 1949 enim
3351 1897 3510 1950 arbor
3537 1915 3566 1952 a

1999 1969 2168 2024 fructu
2190 1975 2523 2042 cognoscitur
2541 1975 2651 2045 (Id.
2668 1994 2758 2044 vn,
2779 1979 2889 2050 16).
2915 1980 3072 2050 Magis
3094 1983 3317 2037 mendax
3338 1997 3412 2038 est
3434 1987 3571 2040 anti-

1999 2061 2226 2115 christus
2245 2064 2330 2132 qui
2353 2081 2444 2118 ore
2463 2067 2737 2134 proﬁtetur
2755 2069 2938 2125 Jesum
2963 2087 3082 2127 esse
3105 2072 3392 2137 Christum,
3408 2085 3459 2130 et
3489 2077 3536 2130 fa
3551 2108 3568 2120 -

1997 2152 2094 2205 etis
2111 2162 2284 2221 negat.
2307 2153 2429 2208 Ideo
2446 2157 2689 2219 mendax,
2710 2161 2828 2228 quia
2851 2163 2991 2216 aliud
3011 2164 3260 2233 loquitur,
3279 2168 3416 2220 aliud
3443 2169 3566 2238 agit.

2067 2242 2121 2295 9.
2151 2241 2268 2296 Jam
2303 2259 2448 2312 ergo,
2482 2245 2687 2312 fratres,
2737 2251 2777 2302 si
2830 2251 2960 2304 facta
3007 2254 3373 2325 interroganda
3426 2269 3566 2322 sunt,

1997 2347 2099 2386 non
2117 2334 2285 2387 solum
2305 2336 2500 2389 multos
2518 2338 2818 2394 invenimus
2834 2344 3175 2398 antichristus
3195 2347 3332 2399 foras
3356 2350 3566 2413 exiisse;

1994 2423 2087 2478 sed
2131 2424 2325 2478 multos
2368 2426 2598 2480 nondum
2645 2430 2982 2494 manifestos,
3034 2437 3119 2500 qui
3168 2435 3385 2489 minime
3433 2437 3570 2491 foras

1993 2523 2252 2576 exierunt.
2300 2524 2566 2595 Quotquot
2613 2528 2750 2582 enim
2809 2529 2968 2584 habet
3013 2531 3248 2601 Ecclesia
3306 2535 3567 2601 purjuros,

1992 2611 2352 2678 fraudatores,
2412 2615 2710 2682 maleﬁcos,
2766 2620 3134 2686 sortilegorum
3197 2622 3565 2690 inquisitores,

1993 2701 2283 2769 adulteros,
2309 2703 2568 2772 ebriosos,
2599 2706 2962 2772 faeneratores,
2989 2726 3293 2779 mangoues,
3319 2723 3371 2766 et
3392 2716 3567 2768 omnia

1993 2810 2111 2864 qua:
2152 2811 2431 2850 numerare
2461 2812 2565 2850 non
2596 2813 2905 2866 possumus;
2935 2803 3199 2855 contraria
3227 2812 3350 2856 sunt
3371 2803 3569 2858 doctri-

1992 2900 2072 2937 nae
2097 2885 2311 2948 ChriSti,
2344 2889 2609 2940 contraria
2637 2898 2760 2941 sunt
2789 2890 2949 2943 verbo
2979 2890 3070 2942 Dei
3093 2885 3359 2945 {Verbum
3388 2903 3566 2949 autem

1992 2973 2084 3026 Dei
2113 2972 2354 3027 Christus
2376 2984 2458 3029 est
2482 2991 2494 3027 :
2522 2977 2770 3046 quidquid
2797 2981 3116 3033 contrarium
3149 2991 3236 3035 est
3257 2983 3430 3036 Verbo
3451 2985 3562 3049 Dei,

1991 3062 2042 3115 in
2073 3064 2399 3118 Antichristo
2435 3075 2536 3120 est.
2569 3068 2922 3123 Antichristus
2957 3071 3099 3124 enim
3144 3074 3442 3127 contrarius
3485 3085 3565 3130 est

1990 3151 2224 3205 Christo.
2259 3154 2327 3207 Et
2374 3155 2534 3209 vultis
2577 3171 2734 3211 nosse
2773 3174 2926 3227 quam
2975 3169 3155 3230 aperte
3193 3163 3439 3217 resistant
3479 3165 3565 3218 isti

1990 3241 2238 3298 Christo?
2265 3245 2562 3315 Aliquando
2587 3250 2763 3303 evenit
2791 3258 2846 3302 ut
2883 3251 3077 3320 aliquid
3119 3254 3238 3306 mali
3272 3253 3485 3320 faciant,
3511 3264 3566 3310 et

1939 3357 1942 3360 ·
1989 3335 2243 3405 incipiant
2266 3339 2460 3407 corripi
2483 3357 2496 3402 ;
2518 3341 2637 3407 quia
2665 3341 2934 3396 Christum
2961 3358 3067 3396 non
3097 3345 3293 3398 audent
3318 3346 3568 3415 blasphe-

1990 3441 2158 3490 mare,
2213 3428 2484 3481 ministros
2526 3429 2641 3497 ejus
2686 3430 3076 3499 blasphemant,
3104 3449 3132 3486 a
3163 3435 3354 3503 quibus
3395 3437 3567 3492 corri-

1991 3517 2208 3586 piuntur
2232 3537 2243 3571 :
2267 3519 2310 3571 si
2336 3527 2513 3572 autem
2558 3521 2850 3575 ostenderis
2890 3522 2998 3576 illis
3037 3523 3377 3598 quiaChristi
3406 3527 3567 3581 verba

1989 3604 2280 3675 dicis,’non
2335 3613 2497 3667 verba
2545 3623 2665 3680 tua;
2693 3625 2954 3671 conantur
2979 3629 3230 3687 quantum
3259 3629 3480 3688 possunt
3509 3630 3568 3675 ut

1992 3709 2042 3754 te
2072 3703 2387 3756 convincant
2408 3704 2570 3756 verba
2593 3712 2680 3758 tua
2704 3713 2754 3758 te
2781 3705 2976 3771 dicere,
3005 3722 3107 3760 non
3140 3709 3298 3761 verba
3329 3708 3522 3762 Christi
3548 3728 3562 3764 :

1989 3791 2031 3843 si
2062 3800 2236 3845 autem
2265 3791 2595 3846 manifestum
2640 3793 2812 3848 fuerit
2837 3798 2956 3863 quia
2998 3798 3155 3850 verba
3186 3797 3379 3849 Christi
3409 3797 3560 3864 dicis,

1991 3892 2118 3936 eunt
2161 3892 2214 3938 et
2257 3884 2308 3936 in
2356 3883 2645 3948 Christum,
2688 3885 2946 3953 incipiunt
2986 3886 3374 3954 reprehendere
3411 3887 3566 3941 Chri-

1991 3982 2127 4027 stum
2160 3975 2492 4042 :Quom‘odo,
2519 3977 2782 4045 inquiunt,
2809 3985 2862 4032 et
2903 3995 3065 4048 quare
3107 3981 3236 4033 tales
3279 3995 3374 4033 nos
3405 3982 3566 4036 fecit?

1990 4065 2174 4121 Nonne
2202 4067 2384 4121 dicunt
2409 4067 2508 4120 hoc
2533 4067 2764 4136 quotidie
2789 4069 3029 4123 homines
3058 4070 3283 4124 convicti
3310 4071 3376 4123 de
3406 4071 3558 4126 factis

1991 4157 2135 4210 suis?
2161 4158 2328 4211 Prava
2372 4158 2641 4212 voluntate
2687 4160 2941 4227 perversi,
2989 4160 3242 4214 artiﬁcem
3291 4173 3563 4216 accusant.

1991 4245 2196 4300 Clamat
2225 4246 2329 4301 illis
2357 4248 2544 4302 artifex
2572 4247 2638 4302 de
2665 4249 2801 4302 coelo
2832 4249 2972 4320 (quia
3013 4252 3127 4318 ipse
3171 4265 3267 4305 nos
3306 4251 3450 4317 fecit,
3479 4254 3568 4322 qui

1992 4352 2091 4390 nos
2129 4337 2364 4409 refecit):
2396 4337 2532 4406 Quid
2579 4347 2629 4393 te
2676 4338 2814 4393 feci?
2841 4341 2951 4409 Ego
2995 4341 3261 4396 hominem
3309 4343 3431 4408 feci,
3463 4360 3566 4398 non

1993 4430 2296 4494 avaritiam;
2326 4445 2423 4499 ego
2469 4430 2736 4484 hominem
2784 4430 2902 4497 feci,
2937 4447 3040 4484 non
3074 4433 3440 4498 latrocinium;
3471 4451 3569 4504 ego

1995 4517 2261 4572 hominem
2291 4519 2429 4583 feci;
2462 4535 2566 4574 non
2594 4520 2932 4574 adulterium.
2963 4523 3167 4576 Audisti
3204 4525 3323 4592 quia
3356 4525 3571 4580 laudant

1994 4623 2079 4660 me
2103 4623 2263 4674 opera
2289 4624 2427 4662 mea.
2459 4609 2537 4661 Ex
2568 4624 2662 4662 ore
2688 4611 2844 4662 trium
2883 4626 3168 4678 puerorum
3199 4613 3311 4679 ipse
3342 4615 3568 4682 hymnus

1995 4707 2108 4749 crat
2133 4698 2220 4764 qui
2248 4697 2313 4750 ab
2334 4698 2542 4765 ignibus
2565 4698 2884 4753 defendebat
2915 4699 3071 4772 (Dan.
3102 4717 3177 4764 ιιι,
3201 4702 3406 4770 24-90).
3432 4703 3569 4755 Lau-

1995 4784 2123 4838 dant
2150 4801 2307 4854 opera
2341 4786 2545 4838 Domini
2587 4787 2902 4852 Dominum;
2945 4790 3124 4844 laudat
3150 4791 3364 4856 coelum,
3402 4802 3563 4858 terra,

1996 4894 2173 4941 mare;
2207 4877 2419 4932 laudant
2447 4881 2622 4933 omnia
2651 4897 2769 4950 qua:
2795 4892 2917 4936 sunt
2945 4884 2997 4937 in
3029 4885 3193 4948 cmlo;
3224 4885 3435 4938 laudant
3462 4887 3569 4938 An-

1997 4970 2118 5038 geli,
2149 4969 2362 5023 laudant
2399 4972 2589 5038 stellae,
2621 4973 2836 5027 laudant
2873 4975 3181 5038 luminaria;
3215 4977 3387 5030 laudat.
3416 4978 3569 5046 quid-

1997 5060 2120 5128 quid
2138 5069 2300 5126 uatat,
2320 5060 2570 5130 quidquid
2589 5063 2747 5125 volat,
2765 5063 3016 5132 quidquid
3039 5066 3289 5128 ambulat,
3308 5066 3564 5134 quidquid

1997 5150 2152 5219 repit,
2179 5149 2392 5204 laudant
2418 5151 2515 5205 ista
2545 5155 2720 5206 omnia
2755 5154 3051 5207 Dominum.
3079 5154 3341 5223 Numquid
3372 5158 3563 5211 audisti

1998 5245 2119 5312 quia
2148 5244 2325 5298 laudat
2352 5247 2629 5300 Dominum
2659 5247 2909 5299 avaritia?
2941 5247 3191 5316 numquid
3220 5249 3408 5305 audisti
3441 5252 3563 5318 quia

1998 5334 2177 5387 laudat
2193 5335 2469 5388 Dominum
2495 5337 2796 5400 ebriositas;
2813 5337 2934 5406 quia
2952 5337 3370 5399 laudatlnxuria,
3387 5340 3568 5395 laudat

1998 5428 2303 5494 nugacitas?
2332 5428 2597 5498 Quidquid
2635 5428 2702 5482 ibi
2751 5444 2854 5481 non
2899 5428 3049 5481 audis
3077 5428 3282 5481 laudem
3311 5429 3436 5482 dare
3467 5431 3569 5482 Do-

1999 5516 2161 5576 mino,
2192 5533 2294 5570 non
2334 5515 2457 5570 fecit
2497 5516 2764 5570 Dominus.
2793 5517 3012 5586 Corrige
3038 5518 3176 5586 quod
3211 5528 3264 5571 tu
3291 5519 3482 5586 fecisti,
3513 5531 3569 5575 ut

1999 5610 2228 5662 salvetur
2259 5609 2399 5678 quod
2444 5610 2494 5662 in
2540 5619 2590 5662 te
2635 5610 2770 5662 Deus
2797 5608 2940 5663 fecit.
2971 5609 3027 5664 Si
3053 5619 3227 5664 autem
3258 5625 3360 5664 non
3391 5614 3488 5675 vis,
3517 5621 3568 5667 et

1999 5715 2144 5753 amas
2165 5711 2218 5754 et
2243 5701 2574 5769 amplecteris
2615 5709 2823 5768 peccata
2863 5709 2979 5768 tua;
3010 5701 3306 5756 contrarius
3329 5717 3388 5756 es
3412 5703 3573 5759 Chri-

1999 5799 2100 5844 sto.
2132 5790 2275 5844 lntus
2306 5791 2397 5855 sis,
2429 5788 2556 5845 foris
2588 5789 2680 5855 sis,
2711 5791 3052 5847 antichristus
3081 5806 3138 5846 es
3161 5809 3173 5846 :
3196 5793 3334 5846 intus
3363 5793 3459 5859 sis,
3482 5792 3564 5849 fo-
