4076 6512
335 425 481 482 2005

335 535 628 598 foliorum?
650 533 902 606 numquid
932 532 1036 587 tale
1065 529 1260 602 aliquid
1290 530 1606 609 intrinsecus
1648 529 1790 599 agit?
1809 528 1915 583 Sed

332 635 461 706 quis
491 631 602 703 agit
630 628 768 685 hoc?
794 628 970 684 audite
997 626 1280 697 agricolam
1311 624 1642 694 Apostolum,
1671 633 1722 678 et
1744 622 1918 677 videte

333 724 469 796 quid
513 736 718 787 sumus,
766 728 823 776 et
868 717 1044 773 audite
1090 718 1396 787 magistrum
1440 715 1745 768 interiorem
1771 731 1782 767 :
1808 712 1917 783 Ego

336 816 590 887 plantavi,
618 812 800 882 Apollo
824 810 1038 881 rigavit;
1070 808 1157 862 sed
1187 806 1321 860 Deus
1363 807 1715 859 incrementum
1735 802 1870 856 dedit
1898 820 1917 857 :

337 924 506 979 neque
540 905 628 976 qui
666 904 857 975 plantat
890 911 960 956 est
988 899 1202 971 aliquid,
1232 914 1391 966 neque
1423 897 1507 967 qui
1544 898 1707 966 rigat;
1728 893 1818 948 sed
1836 894 1921 964 qui
1958 922 1979 925 μ

333 1000 706 1072 incrementum
732 996 820 1048 dat
850 993 985 1047 Deus
1012 992 1066 1063 (1
1090 989 1207 1048 Cor.
1243 1006 1319 1055 ιιι,
1347 990 1405 1056 6,
1429 984 1505 1059 7).
1536 987 1646 1041 Hoc
1671 1001 1798 1055 ergo
1827 1000 1919 1039 vo-

338 1089 426 1145 bis
456 1088 684 1143 dicimus
708 1104 720 1139 :
746 1086 858 1140 sive
885 1085 1199 1154 plantemus,
1218 1083 1344 1136 sive
1372 1081 1605 1151 rigemus
1633 1075 1917 1145 liquendo,

340 1193 453 1249 non
494 1190 679 1231 sumus
728 1174 954 1244 aliquid;
998 1174 1091 1227 sed
1137 1172 1222 1227 ille
1270 1171 1785 1241 Qui-incrementum
1830 1167 1923 1249 dat

340 1247 510 1338 Deus,
538 1268 593 1323 id
619 1275 719 1335 est,
747 1267 926 1322 unctio
950 1266 1089 1319 illius
1114 1260 1231 1333 quae
1259 1263 1416 1319 docet
1442 1279 1534 1319 vos
1558 1263 1624 1317 de
1642 1247 1917 1319 omnibus.

879 1354 1287 1427 TRACTATUS
1322 1353 1409 1408 1v.

302 1510 307 1513 _
338 1449 421 1503 De
444 1465 503 1503 eo
522 1449 655 1516 quod
680 1449 924 1518 sequitur,
954 1447 1019 1501 Et
1039 1461 1199 1500 verax
1225 1455 1325 1512 est,
1353 1455 1406 1500 et
1434 1459 1538 1499 non
1560 1451 1642 1501 est
1662 1442 1888 1499 mendax
1904 1458 1931 1507 ξ
1948 1478 1981 1499 ,ς

413 1558 574 1611 usque
601 1541 667 1593 ad
698 1540 773 1604 id,
814 1540 866 1594 in
896 1540 996 1593 hoc
1023 1534 1386 1611 manifestatus
1411 1546 1491 1591 est
1532 1534 1696 1589 Filius
1726 1533 1838 1599 Dei,
1869 1543 1925 1588 ut

416 1633 590 1687 solvat
628 1646 787 1701 opera
816 1630 1031 1685 diaboli.
1063 1628 1189 1699 Cap.
1221 1630 1338 1698 11,?
1361 1667 1377 1682 .
1404 1625 1599 1692 27—29,
1620 1634 1673 1678 et
1699 1642 1811 1695 cap.
1841 1640 1921 1689 ιιι,

492 1763 507 1778 .
536 1724 656 1779 1-8.

418 1726 472 1871 1’.
513 1814 845 1881 Meministis,
870 1812 1076 1880 fratres,
1107 1813 1409 1867 hesternam
1431 1811 1708 1866 lectionem
1735 1809 1800 1863 ad
1825 1810 1926 1865 hoc

345 1907 705 1972 terminatam,
751 1905 874 1975 quia
916 1919 1021 1958 non
1067 1904 1273 1958 habetis
1301 1902 1673 1958 necessitatem
1714 1912 1769 1954 ut
1808 1902 1979 1971 quis—

343 2000 536 2059 doceat
564 2013 677 2065 vos,
726 1998 821 2052 sed
851 1998 963 2066 ipsa
994 1997 1171 2050 unctio
1214 1996 1369 2050 docet
1410 2009 1504 2049 vos
1547 1993 1615 2048 de
1658 1992 1925 2047 omnibus.

348 2094 461 2149 Hoc
483 2102 679 2156 autem,
709 2092 845 2145 sicut
874 2105 966 2145 vos
995 2089 1263 2144 recordari
1294 2097 1469 2142 certus
1495 2102 1634 2152 sum,
1662 2086 1739 2140 sic
1766 2100 1927 2155 expo-

345 2185 563 2251 suimus
595 2183 764 2248 vobis,
809 2182 928 2252 quia
980 2196 1078 2235 nos
1106 2179 1193 2249 qui
1238 2178 1529 2232 forinsecus
1555 2178 1820 2246 loquimur
1861 2175 1927 2229 ad

344 2288 504 2327 aures
543 2281 766 2339 vestras,
816 2272 888 2325 ita
917 2286 1100 2325 sumus
1136 2269 1286 2339 quasi
1328 2268 1572 2338 operarii,
1615 2268 1927 2323 adhibentes

345 2365 608 2419 culturam
658 2363 947 2419 forinsecus
985 2362 1052 2417 ad
1090 2360 1357 2426 arborem,
1407 2359 1500 2414 sed
1544 2361 1962 2415 incrementum:

345 2453 477 2509 dare
504 2469 610 2507 non
638 2467 942 2522 possumus,
976 2467 1073 2505 nec
1097 2450 1297 2507 fructus
1328 2449 1559 2505 formare
1592 2468 1603 2502 :
1635 2450 1723 2515 illc
1748 2460 1929 2506 autem

345 2545 436 2615 qui
466 2561 559 2599 vos
589 2545 806 2610 creavit,
836 2552 890 2599 et
930 2543 1175 2609 redemit,
1219 2553 1274 2598 et
1300 2543 1525 2605 vocavit,
1557 2558 1653 2612 per
1689 2542 1847 2597 tidem
1877 2553 1931 2598 et

348 2635 603 2704 Spiritum
630 2650 783 2689 suum
811 2634 1050 2688 habitans
1093 2635 1145 2687 in
1178 2633 1348 2701 vobis,
1380 2633 1478 2687 nisi
1507 2633 1751 2704 loquatur
1780 2634 1930 2688 vobis

348 2727 510 2792 intus,
539 2728 655 2781 sine
688 2739 846 2780 causa
873 2740 968 2779 nos
999 2720 1397 2794 perstrepimus.
1444 2723 1595 2779 Unde
1634 2723 1736 2778 hoc
1763 2740 1929 2793 appa-

347 2816 464 2871 ret?
487 2814 621 2884 Quia
651 2830 770 2870 cum
796 2814 944 2869 multi
975 2813 1210 2876 audiant,
1239 2829 1343 2867 non
1375 2812 1622 2889 omnibus
1644 2812 1931 2882 persuade-
1950 2844 1965 2847 π

350 2915 436 2961 tur
464 2906 605 2977 quod
628 2906 851 2971 dicitur;
884 2906 975 2961 sed
1007 2906 1116 2961 illis
1146 2906 1273 2960 solis
1304 2906 1494 2975 quibus
1522 2907 1661 2961 intus
1696 2906 1930 2975 loquitur

350 2995 513 3051 Deus.
559 2996 667 3051 Illis
697 3006 889 3071 autem,
914 2997 1054 3050 intus
1084 2996 1333 3065 loquitur,
1376 2996 1466 3066 qui
1495 2996 1542 3049 ei
1583 2996 1756 3050 locum
1790 3012 1929 3066 prte-

350 3086 479 3142 bcnt
508 3105 520 3140 :
555 3087 628 3142 illi
654 3097 828 3141 autem
859 3086 971 3141 Deo
1005 3086 1179 3141 locum
1210 3087 1464 3155 praebent,
1496 3086 1584 3155 qui
1612 3086 1819 3139 diabolo
1849 3086 1929 3140 lo-

351 3190 471 3232 cum
498 3192 606 3230 non
636 3177 890 3246 prmbent.
923 3177 1174 3231 Habitare
1200 3177 1342 3231 enim
1372 3177 1481 3230 vult
1506 3176 1744 3231 diabolus
1770 3176 1929 3231 corda

351 3268 647 3337 hominum,
678 3278 731 3325 et
759 3269 902 3338 loqui
928 3269 996 3323 ibi
1024 3269 1198 3322 omnia
1226 3284 1343 3337 qua:
1368 3268 1542 3345 valent
1570 3268 1635 3321 ad
1662 3268 1929 3322 seductio-
1948 3276 1992 3301 ἀει

352 3378 493 3417 nem.
542 3361 646 3437 Sed
691 3362 816 3432 quid
850 3363 923 3415 ait
966 3362 1221 3415 Dominus
1267 3361 1458 3414 Jcsus?
1488 3358 1735 3431 Princeps
1779 3361 1931 3432 hujus

351 3455 528 3509 mundi
554 3455 734 3509 missus
774 3464 847 3507 est
890 3454 1028 3523 foras
1057 3452 1242 3526 (Joan.
1274 3469 1367 3517 xu,
1401 3453 1522 3529 31.).
1556 3451 1708 3507 Unde
1739 3454 1931 3507 missus

352 3545 474 3599 est?
500 3544 751 3614 numquid
779 3554 925 3598 extra
953 3544 1148 3599 cmlum
1168 3555 1220 3597 et
1242 3543 1476 3597 terram?
1504 3542 1758 3619 numquid
1782 3552 1930 3596 extra

351 3633 605 3691 fabricam
628 3634 809 3689 mundi
832 3635 883 3687 1?
905 3634 1009 3690 Sed
1034 3644 1181 3688 extra
1204 3632 1362 3688 corda
1385 3634 1735 3689 credentium.
1766 3633 1930 3690 Foras

351 3729 517 3783 misso
543 3728 805 3794 invasore,
838 3729 1033 3783 habitet
1064 3727 1369 3797 redemptor
1390 3728 1410 3758 ²
1435 3744 1449 3791 ;
1480 3727 1601 3795 quia
1632 3728 1743 3798 ipse
1772 3726 1929 3781 rede-
1962 3754 1985 3757 μ

351 3820 446 3874 ιιιίι
469 3820 561 3890 qui
586 3820 801 3875 creavit.
831 3820 895 3873 Et
921 3814 1160 3873 diabolus
1183 3817 1293 3886 jam
1324 3816 1615 3895 forinsecus
1639 3815 1926 3887 oppugnat,

352 3928 459 3966 non
484 3911 645 3965 vincit
674 3911 820 3964 illum
846 3911 935 3980 qui
962 3911 1102 3963 intus
1122 3908 1373 3978 possidet.
1403 3909 1723 3963 Forinsecus
1752 3917 1929 3985 autem

350 4010 640 4072 Oppugnat,
666 3984 994 4055 immittenda
1020 4000 1197 4065 varias
1225 4000 1540 4055 tentatioues
1569 4018 1581 4053 :
1610 3999 1702 4054 sed
1720 3984 1806 4054 ille
1825 4015 1929 4053 non

350 4094 615 4149 consentit
638 4092 724 4147 cui
752 4092 891 4147 Dens
919 4092 1059 4147 intus
1087 4092 1339 4162 loquitur,
1362 4100 1415 4147 et
1440 4091 1617 4146 unctio
1646 4106 1805 4161 quam
1830 4106 1929 4146 au-

350 4184 524 4241 distis.
546 4254 549 4259 η
1062 4254 1065 4257 _

418 4275 472 4327 2.
518 4274 585 4327 Ει
608 4290 759 4328 verax
793 4282 885 4341 est,
914 4273 1101 4342 inquit,
1133 4273 1318 4328 eadem
1348 4272 1564 4339 unctio;
1594 4273 1647 4329 id
1685 4282 1786 4339 est,
1819 4275 1932 4344 ipse

350 4362 578 4433 Spiritus
602 4364 810 4418 Domini
839 4364 927 4433 qui
972 4365 1125 4418 docet
1154 4364 1413 4429 homines,
1443 4365 1653 4419 mentiri
1700 4381 1806 4420 non
1833 4380 1931 4436 po-

353 4465 472 4518 test,
508 4474 525 4507 (
565 4457 632 4511 Ει
661 4473 766 4513 non
798 4465 879 4511 est
906 4456 1150 4511 mendax.
1194 4455 1340 4512 Sicut
1370 4457 1549 4511 docuit
1573 4473 1687 4523 vos,
1722 4474 1931 4528 perma-

351 4557 471 4600 nete
497 4547 551 4600 in
578 4548 689 4616 ipsa
716 4548 757 4602 ³.
788 4544 855 4601 Et
879 4563 1038 4613 nunc,
1071 4547 1234 4613 filioli,
1270 4558 1478 4603 manete
1522 4550 1575 4602 in
1603 4564 1686 4614 eo,
1730 4560 1787 4603 ut
1810 4564 1932 4603 cum

351 4637 717 4692 manifestatus
748 4638 924 4704 fuerit,
958 4622 1242 4694 habeamus
1274 4640 1517 4695 fiduciam
1549 4642 1600 4695 in
1645 4652 1932 4711 conspectu

350 4727 484 4797 ejus,
534 4736 592 4782 ut
620 4744 725 4782 non
765 4729 1151 4783 confundantur
1197 4730 1262 4803 ab
1292 4746 1356 4785 eo
1404 4731 1454 4784 in
1484 4732 1714 4785 adventu
1740 4733 1872 4801 eius.
1905 4751 1925 4784 ι

350 4818 558 4873 Videtis
587 4818 630 4885 ⁸,
662 4817 888 4882 fratres;
917 4806 1184 4874 credimus
1225 4820 1277 4873 in
1306 4820 1486 4875 Jesum
1515 4838 1671 4891 quem
1716 4837 1822 4877 non
1850 4824 1931 4877 vi-

348 4909 525 4965 dimus
557 4927 571 4965 :
600 4912 1044 4965 annuntiaverunt
1072 4927 1191 4965 eum
1218 4912 1306 4982 qui
1352 4913 1615 4975 viderunt,
1661 4916 1749 4984 qui
1800 4910 1931 4970 eon-

351 5011 726 5067 trectaverunt,
755 5004 843 5073 qui
876 5003 1095 5057 verbum
1124 5019 1187 5058 ex
1217 5019 1310 5058 ore
1337 5005 1500 5074 ipsius
1529 5007 1848 5075 audierunt;
1879 5018 1937 5073 et

349 5104 403 5146 ut
457 5093 570 5147 lucc
617 5094 992 5162 persuaderent
1034 5095 1217 5164 generi
1260 5094 1511 5162 humano,
1554 5098 1620 5152 ab
1663 5098 1755 5153 illo
1785 5101 1933 5155 missi
1960 5120 1971 5139 λι

350 5194 493 5249 sunt,
520 5199 624 5238 non
660 5201 689 5239 a
713 5185 900 5253 seipsis
922 5187 997 5239 ire
1026 5186 1139 5239 ausi
1185 5197 1325 5240 sunt.
1365 5187 1434 5241 Et
1459 5202 1565 5257 quo
1593 5189 1741 5243 missi
1769 5191 1928 5245 sunt?

350 5276 588 5329 Audistis
648 5291 767 5330 cum
822 5277 1165 5347 Evangelium
1220 5280 1516 5348 legeretur,
1571 5281 1683 5350 Ite,
1744 5284 1930 5354 praedi-

352 5376 461 5420 cate
503 5364 834 5438 Evangelium
858 5369 1103 5422 universa:
1142 5378 1382 5424 creaturae
1419 5387 1533 5441 qua:
1571 5373 1659 5427 sub
1701 5376 1823 5427 caelo
1863 5382 1933 5429 est

353 5456 553 5527 (Marc.
587 5472 698 5524 xvr,
744 5455 867 5530 15).
908 5456 1117 5528 Ubique
1148 5474 1276 5529 ergo
1312 5459 1555 5529 discipuli
1592 5464 1739 5519 missi
1768 5475 1890 5520 sunt
1913 5507 1928 5532 ,

419 5656 434 5715 ξ
460 5652 579 5704 Edlti
599 5652 679 5703 hic
697 5652 895 5713 addunt,
917 5661 1018 5715 Non
1034 5664 1185 5715 ,‘unte
1205 5667 1300 5707 vox
1319 5656 1462 5709 abest
1486 5669 1518 5710 ι
1537 5664 1643 5712 Ι..

418 5691 684 5786 3;".ng
692 5691 1185 5786 ῗίὲῖῖῖθῖίξῖἇόέῖαῗ
1213 5691 1277 5768 ii:

420 5776 442 5838 ἕ
464 5783 568 5825 Mss.
594 5776 705 5835 duo,
728 5776 777 5824 in
799 5776 917 5838 ipso.

421 5837 443 5867 ⁸
465 5843 537 5890 Er.
564 5838 705 5904 Lugd.
730 5836 837 5888 ιον.
866 5845 1005 5901 ven.,
1035 5836 1217 5891 ridete.
1279 5846 1339 5892 It.

1522 410 1927 470 TRACTATUS
1962 394 2051 468 1v.
2091 396 2318 467 canor
2354 409 2420 467 ιι.

3442 392 3603 465 ’2006

2025 527 2392 582 attestantibus
2412 525 2573 597 signis
2590 533 2643 581 et
2657 500 2911 597 prodigiis
2931 529 2989 579 ut
3002 502 3310 580 crederetur
3332 522 3457 588 illis,
3478 525 3604 595 quia

2004 632 2087 687 ca
2114 618 2359 672 dicebant
2390 633 2506 688 qua:
2532 616 2792 673 viderant.
2824 606 2889 671 Et
2918 608 3181 673 credimus
3211 608 3265 669 in
3294 631 3415 693 eum
3444 614 3604 687 quem

2002 770 2003 773 η
2027 726 2133 765 ιιοιι
2164 711 2409 776 vidimus,
2428 720 2482 765 et
2502 719 2777 766 venturum
2807 706 2927 765 eum
2945 706 3332 780 exspectamus.
3362 698 3609 776 Quicum-

2027 820 2130 874 que
2154 803 2301 858 illum
2322 803 2422 859 fide
2434 806 2762 873 exspectant,
2785 818 2903 858 cum
2925 796 3131 857 venerit
3154 798 3462 880 gaudebunt
3484 818 3495 852 :
3516 799 3609 870 qui

2027 897 2144 952 sine
2172 897 2272 952 fide
2297 906 2439 963 sunt,
2458 911 2577 950 cum
2598 888 2803 952 venerit
2825 895 2966 966 quod
2988 910 3127 949 nunc
3140 892 3244 948 non
3261 884 3465 961 vident,
3483 908 3610 947 eru—

2027 987 2266 1041 bescent.
2297 986 2364 1040 Et
2385 984 2624 1041 confusio
2640 988 2726 1041 illa
2750 1003 2854 1041 non
2874 985 2974 1040 erit
2995 986 3149 1039 unius
3166 983 3270 1038 diei
3292 991 3348 1038 et
3367 976 3608 1048 transiet,

2027 1074 2295 1146 quomodo
2334 1076 2505 1131 solent
2546 1073 2797 1130 confundi
2844 1070 2931 1146 qui
2972 1074 3310 1130 inveniuntur
3342 1072 3395 1128 in
3435 1060 3613 1142 aliqua

2027 1169 2204 1238 culpa,
2248 1177 2301 1222 et
2329 1169 2406 1223 eis
2450 1168 2730 1222 insultatur
2772 1166 2840 1221 ab
2875 1165 3196 1221 hominibus.
3240 1163 3491 1218 Confusio
3522 1152 3611 1216 illa

2031 1259 2265 1316 traducet
2290 1258 2538 1314 confusos
2558 1258 2623 1313 ad
2644 1260 2933 1323 sinistram,
2953 1269 3009 1313 ut
3024 1257 3257 1323 audiant,
3283 1255 3311 1308 Ι
3316 1264 3361 1310 te
3379 1255 3430 1308 in
3447 1256 3617 1325 ignem

2028 1360 2287 1417 teternum,
2317 1353 2402 1421 qui
2427 1362 2635 1423 paratus
2654 1360 2723 1406 est
2751 1349 2949 1405 diabolo
2972 1362 3019 1405 et
3045 1350 3236 1420 angelis
3263 1348 3372 1418 ejus
3395 1343 3611 1420 (Matth.

2029 1456 2153 1505 xxv,
2183 1439 2291 1511 51).
2338 1442 2640 1496 Maneamus
2671 1458 2796 1513 ergo
2827 1438 2878 1495 in
2911 1441 3083 1495 verbis
3123 1441 3259 1508 ejus,
3294 1455 3359 1493 ue
3388 1435 3611 1491 confun-

2030 1533 2217 1587 damur
2242 1549 2360 1588 cum
2386 1535 2609 1588 venerit.
2642 1534 2758 1604 lpse
2802 1535 2942 1589 enim
2981 1529 3114 1587 dicit
3139 1534 3190 1587 in
3218 1529 3505 1600 Evangelio
3534 1524 3611 1584 eis

2029 1624 2118 1695 qui
2142 1626 2193 1678 in
2222 1641 2341 1678 cum
2367 1623 2701 1680 crediderant
2726 1643 2737 1677 :
2771 1625 2829 1680 Si
2854 1622 3223 1697 permanseritis
3244 1624 3295 1675 in
3315 1622 3459 1675 verbo
3477 1637 3607 1688 meo,

2030 1731 2142 1768 vere
2168 1714 2402 1785 discipuli
2427 1718 2521 1769 ntei
2546 1717 2681 1770 estis.
2714 1702 2781 1768 Et
2809 1715 2958 1785 quasi
2984 1713 3240 1779 dicerent,
3264 1711 3379 1781 Quo
3401 1711 3615 1767 fructu?

2032 1800 2100 1859 Et
2127 1809 2448 1877 cognoscetis,
2477 1806 2666 1878 inquit,
2698 1808 2974 1871 veritatem,
3004 1815 3048 1860 et
3072 1806 3250 1860 veritas
3280 1804 3507 1859 liberavit
3528 1820 3616 1858 vos

2037 1894 2211 1972 (Joan.
2245 1916 2355 1966 vin,
2389 1901 2449 1955 5t
2482 1910 2527 1954 et
2551 1890 2833 1970 59).Modo
2859 1900 3001 1955 enim
3028 1899 3174 1954 salus
3202 1906 3379 1952 nostra
3401 1898 3454 1951 in
3483 1911 3579 1966 spe
3601 1936 3618 1964 ,

2034 1988 2267 2045 nondum
2297 1994 2349 2045 in
2377 2007 2434 2047 re
2463 2009 2476 2045 :
2506 2007 2610 2046 non
2637 1992 2779 2047 enim
2807 2000 3045 2047 tenemus
3072 1990 3181 2060 jam
3213 1986 3353 2059 quod
3383 1986 3615 2057 promis-

2033 2096 2150 2136 sum
2179 2080 2278 2148 est,
2326 2083 2417 2138 sed
2456 2084 2736 2140 venturum
2768 2100 3060 2156 speramus.
3102 2064 3301 2139 Fidelis
3325 2080 3500 2137 autem
3537 2088 3622 2136 est

2032 2173 2123 2241 qui
2165 2174 2441 2241 promisit;
2473 2190 2579 2228 non
2606 2184 2656 2229 te
2680 2173 2815 2228 fallit
2849 2194 2860 2228 :
2892 2183 3096 2229 tantum
3127 2180 3182 2227 tu
3210 2173 3315 2227 noli
3345 2170 3574 2227 deiicere
3598 2211 3618 2237 ,

2033 2267 2129 2343 sed
2170 2278 2414 2336 exspecta
2454 2268 2886 2339 promissionem.
2932 2266 3045 2322 Non
3076 2268 3219 2323 enim
3258 2260 3405 2321 novit
3433 2263 3621 2319 fallere

2035 2346 2247 2415 veritas.
2278 2348 2357 2416 Tu
2404 2360 2510 2414 noli
2554 2376 2675 2415 esse
2711 2359 2957 2424 mendax,
3007 2369 3065 2413 ut
3104 2354 3246 2412 aliud
3280 2356 3577 2427 prelitearis
3599 2394 3618 2421 ,

2034 2454 2173 2508 aliud
2205 2468 2330 2524 agas
2365 2470 2377 2506 :
2412 2463 2465 2507 tu
2496 2468 2652 2508 serva
2682 2452 2861 2517 fidem,
2893 2460 2948 2506 et
2968 2461 3146 2505 servat
3176 2450 3265 2504 ille
3287 2446 3623 2519 pollicitatio~

2034 2561 2177 2599 nem.
2218 2544 2270 2600 Si
2301 2554 2474 2599 autem
2505 2560 2609 2598 non
2636 2553 2691 2599 tu
2717 2543 3011 2621 servaveris
3040 2532 3219 2606 fidem,
3248 2548 3302 2594 tu
3330 2548 3383 2594 te
3409 2535 3622 2593 frauda-

2035 2637 2123 2702 sti,
2156 2651 2260 2690 non
2290 2636 2375 2689 ille
2405 2635 2494 2704 qui
2522 2634 2790 2706 promisit.

2105 2728 2157 2782 3.
2202 2727 2259 2780 Si
2289 2728 2424 2780 scitis
2449 2728 2567 2796 quia
2580 2728 2751 2796 justus
2779 2734 2871 2791 est,
2904 2725 3078 2780 scitote
3101 2722 3218 2795 quia
3242 2723 3404 2778 omnis
3430 2722 3515 2794 qui
3536 2726 3622 2792 fa-

2034 2817 2099 2871 cit
2116 2817 2388 2887 justitiam,
2429 2833 2491 2870 ex
2529 2818 2639 2889 ipso
2678 2826 2749 2872 est
2787 2804 2952 2871 natus.
2996 2815 3207 2893 Justitia
3249 2813 3409 2869 modo
3442 2820 3623 2868 nostra

2034 2924 2100 2963 ex
2131 2907 2251 2961 ﬁde.
2281 2907 2488 2962 Justitia
2531 2900 2763 2977 perfecta
2796 2923 2899 2961 non
2931 2914 3012 2962 est
3052 2906 3153 2960 nisi
3200 2905 3251 2959 in
3284 2902 3534 2974 Angelis;
3568 2910 3623 2958 et

2034 2999 2119 3053 vix
2165 2998 2217 3053 in
2249 3000 2485 3071 Angelis,
2532 2999 2576 3052 si
2619 3000 2726 3053 Deo
2771 2990 3148 3077 comparentur
3194 3004 3412 3050 :tamen
3443 2994 3485 3049 si
3518 3009 3623 3067 qua

2032 3091 2266 3162 perfecta
2286 3091 2487 3161 justitia
2512 3091 2809 3145 animarum
2829 3099 2882 3145 et
2905 3089 3185 3160 spirituum
3216 3098 3297 3169 est
3323 3102 3456 3157 quos
3478 3084 3623 3141 Deus

2034 3184 2251 3247 creavit,
2300 3184 2353 3237 in
2384 3183 2599 3252 Angelis
2640 3190 2723 3237 est
2765 3172 2981 3248 sanctis,
3025 3170 3206 3251 just-is,
3256 3172 3427 3246 bonis,
3477 3181 3625 3236 nullo

2035 3275 2187 3344 lapsu
2216 3275 2436 3339 aversis,
2469 3275 2611 3329 nulla
2644 3274 2889 3343 superbia
2915 3273 3248 3340 cadentibus,
3281 3273 3375 3328 sed
3404 3288 3625 3328 manen-

2036 3366 2177 3421 tibus
2203 3380 2413 3434 semper
2452 3350 2502 3419 in
2545 3366 2993 3441 contemplatione
3038 3364 3201 3419 Verbi
3233 3354 3347 3432 Dei,
3396 3372 3451 3418 et
3495 3363 3627 3419 nihil

2034 3457 2179 3511 aliud
2205 3457 2359 3512 dulce
2384 3458 2720 3524 habentibus,
2745 3458 2849 3535 nisi
2870 3473 2899 3534 ιι
2920 3473 3025 3528 quo
3045 3458 3208 3514 creati
3235 3465 3359 3513 sunt
3382 3473 3398 3523 ;
3420 3456 3475 3512 in
3497 3458 3627 3528 ipsis

2036 3548 2270 3619 perfecta
2296 3549 2599 3618 justitiaest
2628 3568 2639 3604 :
2669 3550 2721 3604 in
2752 3550 2905 3625 nobis
2922 3560 3096 3604 autem
3113 3566 3179 3606 ex
3201 3550 3303 3605 fide
3318 3550 3480 3620 coepit
3507 3565 3627 3607 esse

2034 3640 2325 3694 secundum
2356 3640 2630 3709 Spiritum.
2662 3639 3042 3695 Audistiseum
3062 3640 3305 3697 Psalmus
3331 3642 3617 3711 legeretur,

2036 3730 2253 3799 Incipite
2268 3729 2486 3783 Domino
2502 3732 2554 3785 in
2570 3731 2879 3799 confessione
2894 3730 3063 3804 (Psal.
3084 3747 3259 3796 CXLVI,
3284 3732 3360 3803 7).
3379 3730 3621 3803 Incipite,

2035 3822 2206 3892 inquit
2237 3839 2249 3874 :
2280 3822 2485 3875 initium
2507 3822 2726 3891 iustitiae
2756 3830 2975 3893 nostrae,
3016 3821 3282 3878 confessio
3322 3832 3405 3880 est
3426 3838 3622 3894 pecca-

2037 3920 2228 3966 torum.
2274 3910 2493 3980 Cmpisti
2533 3926 2639 3967 non
2683 3901 2967 3968 defendere
2998 3922 3274 3984 peccatum
3308 3923 3475 3983 tuum,
3503 3914 3617 3984 jam

2035 4003 2292 4058 inchoasti
2314 4004 2573 4073 justitiam
2602 4022 2615 4058 :
2648 4003 2952 4077 perﬁcietur
2991 4014 3170 4061 autem
3193 4006 3247 4061 in
3290 4015 3364 4077 te,
3410 4006 3622 4077 quando
3664 4060 3671 4065 .

2034 4094 2167 4149 nihil
2217 4092 2361 4149 aliud
2402 4093 2580 4151 facere
2620 4095 2939 4160 delectabit,
2984 4096 3196 4168 quando
3253 4097 3624 4155 absorbebitur

1945 4198 1993 4221 είυ
2036 4201 2183 4242 ωοιέ
2208 4188 2261 4241 in
2288 4186 2561 4242 victoriam
2590 4188 2633 4257 (l
2659 4185 2777 4242 Cor.
2806 4204 2896 4255 xv,
2941 4187 3053 4259 54),
3086 4188 3299 4259 quando
3326 4188 3467 4243 nulla
3494 4202 3624 4243 eon-

2036 4278 2361 4349 cupiscentia
2391 4277 2642 4345 titillabit,
2673 4277 2884 4347 quando
2905 4294 3009 4332 non
3035 4277 3139 4332 erit
3164 4278 3304 4332 lucta
3325 4292 3444 4332 cum
3461 4293 3625 4334 carne

2036 4374 2093 4423 et
2128 4367 2402 4437 sanguine,
2429 4367 2642 4438 quando
2667 4368 2769 4422 erit
2804 4382 3001 4423 corona
3024 4366 3285 4437 victoria,
3316 4367 3619 4439 triumphus

2034 4458 2103 4513 de
2129 4459 2379 4524 inimico;
2421 4467 2544 4513 tunc
2580 4459 2682 4513 erit
2714 4457 2948 4533 perfecta
2986 4456 3213 4529 iustitia.
3259 4458 3415 4514 Modo
3450 4458 3624 4515 adhuc

2037 4561 2329 4618 pugnamus
2362 4564 2374 4599 :
2404 4548 2447 4601 si
2477 4562 2790 4616 pugnamus,
2823 4534 2877 4601 in
2904 4547 3075 4602 stadio
3111 4546 3578 4623 sumussferimus
3600 4588 3616 4614 ,

2037 4646 2092 4691 et
2128 4636 2344 4691 ferimur
2385 4653 2400 4692 :
2439 4638 2533 4691 sed
2562 4638 2649 4705 qui
2679 4638 2874 4703 vincat,
2906 4647 3264 4708 exspectatur.
3312 4638 3406 4691 Ille
3440 4647 3621 4709 autem

2036 4729 2219 4793 vincit,
2267 4728 2433 4798 quiet
2459 4726 2599 4797 quod
2626 4726 2769 4797 ferit,
2813 4745 2918 4784 non
2952 4730 3018 4784 de
3048 4730 3247 4784 viribus
3275 4728 3386 4783 suis
3417 4743 3621 4797 praesu-

2038 4819 2153 4883 mit,
2181 4818 2273 4873 sed
2300 4817 2365 4872 de
2388 4817 2657 4872 hortatore
2683 4820 2698 4848 ¹
2725 4819 2856 4873 Deo.
2887 4818 3044 4874 Solus
3069 4818 3311 4874 diabolus
3338 4818 3619 4872 adversum

2037 4925 2136 4964 nos
2163 4918 2378 4979 pugnat.
2408 4908 2517 4963 Nos
2542 4910 2583 4961 si
2628 4924 2748 4963 cum
2781 4904 2889 4965 Deo
2919 4926 3119 4975 sumus,
3153 4909 3420 4964 diabolum
3450 4909 3617 4963 vinci-

2036 5016 2155 5055 mus
2186 5018 2198 5053 :
2225 5015 2347 5055 nam
2367 5000 2483 5055 etsi
2512 5008 2567 5055 tu
2592 5002 2736 5055 solus
2761 5017 2879 5055 cum
2902 5001 3113 5057 diabolo
3139 5002 3475 5071 pugnaveris,
3503 5002 3618 5054 vin-

2036 5092 2195 5147 ceris.
2225 5092 2554 5147 Exercitatus
2582 5092 2753 5147 hostis
2772 5101 2855 5147 est
2884 5110 2897 5145 :
2925 5102 3053 5163 quot
3073 5093 3405 5163 palmarum?
3431 5092 3618 5149 Consi-

2036 5184 2219 5239 derate
2246 5199 2351 5254 quo
2376 5185 2665 5252 dejecerit:
2696 5194 2752 5238 ut
2777 5184 3027 5239 mortales
3058 5198 3415 5249 nasceremur,
3446 5184 3617 5253 primo

2037 5276 2205 5345 ipsam
2247 5275 2504 5346 originem
2544 5284 2777 5329 nostram
2822 5274 2887 5329 de
2934 5274 3175 5345 paradiso
3218 5272 3428 5343 dejecit.
3480 5274 3616 5342 Quid

2038 5383 2164 5437 ergo
2206 5366 2500 5423 faciendum
2532 5376 2635 5433 est,
2678 5366 2798 5436 quia
2823 5366 2936 5436 ipse
2960 5364 3277 5421 exercitatus
3303 5366 3421 5420 est?
3465 5367 3618 5423 Invo-

2038 5465 2190 5513 cetur
2235 5456 2581 5527 Omnipotens
2634 5455 2887 5511 adversus
2934 5456 3277 5512 exercitatum
3326 5446 3614 5512 diabolum.

1978 5574 1983 5575 ν
2039 5548 2250 5603 Habitet
2275 5549 2326 5603 in
2358 5556 2411 5603 te
2435 5549 2524 5619 qui
2571 5562 2679 5602 non
2707 5555 2881 5618 potest
2922 5549 3082 5615 vinci,
3113 5556 3166 5602 et
3189 5564 3410 5604 securus
3436 5551 3615 5605 vinces

2038 5653 2160 5696 eum
2190 5641 2279 5711 qui
2302 5642 2513 5695 vincere
2554 5640 2710 5695 solet.
2743 5640 2847 5695 Sed
2876 5640 3050 5711 quos?
3078 5640 3133 5695 In
3162 5642 3355 5712 quibus
3384 5654 3486 5696 non
3516 5641 3615 5697 ha-

2038 5734 2171 5791 bitat
2212 5735 2369 5789 Deus.
2397 5732 2549 5799 Nam,
2597 5742 2652 5787 ut
2701 5731 2986 5802 noveritis,
3041 5732 3253 5801 fratres,
3300 5733 3616 5807 contempsit

2109 5848 2125 5879 ί
2150 5852 2256 5899 uss.
2282 5853 2474 5910 septem
2491 5877 2509 5911 ο
2530 5850 2811 5912 protectore.
