4028 6488
2081 229 2226 246 Q-ud"

494 312 639 372 Ξοθῖ

495 433 668 489 Adam
712 430 765 486 in
795 429 1042 502 paradiso
1082 430 1286 503 positus
1325 440 1643 501 praeceptum
1673 429 1786 495 Dei,
1819 437 1872 484 ct
1906 429 2075 484 erexit

497 526 780 589 cervicem,
813 525 972 581 veluti
999 526 1050 580 in
1080 532 1342 595 potestate
1370 539 1464 578 sua
1492 538 1612 578 esse
1636 523 1875 591 cupiens,
1902 531 1956 576 et
1977 537 2075 576 no-

496 617 617 671 lens
642 615 796 672 subdi
821 617 1079 670 voluntati
1109 614 1222 681 Dei,
1251 622 1306 668 et
1326 614 1506 682 lapsus
1531 621 1612 669 est
1637 614 1703 668 ab
1729 613 1818 666 illa
1857 612 2080 666 immor-

500 709 724 772 talitate,
758 705 828 763 'ab
850 708 938 762 illa
967 707 1291 763 beatitudine
1322 705 1471 778 (Gen.
1499 723 1576 775 ιιι,
1610 707 1687 776 6).
1714 706 1882 760 Homo
1903 714 2078 760 autem

499 801 716 870 quidam
741 799 849 869 jam
876 798 1211 862 exercitatus,
1243 806 1400 852 natus
1426 795 1686 860 mortalis,
1718 810 1836 850 cum
1871 795 2082 850 sederet
2118 817 2132 820 -

502 894 559 947 in
585 901 822 948 stercore
852 890 1023 960 putris
1048 888 1338 953 vermibus,
1369 887 1632 942 diabolum
1675 886 1802 940 vicit
1834 906 1847 942 :
1875 886 2002 941 vicit
2025 895 2081 941 et

502 986 618 1055 ipse
635 984 826 1049 Adam,
853 991 906 1038 et
934 984 987 1037 in
1006 982 1107 1036 Job
1126 982 1239 1052 ipse
1263 1000 1277 1048 ;
1305 982 1426 1052 quia
1447 980 1514 1036 de
1533 995 1727 1050 genere
1751 979 1936 1050 ipsius,
1959 977 2078 1032 Job.

500 1075 646 1146 Ergo
691 1076 856 1130 Adam
907 1073 1075 1129 victus
1104 1074 1155 1128 in
1199 1072 1462 1142 paradiso,
1492 1071 1619 1125 vicit
1646 1071 1696 1124 in
1727 1079 1980 1124 stercore.
2023 1069 2080 1123 In

499 1167 747 1236 paradiso
790 1180 912 1220 cum
943 1172 1104 1230 esset,
1152 1164 1352 1218 audivit
1378 1162 1774 1232 persuasionem
1804 1159 2042 1214 mulieris
2064 1202 2079 1225 ,

498 1273 659 1328 quam
686 1257 764 1311 illi
793 1256 1085 1311 immiserat
1110 1255 1353 1310 diabolus
1378 1271 1390 1308 :
1417 1255 1469 1309 in
1501 1264 1735 1308 stercore
1761 1260 1937 1308 autem
1962 1267 2082 1306 cum
2108 1273 2148 1295 ι-ιη

495 1358 659 1415 esset,
689 1349 763 1402 ait
792 1349 934 1414 Evae,
966 1346 1227 1416 Tanquam
1248 1365 1350 1401 una
1387 1363 1450 1401 ex
1475 1347 1822 1415 insipientibus
1861 1345 2085 1398 mulieri-

500 1443 594 1497 bus
618 1443 786 1498 locuta
807 1461 858 1499 es
879 1442 1021 1514 (Job.
1051 1442 1240 1514 ",10).
1275 1443 1546 1498 lbiaurem
1577 1442 1858 1510 apposuit;
1883 1441 1968 1496 hic
1993 1456 2085 1496 re-

499 1551 755 1606 sponsum
786 1535 934 1590 dedit
964 1553 977 1589 :
1009 1550 1129 1589 cum
1156 1544 1298 1590 esset
1327 1535 1495 1601 laetus,
1527 1533 1763 1598 audivit;
1793 1549 1914 1588 cum
1943 1542 2087 1589 esset

501 1625 821 1694 flagellatus,
852 1625 998 1694 vicit._
1030 1626 1152 1680 Ideo
1178 1626 1351 1680 videte
1371 1624 1494 1695 quid
1517 1624 1777 1694 sequitur,
1797 1625 2008 1689 fratres,
2034 1626 2086 1680 in

499 1716 740 1787 Episzola
771 1717 869 1770 ista
894 1733 908 1781 ;
937 1717 1056 1785 quia
1102 1715 1202 1771 hoc
1239 1715 1391 1770 nobis
1419 1713 1778 1780 commendat,
1808 1723 1866 1769 ut
1900 1715 2086 1770 diabo-

499 1805 612 1862 lum
643 1807 856 1876 quidem
900 1809 1195 1874 vincamus,
1229 1807 1321 1862 sed
1366 1823 1473 1861 non
1519 1823 1582 1860 ex
1630 1806 1802 1862 nobis.
1854 1807 1916 1861 Si
1954 1808 2090 1863 scitis

499 1899 812 1971 quia-justus
840 1908 931 1966 est,
974 1897 1066 1966 ait,
1098 1901 1272 1954 scitote
1312 1901 1433 1968 quia
1461 1901 1621 1954 omnis
1659 1900 1744 1966 qui
1784 1900 1905 1971 facit
1934 1903 2090 1972 justi-

502 1995 646 2059 tiam,
675 2009 738 2047 ea:
771 1995 882 2062 ipso
908 2003 978 2047 est
1003 2000 1151 2047 natus
1182 2009 1201 2046 :
1228 2008 1294 2046 ex
1320 1993 1451 2055 Deo,
1493 2007 1557 2046 ex
1586 1991 1820 2047 Christo.
1871 1993 1940 2048 Et
1967 1994 2090 2064 quia

502 2083 656 2150 dixit,
682 2082 891 2153 Exipso
917 2093 989 2138 est
1027 2095 1193 2148 natus,
1231 2083 1470 2137 hortatur
1508 2097 1626 2136 nos.
1653 2081 1770 2138 Jam
1798 2097 1927 2153 ergo
1968 2084 2090 2154 quia

502 2175 614 2230 nati
638 2189 704 2229 ex
733 2174 822 2229 illo
848 2190 1052 2241 sumus,
1079 2173 1297 2243 perfecti
1322 2189 1525 2228 sumus.

575 2265 629 2318 4.
669 2265 864 2319 Audite
895 2281 908 2314 :
948 2263 1075 2317 Ecce
1093 2265 1290 2333 qualem
1313 2264 1628 2317 dilectionem
1663 2263 1800 2316 dedit
1825 2264 1966 2318 nobis
1986 2262 2092 2317 Pa-

503 2367 600 2423 ter,
636 2365 689 2410 ut
732 2357 826 2424 lilii
865 2355 962 2408 Dei
1003 2371 1234 2408 vocemur
1267 2363 1314 2408 et
1347 2356 1522 2408 simus.
1557 2353 1689 2408 Nam
1719 2355 1808 2424 qui
1835 2365 2091 2409 vocantur

503 2455 561 2501 et
599 2462 705 2501 non
754 2454 896 2511 sunt,
940 2445 1066 2516 quid
1109 2445 1215 2499 illis
1261 2445 1479 2515 prodest
1526 2460 1718 2499 nomen
1750 2445 1836 2498 ubi
1868 2459 1955 2499 res
1985 2460 2089 2499 non

505 2537 626 2591 est?
675 2538 844 2602 Quam
876 2536 1026 2591 multi
1077 2544 1335 2590 vocantur
1376 2535 1591 2599 medici,
1641 2535 1728 2605 qui
1768 2551 1953 2590 curare
1983 2549 2089 2590 non

504 2629 740 2684 norunt?
769 2643 928 2697 quam
971 2628 1122 2681 multi
1148 2637 1401 2682 vocantur
1428 2628 1633 2697 vigiles,
1679 2627 1767 2695 qui
1798 2636 1903 2681 tota
1936 2637 2092 2683 nocte
2125 2661 2150 2669 ν

503 2717 818 2773 dormiunt?
849 2718 936 2771 Sic
970 2717 1122 2771 multi
1156 2725 1414 2772 vocantur
1441 2717 1735 2778 christiani,
1767 2724 1821 2770 et
1847 2717 1898 2769 in
1929 2717 2092 2773 rebus

505 2823 614 2862 non
639 2809 978 2862 inveniuntur
1000 2825 1014 2872 ;
1039 2808 1159 2877 quia
1183 2808 1282 2862 hoc
1304 2807 1443 2876 quod
1470 2815 1722 2861 vocantur
1743 2821 1850 2860 non
1871 2815 2012 2872 sunt,
2036 2807 2090 2862 id

505 2909 589 2955 est
613 2900 666 2954 in
705 2901 833 2966 vita,
866 2901 918 2954 in
959 2901 1217 2968 moribus,
1257 2900 1312 2954 in
1343 2899 1465 2967 ﬁde,
1507 2900 1560 2954 in
1588 2916 1702 2969 spe,
1732 2900 1784 2953 in
1810 2900 2085 2955 charitate.

503 2991 604 3046 Hic
631 2999 810 3045 autem
847 2991 973 3061 quid
998 2990 1241 3058 audistis,
1269 2989 1504 3045 fratres?
1530 2987 1556 3042 ”‹
1592 2990 1731 3046 Ecce
1767 2991 1976 3061 qualem
2005 2990 2090 3045 di-

501 3082 784 3138 lectionem
824 3083 970 3136 dedit
1007 3083 1162 3138 nobis
1201 3083 1374 3146 Pater,
1409 3092 1465 3135 ut
1505 3082 1594 3136 lilii
1626 3082 1717 3137 Dei
1748 3096 1998 3137 vocemur
2037 3091 2092 3138 et

502 3173 693 3228 simus.
725 3171 950 3241 Pr0pter
980 3171 1082 3228 hoc
1122 3170 1348 3225 mundus
1383 3186 1488 3224 non
1513 3171 1786 3240 cognoscit
1817 3187 1936 3237 nos,
1967 3171 2090 3241 quia

504 3277 613 3317 non
654 3262 899 3334 cognovit
927 3275 1070 3326 eum,
1101 3269 1155 3316 et
1179 3275 1275 3314 nos
1319 3275 1422 3314 non
1463 3260 1736 3328 cognoscit
1775 3259 2022 3315 mundus.
2064 3278 2084 3313 ι

505 3336 675 3406 Totus
713 3351 944 3406 mundus
966 3350 1302 3414 christianus,
1329 3359 1383 3402 et
1411 3357 1553 3402 totus
1589 3349 1817 3402 mundus
1857 3350 2086 3418 impius;

503 3455 604 3510 per
631 3451 799 3496 totum
845 3441 986 3496 enim
1025 3438 1278 3494 mundum
1309 3438 1477 3508 impii,
1527 3446 1582 3492 et
1608 3453 1702 3507 per
1726 3445 1895 3492 totum
1937 3453 2092 3495 mun-

505 3531 631 3585 dum
654 3529 724 3599 pii
754 3547 767 3582 :
793 3530 866 3585 illi
895 3530 1014 3585 illos
1034 3543 1140 3584 non
1163 3536 1509 3599 cognoscunt.
1542 3527 1820 3595 Quomodo
1846 3522 2091 3598 putamus
2119 3560 2128 3562 -

505 3619 627 3689 quia
659 3634 766 3675 non
791 3619 1154 3690 cognoscunt?
1180 3617 1441 3672 lnsultant
1474 3617 1610 3673 bene
1648 3617 1964 3674 viventibus.
1991 3620 2090 3676 At-

505 3711 709 3766 teudite
733 3720 785 3766 et
812 3712 1004 3776 videte,
1046 3711 1167 3780 quia
1193 3709 1327 3765 forte
1354 3719 1477 3765 sunt
1503 3718 1558 3765 et
1586 3711 1726 3765 inter
1749 3725 1866 3766 vos.
1917 3711 2093 3767 Unus-

503 3811 728 3877 quisque
774 3814 1005 3860 vestrum
1054 3804 1144 3874 qui
1185 3803 1296 3874 jam
1339 3803 1424 3873 pie
1467 3803 1614 3867 vivit,
1661 3803 1751 3873 qui
1798 3804 2092 3859 contemnit

504 3897 801 3962 sincularia,
843 3895 932 3966 qui
960 3909 1066 3950 non
1111 3893 1226 3949 vult
1265 3895 1341 3949 ire
1379 3893 1445 3948 ad
1485 3893 1810 3963 spectacula,
1850 3894 1942 3964 qui
1986 3908 2091 3948 non

505 3990 621 4041 vult
652 4002 712 4042 se
745 3987 1012 4043 inebriare
1038 3986 1190 4056 quasi
1216 3986 1549 4053 solemniter,
1576 3993 1649 4052 et,
1680 3984 1821 4056 quod
1847 3993 1930 4040 est
1969 3999 2092 4055 gra-

505 4078 644 4138 vius,
695 4075 980 4131 accedente
1026 4074 1342 4144 patrocinio,
1385 4083 1689 4129 sanctorum
1725 4075 1929 4129 dierum
1977 4075 2091 4132 ﬁeri

508 4165 848 4228 immundus;
888 4166 979 4234 qui
1005 4165 1107 4219 ista
1153 4165 1326 4220 facere
1351 4165 1598 4230 noluerit,
1635 4164 1902 4235 quomodo
1929 4165 1977 4220 ei
2007 4165 2089 4219 in-

507 4258 736 4314 sultatur
766 4258 832 4311 ab
872 4256 955 4311 his
989 4257 1080 4328 qui
1108 4257 1341 4312 faciunt?
1368 4256 1633 4326 Numquid
1676 4256 2018 4311 insultaretur
2042 4258 2092 4312 ei

508 4349 558 4404 si
579 4348 997 4418 agnosceretur?
1019 4348 1193 4416 Quare
1229 4359 1406 4402 autem
1435 4361 1539 4400 non
1569 4347 1912 4415 agnoscitur?
1937 4347 2089 4401 Mun-
2131 4359 2134 4362 ’

509 4439 612 4493 dus
635 4453 757 4494 eum
782 4454 890 4493 non
916 4439 1170 4509 agnoscit.
1200 4437 1330 4506 Quis
1357 4445 1440 4516 est
1469 4436 1743 4492 mundus?
1786 4437 1861 4490 llli
1888 4436 2092 4493 habita-

509 4542 657 4586 tores
698 4530 901 4597 mundi,
950 4529 1216 4601 quomodo
1260 4519 1454 4583 dicitur
1501 4527 1724 4596 domus,
1769 4527 2092 4585 habitatores

509 4623 646 4693 ejus.
676 4621 792 4676 Jam
821 4621 918 4676 ista
951 4636 1094 4690 saepe
1116 4619 1254 4674 dicta
1293 4629 1435 4684 sunt,
1463 4630 1520 4676 et
1557 4635 1660 4675 non
1692 4636 1752 4675 ea
1790 4621 1944 4675 vobis
1970 4637 2088 4676 cum

510 4715 636 4770 odio
664 4714 958 4783 repetimus
986 4715 1025 4766 ί.
1057 4711 1170 4767 Jam
1202 4729 1322 4768 cum
1362 4712 1556 4767 auditis
1587 4713 1842 4768 mundum
1873 4715 1925 4768 in
1955 4715 2089 4770 mala

507 4805 916 4875 signiﬁcatione,
943 4817 1051 4857 non
1080 4803 1382 4873 lntelligatis
1422 4803 1523 4857 nisi
1552 4803 1831 4857 dilectores
1874 4804 2087 4870 mundi;

509 4897 633 4966 quia
657 4907 760 4965 per
782 4893 1118 4949 dilectionem
1146 4894 1462 4959 inhabitant,
1500 4902 1553 4948 et
1578 4908 1677 4963 per
1711 4893 1850 4963 quod
1885 4893 2092 4948 inhabi-

508 4995 646 5053 tant,
670 4999 864 5041 nomen
895 4983 1092 5040 habere
1118 4993 1440 5039 meruerunt.
1477 4984 1701 5054 Propter
1735 4983 1836 5038 hoc
1864 4985 2122 5040 mundus.

509 5091 621 5132 non
640 5073 886 5146 cognovit
915 5079 1032 5141 no's,
1063 5074 1183 5144 quia
1211 5089 1316 5128 non
1339 5075 1585 5143 cognovit
1604 5089 1747 5128 eum.
1779 5075 2090 5131 Ambulabat

509 5177 566 5224 et
589 5168 705 5238 ipse
744 5166 996 5220 Dominus
1021 5164 1176 5218 Jesus
1199 5162 1461 5230 Christus,
1495 5164 1548 5217 in
1586 5179 1745 5218 carne
1773 5173 1888 5218 erat
1928 5165 2087 5232 Deus,

511 5258 718 5315 latebat
737 5257 792 5312 in
810 5255 1134 5310 inﬁrmitate.
1166 5256 1231 5309 Et
1253 5255 1394 5309 unde
1417 5271 1521 5309 non
1547 5265 1628 5309 est
1653 5255 1935 5325 cognitus?
1959 5256 2090 5324 Quia

512 5350 690 5403 omnia
703 5356 920 5421 peccata
947 5346 1200 5415 arguebat
1227 5345 1278 5399 in
1301 5345 1622 5399 hominibus.
1647 5345 1724 5399 Illi
1740 5345 1968 5400 amando
1994 5345 2090 5401 de-

515 5439 825 5496 lectationes
839 5448 1197 5510 peccatorum,
1211 5454 1317 5493 non
1331 5438 1686 5510 agnoscebant
1699 5438 1863 5493 Deum
1882 5456 1894 5492 :
1910 5454 2092 5494 aman-

581 5600 598 5631 ¹
620 5596 778 5661 editi;
796 5603 852 5648 Et
870 5609 964 5647 non
985 5611 1044 5661 ea
1061 5596 1299 5649 vobismm
1319 5597 1458 5661 hodie
1480 5599 1753 5661 repetimus.
1787 5597 1952 5647 Melius
1987 5605 2092 5650 tres

517 5666 648 5721 Uss,
676 5658 802 5711 vobis
823 5673 932 5710 cum
953 5659 1080 5711 odio.
1107 5661 1179 5710 sic
1201 5662 1329 5710 enim
1353 5660 1493 5719 infra,
1516 5658 1669 5710 'lract.
1695 5662 1744 5720 7,
1779 5673 1827 5708 n.
1862 5660 1884 5708 1
1909 5674 1920 5707 :
1958 5667 2092 5711 «Nec

523 5733 552 5770 ι
572 5723 834 5773 timendum
869 5733 962 5778 est.
983 5725 1051 5775 ait
1071 5736 1137 5774 ne
1157 5736 1290 5785 saepe
1318 5722 1522 5774 dicendo
1545 5724 1592 5771 in
1625 5723 1785 5773 odium
1808 5723 2021 5775 veniat.»

1208 308 1276 367 IN
1315 306 1699 366 EPISTOLAM
1734 305 2012 364 JOANNIS
2047 304 2139 362 AD
2175 303 2510 374 PARTHOS,
2549 303 2607 360 s.
2646 302 3009 362 AUGUSTINI
3502 275 3569 343 a’

3614 308 3756 375 3008

2180 428 2250 484 do
2273 428 2414 500 quod
2434 428 2594 484 febris
2619 430 2891 498 suadebat,
2921 431 3165 503 iniuriam
3202 435 3410 492 medico
3455 436 3749 496 faciebant.

2253 521 2304 576 5.
2343 520 2478 587 Quid
2503 536 2629 591 ergo
2652 523 2784 577 nos?
2820 522 2934 578 Jam
2983 525 3089 579 nati
3133 541 3316 582 sumus
3353 543 3420 584 ex
3471 529 3628 601 ipso;
3662 531 3759 586 sed

2182 611 2304 680 quia
2335 612 2389 664 in
2417 625 2512 680 spe
2536 626 2740 679 sumus,
2772 612 3111 680 Dilectissimi,
3144 616 3342 686 inquit,
3371 635 3504 672 nunc
3535 620 3632 688 ﬁlii
3669 620 3763 675 Dei

2183 713 2373 753 sumus.
2405 697 2533 754 Jam
2563 701 2735 754 nunc?
2758 700 2894 767 Quid
2929 711 3011 757 est
3036 719 3162 775 ergo
3189 705 3329 775 quod
3350 717 3724 778 exspectamus
3747 752 3760 777 ,

2185 789 2230 843 si
2256 789 2364 859 jam
2390 788 2481 846 ﬁlii
2510 789 2602 845 Dei
2629 792 2850 847 sumus?
2879 791 2945 846 Et
2971 794 3213 858 nondum,
3245 795 3435 866 inquit,
3463 799 3764 868 mnifesto-

2187 888 2293 932 tum
2321 888 2394 934 est
2424 879 2546 952 quid
2575 882 2780 936 erimus.
2807 882 2943 951 Quid
2971 892 3146 940 autem
3176 886 3374 940 erimus
3397 888 3536 942 aliud
3556 929 3571 953 ,
3603 904 3764 959 quam

2186 970 2282 1026 ﬁlii
2329 972 2456 1027 Dei?
2484 973 2676 1030 Audite
2712 974 2835 1045 quid
2875 977 3150 1045 sequitur:
3177 996 3197 1029 ι
3224 978 3431 1034 Scimus
3476 982 3596 1052 quia
3643 997 3767 1038 cum

2188 1064 2521 1134 apparuerit,
2567 1066 2766 1121 similes
2808 1067 2856 1122 ei
2900 1069 3128 1135 erimus;
3175 1072 3422 1140 quoniam
3466 1072 3768 1129 videbimus

2189 1171 2309 1211 eum
2337 1158 2473 1212 sicut
2498 1166 2598 1212 est.
2624 1177 2642 1212 ι
2668 1157 3187 1231 IntelligatCharitas
3214 1172 3408 1218 vestra.
3430 1165 3620 1236 Magna
3644 1181 3769 1222 res:

2196 1263 2214 1298 ι
2243 1245 2452 1302 Scimus
2497 1249 2618 1318 quia
2644 1250 2782 1318 [cum
2825 1251 3385 1320 apparuerit,similes
3433 1256 3481 1308 ei
3531 1257 3768 1324 erimus;

2191 1337 2440 1406 quoniam
2466 1338 2759 1394 videbimus
2781 1355 2904 1396 eum
2931 1343 3087 1397 sicuti
3112 1353 3210 1398 est.
3237 1364 3257 1396 ›
3287 1343 3402 1399 Jam
3437 1346 3568 1402 illud
3599 1356 3772 1404 atten-

2190 1429 2298 1486 dite
2311 1431 2433 1500 quid
2452 1441 2670 1486 vocatur
2685 1441 2776 1488 est.
2792 1433 2968 1489 Nostis
2995 1435 3122 1506 quid
3147 1445 3381 1492 vocatur.
3400 1437 3491 1492 Est
3517 1440 3661 1509 quod
3675 1456 3772 1495 vo-

2190 1531 2420 1589 catur,et
2435 1539 2538 1577 non
2552 1523 2723 1578 solum
2736 1533 2972 1593 vocatur,
2987 1525 3078 1580 sed
3091 1542 3213 1582 vere
3224 1536 3324 1592 est,
3343 1528 3774 1588 incommutabile

2192 1623 2530 1686 est;semper
2552 1626 2760 1684 manet,
2773 1618 2966 1672 mutari
2997 1620 3342 1686 nescit,nulla
3368 1637 3432 1676 ex
3475 1633 3626 1692 parte
3654 1639 3775 1680 cor-

2191 1706 2478 1775 rumpitur:
2497 1722 2594 1762 nec
2610 1708 2838 1778 proﬁcit,
2853 1711 2974 1780 quia
2993 1710 3279 1780 perfectum
3303 1723 3412 1779 est;
3437 1730 3536 1771 nec
3555 1716 3769 1783 deﬁcit,

2192 1798 2313 1866 quia
2356 1807 2611 1854 mternum
2640 1813 2740 1856 est.
2770 1802 2835 1856 Et
2860 1803 2984 1872 quid
3014 1813 3096 1858 est
3124 1804 3348 1860 hoc?In
3393 1809 3644 1878 principio
3671 1818 3774 1863 erat

2202 1885 2438 1955 Verbum,
2459 1899 2506 1943 et
2529 1889 2739 1944 Verbum
2754 1901 2857 1945 erat
2869 1893 3007 1963 apud
3016 1892 3197 1960 Deum,
3217 1903 3263 1948 et
3275 1895 3411 1949 Deus
3425 1907 3532 1950 erat
3555 1897 3769 1952 Verbum

2198 1977 2372 2050 (Joan.
2401 1997 2448 2047 1,
2481 1979 2559 2052 1).
2581 1981 2648 2036 Et
2689 1983 2814 2052 quid
2842 1994 2923 2038 est
2965 1985 3096 2039 hoc?
3119 1985 3351 2052 Quicum
3392 1989 3445 2041 in
3485 1989 3654 2058 {arma
3681 1989 3776 2046 Dei

2194 2079 2316 2125 esset
2333 2112 2348 2137 ,
2377 2087 2476 2126 non
2501 2075 2732 2142 rapinam
2759 2075 3028 2130 arbitratus
3057 2086 3127 2130 est
3149 2093 3252 2131 esse
3271 2079 3476 2148 wqualis
3492 2078 3603 2134 Deo
3622 2081 3780 2147 (Plii-

2195 2160 2287 2229 lip.
2313 2176 2348 2213 u
2369 2201 2382 2224 ,
2410 2161 2490 2231 6).
2512 2161 2622 2217 Hoc
2644 2163 2801 2218 modo
2821 2162 3088 2220 Christum
3113 2167 3164 2220 in
3192 2166 3365 2222 forma
3394 2169 3509 2236 Dei,
3539 2169 3777 2227 Verbum

2195 2250 2323 2318 Dei,
2357 2251 2580 2308 Unicum
2623 2255 2793 2323 Patri,
2825 2258 3083 2328 mqualem
3110 2259 3252 2313 Patri
3276 2301 3290 2324 ,
3313 2276 3417 2315 non
3445 2273 3670 2332 possunt
3695 2265 3777 2319 vi-

2195 2340 2322 2396 dere
2344 2343 2491 2397 mali.
2519 2343 2821 2400 Secundum
2867 2347 2920 2401 id
2959 2363 3086 2403 vero
3112 2349 3253 2418 quod
3283 2349 3515 2406 Verbum
3538 2369 3666 2408 caro
3695 2354 3777 2408 fa-

2195 2443 2338 2488 ctum
2375 2444 2489 2501 est,
2522 2445 2770 2505 poterunt
2793 2448 2848 2493 et
2874 2431 3034 2514 mali:
3061 2441 3181 2509 quia
3210 2442 3262 2495 in
3287 2441 3375 2498 die
3406 2442 3591 2511 judicii
3620 2443 3778 2502 vide-

2195 2522 2327 2578 bunt
2363 2534 2420 2580 et
2458 2527 2613 2592 mali;
2662 2528 2784 2598 quia
2825 2530 2901 2583 sic
2941 2531 3116 2585 veniet
3138 2532 3468 2600 iudicaturus
3509 2534 3780 2612 quomodo

2194 2625 2412 2671 venerat
2430 2617 2764 2687 iudicandus.
2802 2620 2858 2675 In
2895 2622 3006 2692 ipsa
3041 2622 3208 2677 forma
3247 2622 3442 2692 homo,
3471 2625 3563 2679 sed
3590 2626 3778 2682 Deus:

2195 2723 2316 2761 nam
2340 2709 2651 2764 maledictus
2685 2711 2868 2782 omnisl
2885 2713 2972 2782 qui
2999 2728 3147 2782 spem
3193 2729 3342 2768 suam
3387 2715 3531 2785 ponit
3577 2717 3630 2770 in
3679 2717 3782 2772 ho-

2195 2801 2337 2853 mine
2395 2798 2607 2868 (Jerem.
2646 2817 2788 2868 xvn,
2821 2803 2899 2872 5).
2931 2802 3100 2858 Homo
3146 2805 3292 2860 venit
3332 2815 3391 2859 ut
3430 2807 3779 2876 judicaretur,

2194 2887 2355 2945 homo
2398 2891 2575 2946 veniet
2619 2899 2676 2945 ut
2717 2892 2940 2962 judicet.
2982 2893 3051 2948 Et
3092 2895 3138 2949 si
3184 2910 3290 2950 non
3339 2897 3621 2964 videbitur,
3653 2900 3782 2970 quid

2193 2990 2275 3036 est
2317 2982 2459 3051 quod
2500 2984 2754 3053 scriptum
2783 2994 2895 3050 est,
2932 2984 3182 3040 Videbunt
3217 2987 3271 3040 in
3293 3004 3439 3051 quem
3462 2991 3785 3059 conﬁxerunt

2195 3070 2373 3139 (Joan.
2403 3088 2526 3138 nx,
2563 3074 2694 3146 '57)?
2736 3075 2812 3130 De
2862 3075 3037 3146 impiis
3089 3077 3229 3132 enim
3283 3078 3483 3133 dictum
3527 3091 3611 3136 est
3655 3084 3782 3152 quia

2194 3163 2483 3233 videbunt,
2537 3174 2592 3220 et
2640 3165 3052 3222 confundentur.
3084 3168 3361 3236 Quomodo
3388 3186 3494 3226 non
3529 3172 3783 3230 videbunt

2193 3253 2391 3325 impii,
2441 3257 2653 3326 quando
2699 3257 2832 3312 alios
2883 3267 3048 3328 ponet
3099 3260 3166 3314 ad
3219 3260 3526 3335 dexteram,
3554 3265 3690 3319 alios
3714 3265 3784 3320 ad

2193 3348 2499 3403 sinistram?
2540 3348 2622 3404 Ad
2672 3349 2945 3406 dexteram
2992 3351 3177 3421 positis
3219 3352 3380 3420 dicet,
3416 3351 3610 3420 Venite,
3636 3354 3784 3411 bene-

2195 3439 2318 3494 dicti
2351 3440 2527 3496 Patris
2564 3444 2697 3510 mei,
2740 3443 2979 3514 percipite
3020 3460 3227 3514 regnum
3251 3460 3269 3498 :
3292 3444 3360 3504 ad
3383 3446 3652 3502 sinistram
3685 3464 3786 3518 poo

2193 3530 2310 3586 sitis
2345 3530 2520 3600 dicet,
2567 3531 2647 3586 Ite
2689 3534 2739 3588 in
2789 3535 2956 3606 ignem
2991 3544 3234 3590 teter-num
3271 3535 3478 3606 (Matth.
3521 3555 3647 3606 xxv,
3673 3542 3783 3609 54,

2195 3620 2311 3692 41).
2341 3620 2640 3690 Videbunt,
2666 3623 2761 3679 sed
2798 3625 3022 3680 formam
3061 3627 3199 3682 servi
3229 3644 3242 3679 :
3269 3627 3492 3683 formam
3537 3630 3630 3686 Dei
3673 3648 3787 3689 non

2195 3713 2470 3769 videbunt.
2491 3713 2855 3784 Quare?Quia
2893 3717 3040 3786 impii
3089 3727 3245 3784 sunt;
3284 3728 3338 3774 et
3372 3719 3488 3788 ipse
3525 3721 3787 3778 Dominus

2195 3807 2353 3872 dicit,
2381 3807 2528 3863 Beati
2552 3810 2742 3864 mundo
2767 3810 2936 3877 cora'e,
2958 3812 3196 3878 quoniam
3226 3813 3326 3882 ipsi
3357 3813 3518 3867 Deum
3547 3814 3789 3870 videbunt

2197 3895 2307 3970 (Id.
2341 3913 2392 3965 v,
2425 3897 2506 3969 8,).
2541 3897 2679 3969 Ergo
2719 3899 2884 3954 visuri
2928 3915 3112 3956 sumus
3153 3901 3434 3972 quamdam
3477 3905 3783 3973 visionem,

2196 3986 2408 4054 fratres,
2436 4003 2594 4058 quam
2625 4003 2725 4044 nec
2750 3990 2931 4044 oculus
2954 3990 3102 4057 vidit,
3135 4006 3234 4047 nec
3263 3994 3405 4048 auris
3430 3994 3652 4063 audivit,
3679 4012 3788 4053 nec

2197 4077 2252 4132 in
2280 4092 2374 4133 cor
2397 4077 2628 4133 hominis
2647 4079 2886 4134 ascendit
2904 4079 2951 4150 (1
2971 4079 3087 4135 Cor.
3116 4097 3174 4146 ll,
3195 4081 3250 4153 9)
3276 4097 3291 4134 :
3316 4083 3788 4156 vkionequuam-

2196 4167 2350 4237 dam,
2387 4169 2646 4223 visionem
2691 4171 3081 4245 praecellentem
3124 4187 3314 4229 omnes
3358 4175 3787 4242 pulchritudines

2197 4266 2466 4324 terrenas,
2497 4258 2644 4324 auri,
2671 4261 2909 4330 argenti,
2935 4276 3212 4317 nemorum
3240 4273 3396 4333 atque
3433 4280 3746 4335 camporum
3764 4307 3783 4335 ,

2194 4347 2642 4419 pulchritudinem
2668 4351 2830 4405 maris
2849 4359 2904 4406 et
2917 4352 3074 4414 aeris,
3093 4353 3538 4422 pulchritudinem
3563 4356 3694 4410 solis
3723 4367 3784 4412 et

2196 4440 2356 4506 lunae,
2385 4437 2834 4512 pulchritudinem
2861 4443 3134 4497 stellarum
3153 4485 3170 4512 ,
3193 4445 3640 4514 pulchritudinem
3667 4447 3786 4503 An-

2195 4534 2470 4604 gelorum,
2503 4534 2681 4590 omnia
2723 4546 3093 4606 superantem;
3126 4538 3248 4608 quia
3289 4553 3356 4594 ex
3396 4539 3510 4610 ipsa
3547 4541 3784 4612 pulchra

2196 4635 2320 4681 sunt
2347 4626 2546 4681 omnia.

2267 4717 2320 4771 6.
2361 4717 2496 4786 Quid
2521 4731 2648 4788 ergo
2675 4733 2771 4772 nos
2797 4719 3029 4786 erimus,
3060 4721 3270 4790 quando
3311 4721 3413 4779 hoc
3445 4725 3787 4783 videbimus?

2195 4807 2330 4875 Quid
2358 4807 2508 4862 nobis
2534 4809 2848 4877 promissum
2871 4811 2986 4865 est?
3007 4811 3210 4866 Similes
3229 4814 3275 4866 ei
3295 4814 3517 4880 erimus;
3542 4819 3786 4886 quoniam

2195 4896 2468 4951 videbimus
2491 4913 2604 4951 eum
2632 4898 2777 4952 sicuti
2799 4908 2892 4955 est.
2929 4899 3206 4967 Quomodo
3244 4903 3443 4972 potuit,
3477 4903 3653 4976 lingua
3681 4923 3775 4963 so.

2196 4988 2341 5051 nuit;
2385 4996 2575 5042 caetera
2618 4988 2778 5043 corde
2818 4989 3134 5058 cogitentur.
3171 4990 3307 5059 Quid
3347 4994 3488 5048 enim
3534 4997 3616 5049 vel
3663 4998 3784 5066 ipse

2195 5077 2427 5134 Joannes
2454 5078 2585 5133 dixit
2613 5079 2679 5133 ad
2699 5081 3148 5149 comparationem
3169 5083 3282 5152 ejus
3302 5084 3391 5153 qui
3415 5094 3518 5148 est,
3545 5087 3627 5140 vel
3648 5090 3783 5157 quid

2195 5185 2225 5224 a
2248 5169 2400 5224 nobis
2429 5179 2603 5239 potest
2620 5169 2724 5224 dici
2754 5169 3055 5228 hominibus
3078 5173 3232 5244 longe
3260 5174 3550 5244 imparibus
3570 5179 3786 5236 meritis

2196 5260 2401 5330 ipsius?
2441 5260 2736 5316 Redeamus
2783 5276 2908 5331 ergo
2946 5262 3014 5317 ad
3056 5263 3198 5317 illam
3244 5265 3546 5320 unctionem
3575 5266 3780 5338 ipsius,

2194 5351 2473 5406 redeamus
2517 5351 2583 5406 ad
2621 5351 2763 5404 illam
2804 5352 3103 5408 unctionem
3142 5368 3259 5422 quae
3290 5354 3431 5410 intus
3452 5355 3607 5411 docet
3632 5360 3782 5427 quod

2195 5442 2338 5513 loqui
2367 5458 2473 5497 non
2502 5456 2814 5512 possumus,
2845 5451 2899 5498 et
2921 5444 3041 5512 quia
3067 5444 3227 5500 modo
3255 5445 3435 5501 videre
3469 5463 3574 5503 non
3618 5459 3782 5518 pote-

2194 5532 2307 5594 stis,
2339 5531 2568 5586 ofﬁcium
2591 5542 2826 5586 vestrum
2858 5532 2910 5586 in
2937 5532 3204 5588 desiderio
3223 5535 3314 5589 sit.
3343 5535 3473 5591 Tota
3496 5538 3601 5592 vita
3623 5540 3782 5596 chri-
3827 5533 3844 5552 ⁴

2195 5624 2349 5679 stiani
2377 5624 2522 5690 boni,
2551 5631 2791 5679 sanctum
2818 5622 3140 5680 desiderium
3170 5633 3270 5680 est.
3295 5625 3445 5693 Quod
3470 5637 3651 5684 autem
3680 5631 3788 5688 de-

2193 5714 2418 5784 sideras,
2441 5715 2674 5779 nondum
2701 5715 2849 5772 vides
2866 5729 2879 5747 °
2907 5715 3004 5774 sed
3023 5717 3372 5775 desiderando
3395 5737 3562 5778 caoax
3591 5721 3784 5781 efﬁce.
