4076 6496
286 382 427 441 2009

290 498 383 564 ris,
406 503 468 550 ut
485 506 607 549 cum
628 489 833 547 venerit
849 485 988 559 quod
1008 485 1207 553 videas,
1235 484 1521 556 impleatis.
1542 486 1706 541 Sicuti
1723 485 1863 540 enim

290 592 329 650 si
350 587 483 643 velis
508 586 727 656 implere
746 582 973 652 aliquem
995 580 1189 644 sinum,
1209 588 1263 634 et
1284 578 1417 633 nosti
1437 593 1593 648 quam
1619 592 1865 648 magnum

286 691 367 739 est
399 678 542 751 quod
594 676 821 740 dabitur,
849 672 1093 729 extendis
1118 672 1292 725 sinum
1334 670 1419 724 vel
1445 669 1585 724 sacci
1607 669 1691 724 vel
1734 667 1867 722 utris

283 774 372 830 vel
404 771 631 839 alicuius
658 769 769 823 rei:
792 766 933 822 nosti
958 773 1210 835 quantum
1238 762 1495 816 missurus
1522 774 1610 827 es,
1642 768 1695 814 et
1720 758 1867 817 vides

284 868 413 938 quia
434 872 687 934 angustus
707 868 790 915 est
808 859 989 922 sinus;
1012 853 1341 911 extendendo
1356 851 1486 906 facis
1506 851 1863 919 capaciorem:

290 962 369 1015 sic
400 960 544 1013 Deus
572 951 862 1008 dill‘erendo
887 947 1125 1004 extendit
1149 944 1490 1007 desiderium,
1518 940 1869 997 desiderando

291 1048 797 1107 extenditanimum,
812 1039 1144 1098 extendendo
1162 1037 1284 1092 facit
1305 1049 1569 1104 capacem.
1586 1032 1867 1087 Desidere-

292 1158 412 1198 mus
438 1156 585 1211 ergo,
607 1139 815 1197 fratres,
833 1135 954 1205 quia
975 1132 1226 1202 implendi
1244 1126 1637 1184 sumus.Videte
1649 1125 1867 1180 Paulum

289 1236 664 1292 extendentem
691 1231 864 1285 sinum
886 1269 899 1293 ,
938 1235 996 1281 ut
1023 1227 1189 1296 possit
1211 1237 1400 1292 capere
1427 1220 1565 1291 quod
1591 1228 1867 1273 venturum

291 1339 391 1384 est.
422 1327 507 1381 Ait
540 1325 679 1379 enim
708 1340 721 1375 :
755 1321 875 1375 Non
901 1319 1020 1389 quia
1035 1319 1147 1388 jam
1173 1314 1481 1385 acceperim,
1510 1323 1596 1366 aut
1612 1314 1725 1382 jam
1757 1328 1869 1382 per-

292 1420 454 1487 fectus
475 1417 569 1470 sim
597 1431 615 1469 :
642 1418 843 1484 fratres,
874 1427 964 1481 ego
993 1425 1070 1462 me
1095 1424 1196 1461 non
1222 1406 1438 1459 arbitror
1458 1402 1865 1473 apprehendisse.

290 1507 427 1576 Quid
458 1521 585 1575 ergo
610 1505 723 1574 agis
750 1505 799 1557 in
828 1503 924 1556 hac
948 1500 1074 1561 vita,
1104 1499 1149 1553 si
1179 1497 1410 1552 nondum
1440 1494 1869 1566 apprehendisti?

296 1597 469 1651 Unum
490 1604 683 1658 autem,
715 1608 828 1663 qua:
847 1602 981 1646 retro
1011 1590 1221 1655 oblitus,
1262 1589 1315 1641 in
1354 1604 1411 1641 ea
1450 1602 1562 1658 qua:
1603 1596 1720 1639 ante
1756 1594 1871 1638 sunt

291 1697 553 1755 extentus,
577 1685 852 1739 secundum
886 1683 1208 1735 intentionem
1235 1695 1413 1748 sequor
1447 1678 1514 1729 ad
1543 1677 1761 1747 palmam
1786 1694 1873 1731 su-

293 1788 466 1842 perna:
506 1768 778 1824 vocationis
816 1766 1072 1837 (Philipp.
1106 1780 1195 1829 ιιι,
1232 1765 1330 1827 15,
1366 1760 1476 1832 Μ).
1504 1762 1784 1815 Extentum
1814 1776 1873 1815 se

293 1857 448 1921 dixit,
470 1864 525 1909 et
539 1852 827 1907 secundum
855 1848 1199 1903 intentionem
1216 1846 1364 1915 sequi
1381 1860 1439 1899 se
1454 1844 1603 1898 dixit.
1618 1844 1871 1897 Minorem

294 1965 351 2004 se
372 1946 639 2002 sentiebat
660 1944 727 1997 ad
751 1940 1063 2010 capiendum
1091 1937 1231 2008 quod
1252 1938 1437 1991 oculus
1454 1951 1557 1990 non
1580 1935 1742 2000 vidit,
1776 1949 1873 1989 nec

292 2039 439 2093 auris
449 2035 669 2100 audivit,
689 2050 784 2088 nec
806 2035 856 2086 in
874 2047 965 2086 cor
978 2030 1205 2084 hominis
1234 2027 1490 2081 ascendit.
1520 2024 1644 2079 Haec
1664 2033 1746 2077 est
1768 2023 1873 2077 vita

292 2137 498 2193 nostra,
515 2124 934 2182 utdesiderando
961 2133 1321 2176 exerceamur.
1336 2117 1558 2171 Tantum
1579 2125 1756 2169 autem
1772 2128 1869 2169 nos

293 2232 511 2278 exercet
531 2228 673 2274 sanet
684 2234 769 2272 um
782 2215 1125 2279 desiderium,
1140 2221 1392 2281 quantum
1404 2209 1665 2263 desideria
1695 2215 1875 2260 nostra

294 2310 746 2382 amputaverimus
763 2308 829 2361 ab
856 2321 1035 2360 amore
1054 2304 1252 2358 szeculi.
1269 2302 1382 2356 Jam
1396 2299 1878 2367 diximusaliquan-

296 2403 390 2467 do,
428 2401 653 2456 Exinani
675 2398 814 2469 quod
843 2394 1162 2466 implendum
1199 2401 1280 2448 est
1307 2394 1346 2445 ⁸.
1390 2391 1537 2445 Βοιιο
1580 2387 1878 2459 implendus

297 2509 395 2558 es,
432 2492 595 2547 funde
622 2492 838 2545 malum.
870 2489 997 2542 Puta
1049 2486 1167 2555 quia
1212 2484 1367 2538 melle
1411 2492 1463 2536 te
1504 2482 1615 2536 vult
1658 2480 1878 2549 implere

294 2586 439 2655 Deus
458 2601 477 2639 :
502 2586 548 2637 si
576 2592 727 2636 aceto
746 2581 930 2648 plenus
955 2592 1034 2640 es,
1060 2576 1149 2630 ubi
1173 2575 1273 2629 mel
1303 2573 1499 2642 pones?
1530 2569 1876 2625 andendum

1434 369 1844 429 TRACTATUS
1880 370 1970 428 IV.
2009 370 2234 429 CAPUT
2272 373 2338 430 ll.

3114 293 3143 300 Γ

2426 387 2579 405 ν--οι

1972 486 2139 542 Nemo
2181 488 2354 557 dicat,
2403 491 2559 547 Aliud
2603 500 2685 548 est
2726 501 3034 563 peccatum,
3072 497 3215 554 aliud
3251 500 3539 572 iniquitas:

1973 593 2130 633 nemo
2158 580 2329 647 dicat,
2361 582 2472 653 Ego
2502 593 2749 653 peccator
2795 586 2952 641 homo
2996 602 3145 655 sum,
3190 590 3286 645 sed
3330 593 3542 664 iniquus

1974 685 2078 725 non
2104 687 2240 727 sum.
2268 674 2442 729 Omnis
2475 677 2615 730 enim
2640 678 2725 745 qui
2752 680 2876 748 facit
2902 690 3187 748 peccatum,
3216 691 3265 740 α
3304 684 3546 753 ἰηὶᾳυὶια·

1975 772 2071 816 tem
2097 765 2236 833 facit.
2266 763 2534 820 Peccatum
2556 778 2628 824 est
2653 769 2904 840 iniquitas.
2929 772 3064 839 Quid
3086 788 3212 844 ergo
3235 773 3458 831 facimus
3476 776 3544 832 de

1900 872 1925 881 -
1973 854 2202 923 peccatis
2230 856 2423 909 nostris
2449 867 2503 911 et
2528 858 2920 928 iniquitatibus?
2945 861 3080 916 Audi
3110 863 3234 933 quid
3265 863 3404 919 dicat
3433 882 3447 918 :
3476 865 3542 921 Et

1974 943 2109 997 scitis
2141 944 2259 1014 quia
2294 944 2381 997 ille
2420 948 2765 1017 manifestatus
2788 960 2886 1015 est,
2920 960 2975 1004 ut
3009 961 3265 1020 peccatum
3306 957 3544 1025 auferat;

1974 1044 2020 1088 et
2064 1045 2319 1105 peccatum
2364 1037 2416 1090 in
2458 1038 2569 1107 ipso
2610 1056 2709 1093 non
2736 1050 2825 1094 est.
2869 1040 2926 1095 In
2966 1058 3071 1113 quo
3097 1060 3202 1099 non
3236 1053 3319 1099 est
3359 1060 3547 1114 peccet-

1975 1132 2106 1190 tum,
2138 1126 2250 1195 ipse
2287 1129 2431 1181 venit
2478 1129 2684 1184 auferre
2732 1142 3023 1200 peccatum.
3050 1134 3184 1189 Nam
3226 1136 3271 1190 si
3312 1145 3454 1192 esset
3490 1146 3546 1191 et

1974 1217 2029 1272 in
2057 1217 2148 1272 illo
2175 1227 2447 1287 peccatum
2467 1261 2481 1287 ,
2513 1221 2857 1277 auferendum
2886 1233 3028 1280 esset
3056 1226 3150 1294 illi,
3182 1242 3289 1280 non
3310 1227 3423 1296 ipse
3449 1243 3546 1283 au-

1930 1326 1937 1329 ‘
1973 1307 2155 1363 ferret.
2198 1308 2372 1363 Omnis
2405 1312 2491 1380 qui
2513 1312 2565 1365 in
2593 1313 2704 1383 ipso
2728 1322 2921 1381 manet,
2952 1332 3053 1369 non
3079 1326 3266 1384 peccat.
3293 1316 3351 1371 ιιι
3373 1332 3544 1387 quanv

1975 1410 2084 1457 tum
2114 1403 2167 1456 in
2189 1404 2305 1473 ipso
2330 1413 2534 1470 manet,
2562 1406 2615 1458 in
2642 1414 2843 1461 tantum
2874 1423 2980 1462 non
3007 1416 3211 1477 peccat.
3245 1408 3419 1463 Omnis
3457 1411 3545 1479 qui

1976 1502 2176 1565 peccat,
2208 1510 2307 1547 non
2347 1495 2467 1548 vidit
2497 1511 2637 1562 eum,
2679 1512 2834 1565 neque
2883 1499 3107 1567 cognouit
3156 1514 3287 1553 eum.
3359 1499 3544 1570 Magna

1974 1586 2072 1641 ista
2105 1586 2359 1655 qumstio:
2386 1585 2560 1641 Omnis
2606 1588 2691 1657 qui
2720 1597 2917 1658 peccat,
2936 1605 3034 1643 non
3076 1590 3197 1643 vidit
3226 1607 3360 1656 eum,
3385 1609 3542 1662 neque

1982 1676 2211 1746 cognovit
2254 1692 2386 1728 eum.
2440 1675 2555 1730 Non
2597 1685 2677 1731 est
2719 1677 2936 1733 mirum.
2966 1678 3080 1734 Non
3123 1694 3242 1733 eum
3284 1680 3547 1745 vidimus,

1976 1765 2069 1820 sed
2099 1766 2262 1820 visuri
2311 1781 2525 1833 sumus;
2568 1782 2673 1821 non
2709 1782 2830 1821 eum
2878 1768 3219 1838 cognovimus
3247 1810 3263 1834 ,
3319 1770 3410 1825 sed
3461 1786 3552 1826 co-

1977 1860 2169 1929 gnituri
2196 1875 2413 1913 sumus:
2446 1860 2710 1915 credimus
2751 1861 2805 1914 in
2851 1876 2971 1916 eum
3000 1877 3158 1932 quem
3202 1876 3306 1915 non
3352 1876 3553 1931 cogno-

1977 1951 2166 2003 vimus.
2199 1950 2279 2003 An
2315 1952 2447 2004 forte
2489 1966 2555 2006 ex
2600 1951 2703 2006 ﬁde
2729 1953 3090 2023 cognovimus,
3108 1960 3163 2007 et
3204 1952 3379 2022 specie
3418 1967 3555 2007 non-

1978 2038 2103 2093 dum
2132 2040 2502 2109 cognovimus?
2526 2040 2630 2096 Sed
2661 2041 2713 2095 in
2744 2041 2846 2095 ﬁde
2872 2051 2925 2096 et
2954 2041 3183 2095 vidimus
3220 2050 3276 2095 et
3302 2040 3555 2111 cognovi-

1980 2147 2116 2185 mus.
2145 2131 2199 2186 Si
2227 2133 2365 2185 enim
2394 2132 2624 2187 nondum
2656 2132 2799 2186 videt
2824 2131 2973 2197 ﬁdes,
3001 2148 3163 2201 quare
3192 2132 3416 2187 dicimur
3436 2132 3556 2186 illu-

1980 2225 2198 2280 minati?
2249 2226 2343 2279 Est
2380 2220 2693 2280 illuminatio
2740 2240 2833 2294 per
2876 2224 3067 2289 ﬁdem,
3112 2234 3193 2279 est
3236 2224 3554 2279 illuminatio

1982 2333 2076 2388 per
2095 2318 2343 2387 speciem.
2367 2316 2521 2372 Modo
2544 2331 2662 2370 cum
2692 2317 3102 2385 peregrinamur,
3133 2331 3228 2384 per
3253 2315 3409 2369 ﬁdem
3432 2330 3551 2368 am-

1980 2410 2224 2465 bulamus
2248 2452 2263 2475 ,
2292 2424 2399 2463 non
2426 2425 2519 2477 per
2547 2408 2775 2477 speciem
2803 2406 2870 2479 (ll
2897 2406 3015 2462 Cor.
3047 2421 3101 2472 v,
3128 2404 3205 2476 7).
3238 2405 3379 2475 Ergo
3402 2404 3561 2473 ctju-

1984 2502 2124 2557 stitia
2154 2508 2333 2555 nostra
2376 2515 2471 2568 per
2506 2498 2663 2552 ﬁdem
2705 2507 2814 2565 est,
2859 2513 2965 2551 non
3012 2511 3109 2568 per
3152 2495 3404 2566 speciem.
3444 2494 3563 2549 Erit

1984 2594 2213 2666 perfecta
2240 2601 2420 2647 nostra
2444 2591 2645 2662 justitia
2666 2632 2680 2657 ,
2704 2604 2823 2643 cum
2862 2589 3156 2644 videbimus
3181 2603 3275 2657 per
3300 2586 3534 2656 speciem
3558 2621 3563 2630 -

296 2683 381 2731 θεῖ
418 2672 562 2743 (ἰυοά
605 2672 846 2741 Porum“
884 2684 976 2723 '35
1001 2683 1013 2718 ⁵
1039 2664 1395 2720 mundandu'"
1423 2672 1505 2717 est
1534 2662 1703 2731 ipsum
1750 2676 1874 2750 “‘5;
1900 2686 1949 2725 ’³³
1985 2662 2139 2738 illodo
2166 2699 2268 2737 non
2298 2682 2655 2750 relinquamus
2681 2695 2801 2734 eam
2821 2678 3074 2748 justitiam
3096 2692 3213 2747 qua:
3234 2686 3313 2731 est
3337 2692 3403 2730 ex
3429 2674 3552 2740 ﬁde,

301 2763 665 2819 mandandum
689 2770 791 2825 est,
820 2758 919 2814 etsi
946 2773 1067 2812 cum
1101 2755 1304 2817 labore,
1329 2768 1448 2807 cum
1476 2752 1679 2815 tritura,
1707 2758 1764 2802 ut
1790 2749 1882 2802 ﬁat

136 2900 141 2909 ν
186 2874 227 2911 ης
299 2867 480 2926 aptum
505 2853 713 2909 cuidam
746 2852 842 2906 rei.
874 2850 1268 2925 bl‘aledicamus,
1300 2861 1481 2898 aurum
1506 2843 1773 2904 dicamus,
1805 2841 1883 2894 vi-

299 2962 425 3001 num
448 2945 713 3007 dicamus;
737 2939 987 3011 quidquid
1009 2939 1229 2993 dicimus
1256 2935 1397 3006 quod
1414 2935 1519 2988 dici
1547 2949 1649 2987 non
1680 2941 1874 3001 potest,

302 3034 559 3106 quidquid
590 3034 829 3087 volumus
856 3030 1031 3085 dicere
1051 3070 1065 3093 ,
1098 3029 1236 3082 Deus
1263 3036 1499 3081 vocatur.
1536 3025 1603 3079 Et
1629 3024 1770 3094 quod
1797 3023 1880 3076 di-

301 3126 473 3184 cimus
501 3126 674 3191 Deus,
697 3122 822 3193 quid
843 3119 1109 3175 diximus?
1136 3120 1262 3173 Duae
1282 3118 1396 3172 ista:
1416 3117 1631 3191 syllaba:
1652 3124 1773 3169 sunt
1800 3122 1882 3167 ιδ·-
1910 3158 1933 3177 ,η

302 3226 415 3272 ιιιω
440 3216 579 3286 quod
595 3211 982 3283 exspectamus?
993 3209 1255 3279 Quidquid
1265 3222 1393 3278 ergo
1409 3207 1588 3261 dicere
1604 3206 1883 3268 valuimus.

302 3307 440 3362 infra
466 3314 549 3360 est
574 3322 589 3357 :
613 3303 961 3358 extendamus
992 3314 1089 3354 nos
1128 3301 1179 3353 in
1219 3314 1339 3353 eum
1361 3339 1375 3364 ,
1408 3306 1467 3351 ut
1493 3311 1613 3351 cum
1656 3296 1882 3361 venerit,

301 3397 541 3466 impleat.
574 3394 779 3449 Similes
816 3392 958 3446 enim
997 3391 1041 3443 ei
1079 3390 1294 3455 erimus;
1334 3389 1569 3460 quoniam
1616 3387 1888 3440 videbimus

301 3504 421 3543 eum
440 3488 589 3542 sicuti
613 3496 709 3541 est.

375 3579 433 3633 7.
473 3577 540 3633 Et
567 3578 729 3632 omnis
765 3576 850 3647 qui
885 3575 1030 3629 habet
1067 3589 1205 3643 spem
1254 3573 1383 3626 hanc
1422 3572 1475 3625 in
1518 3572 1645 3639 ipso.
1688 3571 1890 3630 Videtis

303 3676 429 3744 quia
476 3672 530 3725 in
573 3686 668 3740 spe
699 3684 796 3724 nos
825 3669 1016 3738 posuit.
1050 3666 1251 3720 Videtis
1275 3664 1713 3735 quemadmodum
1757 3679 1888 3718 eon-

303 3766 449 3837 gruit
475 3763 744 3833 apostolus
775 3761 967 3815 Paulus
992 3758 1299 3828 coapostolo
1323 3771 1442 3823 suo,
1478 3758 1581 3826 Spe
1604 3757 1731 3809 salvi
1766 3754 1889 3827 facti

305 3872 500 3911 sumus.
531 3854 659 3923 Spes
701 3861 868 3905 autem
911 3865 1023 3921 qua:
1061 3848 1272 3910 videtur,
1320 3863 1419 3899 non
1467 3854 1537 3899 est
1580 3862 1727 3916 spes:
1753 3848 1890 3917 quod

304 3951 441 4005 enim
469 3948 601 4001 videt
636 3946 775 4016 quis,
811 3943 931 4013 quid
967 3941 1173 4013 sperat?
1204 3940 1264 3994 Si
1292 3940 1423 3993 enim
1451 3938 1583 4008 quod
1620 3956 1719 3992 non
1752 3940 1890 3992 vide-

304 4057 420 4094 mus
443 4054 723 4108 speramus,
753 4052 839 4105 per
864 4034 1156 4104 patientiam
1184 4040 1526 4099 exspectamus
1561 4030 1744 4101 (Rom.
1771 4047 1915 4097 vniM
1933 4076 1949 4099 ί,

304 4132 398 4196 24,
420 4131 538 4201 25).
569 4128 686 4198 Ipsa
714 4126 966 4195 patientia
1007 4132 1218 4177 exercet
1252 4120 1591 4175 desiderium.
1620 4120 1769 4174 Mane
1800 4128 1854 4174 tu
1874 4164 1888 4187 ,

313 4206 441 4278 nam
470 4228 652 4276 manet
681 4219 771 4272 ille
796 4235 808 4270 :
831 4227 887 4271 et
912 4229 1189 4285 persevera
1222 4214 1273 4267 in
1300 4212 1645 4278 ambulando,
1680 4220 1735 4266 ut
1774 4228 1895 4281 per-

307 4315 522 4375 venias;
554 4310 673 4379 quia
721 4324 827 4378 quo
869 4305 1080 4371 tendis,
1129 4319 1235 4357 non
1277 4303 1540 4371 migrabit.
1583 4302 1895 4357 VidetezEt

309 4404 474 4456 omnis
490 4402 577 4470 qui
605 4401 747 4453 habet
762 4414 902 4469 spem
920 4398 1049 4450 hanc
1072 4398 1122 4448 in
1144 4396 1273 4464 ipso,
1290 4395 1532 4462 castiﬁcat
1552 4396 1892 4463 semetipsum,

307 4495 435 4549 sicut
477 4503 524 4546 ct
575 4494 683 4564 ipse
721 4500 887 4545 castus
932 4497 1022 4542 est.
1070 4486 1255 4539 Videte
1295 4484 1737 4555 quemadmodum
1789 4502 1892 4540 non
1936 4522 1937 4525 η

307 4583 528 4639 abstulit
567 4582 791 4636 liberum
839 4579 1144 4643 arbitrium,
1176 4584 1233 4630 ut
1274 4575 1509 4642 diceret,
1542 4577 1785 4645 casti/ictu
1813 4593 1895 4630 se-

306 4680 599 4746 metipsum.
630 4675 760 4742 Quis
791 4688 889 4727 nos
928 4670 1183 4725 castiﬁcat
1211 4668 1310 4722 nisi
1344 4668 1520 4721 Deus?
1548 4667 1651 4721 Sed
1682 4668 1817 4720 Deus
1846 4675 1896 4721 te

305 4771 577 4825 nolentem
608 4782 713 4821 non
737 4764 1013 4820 castiﬁcat.
1044 4762 1183 4831 Ergo
1238 4759 1377 4830 quod
1429 4758 1673 4829 adjungis
1703 4759 1891 4812 volun-

308 4871 471 4917 tatem
525 4868 668 4913 tuam
720 4860 850 4921 Deo,
898 4854 1158 4910 castiﬁcas
1207 4854 1453 4921 teipsum.
1495 4852 1765 4907 Castilicas
1803 4862 1892 4917 te,

308 4970 415 5009 non
469 4952 538 5008 de
577 4962 656 5017 te,
684 4951 777 5005 sed
820 4951 888 5004 de
934 4950 1024 5002 illo
1063 4948 1150 5017 qui
1203 4946 1347 4999 venit
1399 4953 1459 4997 ut
1514 4946 1772 4999 inhabitet
1823 4954 1945 4999 te.

308 5048 511 5103 Tamen
551 5046 670 5115 quia
702 5045 812 5114 agis
859 5043 928 5097 ibi
974 5040 1168 5110 aliquid
1212 5040 1506 5103 voluntate,
1537 5037 1657 5091 ideo
1702 5046 1756 5091 et
1802 5037 1896 5091 tibi

308 5140 505 5209 aliquid
534 5138 783 5192 tributum
812 5144 910 5189 est.
938 5134 1059 5188 ldeo
1084 5141 1259 5187 autem
1291 5133 1379 5186 tibi
1413 5131 1666 5184 tributum
1707 5138 1816 5191 est,
1842 5138 1899 5182 nt

309 5231 456 5286 dicas
484 5230 625 5283 sicut
654 5230 704 5282 in
730 5228 941 5282 Psalmo
962 5268 975 5291 ,
1010 5226 1227 5294 Adjutor
1267 5240 1405 5277 meus
1445 5232 1569 5286 esto,
1594 5238 1653 5274 ne
1678 5222 1896 5274 derelin-

309 5338 434 5373 auas
462 5336 544 5373 me
574 5318 741 5390 (Psal.
764 5332 887 5370 xxvr
906 5358 919 5381 ,
949 5315 1024 5384 9).
1068 5315 1123 5369 Si
1151 5314 1304 5375 dicis.
1334 5314 1553 5383 Adjutor
1596 5328 1734 5365 meus
1773 5320 1894 5378 esto,

310 5409 509 5478 aliquid
541 5410 653 5478 agis
676 5425 689 5460 :
712 5423 831 5460 nam
860 5407 901 5459 si
930 5406 1057 5459 nihil
1085 5407 1215 5473 agis,
1245 5403 1510 5474 quomodo
1537 5404 1623 5457 ille
1652 5403 1898 5471 adjuvat?
1930 5438 1933 5441 ‹

383 5502 435 5555 8.
483 5500 660 5554 Omnis
704 5500 789 5567 qui
833 5499 955 5567 facit
1001 5508 1294 5567 peccatum,
1327 5506 1371 5549 et
1406 5496 1715 5564 iniquitatem
1755 5495 1895 5564 facit.

378 5611 492 5659 isic
522 5609 810 5671 legendum,
852 5607 1228 5670 suifragantibus
1268 5616 1365 5656 Am.
1387 5606 1495 5655 Bad.
1536 5614 1589 5656 et
1626 5614 1897 5671 oeto_Mss.,

316 5673 405 5720 nisi
429 5668 638 5744 quodin
663 5672 884 5744 omnibus
907 5668 1148 5744 codicibus
1177 5670 1394 5744 deterior
1427 5676 1503 5738 est
1534 5680 1723 5744 voqum.
1743 5668 1897 5744 intler-

318 5726 529 5845 ἔξιὲἓίἐὲ
548 5732 680 5856 (Jam
716 5731 930 5782 diximus
965 5729 1224 5796 aliquando
1539 5727 1665 5797 quod
1704 5726 1902 5791 impleu-

1984 2776 2231 2845 quoniam
2261 2775 2435 2844 justus
2464 2789 2527 2826 ea:
2555 2771 2654 2840 fide
2680 2772 2796 2825 vivit
2827 2770 3007 2841 (Rom.
3054 2786 3101 2836 ι,
3149 2768 3260 2837 17),
3307 2767 3443 2822 sicut
3483 2767 3560 2821 ait

1986 2867 2291 2937 Apostolus.
2327 2864 2501 2918 Omnis
2526 2864 2611 2934 qui
2635 2871 2799 2915 manet
2825 2862 2875 2913 in
2900 2862 3042 2931 ipso,
3073 2871 3175 2913 non
3211 2866 3396 2927 peccat.
3425 2855 3559 2931 Nam

1986 2959 2145 3012 omnis
2186 2958 2269 3027 qui
2313 2952 2512 3027 peccat,
2547 2970 2646 3006 non
2671 2953 2793 3005 vidit
2821 2968 2948 3016 eum,
2981 2967 3135 3021 neque
3161 2949 3386 3020 cognovit
3422 2963 3558 3001 eum.

1987 3052 2101 3108 Non
2130 3050 2299 3106 credit
2327 3050 2425 3104 iste
2454 3049 2542 3117 qui
2566 3056 2784 3116 peccat:
2818 3044 2864 3099 si
2892 3053 3064 3099 autem
3090 3041 3277 3109 credit,
3308 3048 3560 3111 quantum

1988 3144 2055 3198 ad
2083 3143 2239 3197 ﬁdem
2262 3143 2375 3211 ejus
2400 3141 2643 3211 pertinet,
2676 3155 2780 3194 non
2809 3146 3009 3208 peccat.

2062 3236 2114 3291 9.
2164 3233 2375 3299 Filioli,
2421 3249 2565 3288 nemo
2594 3248 2680 3285 vos
2717 3230 2941 3285 seducet.
2994 3228 3093 3292 Qui
3131 3226 3250 3297 facit
3279 3224 3561 3295 justitiam,

1984 3328 2157 3398 justus
2179 3334 2269 3389 est,
2301 3326 2424 3377 sicut
2442 3333 2489 3378 et
2508 3324 2595 3377 ille
2614 3324 2786 3392 justus
2808 3329 2897 3374 est.
2945 3316 3209 3386 Numquid
3234 3315 3443 3386 quando
3473 3329 3567 3368 au-

1996 3418 2224 3473 divimus
2266 3416 2386 3485 quia
2421 3415 2547 3483 justi
2578 3427 2794 3476 sumus,
2835 3412 2961 3464 sicut
2989 3419 3035 3463 et
3061 3409 3148 3463 ille
3170 3448 3184 3471 ,
3214 3407 3443 3477 arquales
3468 3420 3568 3460 nos

1992 3508 2248 3565 debemus
2275 3516 2456 3575 putare
2484 3505 2622 3558 Deo?
2667 3502 2879 3557 Debetis
2908 3514 3065 3555 nosse
3101 3497 3226 3568 quid
3250 3507 3359 3561 est,
3402 3496 3570 3550 sicut:

1946 3622 1953 3623 ί
1990 3596 2298 3667 jamdudum
2352 3595 2492 3649 enim
2542 3594 2699 3657 dixit,
2746 3590 3005 3658 Casti/icat
3050 3588 3395 3656 semetipsum,
3441 3587 3568 3638 sicut

1994 3690 2102 3758 ipse
2126 3696 2291 3740 castus
2321 3695 2409 3739 est.
2465 3684 2579 3738 Jam
2618 3697 2744 3751 ergo
2789 3696 2884 3748 par
2911 3686 2964 3733 et
2989 3678 3203 3746 aequalis
3233 3684 3314 3729 est
3353 3675 3567 3729 castitas

1996 3787 2177 3832 nostra
2216 3774 2441 3830 castitati
2476 3772 2601 3837 Dei,
2650 3778 2703 3825 et
2728 3769 2928 3838 justitia
2958 3774 3134 3821 nostra
3173 3764 3387 3834 justitia:
3438 3761 3565 3815 Dei?

1996 3868 2124 3935 Quis
2152 3867 2253 3921 hoc
2279 3866 2451 3921 dicat?
2476 3863 2580 3919 Sed
2597 3904 2610 3925 ,
2640 3863 2801 3926 sicut,
2834 3876 2939 3913 non
2966 3872 3177 3927 semper
3201 3854 3267 3909 ad
3292 3853 3566 3922 aequalita-

1998 3967 2102 4013 tem
2125 3957 2227 4011 dici
2270 3957 2424 4010 solet.
2472 3951 2748 4021 Quomodo
2772 3992 2787 4015 ,
2815 3950 2963 4005 verbi
2988 3948 3152 4019 gratia
3174 3988 3188 4011 ,
3214 3947 3324 4000 visa
3353 3944 3567 3999 basilica

1997 4053 2097 4108 ista
2122 4050 2317 4119 ampla,
2348 4049 2391 4102 si
2408 4047 2534 4101 velit
2562 4046 2733 4099 facere
2756 4043 2947 4112 aliquis
2970 4041 3250 4103 minorem,
3279 4037 3371 4093 sed
3394 4048 3567 4091 tamen

1996 4140 2337 4213 proportione
2362 4137 2427 4189 ad
2458 4149 2735 4190 mensuras
2760 4132 2895 4201 ejus,
2922 4129 3142 4185 utverbi
3168 4128 3355 4197 gratia,
3386 4126 3431 4180 si
3462 4126 3569 4181 lata

1997 4242 2082 4289 est
2111 4233 2209 4287 ista
2237 4230 2480 4299 simplum
2503 4267 2519 4293 ,
2564 4235 2619 4280 et
2644 4226 2799 4294 longa
2826 4222 3045 4292 duplum
3068 4237 3083 4284 ;
3117 4219 3273 4274 faciat
3301 4226 3355 4273 et
3378 4218 3463 4271 ille
3490 4217 3574 4270 la-

2000 4332 2104 4377 tam
2136 4320 2404 4388 simplum,
2436 4326 2491 4371 et
2515 4316 2723 4385 longam
2753 4312 2967 4381 duplum
3000 4326 3012 4362 :
3043 4308 3251 4363 videtur
3284 4308 3359 4361 sic
3385 4306 3573 4362 fecisse

1998 4414 2133 4469 sicut
2158 4422 2240 4467 est
2271 4412 2389 4465 ista.
2435 4408 2538 4463 Sed
2570 4407 2669 4460 ista
2697 4404 2894 4468 habet,
2922 4401 3068 4457 verbi
3106 4400 3272 4470 gratia
3297 4440 3312 4463 ,
3359 4408 3571 4452 centum

1998 4504 2203 4557 cubitos
2223 4543 2236 4566 ,
2265 4501 2352 4553 illa
2374 4498 2585 4567 triginta
2616 4513 2630 4550 :
2662 4501 2716 4548 et
2741 4494 2818 4547 sic
2845 4500 2959 4559 est,
3006 4500 3056 4545 et
3084 4491 3252 4559 impar
3279 4496 3378 4542 est.
3412 4487 3571 4540 Vide-

2001 4593 2068 4646 tis
2094 4592 2217 4660 quia
2246 4605 2349 4643 non
2380 4603 2591 4657 semper
2614 4627 2629 4651 ,
2655 4585 2815 4650 sicut,
2844 4582 2910 4637 ad
2942 4581 3253 4651 parilitatem
3283 4587 3337 4632 et
3359 4576 3572 4646 aequali-

2002 4694 2160 4737 tatem
2190 4683 2432 4736 refertur.
2465 4678 2624 4733 Verbi
2648 4677 2835 4746 gratia,
2861 4675 3035 4729 videte
3063 4682 3311 4742 quantum
3340 4670 3408 4724 sit
3437 4671 3574 4724 inter

2000 4773 2187 4827 faciem
2219 4770 2480 4832 hominis,
2530 4777 2583 4822 et
2624 4766 2902 4836 imaginem
2946 4765 3012 4819 de
3047 4762 3261 4836 speculo
3290 4778 3303 4814 :
3332 4760 3490 4814 facies
3520 4760 3573 4814 in

2000 4865 2255 4934 imagine,
2289 4861 2449 4915 facies
2470 4860 2521 4913 in
2548 4874 2802 4928 corpore;
2831 4858 3005 4924 imago
3032 4855 3082 4908 in
3112 4853 3421 4917 imitatione,
3451 4866 3572 4905 cor-

2001 4973 2099 5028 pus
2128 4958 2179 5009 in
2206 4952 2445 5008 veritate.
2478 4952 2546 5005 Et
2568 4950 2689 5020 quid
2711 4949 2970 5004 dicimus?
3000 4946 3128 5000 Nam
3152 4946 3286 4999 sicut
3310 4944 3394 4998 hic
3413 4944 3570 5011 oculi,

2002 5051 2073 5104 ita
2098 5058 2154 5104 et
2180 5048 2251 5101 ibi
2276 5064 2291 5099 :
2321 5047 2459 5100 sicut
2479 5045 2563 5098 hic
2584 5059 2760 5109 aures,
2789 5042 2855 5094 ita
2887 5050 2937 5094 et
2964 5039 3031 5094 ibi
3052 5053 3208 5092 aures
3228 5045 3369 5092 sunt.
3391 5037 3576 5105 Dispar

2003 5150 2086 5196 est
2110 5157 2229 5201 res;
2274 5138 2366 5193 sed
2389 5180 2403 5204 ,
2449 5138 2611 5203 sicut,
2647 5136 2711 5189 ad
2750 5132 3144 5188 similitudinem
3168 5128 3376 5183 dicitur.
3406 5128 3578 5183 liabe-

2006 5248 2123 5287 mus
2149 5245 2275 5300 ergo
2300 5238 2353 5285 et
2377 5245 2475 5283 nos
2501 5223 2780 5298 imagihem
2813 5224 2937 5288 Dei;
2988 5223 3081 5278 sed
3107 5238 3210 5276 non
3247 5222 3389 5276 illam
3419 5236 3576 5291 quam

2007 5327 2164 5381 liabet
2193 5323 2356 5378 Filius
2381 5322 2596 5392 aequalis
2626 5318 2767 5374 Patri
2807 5334 2822 5383 ;
2850 5327 3023 5371 tamen
3041 5324 3095 5370 et
3122 5330 3221 5369 nos
3242 5329 3338 5383 pro
3362 5313 3577 5367 modulo

2005 5426 2188 5471 nostro
2208 5415 2253 5468 si
2276 5429 2380 5469 non
2408 5416 2545 5467 sicut
2574 5413 2660 5466 ille
2679 5425 2914 5463 essemus
2934 5450 2949 5475 ,
2981 5424 3044 5462 ex
3080 5406 3223 5461 nulla
3256 5414 3402 5476 parte
3431 5405 3576 5458 simi-

2008 5507 2083 5561 les
2105 5508 2419 5561 diceremur.
2454 5505 2590 5571 Ergo
2612 5501 2869 5557 castiﬁcat
2898 5515 2994 5554 nos
3024 5498 3157 5553 sicut
3186 5506 3240 5551 et
3265 5496 3378 5566 ipse
3398 5506 3576 5550 castus

2006 5607 2121 5661 est;
2169 5597 2259 5650 sed
2302 5597 2389 5650 ille
2414 5604 2590 5650 castus
2618 5592 2910 5646 :cternitate
2933 5632 2948 5654 ,
2985 5605 3080 5643 nos
3119 5589 3250 5642 casti
3280 5586 3384 5641 ﬁde
3415 5605 3426 5638 :
3453 5587 3576 5655 justi

2008 5703 2190 5743 sumus
2221 5687 2357 5741 sicut
2389 5693 2441 5741 et
2482 5686 2594 5754 ipse
2629 5683 2800 5752 justus
2839 5692 2952 5747 est;
2998 5679 3090 5734 sed
3121 5679 3233 5748 ipse
3277 5679 3327 5732 in
3358 5677 3469 5746 ipsa
3498 5676 3581 5730 in-

1964 5786 1969 5793 “
2012 5779 2374 5836 commutabili
2406 5776 2769 5849 perpetuitate,
2797 5789 2895 5830 nos
2914 5773 3038 5844 justi
3064 5770 3328 5827 credendo
3350 5772 3400 5824 in
3422 5785 3578 5840 quem
