4076 6470
574 342 719 438 son

1343 376 1412 456 Ιῌ
1448 367 1825 431 EPISTOLAM
1862 363 2138 428 JUANNIS
2173 324 2263 425 AD
2302 324 2634 437 PARIBUS;
2672 373 2731 429 S.
2771 374 3139 434 AUGUSTINI

3677 377 3826 437 2012

582 498 690 551 non
731 480 1009 558 Videmus;
1047 497 1104 546 ut
1140 489 1419 561 aliquando
1456 483 1745 542 videamus.
1792 487 2000 540 Etcum
2031 484 2153 550 per-
2249 484 2476 554 quaestio
2505 483 2585 538 est
2607 493 2660 539 e’t
2682 491 2900 558 angusta
2926 504 2939 552 ;
2967 493 3021 542 et
3043 487 3106 540 ad
3135 488 3271 542 hanc
3301 487 3611 544 solvendam
3641 489 3822 546 inten-

583 587 718 643 feeta
743 585 900 640 fuerit
923 584 1124 654 justitia
1150 591 1349 647 nostra,
1380 595 1500 637 cum
1527 582 1648 634 lacti
1678 582 1908 650 aequales
1935 580 2148 648 Angelis

581 677 870 740 fuerimus;
901 687 999 728 nec
1025 682 1150 728 tunc
1178 673 1252 727 illi
1272 672 1579 741 aequabitur.
1607 672 1814 738 Quanto
1839 683 1964 741 ergo
1990 669 2149 724 modo

579 769 648 824 ‘ub
677 768 766 822 illo
787 767 938 836 longe
964 772 1062 827 est,
1089 764 1297 833 quando
1320 777 1421 819 nec
1448 770 1571 817 tunc
1597 776 1692 832 par
1713 763 1846 817 erit?

2253 583 2358 630 tam
2389 578 2600 631 fecerim
2637 575 2956 634 Charitat-em
2983 587 3231 634 vesnum.
3274 574 3331 636 In
3361 584 3590 654 nomine;
3611 583 3825 642 Dunini

2253 675 2369 724 eras
2398 670 2535 740 quod
2564 671 2686 726 inde
2713 672 2916 726 dederit
2934 713 2950 738 ,
2973 672 3317 728 disseremus.

2777 761 3184 819 TRACTATUS
3225 763 3287 817 ν.

651 858 738 912 10.
770 857 869 922 Qui
900 859 1020 929 facit
1046 863 1301 926 peccatum
1319 896 1333 920 ,
1374 856 1436 908 de
1455 846 1652 909 diabolo
1680 865 1751 910 est
1771 871 1791 920 ;
1815 856 1932 926 quia
1961 855 2022 909 ub
2048 867 2148 908 rm-
2181 879 2211 887 —
2250 845 2317 904 tu
2335 849 2391 903 id
2407 851 2542 920 quod
2563 853 2804 922 sequitur,
2834 851 3016 908 Ornnis
3039 856 3126 924 qui
3153 863 3307 910 natus
3333 863 3418 910 est
3447 871 3513 912 ex
3538 857 3649 912 Deo
3670 898 3684 924 ,
3714 874 3826 914 non

581 950 652 1004 tio
680 949 908 1003 diubotus
933 957 1119 1019 peccat.
1152 947 1231 1002 De
1257 948 1454 1002 diabolo
1482 957 1575 1013 est,
1611 949 1778 1002 nostis
1805 948 1929 1018 quid
1959 947 2100 1002 dicat
2127 967 2140 1002 :

569 1041 836 1097 imitando
877 1040 1161 1096 diabolum.
1214 1039 1346 1094 Nam
1395 1040 1660 1094 neminem
1707 1038 1831 1094 fecit
1875 1039 2139 1106 diabolus,

581 1133 843 1186 neminem
879 1120 1089 1200 genuit,
1137 1132 1400 1186 nemiuem
1438 1132 1636 1186 creavit
1665 1149 1678 1184 :
1708 1131 1798 1185 sed
1827 1132 2143 1201 quicumque

571 1220 734 1276 lfuerit
763 1222 995 1274 imit-atus
1017 1221 1310 1287 diabolum,
1333 1222 1482 1291 quasi
1507 1221 1573 1276 de
1602 1222 1691 1275 illo
1717 1228 1888 1286 natus,
1919 1222 1974 1277 iit
2001 1222 2143 1278 illius

574 1313 772 1368 diaboli
807 1313 1096 1378 imitando;
1148 1325 1251 1367 non
1295 1315 1507 1383 proprie
1535 1313 1818 1368 nascendo.
1868 1311 2190 1381 Quomodo"

578 1415 637 1457 es
683 1394 821 1456 libus
837 1403 1094 1459 Abrahae?
1123 1405 1649 1473 numquidAbrslia‘m
1676 1410 1729 1458 te
1755 1407 1974 1474 genuit?
2003 1407 2144 1476 Quo-

573 1493 732 1550 modo
759 1496 927 1561 Iudae,
952 1497 1043 1552 [iiii
1065 1497 1291 1552 ‘Abi’aha:
1309 1499 1698 1554 nominitamus
1717 1500 1871 1555 ﬁdem
1893 1499 2135 1568 Abrahzu,

571 1587 694 1643 facti
721 1599 841 1644 sunt
885 1583 977 1646 lilii
1017 1591 1213 1647 diaboli
1243 1612 1257 1647 :
1289 1592 1357 1648 de
1380 1605 1540 1648 came
1563 1593 1827 1648 Abraham
1866 1595 1973 1648 nati
1999 1599 2137 1663 sunt,

571 1685 624 1737 et
655 1681 811 1737 iidem
852 1682 1079 1760 Abrahze
1106 1697 1212 1738 non
1265 1684 1387 1739 sbht
1429 1684 1641 1740 hhitati.
1669 1685 1723 1740 Si
1753 1693 1878 1755 ergo
1901 1687 1988 1755 qui
2017 1686 2140 1741 inde

570 1775 678 1826 nati
707 1781 864 1841 sunt,
912 1773 1236 1831 exheredem
1273 1784 1430 1844 sunt,
1473 1777 1594 1846 quia
1625 1791 1728 1830 non
1755 1777 1876 1830 sunt
1922 1777 2136 1844 imitati;

571 1873 627 1919 tu
653 1867 741 1935 qui
771 1881 873 1921 non
899 1867 964 1922 de
993 1867 1084 1922 illo
1111 1871 1261 1922 battis
1284 1873 1362 1934 es,
1390 1867 1613 1923 el'ilceris
1639 1868 1777 1922 liliiis
1800 1908 1815 1933 ,
1845 1871 1897 1924 et
1929 1869 2004 1923 sic
2035 1871 2140 1926 eris

572 1954 715 2010 illius
741 1956 1011 2011 imitando.
1062 1957 1129 2012 Et
1156 1958 1200 2011 si
1229 1955 1492 2011 diabolum
1525 1956 1687 2012 fueris
1707 1957 1971 2023 imitatus,
2019 1959 2139 2029 quia

565 2044 658 2100 ille
683 2048 939 2116 snperbu's
968 2048 1168 2103 exstitit
1209 2057 1263 2103 et
1300 2047 1490 2120 impius
1518 2047 1772 2102 adversus
1803 2048 1966 2104 Deum
1990 2091 2004 2117 ,
2035 2051 2138 2106 eris

565 2135 706 2190 illius
753 2137 986 2206 diaboli,
1034 2137 1325 2206 imitando;
1367 2154 1471 2194 non
1520 2139 1640 2210 quia
1680 2140 1878 2195 creavit
1915 2135 2002 2208 te,
2049 2152 2140 2198 aut

565 2229 741 2297 genuit
771 2233 840 2283 te.

635 2318 721 2372 ll.
752 2307 815 2372 in
838 2319 930 2374 hoc
958 2318 1301 2391 mdriil‘estutus
1325 2330 1395 2376 est
1416 2319 1582 2375 Fitius
1606 2320 1718 2375 Dei.
1763 2321 1859 2376 Eia
1881 2365 1896 2390 ,
1927 2323 2134 2394 fratres,

569 2419 757 2465 omnes
799 2411 1100 2480 peceatores
1134 2415 1197 2467 ei
1219 2411 1431 2468 diabolo
1458 2414 1565 2467 nati
1602 2421 1724 2469 sunt
1747 2456 1762 2480 ,
1809 2416 1860 2468 in
1883 2423 2136 2485 QuantUm

561 2501 885 2569 peccatores.
917 2501 1082 2556 Adam
1109 2517 1135 2556 a
1161 2503 1267 2558 Deo
1298 2501 1466 2558 iactus
1495 2503 1577 2558 est
1608 2521 1621 2556 :
1645 2505 1738 2558 sed
1765 2505 1976 2574 quando
2005 2511 2135 2562 con-

559 2594 725 2647 sensit
751 2591 992 2660 diaboib,
1027 2599 1092 2650 ex
1128 2588 1338 2650 diabolo
1364 2601 1516 2648 natus
1546 2603 1664 2660 θείς
1705 2605 1758 2650 et
1796 2599 1926 2651 tales
1952 2612 2135 2654 omnes

561 2683 744 2751 genuit
771 2682 940 2751 Qualis
974 2682 1107 2738 erat.
1152 2681 1282 2738 Cum
1314 2685 1426 2753 ipsa
1454 2685 1876 2752 concupiscentia
1903 2683 2011 2741 nati
2046 2691 2135 2743 su-
2159 2726 2180 2734 -

557 2785 708 2837 mus;
759 2779 812 2827 et
839 2777 1117 2842 antequam
1150 2787 1246 2829 nos
1292 2773 1466 2830 debita
1505 2784 1684 2830 nostra
1728 2776 2018 2844 addamus,
2066 2781 2135 2834 de

556 2863 644 2918 illa
672 2863 1008 2919 damnatione
1030 2867 1310 2920 nascimur.
1361 2866 1490 2921 Nam
1521 2869 1565 2921 si
1595 2882 1714 2921 cum
1740 2869 1883 2922 nullo
1913 2882 2131 2939 peccato

551 2954 858 3019 nascimur,
903 2952 1028 3025 quid
1065 2965 1145 3011 est
1191 2957 1328 3028 quod
1367 2972 1489 3011 cum
1535 2956 1821 3012 infantibus
1845 2959 1910 3012 ad
1951 2959 2132 3030 Bapti-

555 3045 727 3098 Smum
767 3045 1032 3111 curritur,
1084 3045 1140 3100 tit
1166 3047 1472 3101 solvantur?
1514 3047 1626 3116 Ego
1651 3047 1782 3102 duas
1829 3049 2133 3104 nativitates

555 3135 812 3190 attendite
836 3177 851 3202 ,
902 3135 1089 3190 fratres
1111 3178 1124 3201 ,
1172 3137 1340 3191 Adam
1377 3147 1431 3191 et
1467 3136 1740 3191 Christum
1771 3138 1788 3169 ¹
1815 3155 1827 3189 :
1858 3138 1964 3193 duo
2008 3150 2193 3195 sunt»

554 3222 838 3291 homines;
868 3225 960 3279 Sed
991 3230 1123 3279 unus
1154 3227 1386 3296 ipsorum
1413 3227 1574 3281 homo
1601 3227 1761 3282 homo
1782 3267 1796 3294 ,
1825 3229 1957 3282 alter
1987 3229 2128 3298 ipso-

561 3321 672 3370 rum
705 3318 865 3372 homo
891 3318 1046 3372 Deus.
1075 3315 1179 3373 Per
1205 3318 1472 3373 hominem
1504 3319 1793 3384 hominem,
1827 3329 2131 3389 peccatores

552 3415 737 3460 sumus
770 3425 784 3460 :
815 3419 910 3477 per
935 3407 1200 3462 hominem
1233 3410 1419 3476 Deum,
1460 3411 1830 3479 justifreamur.
1876 3411 2131 3468 Nativitas

554 3495 646 3551 illa
675 3490 868 3567 deiecit
893 3498 957 3551 ad
984 3507 1237 3563 mortem;
1270 3499 1368 3554 ista
1394 3501 1638 3553 nativitas
1657 3501 1826 3555 erexit
1848 3502 1913 3555 ad
1930 3502 2126 3557 vitam:

553 3586 798 3639 nativitas
846 3586 932 3640 illa
983 3587 1142 3640 trahit
1179 3602 1358 3642 secum
1400 3597 1711 3657 peccatum;
1760 3591 2004 3645 nativitas
2028 3591 2162 3646 ista

548 3672 784 3730 liberata
811 3685 1044 3747 peccato.
1087 3677 1212 3734 ideo
1247 3681 1388 3734 enim
1417 3681 1562 3735 venit
1586 3680 1828 3736 Christus
1849 3681 2040 3750 homo,
2070 3692 2128 3738 ut

549 3765 779 3821 solveret
801 3773 1016 3835 peccata
1037 3768 1330 3824 hominum.
1357 3769 1423 3824 In
1451 3771 1546 3826 hoc
1567 3773 1916 3842 manifestatus
1942 3784 2012 3828 est
2033 3773 2129 3828 Fi-

548 3857 647 3911 tius
678 3857 790 3924 Dei,
819 3870 872 3913 ut
900 3860 1056 3914 soluat
1077 3871 1227 3931 opera
1251 3864 1456 3920 diaboti.

618 3950 704 4006 l2.
737 3952 936 4008 Caetera
960 3955 1274 4009 commendo
1292 3956 1551 4010 Charitati
1576 3963 1788 4022 Vestrae,
1814 3969 1881 4011 ne
1900 3967 2126 4026 vos‘gra-

547 4053 687 4096 vein.
712 4042 826 4113 ipsa
857 4047 998 4100 enim
1026 4048 1247 4115 quiestio
1273 4056 1373 4114 est,
1422 4049 1474 4102 in
1499 4063 1600 4118 qua
1631 4049 1880 4103 solvenda
1912 4049 2121 4102 laboru-
2147 4077 2151 4082 -

547 4133 687 4200 inus,
709 4135 828 4203 quia
861 4143 1166 4204 peccaturos
1187 4151 1286 4191 nos
1304 4137 1526 4193 dicimus
1556 4156 1572 4192 :
1599 4139 1643 4192 si
1671 4139 1813 4192 enim
1839 4139 1957 4207 quis
1975 4139 2125 4192 dixe-

546 4224 618 4277 rit
657 4237 714 4278 se
756 4237 873 4280 esse
901 4227 1014 4282 sine
1058 4235 1305 4296 peccato,
1351 4228 1577 4283 mendax
1606 4236 1707 4282 est.
1758 4229 1826 4282 Et
1856 4229 1906 4282 in
1947 4229 2116 4298 ipsius

548 4315 785 4387 Epistula
813 4317 1030 4375 Joannis
1055 4323 1374 4387 invenimus,
1405 4323 1466 4376 Si
1493 4321 1764 4376 dixerimus
1783 4323 1900 4392 quia
1930 4339 2116 4394 pecea-

556 4415 661 4463 tum
678 4419 775 4464 non
793 4411 1048 4478 habemus,
1072 4417 1162 4465 nes
1180 4415 1316 4481 ipsos
1329 4413 1630 4467 seducimus.
1657 4413 1957 4468 Meminisse
1977 4413 2119 4466 enim

548 4499 750 4555 debetis
801 4503 1032 4570 priorum
1077 4519 1090 4555 :
1135 4501 1195 4557 Si
1240 4502 1514 4556 dixerimus
1553 4504 1673 4573 quia
1721 4512 1974 4573 peccatum
2018 4518 2118 4557 non
2153 4535 2168 4538 ~

544 4590 800 4656 habemus,
826 4601 917 4645 nos
941 4593 1076 4662 ipsos
1097 4593 1394 4655 seducimus,
1423 4602 1468 4646 et
1489 4594 1666 4647 veritas
1689 4594 1741 4646 in
1759 4595 1902 4646 nobis
1926 4608 2024 4646 non
2049 4603 2120 4646 est

545 4678 587 4753 (l
607 4681 762 4735 Joan.
797 4698 834 4747 ι,
859 4682 937 4752 8).
971 4681 1039 4735 Et
1067 4687 1251 4738 rursus
1277 4684 1328 4737 in
1355 4684 1797 4753 consequentibus
1821 4684 1992 4750 audis,
2019 4683 2120 4752 Qui

542 4783 694 4827 natus
722 4783 789 4826 est
815 4780 876 4826 ex
906 4771 1008 4826 Deo
1026 4813 1040 4838 ,
1074 4787 1172 4826 non
1204 4784 1372 4844 peccat
1398 4790 1416 4828 :
1440 4775 1537 4840 Qui
1560 4776 1680 4846 facit
1705 4783 1957 4845 peccatum
1976 4814 1990 4838 ,
2018 4789 2119 4826 non

543 4865 664 4918 uidit
694 4880 803 4918 eum
827 4905 842 4927 ,
885 4879 1041 4934 neque
1069 4866 1295 4934 cognovit
1335 4879 1445 4918 eum
1470 4881 1488 4918 :
1517 4865 1695 4920 Omnis
1729 4866 1812 4935 qui
1845 4867 1964 4936 facit
2000 4875 2116 4934 pec-

542 4963 710 5010 catum
729 4996 744 5022 ,
777 4955 838 5008 de
863 4953 1062 5009 diabolo
1084 4963 1174 5010 est.
1207 4955 1286 5010 Ex
1319 4957 1425 5010 Deo
1450 4969 1556 5010 non
1581 4964 1660 5010 est
1683 4964 1978 5026 peccatum.
2013 4957 2117 5010 lte-

519 5052 664 5101 ‘ru’m
709 5051 875 5100 terret
922 5057 1040 5100 nos.
1091 5043 1366 5112 Quomodo
1412 5047 1520 5100 nati
1564 5061 1745 5101 sumus
1769 5063 1834 5101 ex
1879 5047 2023 5111 Deo,
2065 5053 2120 5100 et

541 5135 812 5205 quomodo
839 5141 936 5190 nos
966 5134 1190 5190 fatemur
1217 5137 1558 5207 peccatores?
1586 5137 1668 5190 An
1693 5134 1883 5190 dicturi
1912 5151 2115 5200 sumus,

541 5203 663 5298 quia
690 5227 759 5284 de
795 5229 902 5282 Deo
948 5229 1054 5283 nati
1098 5203 1468 5284 non's‘umus?
1492 5229 1562 5282 Et
1615 5229 1739 5298 quid
1787 5229 1981 5282 faciunt
2020 5229 2114 5283 ista

540 5318 884 5374 Sacramenta
927 5319 980 5373 in
1022 5318 1347 5375 infantibus?
1387 5318 1521 5388 Quid
1552 5320 1683 5373 dixit
1707 5318 1972 5374 Joannes?
2017 5317 2117 5385 Qui

542 5420 694 5463 natus
736 5420 807 5464 est
849 5415 911 5463 ea:
937 5408 1047 5464 Deo
1071 5452 1084 5476 ,
1128 5427 1228 5466 non
1273 5420 1462 5483 peccat.
1511 5409 1627 5481 ipse
1665 5410 1892 5465 Joannes
1927 5409 2116 5464 iterum

545 5499 697 5564 dixit,
727 5498 786 5554 Si
803 5499 1075 5555 dixerimus
1097 5503 1216 5572 quia
1232 5513 1486 5571 peccatum
1499 5517 1598 5555 non
1618 5501 1872 5565 habemus,
1901 5507 2116 5554 uosmet-

543 5591 682 5663 ipsos
710 5588 1025 5660 “ducimus,
1066 5601 1112 5648 et
1151 5595 1330 5650 ueritas
1369 5596 1424 5649 in
1467 5593 1606 5650 nobis
1645 5607 1747 5648 non
1786 5602 1875 5647 est.
1931 5591 2113 5661 Magna

608 5725 626 5787 ἓ
665 5729 798 5785 Wa
823 5720 975 5787 Atia!"
1008 5729 1054 5774 et
1082 5723 1274 5780 ctu-isti.
1314 5733 1370 5780 At
1405 5736 1502 5779 sm.
1540 5726 1647 5779 Bad.
1681 5732 1734 5779 et
1768 5731 1876 5777 uss.
1902 5723 2114 5787 habent,

545 5781 700 5834 Adam
736 5781 792 5836 et
809 5781 1066 5836 Christum.

2323 941 2447 997 facit
2472 949 2775 1013 peccatum;
2815 959 2974 1014 usque
2995 945 3062 998 ad
3086 946 3139 999 id
3158 988 3174 1012 ,
3201 947 3317 1001 Non
3342 948 3627 1018 diligamus
3653 951 3826 1004 verbo

2321 1029 2524 1090 tantum
2559 1045 2613 1090 et
2651 1036 2826 1108 lingua
2848 1075 2865 1104 ,
2909 1036 3002 1092 sed
3028 1043 3190 1108 op'ere
3213 1046 3268 1093 et
3292 1039 3534 1094 veritate.
3580 1039 3707 1112 Cap.
3737 1057 3823 1108 ni,

2332 1125 2606 1195 7.9-13.

2253 1196 2298 1218 ’³
2318 1219 2368 1273 1.
2400 1217 2601 1272 intente
2632 1219 2845 1285 audite,
2893 1217 3116 1274 obsecro
3141 1233 3272 1285 vos,
3309 1219 3434 1289 quia
3459 1235 3546 1274 res
3571 1235 3679 1274 non
3709 1221 3823 1275 mi-

2246 1312 2389 1366 nima
2417 1320 2657 1366 versatur
2682 1313 2731 1366 in
2753 1313 2931 1368 medio
2961 1331 2975 1366 :
3003 1322 3058 1368 et
3084 1327 3191 1367 non
3217 1313 3400 1368 dubito
3417 1315 3541 1383 quia
3561 1314 3826 1370 hesterno

2244 1403 2331 1458 die
2364 1401 2604 1457 adfuistis
2641 1405 2840 1458 intente
2864 1445 2878 1469 ,
2908 1404 3048 1472 quod
3073 1414 3125 1459 et
3155 1405 3312 1460 hodie
3345 1405 3598 1460 intentius
3625 1420 3828 1460 conve-

2244 1496 2419 1551 nistis.
2477 1496 2568 1550 ES!
2597 1497 2736 1550 enim
2767 1503 2872 1550 non
2903 1509 3060 1566 parva
3085 1499 3307 1568 quaestio
3330 1539 3343 1562 ,
3386 1499 3653 1568 quomodo
3679 1498 3825 1552 dicat

2240 1586 2297 1640 in
2339 1588 2435 1642 ista
2477 1587 2714 1656 Epistula
2741 1629 2754 1653 ,
2790 1588 2889 1654 Qui
2914 1599 3061 1643 natus
3098 1599 3170 1643 est
3207 1605 3269 1644 ea:
3299 1589 3402 1644 Deo
3427 1630 3443 1655 ,
3474 1606 3572 1643 non
3601 1600 3826 1658 peccat:

2242 1686 2296 1732 et
2341 1679 2607 1748 quomodo
2657 1681 2708 1734 in
2747 1681 2931 1735 eadem
2975 1681 3206 1750 Epistola
3251 1683 3494 1750 superius
3540 1681 3712 1745 dixit,
3761 1681 3830 1735 Si

2173 1803 2198 1812 η.
2243 1768 2515 1824 dia-erimus
2543 1772 2660 1840 quia
2689 1771 2944 1840 peccatum
2965 1779 3064 1825 non
3093 1771 3348 1836 habemus,
3387 1783 3478 1826 nos
3501 1773 3638 1840 ipsos
3663 1773 3827 1825 sedu-

2244 1858 2401 1913 cimus
2424 1901 2438 1925 ,
2468 1870 2514 1914 et
2546 1862 2724 1914 veritas
2753 1859 2805 1915 in
2831 1860 2970 1915 nobis
2996 1875 3095 1915 non
3118 1871 3190 1915 est
3216 1863 3234 1924 ί
3257 1861 3274 1916 l
3300 1860 3454 1916 Joa‘h.
3482 1879 3521 1930 ι,
3550 1861 3629 1934 8).
3679 1862 3822 1929 Quid

2242 1945 2473 2002 facturos
2504 1960 2585 2004 est
2625 1953 2781 2020 quem
2819 1945 3039 2021 uterque
3068 1961 3241 2007 sermo
3265 1969 3329 2007 ea
3368 1951 3551 2008 eadem
3581 1953 3822 2023 Epistula

2241 2037 2294 2094 ih
2325 2040 2501 2095 medio
2527 2042 2848 2096 coarttairit?
2887 2041 2942 2097 Si
2971 2051 3028 2096 Se
3067 2042 3337 2097 eonfe53us
3385 2043 3541 2098 fuerit
3567 2051 3822 2113 peccato—

2241 2141 2354 2188 rem
2378 2174 2392 2198 ,
2429 2134 2580 2188 timet
2624 2149 2691 2188 ne
2727 2134 2932 2189 dicatur
2969 2133 3046 2188 illi
3072 2177 3084 2199 ,
3125 2133 3237 2188 Non
3269 2135 3394 2204 ergo
3431 2151 3495 2190 ex
3521 2135 3633 2190 Deo
3660 2139 3828 2190 natus

2178 2246 2196 2258 -π
2241 2220 2299 2278 es
2324 2241 2338 2289 ;
2371 2225 2490 2296 quia
2515 2225 2769 2294 Scriptum
2796 2235 2912 2293 est,
2944 2226 3045 2292 Qui
3070 2233 3217 2279 natus
3240 2235 3312 2279 est
3332 2223 3540 2291 subeo,
3571 2241 3672 2279 non
3702 2239 3803 2297 pce

2240 2323 2337 2368 cat.
2392 2314 2447 2370 Si
2477 2317 2653 2370 aute’m
2683 2314 2880 2371 dixerit
2908 2331 2964 2370 se
2985 2315 3218 2385 justum,
3246 2324 3299 2370 et
3328 2332 3433 2370 non
3463 2315 3660 2371 habere
3687 2330 3822 2385 pec-

2239 2411 2435 2471 eatum,
2467 2406 2656 2474 accipit
2681 2421 2745 2460 ex
2771 2405 2869 2459 alia
2905 2414 3051 2475 parte
3077 2401 3282 2476 plagam
3319 2413 3385 2459 ex
3411 2406 3522 2475 ipsa
3551 2403 3821 2474 Epistula,

2241 2493 2304 2549 Si
2337 2495 2608 2549 dixerimus
2653 2493 2770 2566 quia
2815 2497 3068 2566 peccatum
3097 2512 3196 2549 non
3235 2496 3471 2549 habemus
3493 2535 3508 2561 ,
3559 2511 3651 2550 nos
3679 2497 3826 2565 ipsos

2238 2586 2556 2652 seducimus,
2607 2596 2652 2640 et
2692 2589 2873 2640 veritas
2914 2589 2966 2640 in
3004 2589 3144 2641 nobis
3182 2597 3281 2641 non
3322 2596 3413 2642 est.
3459 2587 3667 2642 Positus
3689 2599 3825 2658 ergo

2239 2675 2400 2732 homo
2427 2679 2478 2732 in
2514 2677 2688 2732 medio
2712 2720 2726 2743 ,
2771 2673 2894 2748 quid
2923 2679 3093 2744 dicat,
3124 2687 3180 2734 et
3203 2674 3327 2749 quid
3353 2680 3695 2745 conﬁteatur,
3725 2688 3826 2733 aut

2240 2768 2365 2837 quid
2396 2769 2704 2837 proilteatur
2727 2811 2740 2834 ,
2781 2783 2890 2823 non
2937 2769 3155 2824 invenit.
3199 2769 3442 2824 Proﬁteri
3469 2783 3527 2824 se
3551 2783 3673 2824 esse
3699 2771 3828 2824 sine

2237 2867 2476 2928 peccato,
2506 2859 2857 2928 periculosum
2884 2869 2964 2914 ρει
2989 2876 3003 2925 ;
3037 2863 3091 2915 et
3110 2875 3214 2915 non
3237 2861 3404 2915 solum
3434 2862 3820 2931 periculosum,

2239 2950 2330 3004 sed
2358 2950 2515 3004 etiam
2541 2949 2854 3004 mendOSUm
2883 2967 2897 3002 :
2927 2948 3038 3004 Nos
3065 2951 3231 3019 ipsos,
3265 2951 3468 3021 inquit,
3505 2951 3816 3018 seducimus,

2237 3050 2284 3095 et
2317 3043 2497 3095 veritas
2529 3041 2581 3095 in
2604 3041 2743 3095 nobis
2769 3057 2867 3095 non
2893 3051 2998 3108 est,
3041 3043 3084 3096 si
3112 3043 3386 3097 dixerimus
3414 3044 3534 3112 quia
3553 3051 3820 3116 peccatum

2236 3144 2337 3184 non
2381 3131 2635 3185 habemus.
2681 3130 2783 3186 Sed
2812 3131 3008 3186 utinam
3041 3143 3144 3186 non
3173 3131 3401 3188 haberes
3425 3175 3438 3198 ,
3483 3143 3537 3188 et
3559 3127 3768 3190 diceres
3801 3136 3815 3190 !

2234 3235 2417 3277 verum
2446 3224 2586 3278 enim
2613 3223 2837 3288 diceres,
2869 3237 2968 3279 nec
3003 3225 3056 3278 in
3085 3226 3305 3280 veritate
3333 3226 3619 3296 promenda
3647 3227 3816 3281 unum

2237 3313 2529 3384 iniquitatis
2567 3313 2650 3368 vel
2698 3315 2976 3385 veStigium
3017 3314 3348 3372 l‘drmid‘ares.
3396 3316 3500 3372 Sed
3527 3317 3644 3372 ideo
3669 3313 3819 3374 male

2234 3401 2363 3456 facis
2392 3404 2435 3458 si
2466 3404 2597 3458 dicis
2625 3404 2744 3473 quia
2773 3401 3102 3460 mendacium
3141 3405 3274 3461 ditis
3300 3423 3313 3458 :
3354 3405 3550 3461 Veritus
3573 3449 3587 3473 ,
3615 3407 3818 3479 inquit,

2232 3495 2285 3546 in
2311 3494 2450 3546 nobis
2480 3511 2579 3547 non
2600 3503 2690 3561 est,
2731 3495 2773 3547 si
2797 3495 3072 3549 dixerimus
3100 3503 3214 3566 quia
3235 3505 3491 3568 peccatum
3518 3509 3620 3552 non
3646 3499 3809 3552 trabea

2231 3583 2365 3637 thus.
2412 3584 2527 3638 Non
2555 3584 2657 3650 ait,
2689 3583 2800 3638 Non
2834 3585 3142 3651 habuimus;
3174 3597 3241 3641 ne
3270 3586 3406 3642 forte
3437 3586 3506 3642 de
3543 3589 3817 3658 pra-teritis

2228 3679 2337 3731 rita
2367 3675 2563 3731 dictum
2585 3675 2872 3732 videretur.
2895 3677 3084 3730 Habuit
3101 3678 3240 3731 enim
3266 3687 3475 3747 peccata
3496 3677 3654 3731 homo
3673 3679 3812 3744 iste;

2231 3769 2325 3823 sed
2352 3785 2414 3822 ex
2445 3783 2551 3838 quo
2592 3777 2744 3821 natus
2771 3775 2942 3822 estex
2976 3766 3088 3822 Deo
3112 3809 3126 3832 ,
3171 3769 3330 3837 coepit
3359 3783 3463 3824 non
3494 3769 3709 3823 habere.
3746 3769 3814 3823 Si

2230 3862 2301 3916 ita
2330 3867 2510 3925 esset,
2553 3861 2695 3914 nulla
2732 3873 2827 3914 nos
2873 3867 3179 3930 angustaret
3206 3861 3448 3930 quaestio.
3498 3860 3814 3915 Diceremus

2230 3954 2369 4022 enim
2397 3972 2412 4008 :
2436 3953 2653 4006 Fuimus
2672 3959 2991 4022 peccatores,
3015 3952 3107 4007 sed
3121 3951 3276 4008 modo
3293 3949 3561 4022 juSIiiicati
3587 3963 3771 4009 sumus
3803 3975 3811 4017 ζ

2229 4042 2509 4097 habuimus
2538 4037 2849 4113 peccatum,
2893 4042 2986 4097 sed
3018 4043 3175 4096 modo
3215 4059 3319 4097 non
3361 4044 3634 4098 habemus.
3687 4044 3809 4100 Non

2228 4132 2329 4188 hoc
2354 4133 2427 4187 ait
2454 4150 2467 4185 :
2497 4132 2588 4187 sed
2615 4131 2736 4202 quid
2764 4131 2878 4186 ait?
2907 4133 2964 4188 Si
2995 4133 3267 4187 dixerimus
3285 4135 3403 4206 quia
3425 4141 3679 4204 peccatum
3700 4137 3807 4190 non

2228 4222 2494 4290 habemus,
2529 4237 2618 4276 nos
2643 4225 2777 4294 ipsus
2808 4222 3122 4290 seducimus,
3166 4232 3212 4277 et
3235 4225 3416 4277 ueritas
3442 4225 3494 4277 in
3527 4225 3667 4278 nobis
3702 4240 3808 4279 non

2227 4323 2318 4368 est.
2367 4313 2493 4368 Post
2541 4314 2866 4381 aliquantum
2895 4325 3110 4379 rursus,
3165 4313 3264 4382 Qui
3302 4325 3447 4370 natus
3485 4325 3555 4370 est
3579 4327 3644 4370 ex
3669 4315 3803 4382 Deo,

2224 4405 2432 4476 inquit,
2462 4421 2559 4459 non
2592 4415 2779 4475 peccat.
2832 4403 3094 4475 Numquid
3133 4405 3363 4460 Joannes
3403 4407 3517 4475 ipse
3559 4417 3662 4460 non
3689 4415 3810 4462 erat

2226 4509 2385 4554 natus
2409 4515 2470 4551 ex
2493 4496 2642 4553 Deo?
2671 4495 2724 4551 Si
2748 4497 2980 4551 Joannes
3010 4513 3114 4550 non
3140 4505 3253 4550 erat
3281 4505 3436 4553 natus
3463 4512 3528 4552 ex
3555 4497 3667 4552 Deo
3688 4540 3702 4564 ,
3732 4497 3807 4561 de

2227 4605 2330 4661 quo
2360 4589 2581 4645 audistis
2607 4590 2724 4658 quia
2769 4603 2926 4656 supra
2968 4597 3149 4656 pectus
3177 4586 3390 4642 Domini
3421 4589 3757 4643 recumbebat
3784 4605 3801 4654 ;

2225 4683 2416 4752 aliquis
2454 4681 2552 4735 sibi
2583 4681 2738 4735 audet
2766 4681 3075 4748 promittere
3104 4681 3562 4749 regenerationem
3603 4679 3802 4734 factum

2224 4772 2278 4827 in
2301 4788 2379 4839 se,
2409 4787 2563 4844 quam
2587 4773 2679 4826 ille
2705 4771 2896 4827 habere
2929 4787 3032 4826 non
3059 4773 3286 4837 meruit,
3314 4772 3402 4841 qui
3430 4783 3588 4842 super
3617 4780 3806 4841 pectus

2223 4863 2433 4937 Domini
2461 4864 2767 4918 recumbere
2787 4863 3023 4917 meruit?
3048 4863 3216 4929 Quem
3238 4862 3491 4916 Dominus
3512 4863 3802 4932 plusquam

2224 4964 2444 5009 caeteros
2473 4953 2723 5023 diligebat
2753 4951 2928 5026 (Joan.
2966 4961 3082 5020 x‘m,
3110 4952 3204 5024 25)
3229 4994 3244 5020 ,
3297 4951 3470 5022 ipsum
3515 4951 3684 5007 solum
3730 4951 3802 5006 de

2222 5043 2418 5116 Spiritu
2447 5057 2548 5099 non
2575 5052 2829 5114 genuerat
2848 5043 2875 5096 ?

2293 5134 2348 5189 2.
2377 5135 2646 5190 Attendite
2673 5139 2813 5190 nunc
2847 5134 3007 5188 verba
3042 5135 3144 5188 ista
3173 5151 3187 5186 :
3213 5133 3384 5188 adhuc
3408 5133 3678 5204 angustias
3703 5148 3803 5188 no-

2223 5235 2359 5282 stras
2399 5225 2743 5291 commendo,
2794 5232 2851 5279 ut
2879 5238 2973 5294 per
3001 5226 3348 5279 intentionem
3375 5233 3606 5278 vestram
3631 5265 3646 5290 ,
3678 5239 3801 5294 qua:

2222 5319 2392 5374 oratio
2421 5328 2500 5374 est
2527 5327 2578 5373 et
2604 5327 2700 5388 pro
2724 5317 2880 5372 nobis
2906 5325 2958 5373 et
2987 5333 3087 5388 pro
3114 5319 3262 5373 vobis
3284 5359 3297 5381 ,
3329 5317 3510 5374 dilatet
3537 5319 3676 5372 Deus
3701 5359 3715 5383 ,
3747 5330 3798 5372 et

2222 5409 2312 5465 det
2334 5410 2572 5475 exitum;
2617 5423 2684 5462 ne
2712 5407 2903 5478 aliquis
2929 5407 2979 5462 in
3019 5407 3181 5461 verbo
3214 5408 3330 5476 ejus
3371 5407 3604 5463 inveniat
3641 5422 3806 5462 occa-

2221 5503 2424 5557 sionem
2463 5499 2772 5571 perditionis
2811 5513 2953 5564 suae,
3002 5499 3143 5570 quod
3171 5501 3387 5555 verbum
3419 5514 3523 5554 non
3554 5509 3636 5554 est
3658 5515 3803 5570 pne-

2221 5592 2450 5647 dicatum
2477 5600 2532 5646 et
2571 5591 2924 5660 conscriptum
2944 5631 2958 5657 ,
3003 5592 3103 5645 nisi
3138 5590 3205 5645 ad
3233 5591 3544 5646 medicinam
3569 5599 3626 5647 et
3653 5591 3802 5644 salu-

2222 5691 2349 5738 tem.
2385 5680 2560 5736 Omnis
2579 5723 2593 5748 ,
2622 5681 2811 5750 inquit,
2850 5682 2936 5752 qui
2957 5681 3076 5750 facit
3104 5691 3360 5751 peccatum
3381 5722 3395 5748 ,
3418 5691 3463 5734 et
3484 5681 3803 5751 iniquitatem

2227 5775 2364 5847 facit.
2410 5771 2487 5828 Ne
2515 5771 2652 5830 forte
2673 5771 2941 5828 discernas
2965 5787 2984 5827 :
3009 5763 3282 5826 Peccatum
3326 5771 3564 5842 iniquitas
3589 5780 3684 5828 est.
3715 5769 3797 5827 Ne
