4028 6472
268 629 442 694 dicas,
470 615 724 680 Peccator
737 615 874 685 sum,
903 607 995 674 sed
1017 613 1226 687 iniquus
1257 629 1360 669 non
1389 619 1508 666 sum
1536 627 1549 664 :
1580 605 1853 662 Peccatum

271 713 513 791 iniquitas
536 721 630 773 εει.
675 711 744 770 El
769 713 906 770 ‘s'cilis
929 705 1047 781 quia
1078 709 1131 762 in
1161 708 1251 761 hoc
1275 706 1361 760 ille
1387 699 1732 791 manifestatus
1757 707 1847 791 est,

274 827 327 872 at
351 787 557 886 peccata
585 810 783 879 auferat
804 821 826 872 ;
848 813 896 860 ει
924 799 1182 875 peccatum
1206 801 1257 854 in
1278 799 1366 852 illo
1393 787 1490 850 han
1512 803 1604 850 εει.
1639 791 1706 846 Et
1726 789 1852 862 quid

271 883 493 981 prodest
539 897 692 957 nubis
741 889 862 969 quia
890 893 1060 981 “venit
1102 891 1218 946 sine
1263 885 1521 960 peCcalo?
1569 883 1744 977 Omnis
1767 883 1853 953 qui

1445 481 1856 544 TBACTATUS
1892 477 1957 537 ν.
1997 481 2220 541 CAPUT
2256 485 2346 542 Ill.

273 973 370 1050 non
412 1001 616 1066 peccat,
655 987 710 1044 i‘n
743 989 854 1061 ipso
886 977 1051 1040 iitanet
1080 999 1100 1038 :
1134 978 1178 1036 et
1205 980 1365 1060 omnis
1392 977 1475 1048 qui
1504 973 1703 1048 peccat,
1751 991 1852 1028 non
1889 998 1918 1013 -

270 1085 394 1140 vidit
414 1065 561 1149 eum,
594 1087 749 1151 neque
778 1076 1005 1149 cognovit
1034 1077 1167 1129 eum.
1208 1069 1402 1135 FiliOIi,
1433 1084 1575 1122 uento
1594 1082 1679 1121 vos
1698 1065 1851 1121 sedu-

269 1184 368 1231 ται.
410 1175 511 1244 Qui
553 1173 675 1244 facit
694 1169 968 1242 justitiam,
992 1161 1161 1238 justus
1186 1169 1258 1219 est
1279 1204 1295 1230 ,
1335 1162 1464 1218 sicut
1495 1169 1542 1215 et
1566 1157 1652 1214 ille
1680 1153 1852 1229 justus

271 1277 362 1320 est.
395 1257 514 1319 5am
543 1262 643 1316 ista
673 1259 923 1325 diximus,
955 1258 1075 1327 quia
1099 1253 1225 1310 sicut
1255 1251 1540 1309 secandum
1570 1245 1853 1322 'quamdam

273 1356 698 1420 similitudinem,
727 1368 831 1406 non
853 1349 1141 1406 seCundum
1164 1340 1537 1417 tequalitatem,
1568 1339 1669 1397 dici
1697 1341 1850 1397 solet.

275 1449 377 1519 'Qui
404 1450 527 1521 facit
555 1457 832 1519 peccatum,
863 1445 923 1497 de
943 1440 1142 1496 diabolo
1163 1437 1267 1506 est;
1296 1435 1413 1510 quia
1439 1439 1498 1491 ab
1519 1437 1660 1491 initio
1681 1435 1855 1489 diabo-
1887 1447 1892 1458 '

274 1544 355 1595 Ius
401 1538 710 1610 peccat.'Et
749 1533 854 1590 hoc
883 1535 1145 1598 diximus,
1189 1523 1309 1602 quia
1349 1525 1610 1584 neminem
1653 1525 1858 1580 creavit

271 1631 542 1695 diabolus,
573 1643 743 1696 neque
767 1614 981 1697 genuit;
1013 1623 1106 1678 sed
1137 1619 1427 1676 imitatores
1458 1617 1573 1687 ejus
1601 1615 1855 1686 tanquam

273 1736 335 1776 ex
365 1721 458 1775 illo
485 1717 789 1774 nascuntur.
835 1713 904 1771 In
943 1709 1034 1768 hoc
1063 1711 1410 1782 manifestatus
1440 1720 1511 1763 est
1539 1706 1702 1761 Filius
1735 1704 1852 1773 Dei,

270 1812 505 1866 'uts'olvat
541 1827 694 1881 opera
713 1803 899 1862 diaboli
935 1805 1110 1878 (Joan.
1145 1821 1231 1868 ιιι,
1258 1799 1396 1873 4-8).
1445 1797 1582 1870 Ergo
1605 1808 1660 1853 tit
1687 1798 1856 1854 solvat

273 1909 495 1976 peccata
523 1902 540 1933 ⁸
566 1893 659 1956 ille
687 1902 776 1972 qui
808 1915 911 1954 non
941 1899 1099 1952 habet
1124 1888 1416 1966 peccatum.
1448 1891 1646 1946 Deinde
1681 1888 1856 1958 sequi-
1885 1912 1898 1916 -

273 2007 360 2052 tur
383 2005 400 2050 ’ς
439 1995 616 2049 Omnis
644 1993 730 2066 qui
756 1995 902 2046 natus
926 2000 997 2044 est
1033 2005 1098 2043 ea:
1132 1988 1235 2042 Deo
1255 2028 1268 2053 ,
1299 2003 1396 2040 non
1429 1983 1549 2054 facit
1575 1989 1852 2054 peccatum,

268 2087 387 2158 quia
411 2077 580 2141 semen
611 2078 717 2157 eius
745 2079 796 2136 in
822 2078 930 2153 ipso
969 2079 1167 2143 manet;
1213 2090 1258 2132 ct
1297 2094 1398 2130 non
1434 2081 1590 2146 potest
1632 2087 1852 2143 peccare,

268 2179 388 2252 quia
410 2197 473 2235 ετ
498 2179 605 2234 Deo
631 2187 777 2233 natus
801 2187 893 2230 est.
923 2159 1153 2230 Fortiter
1179 2171 1463 2226 instrinxit.
1493 2167 1756 2222 Fortassis
1777 2180 1858 2220 se-

270 2272 510 2326 Cundum
556 2263 819 2341 quotldam
867 2274 1140 2338 peccatum
1172 2261 1341 2328 dixit,
1382 2277 1484 2314 non
1510 2267 1716 2330 peccat,
1750 2271 1858 2312 non

275 2360 578 2419 secundum
619 2356 777 2414 omne
814 2355 1087 2430 peccatum
1117 2373 1130 2409 :
1163 2362 1220 2408 ut
1249 2349 1389 2422 quod
1417 2351 1526 2414 ait,
1566 2349 1666 2416 Qui
1711 2357 1898 2402 natus,

274 2466 342 2510 est
385 2471 448 2508 ex
483 2443 620 2521 Deo,
668 2451 767 2506 non
798 2461 1006 2522 peccat,
1054 2456 1258 2503 certum
1287 2443 1549 2515 quoddam
1585 2452 1856 2512 peccatum

273 2540 572 2616 intelligas,
618 2543 758 2615 quod
790 2539 892 2597 non
929 2541 1105 2611 potest
1144 2538 1423 2592 admittere
1460 2537 1619 2590 homo
1665 2535 1753 2604 qui
1789 2549 1858 2588 ex

276 2637 386 2692 Deo
411 2645 568 2691 natus
597 2640 678 2691 cst
712 2655 722 2688 :
756 2646 808 2691 et
838 2635 936 2688 tale
959 2641 1233 2703 peccatum
1262 2638 1345 2685 cst
1376 2628 1526 2694 illud,
1555 2635 1614 2682 ut
1642 2627 1687 2682 si
1708 2627 1856 2696 quis-

275 2733 433 2798 quam
467 2727 596 2782 illud
627 2721 901 2781 admiserit
920 2767 936 2792 ,
964 2713 1247 2779 conﬁrmet
1284 2731 1510 2785 caetera;
1539 2721 1581 2773 si
1611 2721 1730 2789 quis
1759 2733 1856 2772 au-

283 2831 388 2876 tem
417 2821 522 2875 hoc
552 2817 656 2874 non
688 2819 1000 2882 admiserit,
1031 2815 1200 2871 solvat
1228 2824 1442 2870 caetera.
1472 2812 1622 2882 Quod
1649 2822 1730 2866 est
1758 2811 1858 2865 hoc
1883 2826 1914 2837 κ

187 2897 194 2903 ’
273 2923 553 2985 pecudum
577 2914 598 2967 ?
627 2897 827 2967 Facere
850 2920 1033 2966 contra
1065 2907 1392 2964 mandatum.
1421 2905 1570 2974 Quod
1599 2911 1680 2958 est
1703 2917 1856 2956 man-

271 3005 502 3061 datum?
536 2989 834 3058 Mandatum
864 3019 1043 3058 novum
1073 3002 1140 3056 do
1159 2999 1294 3055 vobis
1317 3041 1331 3066 ,
1360 3009 1416 3073 ut
1437 3015 1520 3052 vos
1548 2997 1753 3052 invicem
1779 2995 1860 3048 di-

273 3095 448 3168 ligatis
500 3095 624 3165 (Id.
674 3111 805 3160 xm,
853 3095 979 3165 5i).
1047 3092 1325 3147 lntendite.
1387 3091 1497 3144 Hoc
1550 3087 1856 3142 mandatum

269 3179 471 3242 Christi
511 3185 724 3240 dilectio
753 3175 971 3239 vocatur
999 3200 1014 3239 :
1046 3198 1140 3252 per
1181 3181 1319 3237 hanc
1360 3180 1695 3235 dilectionem
1737 3191 1860 3245 pec-

272 3377 385 3422 tum
408 3355 513 3432 est,
545 3377 599 3422 et
624 3363 774 3421 radix
802 3365 1038 3420 omnium
1071 3373 1427 3433 peccatorum.

341 3459 398 3514 3.
440 3457 736 3536 Intelndite,
784 3457 1004 3520 fratres;
1049 3453 1364 3524 protulimus
1405 3449 1606 3519 aliquid
1651 3449 1704 3503 in
1752 3461 1860 3518 quo

271 3543 409 3604 bene
439 3539 853 3616 intelligentibus
882 3546 1049 3600 soluta
1080 3554 1160 3598 est
1189 3542 1433 3613 quaestio.
1468 3540 1574 3596 Sed
1603 3538 1859 3607 numquid

271 3655 395 3695 cum
434 3639 782 3694 celerioribus
823 3639 1024 3690 tantum
1065 3634 1397 3688 ambulamus
1440 3631 1619 3684 viam?
1661 3628 1729 3682 Et
1770 3627 1860 3696 qui

269 3729 476 3788 tardius
516 3730 821 3792 ambulant,
865 3744 972 3783 non
1011 3735 1134 3782 sunt
1174 3723 1529 3794 relinquendi.
1572 3722 1859 3777 Versemus
1885 3733 1906 3740 '

272 3810 370 3896 hoc
401 3806 597 3896 quibus
621 3821 906 3893 possumus
932 3821 1136 3882 verbis,
1172 3827 1228 3872 ut
1253 3817 1536 3871 ad'omnes
1564 3814 1857 3884 perveniat.

271 3894 610 3978 Puto—enim,
644 3913 868 3977 fratres,
908 3911 1028 3982 quia
1067 3909 1240 3963 omnis
1281 3908 1440 3960 homo
1483 3905 1741 3959 sollicitus
1777 3911 1862 3958 est

272 4001 372 4077 pro
396 4007 578 4059 anima
608 4020 699 4058 sua
718 4045 730 4065 ,
764 4005 852 4077 qui
884 4017 986 4056 non
1015 4001 1129 4056 sine
1155 4015 1312 4054 causa
1341 3999 1504 4052 intrat
1533 3997 1823 4051 Ecclesiam
1841 4037 1856 4062 ,

272 4091 359 4167 qui
392 4112 502 4150 non
537 4093 842 4163 temporalia
870 4093 1058 4162 quaerit
1087 4092 1138 4145 in
1171 4089 1438 4155 Ecclesia,
1479 4088 1570 4158 qui
1600 4103 1705 4141 non
1733 4101 1859 4155 pro-

269 4183 453 4264 pterea
488 4185 650 4240 intrat
678 4195 733 4240 ut
760 4185 1015 4253 transigat
1043 4183 1250 4253 negotia
1281 4181 1583 4245 saecularia;
1615 4181 1709 4235 sed
1740 4179 1859 4233 ideo

267 4278 455 4343 intrat,
489 4287 546 4330 ut
565 4275 762 4346 aliquid
785 4275 885 4329 sibi
907 4283 1162 4330 :eternum
1186 4273 1505 4342 promissum
1534 4279 1730 4336 teneat,
1755 4285 1860 4340 quo

271 4369 553 4441 perveniat
587 4385 598 4420 :
633 4381 850 4421 necesse
881 4372 964 4419 est
993 4364 1189 4433 cogitet
1212 4364 1232 4393 '
1263 4361 1705 4432 quemadmodum
1743 4375 1860 4414 am-

277 4459 424 4516 bulet
453 4462 506 4514 in
537 4460 615 4512 via
637 4499 652 4524 ,
685 4475 750 4513 ne
777 4465 1075 4520 remaneat,
1109 4472 1176 4508 ne
1201 4464 1343 4509 retro
1366 4462 1484 4519 eat,
1518 4470 1584 4507 ne
1612 4453 1858 4518 aberret,

276 4545 342 4607 ne
368 4550 718 4608 claudicando
744 4567 848 4604 non
878 4549 1170 4619 perveniat.
1204 4547 1302 4612 Qui
1329 4561 1456 4615 ergo
1477 4545 1730 4600 sollicitus
1757 4555 1859 4610 est,

276 4644 460 4699 tardus
501 4645 604 4706 sit,
637 4644 789 4697 velox
824 4642 928 4707 sit,
974 4655 1078 4694 non
1118 4637 1330 4693 recedat
1363 4638 1430 4692 de
1461 4638 1560 4690 via.
1596 4637 1706 4692 Hoc
1734 4649 1864 4706 ergo

281 4734 422 4799 dixi,
457 4729 580 4802 quia
609 4734 696 4803 qui
723 4742 868 4785 natus
894 4739 964 4784 est
993 4746 1054 4784 ex
1081 4728 1224 4794 Deo,
1254 4745 1354 4782 non
1383 4738 1582 4798 peccat,
1627 4727 1866 4782 fortassis

276 4825 572 4880 secundum
618 4822 879 4892 quoddam
928 4829 1196 4890 peccatum
1241 4819 1406 4872 voluit
1443 4818 1666 4887 intelligi
1700 4835 1712 4870 :
1742 4832 1864 4871 nam

280 4917 382 4970 erit
411 4915 740 4969 contrarium
772 4913 845 4966 illi
875 4912 994 4967 loco
1013 4952 1037 4978 τ
1078 4909 1138 4965 Si
1163 4911 1439 4963 dixerimus
1465 4911 1867 4978 quia-peccatum

281 5023 384 5060 non
419 5006 692 5071 habemus,
733 5021 822 5057 nos
859 5003 996 5073 ipsos
1023 5002 1335 5066 seducimus,
1366 5010 1413 5053 et
1437 5001 1619 5053 veritas
1645 4999 1696 5051 in
1727 4997 1868 5052 nobis

283 5111 381 5150 non
411 5107 505 5151 est.
537 5096 625 5150 Sic
650 5110 776 5164 ergo
801 5101 993 5164 potest
1023 5092 1157 5148 solvi
1193 5092 1434 5162 quaestio.
1470 5091 1566 5146 Est
1603 5089 1867 5160 quoddam
1896 5099 1902 5107 ‘

282 5199 561 5259 peccatum
589 5185 728 5258 quod
752 5201 857 5240 non
878 5193 1051 5256 potest
1074 5183 1355 5238 admittere
1383 5183 1469 5237 ille
1498 5183 1587 5253 qui
1614 5190 1766 5236 natus
1785 5190 1868 5236 est

281 5295 350 5334 ex
380 5281 521 5344 Deo;
569 5287 622 5334 et
660 5294 764 5348 quo
803 5293 909 5333 non
946 5276 1178 5330 admisso
1207 5277 1482 5330 solvuntur
1507 5284 1696 5330 caetera
1717 5316 1732 5342 ,
1763 5290 1870 5344 quo

285 5372 522 5425 admisso
543 5369 926 5424 confirmantur
945 5376 1155 5422 scelera.
1175 5365 1326 5433 Quod
1344 5375 1426 5420 est
1441 5366 1542 5420 hoc
1561 5365 1870 5434 peccatum?

286 5462 490 5518 Facere
515 5455 699 5516 centra
725 5461 1027 5515 mandatum
1049 5459 1265 5524 Christi,
1286 5467 1470 5513 contra
1491 5464 1872 5512 testamentum

288 5570 508 5609 novum.
533 5554 686 5621 Quod
706 5561 788 5608 est
808 5553 1114 5608 mandatum
1131 5551 1358 5606 novum?
1377 5550 1678 5604 Mandatum
1692 5566 1874 5604 novum

290 5646 358 5699 do
383 5645 540 5709 vobis,
570 5654 625 5698 ut
650 5641 734 5700 vos
760 5645 966 5699 invicem
995 5643 1234 5714 diligatis.
1261 5641 1362 5711 Qui
1389 5641 1511 5696 facit
1533 5649 1718 5697 contra
1746 5640 1875 5694 cha-

291 5775 834 5892 ﬁgam-inc
851 5783 1051 5839 vocem,
1079 5775 1244 5838 vetu‘t;
1288 5783 1396 5841 Quae
1440 5776 1580 5827 abeSt
1620 5776 1681 5826 ab
1723 5777 1876 5828 omni-

273 5983 281 5994 .
359 5903 380 5935 ¹
401 5909 478 5954 Er.
502 5902 652 5968 uad.
675 5911 794 5957 ven.
817 5909 948 5967 ων..
968 5914 1154 5955 necesse
1176 5906 1246 5955 est
1267 5913 1381 5967 ergo
1409 5899 1598 5968 cogites.
1659 5908 1718 5956 tt.
1788 5979 1802 5994 .
1886 5909 1890 5914 ‘

1908 1453 1933 1476 .;,ι

1908 2368 1931 2394 ζι

1912 3277 1920 3295 f

273 3288 389 3331 cata
418 3277 716 3331 solvuntur.
765 3257 892 3329 llaac
919 3274 965 3328 si
991 3288 1095 3328 non
1125 3281 1386 3346 teneatur,
1414 3279 1468 3324 et
1484 3283 1645 3339 grave
1667 3281 1856 3338 pecca-
1885 3272 1928 3301 ³η

1913 4192 1920 4207 ί
1931 4193 1934 4196 .

1897 5985 1912 6003 ς.
1945 5982 1956 5994 Ρ

1899 6186 1952 6214 ’.9

3385 485 3526 544 20H

1963 604 2169 663 ritatem
2200 607 2252 663 et
2279 618 2460 665 contra
2489 601 2823 666 dilectionem
2854 605 3136 666 fraternam
3156 653 3170 678 ,
3203 626 3306 666 non
3335 610 3529 670 audeat

1955 698 2189 767 gloriari,
2219 709 2271 754 et
2295 701 2472 758 dicere
2500 713 2678 758 natum
2709 719 2766 758 se
2809 717 2929 758 esse
2958 703 3022 758 ex
3048 703 3156 758 Deo
3189 721 3203 758 :
3235 704 3323 774 qui
3351 714 3526 760 autem

1955 789 2008 844 in
2036 789 2317 846 dilectione
2341 787 2571 848 fraterna
2597 787 2910 849 cOnstitutus
2935 790 3016 849 εει
3034 837 3048 857 ,
3079 791 3223 849 certa
3254 806 3374 849 sunt
3404 803 3527 865 pec-

1955 877 2069 934 ‘cata
2110 897 2226 950 quae
2266 897 2369 936 non
2409 893 2578 951 potest
2616 881 2923 951 admittere,
2961 895 3016 940 et
3054 871 3154 939 hoc
3192 883 3422 940 maxime
3457 899 3526 942 ne

1955 967 2126 1024 oderit
2153 968 2386 1025 fratrem.
2420 971 2484 1026 Et
2509 973 2631 1041 quid
2653 973 2718 1030 de
2737 973 2942 1030 cagteris
2963 969 3191 1044 peccatis
3215 963 3357 1043 facit,
3387 975 3531 1032 unde

1955 1051 2150 1116 dictum
2182 1055 2290 1128 est,
2324 1061 2385 1118 Si
2413 1063 2682 1120 dixerimus
2709 1068 2827 1136 quia
2857 1065 3113 1136 peccatum
3143 1083 3243 1120 non
3270 1061 3528 1132 habemus,

1955 1171 2047 1208 nos
2076 1153 2209 1224 ipsos
2236 1151 2538 1224 seducimus,
2569 1167 2616 1210 et
2644 1159 2817 1211 veritas
2843 1158 2895 1211 in
2924 1145 3062 1212 nobis
3085 1175 3183 1212 non
3208 1141 3533 1212 estiAudiat

1955 1241 2291 1303 securitatem
2322 1248 2388 1303 de
2415 1239 2519 1303 alio
2550 1249 2667 1304 loco
2695 1249 2981 1336 Scriptura:
3015 1243 3284 1336 :_Charitas
3312 1248 3532 1321 coeperit

1958 1337 2327 1420 multitudinem
2351 1349 2664 1408 peccatorum
2695 1339 2737 1408 (l
2764 1325 2903 1393 Patr.
2931 1356 3006 1407 tv,
3035 1325 3114 1411 Β).

2027 1427 2081 1482 4.
2104 1425 2423 1483 Charitatem
2441 1427 2567 1499 ergo
2585 1430 3046 1499 commendamus;
3069 1427 3375 1485 charitatem
3395 1431 3533 1486 co‘m-

1958 1519 2171 1574 mendat
2206 1519 2319 1574 hazc
2353 1507 2602 1590 Epistula.
2643 1520 2768 1575 Post
2806 1522 3246 1576 resurrectionem
3277 1521 3532 1576 Dominus

1957 1606 2082 1679 quid
2111 1605 2251 1663 aliud
2291 1608 2631 1679 interrogavit
2666 1609 2880 1663 Petrum
2903 1651 2918 1677 ,
2956 1609 3096 1677 nisi,
3131 1607 3282 1666 Amas
3321 1595 3439 1664 mei"
3466 1607 3536 1664 Ει

1957 1713 2142 1769 parum
2168 1699 2266 1776 fuit
2289 1701 2450 1755 semel
2479 1703 2830 1771 interrogare;
2854 1711 2907 1755 et
2934 1701 3122 1755 iterum
3144 1687 3274 1755 nihil
3298 1687 3457 1766 aliud,
3481 1707 3536 1756 et

1961 1783 2115 1845 tertio
2153 1785 2281 1844 nihil
2321 1779 2481 1846 aliud.
2521 1791 2652 1847 Cum
2677 1792 2785 1862 jam
2817 1792 2969 1846 tertio
2999 1792 3083 1846 illc
3111 1791 3266 1846 tmdio
3294 1792 3534 1846 afficere-

1961 1877 2063 1942 tur,
2093 1878 2243 1952 quasi
2275 1895 2377 1934 non
2414 1880 2511 1934 sibi
2550 1879 2828 1948 crederet,
2869 1881 3137 1951 quomodo
3178 1881 3268 1950 qui
3308 1881 3536 1936 nesciret

1959 1969 2085 2042 quid
2114 1971 2164 2024 in
2194 1961 2283 2026 illo
2307 1984 2584 2042 ageretur;
2616 1981 2792 2028 tamen
2817 1984 2874 2028 et
2901 1974 3093 2041 primo,
3121 1983 3175 2028 et
3200 1961 3454 2038 secundo,
3482 1980 3538 2028 et

1962 2051 2118 2117 tertio
2154 2063 2255 2118 hoc
2295 2063 2655 2144 interrogavit.
2690 2065 2794 2119 Ter
2821 2067 3038 2144 negavit
3079 2066 3254 2130 timor,
3289 2074 3366 2120 ter
3399 2063 3535 2118 con-

1961 2149 2134 2206 fessus
2157 2161 2239 2207 est
2262 2169 2410 2206 amor
2440 2141 2612 2226 (Joan.
2642 2170 2757 2220 xm,
2783 2141 2988 2227 1347).
3019 2155 3156 2210 Ecce
3183 2164 3323 2210 amat
3347 2145 3535 2209 Petrus

1963 2241 2261 2300 Dominum.
2293 2235 2427 2311 Quid
2464 2256 2804 2314 przestaturus
2848 2248 3108 2302 Domino?
3144 2247 3258 2301 Non
3300 2247 3439 2301 enim
3481 2253 3537 2299 et

1960 2335 2076 2406 ipse
2117 2350 2222 2390 non
2258 2333 2494 2390 tbrbatus
2522 2347 2603 2392 est
2629 2338 2681 2392 in
2713 2325 2803 2391 illo
2830 2338 3057 2405 psalmo,
3103 2338 3238 2404 Quid
3267 2323 3536 2390 retribuam

1961 2425 2180 2482 Domino
2208 2444 2297 2496 pro
2327 2429 2553 2482 onmibus
2575 2444 2690 2497 quae
2713 2428 2939 2482 retribuit
2969 2415 3126 2482 mihi?
3154 2428 3253 2496 Qui
3283 2428 3421 2482 enim
3452 2417 3537 2481 di-

1960 2518 2114 2573 cebat
2150 2517 2262 2573 huic
2295 2519 2346 2572 in
2383 2519 2621 2586 Psalmo,
2661 2501 2964 2574 attendebat
3000 2526 3195 2590 quanta
3232 2515 3330 2573 sibi
3358 2524 3538 2573 essent

1961 2610 2193 2679 prtestita
2214 2624 2242 2663 a
2271 2610 2414 2675 Deo;
2448 2621 2500 2665 et
2523 2612 2791 2680 quatrebat
2817 2612 2940 2681 quid
2972 2612 3290 2666 retribueret
3316 2600 3453 2674 Deo,
3481 2616 3538 2664 et

1961 2715 2064 2753 non
2087 2699 2404 2754 inveniebat.
2427 2700 2688 2770 Quidquid
2715 2702 2854 2755 enim
2879 2689 3168 2755 retribuere
3191 2700 3438 2762 volueris,
3467 2698 3535 2751 ab

1961 2787 2076 2858 ipso
2101 2791 2347 2859 accepiSti
2373 2799 2428 2843 ut
2450 2769 2660 2845 reddas.
2695 2791 2759 2844 Et
2784 2776 2907 2860 quid
2937 2791 3136 2844 invenit
3162 2799 3217 2844 ut
3243 2769 3535 2843 retribuat?

1961 2881 2134 2946 Quod,
2165 2889 2222 2935 ut
2250 2881 2498 2946 diximus,
2523 2880 2733 2945 fratres,
2765 2881 2830 2935 ab
2859 2882 2972 2953 ipso
2995 2885 3296 2950 acceperat,
3325 2880 3426 2933 hoc
3454 2880 3536 2933 in-

1961 2973 2105 3026 venit
2132 2971 2271 3042 quod
2299 2957 2633 3026 retribueret.
2675 2971 2889 3025 Calicem
2917 2972 3153 3026 salutaris
3181 2971 3426 3040 accipiam
3447 3009 3459 3032 ,
3487 2977 3538 3024 et

1961 3081 2142 3148 nomen
2166 3064 2366 3117 Domini
2389 3062 2626 3117 invocabo
2653 3062 2820 3134 (Psal.
2845 3079 2968 3126 exv,
2991 3063 3079 3127 l2,
3105 3064 3214 3131 15).
3241 3062 3369 3138 Quis
3393 3061 3535 3114 enim

1961 3157 2035 3212 illi
2079 3156 2296 3211 dederat
2329 3157 2544 3210 calicem
2584 3155 2899 3218 salutarem,
2939 3154 3040 3209 nisi
3078 3155 3162 3207 ille
3207 3154 3292 3208 cui
3329 3151 3538 3206 volebat

1962 3247 2292 3302 retribuere?
2319 3246 2573 3315 Accipere
2596 3254 2769 3299 autem
2797 3245 3013 3299 calicem
3041 3243 3347 3306 salutarem,
3381 3249 3432 3294 et
3458 3241 3539 3294 in-

1962 3351 2154 3392 vocare
2182 3351 2375 3390 nomen
2407 3335 2646 3400 Domini,
2677 3334 2775 3388 hoc
2815 3342 2895 3390 est
2938 3333 3115 3387 satiari
3151 3331 3439 3393 charitate;
3485 3336 3540 3384 et

1964 3429 2034 3482 ita
2071 3428 2282 3493 satiari,
2330 3436 2385 3481 ut
2427 3441 2532 3480 non
2573 3426 2742 3480 solum
2787 3440 2891 3479 non
2931 3424 3110 3478 oderis
3150 3421 3404 3486 fratrem,
3443 3417 3539 3473 sed

1957 3529 2177 3588 .paratus
2201 3519 2274 3573 sis
2300 3519 2433 3573 mori
2463 3533 2557 3587 pro
2585 3518 2765 3572 fratre.
2793 3516 3028 3572 Perfecta
3059 3517 3155 3570 ista
3182 3514 3412 3570 charitas
3435 3518 3537 3586 est,

1965 3620 2022 3665 ut
2053 3620 2263 3679 paratus
2291 3611 2365 3664 sis
2392 3611 2527 3663 mori
2552 3625 2651 3678 pro
2683 3609 2858 3662 fratre.
2891 3608 3037 3661 Hanc
3064 3607 3175 3676 ipse
3206 3605 3458 3659 Dominus
3484 3604 3538 3656 in

1965 3715 2022 3755 se
2047 3701 2316 3766 exhibuit,
2350 3708 2585 3754 mortuus
2625 3713 2720 3766 pro
2754 3698 3028 3761 omnibus,
3070 3709 3228 3750 orans
3268 3708 3363 3762 pro
3401 3693 3480 3746 eis
3506 3708 3538 3748 a

1957 3792 2154 3860 quibus
2181 3789 2604 3858 crucifigebatur,
2633 3796 2687 3841 et
2712 3786 2894 3868 dicens
2927 3804 2939 3839 :
2970 3785 3142 3868 Pater,
3175 3785 3373 3854 ignosce
3399 3767 3501 3835 illis
3520 3823 3534 3846 ,

1965 3882 2084 3950 quia
2109 3880 2330 3933 nesciunt
2355 3879 2475 3948 quid
2495 3879 2686 3947 faciunt
2713 3863 2858 3948 (Luc.
2885 3892 3035 3942 xxtu,
3055 3863 3169 3947 34).
3199 3875 3303 3930 Sed
3327 3875 3370 3928 si
3393 3873 3538 3928 solus

1966 3970 2068 4026 hoc
2095 3970 2240 4034 fecit,
2269 3985 2372 4022 non
2405 3979 2516 4024 erat
2546 3968 2816 4038 magister,
2849 3967 2893 4022 si
2922 3967 3339 4038 discipulosnon
3371 3963 3537 4020 habe-

1963 4051 2073 4116 bat.
2113 4061 2286 4116 Secuti
2323 4045 2567 4130 discipuli
2603 4060 2706 4115 hoc
2745 4060 2997 4114 fecerunt.
3031 4043 3386 4128 Lapidabatur
3414 4058 3536 4112 Ste-

1967 4150 2192 4220 phanus,
2226 4161 2278 4206 et
2301 4167 2440 4220 genu
2469 4150 2574 4203 fixo
2600 4151 2673 4204 ait
2703 4168 2714 4202 :
2745 4148 2978 4216 Domine,
3009 4165 3071 4203 ηε
3097 4158 3288 4203 statuas
3315 4147 3417 4202 illis
3447 4148 3540 4200 hoc

1968 4240 2206 4296 delictum
2233 4242 2367 4310 (Art.
2396 4257 2490 4306 vn,
2524 4239 2634 4313 59).
2665 4241 2888 4294 Amabat
2909 4255 2940 4294 a
2967 4239 3155 4308 quibus
3181 4225 3537 4306 occidebatur,

1961 4334 2087 4414 quia
2114 4341 2166 4386 et
2191 4348 2289 4403 pro
2320 4334 2444 4402 ipsis
2473 4330 2813 4385 moriebatur.
2848 4315 2983 4384 Audi
3009 4337 3063 4384 et
3086 4330 3382 4400 apostolum
3409 4329 3543 4382 Pau-

1966 4423 2076 4479 lum
2102 4443 2114 4478 :
2149 4423 2214 4477 Et
2241 4425 2348 4493 ipse
2370 4466 2384 4490 ,
2413 4425 2616 4492 inquit,
2645 4423 2906 4492 impendar
2943 4437 3034 4492 pro
3070 4409 3331 4475 animabus
3370 4416 3542 4470 vestris

1971 4518 2035 4586 (ll
2064 4519 2180 4573 Cor.
2209 4533 2306 4582 ιιι,
2340 4517 2448 4586 15).
2479 4517 2617 4570 lnter
2638 4515 2754 4568 illos
2779 4514 2919 4569 enim
2948 4522 3065 4568 erat
3091 4528 3184 4582 pro
3212 4501 3541 4581 quibus.Ste-

1969 4607 2178 4678 phanus
2202 4606 2601 4676 deprecabatur.
2629 4593 2844 4674 quando
2867 4618 3050 4658 eorum
3079 4601 3318 4656 manibus
3346 4597 3542 4652 morie-

1969 4701 2142 4755 batur.
2173 4699 2410 4753 Perfecta
2441 4713 2568 4766 ergo
2593 4697 2821 4752 Charitas
2848 4697 2963 4752 haec
2989 4705 3089 4750 est.
3118 4695 3170 4750 Si
3200 4693 3316 4763 quis
3343 4701 3539 4744 tantum

1970 4777 2216 4848 habuerit
2235 4792 2571 4854 charitatem,
2596 4798 2648 4844 ut
2672 4801 2885 4859 paratus
2905 4789 2982 4844 sit.
2993 4803 3089 4858 pro
3109 4786 3357 4840 fratribus
3383 4783 3542 4836 etiam

1973 4882 2140 4948 mori,
2169 4880 2396 4950 perfecta
2429 4880 2586 4935 estin
2614 4881 2701 4934 illo
2727 4879 2975 4934 charitas.
3005 4878 3105 4932 Sed
3135 4873 3385 4943 numquid
3419 4888 3542 4927 mox

1974 4980 2033 5027 ut
2059 4971 2313 5036 nascitur,
2336 4971 2444 5040 jam
2477 4985 2692 5040 prorsus
2722 4969 2952 5039 perfecta
2981 4969 3094 5021 est?
3128 4966 3192 5020 Ut
3221 4963 3542 5034 perficiatur,

1973 5063 2209 5118 nascitur
2232 5080 2246 5114 :
2271 5078 2388 5116 cum
2410 5061 2566 5118 fuerit
2583 5072 2724 5125 nata,
2751 5061 3006 5122 nutritur;
3029 5074 3147 5112 cum
3174 5056 3327 5109 fuerit
3352 5054 3546 5106 nutrita

1974 5154 2289 5218 roboratur;
2328 5169 2445 5208 cum
2485 5153 2638 5208 fuerit
2679 5151 2958 5211 roborata,
2999 5148 3452 5215 perficitur:.eum
3481 5143 3551 5197 ad

1976 5245 2354 5316 perfectionem
2382 5233 2602 5308 venerit,
2634 5241 2756 5310 quid
2782 5240 2951 5295 dicit?
2982 5240 3110 5292 Milli
3138 5240 3297 5291 virere
3324 5233 3554 5291 Christus

1977 5346 2066 5402 εει,
2095 5345 2141 5390 ει
2167 5337 2292 5389 mori
2321 5336 2532 5389 lucrum.
2567 5333 2813 5403 Optabam
2839 5329 3044 5384 dissolvi
3069 5340 3113 5381 et
3139 5345 3244 5382 esse
3267 5344 3382 5381 cum
3403 5327 3553 5381 Chri-

1979 5439 2087 5494 sto;
2127 5429 2285 5481 multo
2313 5428 2444 5481 enim
2473 5426 2631 5494 magis
2660 5424 2899 5489 optimum
2933 5439 2952 5476 :
2977 5438 3176 5475 manere
3207 5423 3259 5474 in
3289 5437 3438 5474 carne
3467 5436 3556 5473 ne-

1979 5522 2249 5576 cessarium
2275 5529 2476 5591 prapter
2504 5534 2588 5570 vos
2616 5514 2869 5588 (Philipp.
2895 5532 2944 5581 ι,
2973 5513 3187 5584 21-24).
3218 5513 3440 5583 Propter
3465 5525 3559 5566 eos

1983 5614 2196 5669 volebat
2215 5613 2412 5676 vivere,
2443 5625 2536 5680 pro
2561 5607 2750 5678 quibus
2776 5615 2989 5676 paratus
3011 5614 3124 5660 erat
3150 5605 3306 5661 mori.

2051 5707 2100 5760 5.
2145 5707 2211 5760 Et
2245 5713 2303 5760 ut
2335 5703 2587 5758 noveritis
2621 5702 2740 5772 quia
2774 5701 2884 5769 ipsa
2913 5708 2995 5754 est
3033 5698 3263 5769 perfecta
3297 5697 3556 5763 charitas,

1979 5816 2138 5872 quam
2163 5815 2268 5853 non
2292 5797 2554 5862 violat,et
2582 5796 2633 5849 in
2661 5809 2819 5864 quam
2846 5808 2949 5847 non
2980 5801 3162 5862 peccat
3185 5791 3272 5862 qui
3298 5800 3448 5846 natus
3475 5798 3557 5846 cst

1988 5909 2055 5949 ex
2081 5894 2225 5960 Deo;
2256 5889 2356 5946 hoc
2381 5888 2636 5947 Dominus
2662 5886 2790 5944 dicit
2813 5884 2973 5946 Petro
3003 5902 3017 5942 :
3047 5883 3198 5944 Petra
3221 5925 3237 5954 ,
3277 5899 3419 5946 amas
3444 5880 3560 5943 me!

3545 5977 3578 6000 ,ε

3575 6047 3621 6065 υ

3556 6144 3626 6225 -ι
