4028 6474
525 328 665 384 2015

525 445 591 495 Et
621 444 741 495 ille:
770 441 916 496 Amo.
944 441 1060 496 Non
1086 441 1190 508 ait,
1220 441 1274 495 Si
1297 457 1441 496 amas
1466 458 1550 497 me
1570 484 1584 508 ,
1615 443 1906 514 obsequere
1935 447 2085 500 mihi.

520 531 742 601 Quando
765 534 903 586 enim
928 545 1041 588 erat
1061 534 1308 586 Dominus
1335 533 1384 586 in
1410 549 1566 588 carne
1593 536 1820 598 mortali,
1846 537 2086 606 esurivit,

519 623 683 677 sitivit
714 641 727 676 :
759 639 825 679 eo
852 633 1088 693 tempore
1116 638 1220 691 quo
1248 624 1510 678 esuriebat
1537 634 1590 678 et
1619 626 1858 693 sitiebat,
1901 642 2089 683 susce-

518 723 640 784 ptus
677 725 758 768 est
795 715 1049 784 hospitio;
1081 715 1442 769 ministrarum
1470 715 1542 768 illi
1567 716 1652 784 qui
1681 715 1997 781 habuerunt,
2019 717 2087 773 de

522 807 809 864 Substantia
839 823 953 873 sua,
984 809 1119 861 sicut
1141 809 1363 876 legimus
1388 810 1439 861 in
1469 808 1753 880 Evangelio
1779 809 1924 883 (Luc.
1953 827 2046 866 vm
2065 854 2082 879 ,

519 892 592 966 5).
619 895 862 965 Suscepit
884 913 1003 950 eum
1028 897 1254 966 hospitio
1276 898 1560 953 Zacchmus
1584 917 1598 954 :
1621 901 1797 954 salvus
1817 901 1984 956 factus
2004 911 2084 957 est

514 1001 543 1038 a
592 988 812 1053 morbo,
855 999 1097 1058 suscepto
1136 990 1360 1043 medico.
1401 990 1515 1058 Quo
1551 993 1770 1046 morbo?
1810 994 2077 1048 Avaritize.

457 1083 462 1088 '
513 1074 641 1130 Erat
666 1076 805 1130 enim
831 1076 1119 1131 ditissimus
1139 1120 1152 1145 ,
1181 1087 1234 1131 et
1257 1080 1501 1147 princeps
1530 1081 1949 1148 publicanorum.
1981 1083 2080 1136 At-

516 1169 714 1223 tendite
740 1182 979 1223 sanatum
1009 1184 1037 1222 a
1063 1171 1252 1224 morbo
1279 1171 1534 1225 avaritize.
1565 1171 1868 1237 Dimidium,
1890 1175 2073 1242 inquit,

508 1257 749 1310 bonorum
778 1275 999 1312 meorum
1027 1259 1091 1312 do
1121 1261 1452 1328 pauperibus;
1488 1268 1532 1314 et
1559 1261 1602 1313 si
1631 1261 1710 1312 cui
1736 1262 1927 1328 aliquid
1955 1263 2077 1327 tuli,
2099 1295 2122 1308 ν.

506 1348 844 1418 quadruplum
869 1351 1076 1402 reddam
1102 1349 1208 1418 (Id.
1238 1366 1351 1413 xu,
1381 1350 1516 1419 6-8).
1548 1351 1670 1405 Ideo
1695 1352 1928 1406 servavit
1950 1353 2082 1406 alte-

505 1454 623 1492 rum
662 1439 972 1505 dimidium,
1013 1455 1115 1494 non
1151 1456 1256 1510 quo
1289 1440 1572 1508 frueretur,
1609 1442 1700 1496 sed
1735 1443 1874 1496 unde
1900 1443 2078 1499 debita

503 1529 753 1584 solveret.
794 1529 1040 1599 Suscepit
1063 1546 1190 1600 ergo
1217 1541 1338 1584 tunc
1366 1531 1625 1585 medicum
1656 1532 1882 1601 hospitio
1905 1575 1919 1599 ,
1956 1535 2076 1603 quia

503 1627 619 1671 erat
646 1619 923 1673 infirmitas
947 1620 1119 1674 carnis
1146 1621 1197 1674 in
1232 1621 1452 1674 Domino
1472 1662 1485 1683 ,
1523 1621 1605 1675 cui
1639 1621 1739 1676 hoc
1765 1623 2074 1692 obsequium

502 1709 802 1777 praeberent
827 1712 1068 1766 homines
1093 1730 1105 1765 :
1138 1721 1191 1766 et
1217 1712 1339 1779 hoc,
1368 1713 1486 1782 quia
1514 1714 1677 1766 voluit
1699 1723 1952 1784 praestare
1975 1716 2074 1770 ob-

503 1801 878 1868 sequentibus;
921 1802 1332 1872 obsequentibus
1359 1803 1807 1872 enim'proderat,
1844 1820 1944 1858 non
1975 1807 2070 1860 illi.

501 1886 595 1943 Cui
626 1891 764 1944 enim
795 1892 979 1960 Angeli
1007 1892 1404 1956 ministrabant,
1436 1893 1625 1947 horum
1651 1894 1960 1965 obsequium
1987 1912 2074 1952 re-

500 1979 783 2049 quirebat?
823 1981 934 2036 Nec
975 1981 1116 2036 Elias
1149 1976 1345 2036 'servus
1387 1983 1529 2036 illius
1571 1983 1673 2037 hoc
1716 1986 2072 2040 necessarium

499 2069 729 2126 habebat
751 2072 1052 2141 aliquando,
1081 2074 1163 2127 cui
1195 2088 1382 2139 panem
1413 2084 1467 2128 et
1493 2089 1705 2129 carnem
1737 2092 1832 2146 per
1856 2092 2072 2132 corvum

496 2164 774 2228 mittebat;
815 2171 868 2218 et
906 2173 1080 2217 tamen
1107 2171 1165 2216 ut.
1189 2165 1340 2217 vidua
1375 2165 1621 2235 religiosa
1650 2166 2068 2236 benediceretur,
2095 2178 2132 2204 θα

496 2253 721 2307 mittitur
757 2267 940 2308 servus
979 2254 1107 2317 Dei,
1151 2254 1382 2322 pascitur
1417 2267 1446 2306 a
1486 2255 1642 2309 vidua
1672 2271 1825 2325 quem
1854 2257 1993 2312 Deus
2018 2259 2070 2312 in

495 2352 704 2397 secreto
739 2343 986 2412 pascebat
1023 2341 1112 2414 (ΙΙΙ
1154 2343 1282 2413 Reg.
1327 2359 1472 2408 xvn,
1515 2344 1658 2414 4-9).
1697 2344 2069 2402 Verumtamen

495 2447 793 2502 quanquam
821 2433 888 2488 de
919 2434 999 2487 his
1029 2434 1199 2488 servis
1227 2434 1315 2489 Dei
1346 2434 1444 2488 sibi
1475 2445 1742 2504 prmsteut,
1774 2439 1861 2507 qui
1887 2454 2070 2494 eorum

496 2522 837 2592 indigentiam
875 2523 1245 2589 considerant,
1286 2533 1502 2592 propter
1536 2525 1676 2579 illam
1711 2528 2010 2582 mercedem
2038 2544 2069 2582 a

493 2612 722 2668 Domino
753 2615 803 2668 in
828 2615 1113 2684 Evangelio
1135 2617 1560 2670 manifestissime
1582 2619 1828 2686 positam,
1849 2620 1948 2687 Qui
1968 2639 2071 2677 sus-

447 2695 452 2700 ’
493 2706 614 2773 cipit
633 2708 832 2777 justum
875 2708 927 2759 in
954 2708 1152 2760 nomine
1167 2709 1297 2776 justi
1316 2750 1330 2773 ,
1374 2709 1646 2762 mercedem
1665 2711 1793 2779 justi
1824 2715 2068 2783 accipiet;

492 2805 540 2847 et
559 2796 643 2865 qui
662 2796 868 2866 suscipit
891 2798 1182 2866 prophetam
1208 2799 1260 2850 in
1281 2800 1480 2851 nomine
1499 2800 1772 2869 propheta},
1797 2804 2068 2858 mercedem

492 2884 750 2954 propheta:
777 2885 1021 2952 accipiet;
1061 2895 1106 2938 et
1143 2887 1226 2954 qui
1254 2887 1446 2940 dederit
1473 2887 1680 2942 calicem
1703 2906 1848 2958 aqua:
1870 2891 2070 2962 frigida:

490 2974 581 3026 uni
619 2990 681 3026 ea;
719 2975 795 3027 his
829 2975 1047 3027 minimis
1084 2984 1274 3027 tantum
1304 2977 1354 3028 in
1385 2977 1581 3030 nomine
1618 2978 1885 3046 discipuli,
1923 2998 2067 3036 amen

491 3062 603 3115 dico
627 3063 794 3128 vobis,
831 3080 931 3116 non
961 3065 1131 3133 perdet
1154 3066 1425 3118 mercedem
1453 3083 1595 3119 suam
1623 3067 1828 3139 (Matth.
1854 3085 1910 3134 ι,
1937 3071 2000 3124 di
2021 3082 2066 3126 et
2093 3103 2097 3108 -
2132 3109 2135 3112 -

489 3150 580 3221 42)
614 3169 626 3204 :
659 3152 898 3220 quamvis
927 3168 1052 3221 ergo
1079 3153 1178 3207 sibi
1206 3164 1454 3222 praestent
1483 3158 1568 3225 qui
1604 3157 1703 3213 hoc
1727 3160 1954 3227 faciunt,
1985 3170 2064 3216 ta-

447 3247 450 3249 ‘
489 3258 611 3297 men
655 3259 754 3298 nec
791 3243 893 3298 hoc
932 3255 1136 3312 poterat
1171 3247 1392 3313 praeberi
1428 3263 1715 3303 ascensuro
1756 3251 1806 3303 in
1847 3253 2061 3307 ccelum.

490 3334 626 3400 Quid
658 3335 733 3388 illi
760 3343 965 3403 poterat
988 3336 1282 3389 retribuere
1305 3337 1510 3403 Petrus,
1534 3340 1621 3407 qui
1649 3340 1858 3395 amabat
1882 3343 2063 3398 illum?

489 3425 624 3480 Audi
649 3425 772 3494 quid
799 3443 810 3478 :
839 3423 1002 3478 Pasce
1026 3441 1137 3478 oves
1161 3443 1327 3490 meas;
1355 3427 1403 3480 id
1432 3436 1530 3491 est,
1565 3428 1668 3482 Fac
1695 3445 1790 3498 pro
1818 3431 2062 3487 fratribus

489 3517 629 3585 quod
656 3531 750 3586 pro
775 3524 828 3572 te
853 3516 970 3571 feci.
994 3516 1190 3572 Omnes
1215 3518 1468 3586 sanguine
1489 3533 1609 3574 meo
1630 3519 1828 3574 redemi
1857 3539 1869 3575 :
1901 3523 2061 3578 nolite
2098 3551 2118 3562 κ-

487 3607 726 3662 dubitare
756 3609 889 3662 mori
921 3623 1018 3678 pro
1047 3609 1285 3663 veritatis
1312 3609 1663 3676 confessione,
1689 3621 1743 3665 ut
1767 3615 1943 3667 caeteri
1966 3629 2060 3669 vos

485 3699 776 3754 imitentur.

555 3793 609 3846 6.
648 3791 752 3847 Sed
779 3791 923 3859 haec,
951 3801 1009 3846 ut
1036 3792 1264 3846 diximus
1281 3832 1295 3857 ,
1322 3791 1516 3849 fratres
1533 3835 1547 3860 ,
1574 3795 1804 3864 perfecta
1832 3797 2059 3853 Charitas

485 3891 596 3948 est;
624 3875 713 3952 qui
738 3891 891 3936 natus
919 3891 1000 3937 est
1025 3897 1088 3936 ex
1115 3883 1245 3947 Deo,
1273 3883 1433 3938 habet
1458 3884 1623 3940 illam.
1649 3885 1889 3941 lntendat
1915 3889 2058 3943 Cha-

482 3973 614 4026 ritas
650 3981 855 4036 vestra,
895 3973 1069 4027 videte
1089 3973 1212 4042 quid
1249 3974 1439 4027 dicam.
1470 3976 1605 4030 Ecce
1633 3980 1837 4047 accepit
1865 3979 2055 4034 Sacra-
2081 4001 2086 4011 ι

485 4068 722 4114 mentum
770 4062 1055 4115 nativitatis
1095 4062 1254 4115 homo
1293 4063 1613 4132 baptizatus;
1658 4067 2056 4126 Sacramentum

486 4149 678 4214 habet,
705 4160 758 4203 et
776 4165 1020 4220 magnum
1045 4152 1443 4206 Sacramentum
1461 4195 1474 4218 ,
1503 4156 1732 4211 divinum
1749 4201 1764 4225 ,
1795 4171 2052 4228 sanctum,

486 4240 765 4294 ineffabile.
791 4241 1080 4297 Considera
1106 4243 1260 4312 quale
1285 4261 1297 4297 :
1324 4255 1378 4298 ut
1400 4260 1590 4300 novum
1614 4249 1879 4305 hominem
1904 4253 2060 4310 faciat

484 4331 793 4387 dimissione
826 4333 1061 4387 omnium
1099 4341 1455 4403 peccatorum.
1497 4337 1746 4392 Attendat
1789 4353 1961 4396 tamen
2001 4345 2054 4399 in

482 4441 596 4491 cor,
623 4426 668 4479 si
695 4425 984 4494 perfectum
1005 4435 1086 4480 est
1111 4425 1203 4494 ibi,
1231 4427 1371 4496 quod
1392 4427 1584 4482 factum
1607 4439 1687 4485 est
1712 4433 1764 4486 in
1790 4447 2012 4502 corpore
2038 4455 2051 4491 :
2081 4467 2100 4469 -ί

481 4517 658 4574 videat
682 4519 724 4571 si
746 4517 905 4571 habet
925 4517 1234 4573 cbaritatem
1257 4559 1271 4584 ,
1308 4529 1361 4572 et
1389 4528 1514 4574 tunc
1543 4521 1715 4590 dicat,
1746 4523 1909 4579 Natus
1936 4541 2052 4581 sum

481 4625 548 4664 ex
585 4608 715 4662 Deo.
758 4607 812 4662 Si
843 4618 1019 4662 autem
1061 4624 1166 4662 non
1207 4607 1395 4674 habet,
1444 4609 1800 4667 characterem
1840 4615 2050 4683 quidem

478 4699 785 4768 impositum
815 4698 1002 4763 habet,
1038 4699 1132 4754 sed
1162 4699 1402 4754 desertor
1429 4710 1665 4770 vagatur.
1695 4703 1894 4758 Habeat
1923 4706 2052 4759 cha-

478 4791 717 4857 ritatem;
743 4790 896 4844 aliter
917 4805 1020 4844 non
1043 4805 1100 4845 se
1123 4790 1261 4844 dicat
1285 4798 1464 4844 natum
1489 4807 1552 4845 ex
1580 4794 1703 4866 Deo.
1733 4794 1834 4848 Sed
1859 4795 2048 4862 habeo,

479 4881 684 4949 inquit,
744 4889 1151 4934 sacramentum.
1196 4881 1331 4934 Audi
1380 4881 1685 4950 Apostolum
1732 4901 1744 4936 :

477 4973 646 5028 omnia
680 4982 992 5027 sacramenta
1015 5013 1028 5038 ,
1070 4982 1116 5026 et
1155 4973 1362 5025 habeam
1409 4990 1603 5027 onmem
1648 4976 1797 5044 fidem
1822 5017 1836 5041 ,
1882 4979 1952 5030 ita
1995 4988 2050 5032 ut

475 5074 665 5119 montes
691 5068 1009 5135 transferam,
1035 5065 1324 5118 charitatem
1350 5073 1514 5117 autem
1541 5081 1638 5119 non
1667 5067 1892 5135 habeam,
1923 5069 2050 5123 nihil

475 5172 584 5208 sum
617 5154 657 5226 (l
686 5153 801 5208 Cor.
833 5171 960 5220 xm,
987 5153 1065 5226 2).

547 5246 598 5298 7.
629 5245 759 5309 Hoc,
788 5246 830 5298 si
858 5245 1191 5309 meministis,
1219 5245 1724 5314 commendavimus,
1747 5262 1864 5303 cum
1894 5250 2047 5305 istam

478 5338 765 5407 Epistolam
799 5340 975 5408 legere
1014 5338 1396 5406 inciperemus,
1438 5338 1565 5392 nihil
1600 5340 1650 5392 in
1687 5355 1748 5392 ea
1784 5341 1933 5395 nobis
1971 5345 2049 5397 sic
2085 5380 2090 5382 -

477 5428 865 5493 commendari,
901 5428 1164 5498 quomodo
1189 5427 1517 5481 charitatem.
1551 5429 1612 5482 Et
1641 5429 1686 5483 si
1710 5430 1916 5485 videtur
1945 5433 2046 5487 alia

475 5527 532 5573 et
557 5519 654 5571 alia
681 5519 883 5584 dicere,
913 5519 1038 5572 illuc
1065 5518 1186 5572 facit
1212 5520 1470 5584 reditum;
1502 5527 1554 5573 et
1580 5519 1642 5572 ad
1670 5520 1836 5589 ipsam
1868 5522 2046 5576 chari-

478 5616 638 5663 tatem
665 5609 839 5662 omnia
867 5610 979 5663 vult
1005 5610 1206 5664 referre
1230 5625 1577 5680 quaicumque
1613 5610 1823 5664 dixerit.
1857 5611 2046 5667 Videa-

477 5715 596 5755 mus
623 5699 670 5754 si
694 5709 748 5755 et
777 5699 861 5754 hic
885 5699 986 5756 hoc
1013 5701 1153 5755 facit.
1185 5701 1412 5757 Attende
1436 5718 1448 5755 :
1482 5701 1659 5756 Omnis
1682 5702 1767 5772 qui
1796 5711 1945 5759 natus
1971 5713 2045 5760 est
2118 5721 2124 5726 '

1252 326 1321 382 IN
1358 325 1740 385 EPISTOLAM
1783 329 2065 390 JOANNlS
2101 331 2194 392 an
2232 334 2564 410 PARTHOS,
2604 343 2660 400 s.
2691 307 3047 408 Ancusriui

1792 4885 1855 4938 Si
1896 4888 2051 4940 sciam
2079 4905 2092 4930 '.
2112 4914 2120 4935 ι

3625 373 3771 435 εοισ

2198 467 2261 504 ex
2279 451 2408 520 Deo,
2430 472 2530 511 non
2550 460 2671 528 facit
2690 475 2962 532 peccatum.
2985 470 3280 538 Quaerimus
3297 480 3438 548 quod
3460 496 3732 552 peccatum
3752 512 3770 549 :

2198 544 2318 609 quia
2344 545 2388 599 si
2414 561 2572 605 omne
2593 552 2949 626 intellexeris,
2979 568 3270 623 contrarius
3294 572 3398 628 erit
3422 575 3500 630 illi
3528 579 3675 650 loco,
3703 585 3771 640 Si

3556 631 3568 632 ,
3587 631 3606 635 ,
3618 631 3638 635 -
3658 631 3675 650 ,
3703 631 3771 640 ,η

2197 631 2468 690 dixerimus
2492 641 2610 709 quia
2636 657 2892 712 peccatum
2919 669 3018 706 mm
3044 653 3301 728 habemus,
3333 669 3660 739 nosmetipsos
3683 690 3772 729 se-

2195 723 2422 782 ducimus
2442 771 2454 793 ,
2492 741 2538 785 et
2565 736 2746 790 veritas
2771 739 2824 792 in
2851 741 2991 797 nol-as
3016 761 3117 800 aen
3145 759 3234 804 est.
3270 723 3406 823 Ergo
3443 723 3584 815 dicit
3622 723 3772 833 quod

2195 826 2465 882 peccatum
2487 863 2501 886 ,
2532 823 2719 880 doceat
2745 842 2874 898 nos;
2903 845 2972 888 ne
3003 833 3139 892 forte
3168 854 3269 910 ego
3304 853 3504 903 temere
3539 823 3770 910 dixerim

2151 969 2154 972 ξ
2192 917 2462 972 peceatum
2490 910 2590 966 hoc
2614 929 2733 971 esse
2762 918 3096 980 vieiationem
3122 928 3392 988 charitatis
3411 977 3426 1001 ,
3453 941 3573 1007 quia
3601 958 3765 1014 supra

2191 994 2352 1060 dixit,
2385 999 2486 1066 Qu
2511 1003 2614 1055 odit
2643 1009 2848 1074 fratrem
2873 1028 3051 1081 suum,
3080 1017 3132 1072 in
3167 1025 3376 1078 tenebris
3399 994 3502 1095 est;
3532 1041 3580 1084 et
3603 994 3762 1090 inrte-

2190 1085 2353 1140 nebris
2378 1089 2620 1160 ambulat,
2654 1105 2699 1148 et
2727 1101 2881 1152 nescit
2908 1118 3005 1170 quo
3029 1116 3128 1173 eat,
3156 1112 3274 1179 quia
3299 1085 3510 1173 tenebrté
3533 1139 3766 1179 exceca-

2187 1188 2362 1230 verunt
2388 1181 2559 1236 oculos
2585 1187 2696 1255 ejus
2726 1188 2769 1260 (Ι
2792 1189 2947 1246 Joan.
2975 1211 3040 1261 ιι,
3068 1198 3180 1269 Η).
3204 1201 3309 1260 Sed
3339 1209 3473 1264 forte
3500 1212 3632 1268 dixit
3658 1217 3762 1272 ali-

2187 1267 2312 1334 quid
2339 1269 2391 1322 in
2423 1275 2829 1346 posterioribus,
2861 1292 2913 1336 ct
2942 1267 3232 1346 nominavit
3259 1295 3567 1356 charitatem
3592 1306 3632 1360 ⁵.
3663 1307 3762 1362 Vi-

2185 1356 2308 1413 dete
2343 1362 2463 1429 quia
2501 1365 2752 1422 circuitus
2780 1370 2869 1427 ille
2899 1377 3176 1435 verborum
3207 1382 3346 1441 hunc
3375 1388 3535 1446 habet
3563 1394 3756 1464 ﬁnem,

2187 1446 2326 1504 hunc
2351 1449 2508 1507 habet
2533 1457 2758 1512 exitum.
2790 1462 2962 1520 Omnis
3001 1471 3087 1537 qui
3120 1483 3267 1528 natus
3291 1486 3363 1531 cst
3389 1497 3452 1534 ea:
3483 1482 3624 1550 Deo,
3657 1446 3758 1543 nor;

2184 1551 2385 1608 peccat;
2420 1545 2537 1612 quia
2562 1564 2726 1603 semen
2753 1554 2860 1622 ejus
2883 1556 2935 1610 in
2965 1557 3074 1627 ipso
3099 1575 3284 1618 manet.
3318 1567 3508 1624 Semen
3542 1545 3632 1629 Dei
3653 1615 3670 1642 ,
3703 1578 3756 1633 id

2183 1641 2292 1696 est,
2322 1634 2541 1690 verbum
2569 1638 2662 1694 Dei
2690 1659 2702 1693 :
2733 1644 2871 1699 unde
2895 1646 3022 1703 dicit
3046 1652 3360 1722 Apostolus,
3391 1658 3494 1715 Per
3517 1634 3756 1737 Evange-

2182 1721 2305 1775 lium
2339 1741 2430 1793 ego
2464 1744 2548 1782 vos
2579 1733 2729 1800 genui
2757 1733 2799 1805 (Ι
2825 1734 2939 1790 Cor.
2969 1754 3040 1806 iv,
3072 1721 3182 1814 175).
3211 1745 3280 1799 Et
3314 1721 3413 1803 non
3443 1764 3602 1820 potest
3635 1721 3756 1824 p24:-

2181 1829 2326 1878 care,
2356 1819 2473 1886 quia
2503 1837 2564 1873 ea;
2591 1820 2701 1876 Deo
2731 1835 2875 1880 natus
2909 1841 2998 1883 est.
3043 1833 3190 1888 Dicat
3226 1836 3356 1906 hoc,
3396 1819 3671 1903 videamus
3699 1851 3754 1905 in

2180 1919 2286 1973 quo
2310 1921 2415 1960 non
2450 1920 2624 1977 potest
2656 1929 2893 1982 peccare.
2925 1920 2991 1974 In
3033 1924 3126 1977 hoc
3163 1925 3466 2002 manifestati
3503 1948 3620 1990 sunt
3655 1941 3755 2008 filii

2180 1991 2278 2045 Dei
2309 2005 2357 2048 et
2389 1999 2484 2065 ﬁlii
2509 2001 2711 2057 diaboli.
2744 2006 2918 2062 Omnis
2944 2013 3029 2080 qui
3053 2031 3153 2068 non
3176 2027 3247 2070 est
3263 1991 3435 2090 justus
3452 2065 3467 2089 ,
3493 2042 3592 2079 non

2179 2080 2287 2135 Deo
2306 2124 2320 2146 ,
2349 2095 2396 2139 et
2423 2090 2510 2156 qui
2533 2107 2632 2144 non
2658 2094 2822 2165 diligit
2844 2098 3051 2166 fratrem
3073 2121 3237 2163 suum.
3263 2080 3422 2167 Certe
3440 2080 3549 2182 iam
3577 2121 3750 2174 mani-

2180 2172 2367 2230 festum
2394 2189 2476 2234 est
2501 2184 2638 2238 unde
2659 2186 2830 2254 dicat,
2857 2189 2926 2244 Et
2949 2195 3035 2263 qui
3058 2213 3158 2251 non
3184 2200 3382 2272 diligit,
3409 2172 3612 2277 inquit,
3641 2172 3755 2280 [ὲᾷ-

2179 2275 2302 2318 trem
2326 2286 2491 2324 suum.
2519 2273 2738 2331 Dilectio
2767 2295 2893 2350 ergo
2917 2285 3028 2340 sola
3055 2287 3307 2347 discernit
3330 2295 3468 2351 inter
3483 2273 3628 2356 filios
3641 2273 3752 2362 'Dei

2177 2366 2231 2410 et
2257 2357 2394 2414 filios
2421 2362 2632 2418 diaboli.
2662 2367 2881 2438 Signent
2908 2389 2966 2428 se
2993 2392 3178 2435 omnes
3211 2383 3363 2453 signo
3395 2391 3567 2444 crucis
3591 2391 3752 2449 Chri-

2177 2538 2370 2606 leluia;
2400 2544 2729 2614 baptizentur
2751 2567 2938 2612 omnes
2956 2600 2970 2622 ,
2999 2561 3197 2618 intrent
3222 2566 3517 2640 Ecclesias,
3549 2575 3751 2635 faciant

2111 2659 2129 2667 ~
2175 2632 2404 2698 parietes
2425 2634 2757 2696 basilicarum
2783 2662 2795 2697 :
2819 2662 2923 2702 non
2946 2649 3318 2712 discernuntur
3339 2661 3429 2716 filii
3453 2665 3546 2720 Dei
3569 2682 3600 2722 a
3621 2668 3749 2726 filiis

2175 2717 2400 2789 diaboli,
2431 2725 2533 2779 nisi
2565 2727 2840 2788 charitate.
2881 2736 2980 2804 Qui
3016 2742 3208 2799 habent
3245 2717 3590 2821 charitatein,
3631 2762 3751 2815 nati

2175 2819 2299 2865 sunt
2327 2827 2391 2867 ex
2421 2814 2531 2870 Deo
2554 2835 2568 2871 :
2593 2820 2680 2888 qui
2710 2837 2815 2877 non
2845 2824 3071 2897 habent,
3106 2849 3209 2889 non
3240 2849 3363 2894 sunt
3390 2845 3494 2897 nati
3517 2814 3588 2900 ex
3609 2848 3747 2904 Deo.

2173 2900 2413 3004 blagnum
2465 2906 2752 2978 indicium,
2803 2930 2991 2986 magna
3039 2921 3306 2980 discretio.
3352 2900 3751 3004 Quidquid

2173 2989 2340 3058 habe;
2375 2996 2473 3050 hoc
2494 3000 2665 3054 solum
2696 3019 2801 3058 non
2829 3005 3022 3064 habeas
3041 3054 3055 3076 ,
3084 3014 3214 3070 nihil
3241 3019 3334 3073 tibi
3356 2989 3570 3089 prodest
3594 3045 3608 3080 :
3638 3029 3749 3085 alia

2171 3081 2217 3133 si
2243 3097 2344 3137 non
2367 3084 2582 3156 habeas,
2607 3091 2707 3147 hoc
2732 3095 2884 3159 habe,
2908 3109 2961 3154 et
2985 3101 3212 3172 implesti
3234 3081 3448 3178 Legem.
3480 3115 3584 3180 Qui
3607 3081 3748 3173 enim

2172 3171 2332 3241 diligit
2359 3175 2586 3244 alterum,
2614 3181 2794 3253 Legem
2815 3171 3153 3258 implevitfait
3171 3171 3456 3265 Aposiolus
3479 3171 3588 3269 et,
3619 3171 3749 3264 Pls;

2169 3262 2345 3316 nitudo
2378 3265 2521 3337 Legis
2545 3271 2763 3327 Charitas
2796 3275 2967 3345 (Rom.
3008 3296 3131 3347 xm,
3172 3262 3371 3358 8,10).
3412 3291 3545 3348 Puto
3574 3262 3742 3353 istam

2166 3538 2404 3604 garitam,
2435 3550 2488 3594 et
2512 3545 2746 3600 vendidit
2768 3553 2942 3604 omnia
2968 3569 3085 3622 quae
3111 3556 3357 3628 habebat,
3387 3572 3440 3617 et
3465 3567 3594 3620 emit
3615 3583 3741 3624 eam

2167 3627 2374 3696 (Matth.
2405 3647 2527 3697 xm,
2556 3635 2668 3704 46).
2703 3637 2826 3693 Hzee
2852 3651 2932 3695 est
2961 3649 3239 3715 margarita
3267 3627 3524 3719 pretiosa,
3561 3659 3747 3714 chari-

2165 3724 2262 3780 tas,
2289 3719 2403 3773 sine
2425 3736 2524 3790 qua
2547 3723 2676 3779 nihil
2705 3727 2794 3780 tibi
2819 3731 3032 3796 prodest
3056 3737 3422 3809 quodcumque
3447 3744 3739 3816 lgibueris:

2164 3821 2319 3875 quam
2348 3809 2392 3863 si
2423 3812 2588 3867 solam
2628 3815 2849 3883 habeas,
2891 3821 3082 3878 sufficit
3123 3826 3233 3880 tibi.
3277 3829 3431 3886 Modo
3470 3809 3592 3889 cum
3632 3837 3744 3895 fide

2163 3898 2327 3965 vides,
2356 3909 2478 3956 tunc
2499 3920 2616 3958 cum
2647 3909 2823 3975 specie
2847 3912 3066 3968 videbis.
3098 3916 3153 3970 Si
3180 3919 3319 3974 enim
3346 3938 3585 3980 amamus
3610 3943 3740 3985 cura

2093 4011 2124 4028 -θ
2164 4007 2267 4045 non
2292 3993 2545 4063 videmus,
2571 4003 2834 4068 quomodo
2858 4009 3239 4077 amplectemur
3266 4030 3383 4070 cum
3410 4021 3740 4080 viderimus?

2161 4081 2264 4136 Sed
2299 4084 2384 4137 ubi
2422 4102 2518 4140 nos
2551 4089 2802 4146 debemus
2836 4101 3121 4154 exercere?
3161 4103 3215 4156 In
3257 4120 3436 4162 amore
3474 4109 3736 4170 fraterno.

2161 4174 2320 4230 Potes
2359 4178 2482 4231 mihi
2523 4180 2728 4246 dicere,
2768 4184 2881 4239 Non
2920 4189 3026 4242 vidi
3067 4192 3260 4260 Deum;
3303 4201 3553 4268 numquid
3581 4213 3740 4272 potes

2160 4267 2290 4320 mihi
2329 4270 2533 4336 dicere,
2574 4273 2686 4327 Non
2730 4276 2834 4330 vidi
2872 4277 3174 4337 hominem?
3205 4285 3368 4357 Dilige
3402 4267 3643 4346 fratrem.
3678 4296 3739 4351 Si

2160 4359 2301 4412 enim
2332 4359 2546 4415 fratrem
2577 4378 2734 4432 quem
2762 4366 2910 4422 vides
2946 4369 3222 4439 dilexeris,
3259 4378 3414 4432 simul
3447 4381 3651 4438 videbis
3680 4397 3741 4442 et

2159 4448 2358 4516 Deum;
2388 4453 2508 4521 quia
2533 4454 2736 4510 videbis
2762 4459 2930 4527 ipsam
2955 4462 3261 4520 charitatem
3282 4509 3297 4534 ,
3324 4479 3376 4524 et
3404 4472 3546 4528 intus
3576 4475 3736 4530 inha-

2157 4540 2289 4596 bitat
2314 4543 2472 4597 Deus.

2227 4634 2280 4688 8.
2324 4634 2421 4699 Qui
2445 4651 2544 4688 non
2570 4646 2643 4690 est
2657 4640 2846 4708 justus,
2879 4658 2976 4694 non
2999 4653 3070 4698 est
3095 4661 3158 4699 ea:
3175 4645 3282 4700 Deo
3297 4664 3318 4712 ;
3346 4661 3394 4705 et
3419 4655 3506 4721 qui
3525 4671 3626 4708 non
3651 4657 3738 4710 di-

2158 4721 2265 4790 ligit
2288 4721 2498 4790 fratrem
2518 4741 2684 4780 suum.
2711 4726 2843 4793 Quia
2863 4730 2968 4782 harc
2988 4743 3060 4785 est
3078 4739 3394 4793 annuntiatio
3423 4755 3442 4793 :
3459 4742 3580 4796 vide
3596 4760 3738 4814 quo-

2157 4810 2315 4863 modo
2338 4811 2616 4867 confirmat
2639 4833 2651 4868 :
2673 4815 2806 4882 Quia
2831 4819 2935 4872 haec
2961 4833 3036 4874 est
3060 4827 3370 4881 annuntiatio
3395 4847 3546 4899 quam
3575 4810 3733 4887 audi-

2154 4900 2312 4954 vimus
2336 4901 2396 4954 ab
2422 4903 2582 4968 initio,
2623 4915 2677 4957 ut
2697 4906 2964 4975 diligamus
2989 4911 3214 4967 invicem.
3247 4915 3599 4974 Manifestavit
3631 4939 3736 4978 no-

2154 4989 2235 5045 bis
2275 4992 2396 5048 inde
2439 5008 2498 5048 se
2535 4995 2750 5052 dicere:
2787 5009 2968 5055 contra
3011 5001 3111 5058 hoc
3149 5007 3448 5064 mandatum
3489 5013 3738 5082 quisquis

2153 5081 2298 5149 facit,
2345 5084 2397 5138 in
2426 5096 2640 5155 peccato
2681 5089 2768 5143 illo
2795 5102 2877 5145 est
2918 5095 3194 5160 scelerato,
3226 5100 3279 5153 in
3305 5103 3443 5171 quod
3484 5081 3731 5162 incidunt

2153 5176 2240 5244 qui
2269 5191 2374 5230 non
2395 5181 2684 5234 nascuntur
2710 5196 2775 5236 ex
2807 5183 2933 5238 Deo.
2963 5185 3082 5239 Non
3108 5190 3237 5241 sicut
3263 5189 3386 5245 Cain
3409 5197 3493 5262 qui
3523 5213 3585 5248 ea:
3612 5215 3734 5250 ma-

2153 5267 2290 5336 ligno
2326 5277 2452 5332 erat,
2479 5279 2525 5323 et
2549 5271 2730 5324 occidit
2758 5275 2962 5342 fratrem
2998 5292 3164 5330 suum.
3196 5278 3263 5332 Et
3288 5284 3432 5352 cujus
3467 5286 3540 5335 rei
3562 5289 3733 5354 gratia

2153 5356 2378 5410 occidit?
2421 5357 2552 5424 Quia
2588 5376 2738 5429 apcra
2765 5363 2872 5426 eius
2911 5363 3133 5436 maligna
3165 5369 3381 5436 fuerunt,
3411 5373 3585 5441 fratris
3613 5389 3735 5428 uero

2152 5449 2260 5516 ejus
2291 5448 2445 5514 iusta.
2478 5448 2616 5518 Ergo
2642 5451 2727 5503 ubi
2765 5459 2845 5505 est
2873 5453 3093 5522 invidia,
3135 5474 3282 5513 amor
3309 5460 3573 5517 fraternus
3605 5479 3736 5522 esse

2153 5554 2256 5592 non
2289 5547 2478 5609 potest.
2503 5540 2739 5597 lutendat
2767 5542 3008 5603 Charitas
3033 5560 3223 5604 vestra.
3252 5551 3349 5620 Qui
3371 5553 3592 5623 invidet,
3617 5573 3734 5616 non

2217 5717 2235 5748 ι
2259 5723 2465 5774 Quatuor
2484 5725 2610 5783 uss,
2637 5725 2685 5771 et
2705 5733 2798 5772 non
2815 5720 3069 5776 nominavit
3088 5722 3384 5777 claritatem.
