4076 6476
294 412 436 472 εξῡιτ

295 985 341 1035 la
351 993 499 1038 retur
514 984 627 1053 ipsa
644 984 894 1050 charitas,
914 984 1146 1041 Charitas
1161 1002 1258 1040 non
1275 986 1543 1041 aemulatur
1556 987 1599 1056 (l
1613 988 1727 1042 Cor.
1749 1004 1859 1055 xm,

289 1076 352 1144 ⁸).
384 1076 501 1130 Non
529 1075 627 1130 fuit
651 1077 880 1131 charitas
910 1078 963 1131 in
991 1078 1153 1141 Cain;
1181 1089 1233 1132 et
1260 1080 1359 1133 nisi
1383 1091 1523 1134 esset
1548 1080 1777 1135 charitas
1808 1082 1862 1135 in

282 1168 433 1230 Abel,
468 1183 574 1223 non
597 1169 864 1237 acciperet
887 1169 1026 1224 Deus
1050 1170 1366 1224 sacrificium
1392 1172 1524 1240 ejus.
1553 1172 1685 1227 Cum
1717 1175 1859 1228 enim

280 1258 437 1313 ambo
467 1260 800 1326 obtulissent,
832 1262 919 1315 ille
949 1261 1014 1316 de
1040 1262 1297 1317 fructibus
1323 1257 1499 1331 terra),
1525 1266 1611 1321 ille
1636 1266 1702 1321 de
1736 1266 1860 1321 feti-

278 1348 374 1402 bus
418 1348 629 1414 ovium;
672 1351 797 1419 quid
827 1352 1042 1420 putatis,
1074 1351 1285 1419 fratres,
1327 1354 1449 1424 quia
1480 1357 1616 1410 Deus
1656 1356 1859 1413 fructus
1890 1369 1934 1412 fc»

278 1447 434 1494 terra:
464 1440 712 1511 neglexit,
749 1452 804 1497 et
848 1444 982 1497 fetus
1018 1444 1194 1499 ovium
1238 1445 1454 1501 dilexit?
1480 1447 1596 1502 Non
1635 1450 1860 1505 intendit

275 1531 417 1585 Deus
456 1533 522 1587 ad
559 1535 819 1600 manus‘;
866 1534 961 1590 sed
991 1536 1042 1590 in
1078 1538 1239 1593 corde
1264 1538 1394 1593 vidit
1426 1548 1517 1594 :et
1544 1555 1699 1611 quem
1726 1541 1858 1597 vidit

273 1639 394 1677 eum
441 1625 699 1681 charitate
750 1625 960 1694 oﬂ‘erre,
1019 1627 1185 1698 ipsius
1222 1631 1537 1686 sacriﬁcium
1582 1633 1854 1702 respexit;

272 1732 435 1792 quem
464 1718 596 1773 vidit
638 1734 758 1774 cum
804 1720 996 1773 invidia
1040 1720 1251 1785 offerre,
1292 1722 1358 1777 ab
1389 1723 1552 1793 ipsius
1598 1724 1856 1779 sacriﬁcio

272 1807 459 1862 oculos
495 1809 702 1863 avertit.
746 1809 917 1879 Opera
960 1827 1085 1881 ergo
1109 1812 1245 1866 bona
1276 1814 1407 1868 Abel
1447 1829 1554 1869 non
1582 1815 1709 1870 dicit
1754 1816 1855 1870 nisi
1888 1847 1913 1855 —

271 1896 588 1953 charitatem
617 1916 630 1951 :
656 1915 815 1969 opera
854 1901 991 1954 mala
1034 1902 1163 1956 Cain
1214 1917 1319 1957 non
1359 1904 1486 1958 dicit
1530 1905 1631 1959 nisi
1675 1905 1855 1960 odium

274 1986 586 2044 fraternum.
616 1990 809 2046 Parum
839 2003 922 2047 est
951 1994 1071 2063 quia
1096 1993 1209 2049 odit
1235 1993 1451 2051 fratrem
1494 2011 1666 2063 suum,
1697 2007 1750 2053 et
1777 1999 1856 2052 in-

271 2079 403 2133 vidit
441 2082 689 2149 operibus
713 2083 894 2147 bonis;
937 2085 1057 2153 quia
1097 2086 1293 2140 imitari
1318 2087 1507 2155 noluit,
1540 2104 1730 2144 necare
1757 2106 1853 2144 vo-

272 2172 498 2227 luit.'Et
526 2173 649 2228 hinc
688 2176 929 2245 apparuit
956 2178 1074 2246 quia
1108 2179 1247 2232 ﬁlius
1288 2188 1401 2233 erat
1426 2179 1640 2245 diaboli,
1683 2191 1736 2235 et
1766 2182 1856 2236 ille

273 2263 397 2320 hinc
426 2268 668 2336 apparuit
696 2267 871 2336 justus
900 2268 1011 2322 Dei.
1041 2268 1173 2324 Hinc
1199 2284 1326 2340 ergo
1354 2270 1725 2324 discernuntur
1755 2270 1852 2325 ho-
1884 2286 1891 2307 ³

272 2358 468 2424 mines,
497 2357 691 2413 fratres
719 2360 842 2414 mei.
873 2359 1039 2414 Nemo
1064 2360 1301 2415 attendat
1328 2362 1552 2431 linguas,
1594 2361 1687 2415 sed
1717 2361 1853 2415 facta

273 2457 329 2503 et
359 2452 511 2503 cor’.
542 2448 596 2505 Si
627 2467 728 2505 non
760 2451 895 2506 bene
923 2451 1077 2505 faciat
1101 2467 1198 2521 pro
1232 2451 1480 2506 fratribus
1508 2454 1638 2518 suis,
1671 2461 1855 2507 osten-

274 2540 351 2596 dit
392 2541 520 2610 quid
557 2542 610 2596 in
652 2555 712 2598 se
756 2542 964 2599 habeat.
998 2543 1400 2599 Tcntationibus
1433 2544 1727 2614 probantur
1754 2544 1855 2599 ho-

276 2649 470 2690 mines.

347 2726 401 2781 9.
446 2723 619 2780 Nolite
636 2726 828 2793 mirari,
860 2730 1061 2800 fratres,
1081 2728 1125 2784 si
1149 2729 1254 2782 odit
1280 2728 1403 2783 nos'
1428 2729 1662 2784 mundus.
1689 2729 1854 2785 Num-

275 2818 404 2888 quid
440 2833 581 2888 saepe
609 2820 759 2873 vobis
784 2819 1063 2875 dicendum
1089 2828 1171 2875 est
1197 2820 1324 2891 quid
1347 2830 1427 2875 est
1451 2821 1713 2876 mundus?
1742 2821 1857 2876 Non

276 2910 496 2977 emtum,
525 2926 629 2964 non
656 2920 811 2976 terra,
838 2925 938 2966 nec
966 2912 1063 2966 ista
1090 2926 1252 2982 opera
1276 2929 1392 2981 qua:
1415 2913 1552 2966 Deus
1577 2912 1733 2977 fecit;
1763 2912 1857 2967 sed

277 3000 564 3055 dilectores
602 3000 805 3055 mundi.
841 3000 943 3055 Ista
972 3016 1112 3070 saepe
1138 3002 1363 3057 dicendo
1387 3002 1701 3072 quibusdam
1730 3016 1859 3056 one-

278 3104 436 3145 rosus
463 3102 582 3145 Sum
612 3109 625 3145 :
652 3092 743 3145 sed
775 3106 943 3161 usque
982 3090 1115 3146 adeo
1153 3106 1261 3145 non
1288 3093 1480 3147 frustra
1507 3092 1645 3157 dico,
1675 3102 1732 3146 ut
1758 3092 1859 3145 ali-

279 3184 369 3253 qui
401 3184 793 3254 interrogentur
820 3200 885 3238 an
933 3185 1177 3252 dixerim,
1230 3193 1286 3241 et
1330 3202 1433 3240 non
1480 3185 1855 3254 respondeant.

130 3286 139 3295 ’
228 3279 233 3282 ’
280 3274 424 3344 Ergo
450 3276 536 3329 vel
578 3275 888 3330 inculcando
918 3276 1116 3331 haereat
1160 3276 1355 3347 aliquid
1391 3278 1443 3330 in
1485 3276 1732 3331 cordibus
1767 3290 1860 3329 au-

280 3364 559 3420 dientium.
595 3366 730 3432 Quid
755 3376 837 3421 est
878 3367 1137 3421 mundus?
1167 3367 1387 3421 Mundus
1431 3377 1532 3434 est,
1567 3367 1778 3437 quando
1807 3368 1860 3421 in

281 3457 423 3511 malo
453 3458 685 3527 ponitur,
717 3457 997 3512 dilectores
1033 3458 1251 3512 mundi:
1282 3458 1508 3513 mundus
1550 3460 1759 3529 quando
1808 3461 1860 3514 in

283 3547 442 3603 laude
486 3549 717 3619 ponitur,
759 3551 954 3605 caelum
999 3558 1052 3605 et
1098 3559 1236 3605 terra
1281 3560 1381 3615 est,
1427 3560 1481 3606 et
1526 3569 1641 3621 qua:
1684 3554 1736 3606 in
1780 3553 1862 3610 his

283 3655 444 3710 opera
470 3641 561 3695 Dei
584 3658 597 3707 ;
627 3642 764 3696 unde
783 3641 993 3707 dicitur,
1026 3640 1093 3693 Et
1117 3640 1329 3693 mundus
1357 3658 1444 3709 per
1468 3658 1579 3694 eum
1607 3647 1770 3712 factus
1792 3653 1862 3697 est
1890 3668 1901 3671 ν

290 3730 467 3802 (Joan.
500 3748 538 3799 ι,
573 3732 683 3802 10).
708 3732 836 3787 Item
866 3731 1090 3786 mundus
1111 3739 1192 3785 est
1221 3731 1490 3800 plenitudo
1520 3741 1696 3795 terrae,
1727 3734 1865 3787 sicut

284 3822 420 3877 dixit
449 3824 563 3892 ipse
582 3823 830 3887 Joannes,
863 3822 980 3875 Non
1009 3824 1170 3875 solum
1198 3832 1364 3875 autem
1388 3832 1669 3875 nostrorum
1693 3840 1866 3893 pecca-

287 3923 454 3967 torum
488 3914 784 3983 propitiator
811 3924 899 3979 est,
925 3913 1011 3967 sed
1030 3922 1077 3967 et
1102 3914 1249 3966 totius
1278 3913 1450 3966 mundi
1477 3911 1687 3983 (lJoan.
1706 3929 1762 3979 tt,
1780 3914 1860 3985 2).

286 4011 467 4065 Mundi
493 4011 621 4066 dicit
649 4013 884 4066 omnium
914 4012 1144 4067 ﬁdelium
1187 4028 1281 4082 per
1319 4013 1499 4067 orbein
1538 4027 1861 4081 sparsorum.

288 4104 517 4159 Mundus
556 4112 730 4159 autem
772 4105 825 4159 in
858 4106 1018 4170 malo,
1050 4114 1315 4160 amatores
1353 4105 1532 4159 mundi
1580 4113 1720 4159 sunt.
1765 4104 1929 4171 Qui

290 4206 474 4251 amant
496 4198 774 4265 mundum,
807 4197 1021 4253 fratrem
1048 4213 1227 4253 amare
1255 4215 1359 4252 non
1382 4207 1619 4267 possunt.

361 4288 450 4342 10.
493 4288 554 4341 Si
589 4288 693 4342 odit
722 4305 812 4342 nos
841 4289 1059 4342 mundus
1087 4306 1103 4342 :
1128 4306 1218 4343 nos
1243 4292 1444 4343 scimus.
1474 4290 1608 4357 Quid
1643 4304 1740 4343 nos
1767 4290 1868 4344 sci-

290 4381 454 4436 mus?
487 4381 617 4447 Quia
646 4382 964 4435 transivimus
987 4382 1047 4435 de
1087 4391 1245 4435 morte
1277 4382 1343 4433 ad
1373 4384 1541 4435 vitam.
1576 4382 1723 4437 Unde
1760 4384 1867 4436 sci-

292 4473 448 4525 mus?
491 4472 621 4538 Quia
660 4472 911 4542 diligimus
940 4477 1139 4543 fratres.
1174 4472 1339 4527 Nemo
1382 4473 1668 4541 interroget
1702 4474 1871 4527 homi-

294 4578 452 4627 nem;
497 4564 682 4617 redeat
719 4565 1076 4633 unusquisque
1104 4563 1167 4617 ad
1197 4578 1291 4618 cor
1319 4579 1469 4617 suum
1501 4580 1513 4615 :
1547 4565 1589 4618 si
1619 4563 1689 4617 ibi
1721 4564 1868 4617 inve-

292 4655 433 4709 nerit
449 4655 759 4709 charitatem
787 4655 1093 4723 fraternam,
1118 4670 1331 4710 securus
1354 4656 1442 4721 sit,
1462 4655 1578 4724 quia
1607 4655 1813 4711 transiit
1839 4670 1870 4709 a

293 4755 469 4800 morte
512 4746 578 4800 ad
616 4746 798 4800 vitam.
838 4746 953 4801 Jam
999 4747 1051 4800 in
1092 4746 1307 4801 dextera
1336 4756 1418 4801 est
1446 4764 1459 4800 :
1488 4762 1593 4800 non
1636 4745 1872 4801 attendat

294 4838 417 4906 quia
439 4837 599 4891 modo
616 4838 779 4907 gloria
804 4838 917 4907 ejus
941 4837 1146 4893 occulta
1172 4847 1283 4902 est;
1306 4854 1424 4892 cum
1460 4838 1663 4892 venerit
1687 4838 1869 4893 Domi-

296 4941 415 4991 nus,
451 4936 576 4982 tunc
599 4927 869 4996 apparebit
897 4927 949 4980 in
980 4928 1166 4997 gloria.
1202 4927 1350 4996 Viget
1378 4927 1539 4991 enim,
1571 4927 1664 4981 sed
1701 4927 1873 4981 adhuc

297 5021 349 5073 in
382 5021 595 5082 hieme;
624 5021 765 5090 viget
793 5019 963 5083 radix,
997 5019 1092 5074 sed
1120 5020 1266 5088 quasi
1288 5018 1419 5073 aridi
1448 5029 1569 5073 sunt
1599 5020 1730 5073 rami
1756 5037 1767 5071 :
1793 5020 1873 5074 in-

298 5120 381 5164 tus
405 5120 488 5165 est
514 5109 744 5165 medulla
776 5125 893 5179 quae
916 5110 1076 5179 viget,
1119 5109 1260 5163 intus
1285 5118 1405 5163 sunt
1430 5108 1556 5162 folia
1600 5109 1868 5175 arborum,

297 5204 436 5257 intus
460 5203 695 5269 fructus;
724 5204 818 5258 sed
843 5211 1079 5257 aestatem
1112 5210 1438 5271 exspectant.
1472 5201 1611 5271 Ergo
1650 5218 1738 5255 nos
1773 5204 1873 5255 sci-

297 5313 406 5350 mus
441 5298 559 5366 quia
592 5296 908 5350 transivimus
950 5296 1012 5347 de
1048 5303 1201 5347 morte
1242 5295 1309 5347 ad
1336 5294 1505 5356 vitam,
1546 5294 1663 5363 quia
1706 5293 1875 5364 diligi-

299 5404 406 5440 mus
448 5392 647 5459 fratres.
683 5387 784 5453 Qui
810 5403 909 5439 non
939 5386 1120 5454 diligit,
1147 5396 1313 5439 manet
1341 5386 1393 5438 in
1420 5395 1593 5437 morte.
1624 5384 1697 5438 Ne
1726 5394 1876 5452 pntc:

301 5477 388 5545 tis,
428 5478 639 5543 fratres,
669 5478 789 5532 leve
814 5492 952 5541 esse,
981 5476 1156 5530 odisse
1184 5486 1273 5530 aut
1299 5492 1401 5529 non
1427 5475 1667 5545 diligere,
1696 5475 1873 5530 audite
1914 5508 1919 5511 τ

300 5569 438 5640 quod
468 5569 705 5639 sequitur
728 5587 741 5624 :
768 5568 943 5621 Omnis
966 5569 1052 5637 qui
1077 5568 1180 5621 odit
1195 5569 1400 5637 fratrem
1427 5584 1591 5633 suum,
1624 5567 1874 5621 homicida

365 5725 383 5755 ³
412 5730 510 5771 Am.
534 5723 639 5774 Bad.
666 5731 739 5771 Er.
766 5730 817 5773 et
847 5724 1063 5785 quinque
1097 5730 1223 5785 Mss,
1248 5722 1312 5772 ad
1330 5733 1515 5785 auarus.

365 5787 386 5848 ξ
408 5792 586 5834 Decem
608 5792 733 5845 Mss,
757 5785 842 5835 sed
865 5782 1008 5848 facta.
1034 5794 1123 5848 (jar
1145 5782 1300 5848 sinon
1329 5784 1440 5834 bene
1465 5783 1626 5848 faciat.

368 5846 388 5879 ³
410 5848 483 5897 Sic
504 5854 610 5898 Mss.
638 5854 693 5898 Al.
713 5860 847 5897 sacra
869 5846 1031 5911 Biblia,
1057 5846 1244 5910 humus,
1266 5860 1361 5898 vos.

1462 414 1868 476 TRACTATUS
1902 415 1964 477 ν.
2005 414 2228 481 ΟΛῬΟΤ
2264 423 2349 480 lIl.

287 537 453 581 amnt.
482 527 761 581 Peccatum
788 522 982 581 diaboli
1025 537 1107 583 est
1145 525 1197 583 in
1228 530 1350 595 illo;
1378 532 1495 601 quia
1539 542 1593 587 et
1627 532 1867 588 diabolus

288 618 573 672 invidendo
598 618 809 687 dejecit.
840 619 1043 673 Cecidit
1069 621 1233 687 enim,
1256 632 1310 676 et
1338 622 1522 676 invidit
1550 624 1729 677 stanti.
1751 623 1868 678 Non

285 710 405 765 ideo
436 710 602 764 voluit
625 708 854 778 dejicere
880 719 935 763 nt
961 710 1073 779 ipse
1106 721 1288 776 staret,
1318 713 1410 767 sed
1437 729 1501 767 ne
1536 714 1678 767 solus
1706 715 1865 768 eade-

296 812 382 856 ml.
406 802 609 857 Tenete
647 803 698 857 in
729 803 907 857 animo
944 819 1010 859 ex
1038 803 1140 859 hoc
1164 805 1303 875 quod
1343 807 1586 874 subjecit,
1615 808 1865 863 invidiam

299 910 385 946 non
418 909 575 962 posse
614 907 734 948 esse
776 894 831 947 in
859 896 1137 951 charitate.
1178 896 1351 950 Habes
1381 906 1562 966 aperte
1602 912 1721 951 cum
1752 899 1865 951 lau-
1908 926 1919 931 ~

3401 444 3545 505 2018

1976 545 2064 588 est.
2097 536 2213 590 Jam
2240 554 2365 609 ergo
2390 556 2433 594 ει
2456 546 2824 601 contemnebat
2850 548 3125 619 quisquam
3153 550 3329 609 odium
3350 555 3544 616 frater-

1974 641 2119 689 num,
2152 632 2401 699 numquid
2439 641 2493 688 et
2522 635 2861 693 homicidium
2905 641 2956 695 in
2987 644 3149 700 corde
3186 662 3282 702 suo
3310 661 3543 707 contem-

1974 725 2155 785 pturus
2185 722 2300 774 est?
2328 722 2440 777 Non
2481 738 2656 783 movet
2690 748 2871 788 manus
2901 735 2965 788 ad
2992 739 3337 796 occidendum
3368 743 3542 798 homi-

1973 823 2115 901 nem,
2160 810 2418 901 homicida
2448 817 2553 885 jam
2585 828 2793 876 tenetur
2830 839 2860 877 a
2888 824 3140 895 Domino;
3170 831 3299 886 vivit
3345 834 3455 901 ille,
3486 843 3543 891 et

1972 898 2071 951 iste
2095 898 2203 992 jam
2236 900 2540 959 interfector
2559 907 2840 976 judicatur.
2878 915 3052 970 Omnis
3083 921 3168 987 qui
3191 920 3294 973 odit
3332 898 3540 992 fratrem

1969 1004 2134 1054 suum,
2164 991 2415 1045 homicida
2439 1006 2528 1048 est.
2562 996 2630 1051 Et
2659 1002 2793 1055 scitis
2830 1006 2946 1074 quia
2972 1009 3132 1062 omnis
3167 1010 3417 1067 homicida
3440 1030 3542 1069 non

1969 1079 2113 1133 habet
2135 1082 2285 1136 vitam
2305 1094 2542 1140 aeternam
2570 1090 2622 1142 in
2651 1108 2702 1144 se
2721 1106 3017 1150 manentem.

2039 1171 2124 1224 11.
2166 1171 2233 1225 In
2263 1175 2355 1227 hoc
2404 1180 2742 1246 cognoscimus
2780 1183 3109 1241 dilectionem.
3151 1190 3538 1252 Perfectionem

1966 1258 2258 1315 dilectionis
2285 1264 2427 1329 dicit,
2455 1267 2830 1334 perfectionem
2854 1273 2995 1328 illam
3021 1292 3177 1345 quam
3199 1285 3542 1339 commenda-

1963 1354 2155 1405 vimus.
2196 1351 2262 1406 In
2290 1354 2381 1408 hoc
2419 1360 2759 1426 cognoscimus
2798 1361 3125 1431 dilectionem,
3164 1371 3280 1436 quia
3320 1374 3405 1425 ille
3448 1391 3541 1442 pro

1963 1442 2104 1495 nobis
2130 1445 2350 1498 animam
2369 1463 2509 1500 suam
2532 1452 2697 1517 posuit
2723 1468 2741 1504 :
2771 1461 2816 1505 et
2840 1470 2931 1508 nos
2961 1456 3191 1512 debemus
3224 1463 3420 1515 animas
3445 1481 3539 1531 pro

1964 1534 2200 1603 fratribus
2225 1555 2423 1607 ponere.
2452 1541 2587 1596 Ecce
2612 1543 2749 1597 unde
2771 1547 3030 1615 veniebat,
3061 1549 3226 1616 Petre,
3254 1570 3394 1606 amas
3421 1554 3537 1607 me?

1964 1643 2113 1695 pasce
2141 1644 2252 1684 oves
2271 1647 2424 1684 meas.
2442 1632 2572 1687 Nam
2603 1643 2659 1687 ut
2684 1639 2935 1691 noveritis
2959 1641 3077 1709 quia
3105 1642 3183 1696 sic
3209 1643 3276 1696 ab
3305 1660 3370 1699 eo
3392 1645 3538 1714 pasci

1960 1717 2171 1771 volebat
2199 1734 2326 1774 oves
2355 1734 2493 1785 suas,
2526 1733 2583 1776 ut
2607 1726 2836 1780 animam
2858 1741 3006 1781 suam
3037 1745 3133 1797 pro
3158 1732 3341 1786 ovibus
3366 1748 3537 1801 pone-

1959 1818 2074 1872 ret;
2107 1808 2207 1863 hoc
2229 1810 2300 1863 illi
2321 1813 2569 1867 continuo
2588 1814 2734 1878 dixit,
2774 1834 2793 1867 ‹
2820 1814 2949 1869 Cum
2972 1817 3179 1885 juvenis
3202 1834 3369 1887 esses,
3397 1837 3543 1889 prae-

1966 1899 2213 1969 cingebas
2245 1911 2315 1969 te,
2348 1912 2401 1956 et
2430 1903 2541 1958 ibas
2579 1920 2684 1974 quo
2718 1906 2965 1971 volebas;
3007 1923 3127 1962 cum
3158 1919 3330 1963 autem
3374 1910 3538 1965 fueris

1960 1992 2159 2057 senior,
2187 1994 2318 2048 alius
2349 2004 2400 2050 te
2427 1997 2734 2067 przecinget,
2758 2006 2810 2053 et
2835 2000 2983 2054 tollet
3011 2008 3062 2054 te
3090 2015 3194 2069 quo
3223 2009 3277 2055 tu
3304 2015 3409 2055 non
3434 2003 3534 2056 vis.

1960 2084 2071 2139 Hoc
2097 2095 2275 2140 autem
2308 2088 2460 2151 dixit,
2492 2108 2509 2140 ι
2544 2090 2616 2144 ait
2658 2088 3015 2161 Evangelista,
3053 2111 3071 2144 ‹
3099 2092 3399 2161 signiﬁcans
3434 2108 3536 2162 qua

1960 2185 2130 2231 morte
2150 2178 2530 2233 clariﬁcaturus
2558 2188 2672 2235 erat
2699 2181 2863 2236 Deum
2893 2200 2913 2234 ι
2945 2182 3120 2252 (Joan.
3150 2199 3261 2249 χχι,
3300 2183 3486 2253 15-19)
3518 2200 3533 2237 :

1912 2292 1923 2319 ί
1959 2273 2016 2318 ut
2039 2267 2123 2320 cui
2159 2268 2382 2335 dixerat,
2421 2288 2439 2319 ι
2473 2270 2632 2325 Pasce
2656 2286 2781 2325 oves
2807 2286 2972 2339 meas,
3004 2292 3024 2326 ›
3055 2273 3268 2328 doceret
3286 2288 3406 2328 eum
3428 2289 3531 2342 po-

1959 2370 2087 2410 nere
2113 2359 2340 2411 animam
2370 2375 2464 2428 pro
2490 2360 2674 2415 ovibus
2701 2361 2833 2414 suis.
3053 2369 3060 2419 l

2030 2449 2117 2501 12.
2164 2448 2314 2502 Unde
2336 2449 2514 2519 incipit
2536 2449 2785 2514 eharitas,
2816 2449 3041 2505 fratres?
3070 2449 3329 2505 Modicum
3359 2458 3536 2505 atten—

1959 2541 2068 2596 dite
2097 2558 2109 2592 :
2138 2557 2242 2610 quo
2270 2542 2570 2609 perﬁciatur
2590 2542 2841 2607 audistis;
2873 2544 3043 2611 ipsum
3066 2542 3224 2598 ﬁnem
3245 2551 3299 2597 ct
3322 2542 3539 2597 modum

1959 2633 2131 2702 ipsum
2159 2643 2209 2685 et
2240 2632 2495 2685 Dominus
2522 2633 2574 2685 in
2602 2634 2886 2703 Evangelio
2907 2634 3295 2688 commendavit
3324 2651 3337 2686 :
3369 2632 3543 2702 Majo-

1960 2739 2064 2777 rem
2086 2723 2372 2780 charitatcm
2402 2739 2543 2775 nemo
2569 2724 2733 2787 habet,
2762 2723 2852 2789 ait,
2882 2740 3032 2792 quam
3060 2732 3114 2775 ut
3142 2724 3363 2776 animant
3393 2739 3536 2775 suam

1962 2823 2112 2883 ponat
2138 2830 2227 2882 pro
2271 2814 2441 2865 amicis
2464 2814 2568 2866 suis
2598 2812 2705 2881 (Id.
2742 2829 2833 2877 xv,
2865 2812 2975 2881 15).
3003 2812 3384 2868 Perfectionem
3411 2829 3538 2882 ergo

1961 2906 2075 2973 ejus
2097 2904 2327 2959 ostendit
2347 2904 2395 2957 in
2424 2905 2724 2972 Evangelio,
2751 2913 2804 2958 et
2824 2904 2911 2958 hic
2930 2890 3294 2958 commendata
3321 2914 3401 2959 est
3420 2906 3539 2973 ejus

1961 2999 2217 3069 perfectio
2240 3017 2250 3051 :
2276 2998 2367 3053 sed
2389 2999 2724 3067 interrogatis
2740 3012 2855 3061 vos,
2877 3006 2929 3052 et
2943 2997 3115 3051 dicitis
3131 2997 3299 3063 vobis,
3315 2996 3539 3063 Quando

1963 3107 2242 3161 possumus
2271 3090 2466 3144 habere
2506 3092 2658 3144 istam
2695 3090 3047 3143 charitatem?
3076 3089 3192 3142 Noli
3234 3089 3338 3141 cito
3378 3088 3445 3141 de
3484 3094 3540 3141 te

1963 3182 2245 3251 desperare
2270 3200 2282 3234 :
2308 3182 2441 3235 forte
2471 3189 2591 3234 nata
2618 3189 2718 3245 est,
2752 3180 2847 3234 sed
2878 3181 3108 3233 nondum
3158 3180 3384 3247 perfecta
3414 3187 3533 3242 est;

1964 3278 2104 3328 nutri
2148 3289 2285 3337 eam,
2329 3289 2395 3327 ne
2440 3273 2714 3327 elfocctur.
2764 3271 2867 3325 Sed
2906 3272 3140 3326 dicturus
3182 3287 3239 3325 es
3281 3272 3428 3333 mihi,
3471 3271 3541 3323 Et

1965 3366 2104 3419 unde
2129 3365 2286 3418 novi?
2312 3365 2427 3431 Quo
2446 3364 2587 3419 enim
2620 3363 2918 3430 perficiatur
2944 3362 3272 3424 audivimus;
3302 3361 3441 3413 unde
3468 3360 3543 3412 in-

1966 3456 2124 3524 cipiat
2147 3454 2439 3507 audiamus.
2476 3453 2742 3521 Sequitur,
2774 3460 2827 3504 et
2852 3450 3131 3515 dicitzQui
3152 3438 3317 3503 autem
3357 3448 3543 3501 habue-

1966 3547 2032 3598 rit
2059 3546 2323 3616 facultates
2362 3543 2556 3605 mundi,
2604 3553 2652 3595 et
2680 3541 2854 3594 riderit
2882 3544 3086 3609 fratrem
3128 3555 3273 3592 suum
3315 3539 3539 3591 esurien-

1967 3644 2082 3701 tem,
2112 3646 2156 3687 et
2184 3634 2417 3688 clauserit
2443 3634 2626 3685 viscera
2651 3649 2742 3685 sua
2770 3632 2830 3682 ab
2859 3646 2914 3683 eo
2945 3645 2963 3682 :
2985 3623 3230 3698 quomodo
3262 3629 3436 3697 poterit
3459 3629 3541 3681 di-

1968 3726 2111 3779 lectio
2139 3726 2235 3779 Dei
2262 3742 2460 3779 manere
2498 3727 2549 3777 in
2594 3724 2691 3777 eo?
2722 3723 2857 3776 Ecce
2901 3721 3041 3783 unde
3069 3721 3251 3789 incipit
3287 3720 3537 3774 Charitas.

1968 3818 2024 3872 Si
2051 3818 2282 3871 nondum
2310 3832 2367 3871 es
2407 3816 2624 3870 idoneus
2663 3816 2795 3868 mori
2836 3828 2932 3882 pro
2970 3812 3150 3877 fratre,
3183 3812 3285 3881 jam
3320 3812 3538 3867 idoneus

1969 3917 2083 3963 esto
2109 3908 2237 3962 dare
2263 3908 2328 3961 de
2354 3908 2456 3961 tuis
2482 3905 2815 3960 facultatibus
2843 3902 3015 3957 fratri.
3044 3902 3160 3957 Jam
3185 3902 3439 3970 percutiat
3461 3900 3543 3954 vim

1969 4015 2115 4055 scera
2151 4007 2237 4053 tua
2263 3998 2510 4063 charitas,
2543 4005 2601 4051 ut
2637 4012 2739 4050 non
2770 3996 2837 4050 de
2860 3994 3111 4064 jactantia
3138 3992 3322 4057 facias,
3354 3992 3448 4046 sed
3472 3992 3541 4047 de

1971 4091 2160 4145 intimo
2203 4090 2356 4159 adipe
2398 4087 2803 4152 misericordiae;
2852 4096 2909 4140 ut
2949 4085 3253 4141 consideres
3300 4083 3444 4136 illum
3486 4082 3541 4136 in

1972 4192 2203 4254 egestate
2232 4182 2478 4252 positum.
2526 4179 2582 4235 Si
2622 4180 2762 4234 enim
2795 4178 3057 4249 superﬂua
3104 4193 3208 4232 non
3240 4185 3388 4245 potes
3414 4175 3542 4229 dare

1971 4275 2118 4328 fratri
2145 4283 2254 4337 tuo,
2293 4272 2522 4326 animam
2554 4280 2694 4325 tuam
2724 4277 2872 4339 potes
2898 4283 3095 4338 ponere
3118 4282 3213 4336 pro
3238 4265 3431 4321 fratre?
3455 4266 3542 4320 Ja-

1971 4376 2055 4421 eet
2079 4365 2299 4436 pecunia
2326 4366 2378 4417 in
2408 4366 2523 4418 sinu
2565 4371 2676 4428 tuo,
2703 4378 2859 4431 quam
2888 4361 2977 4415 tibi
3024 4360 3165 4412 fures
3200 4365 3422 4427 possunt
3449 4372 3543 4410 au~

1972 4458 2146 4521 ferre;
2180 4466 2233 4510 et
2257 4456 2301 4509 si
2338 4455 2479 4508 illam
2507 4470 2610 4507 non
2640 4452 2878 4531 auferent
2903 4450 3065 4514 fures,
3095 4447 3367 4501 moriendo
3397 4446 3540 4499 illam

1928 4588 1929 4591 η
1974 4547 2209 4611 deseres,
2237 4546 2393 4599 etiam
2440 4545 2483 4598 si
2509 4553 2561 4596 te
2587 4543 2674 4595 illa
2699 4542 2961 4595 viventem
2994 4554 3096 4592 non
3124 4538 3374 4591 deserat‘:
3412 4535 3540 4605 quid

1973 4636 2097 4691 inde
2120 4635 2351 4689 facturus
2378 4634 2466 4687 es?
2488 4633 2665 4685 Esurit
2684 4630 2847 4683 frater
2869 4638 3007 4692 tuus,
3030 4629 3081 4680 in
3110 4626 3422 4680 necessitate
3442 4639 3540 4692 po-

1975 4727 2107 4780 situs
2139 4733 2251 4779 est:
2277 4723 2515 4777 fortassis
2543 4720 2897 4789 suspenditur,
2939 4734 2967 4769 a
2998 4717 3257 4770 creditore
3285 4723 3541 4784 angusta-

1978 4825 2086 4882 tur;
2117 4830 2219 4869 non
2254 4813 2414 4868 habet
2438 4812 2569 4880 ipse,
2600 4810 2759 4863 habes
2785 4817 2839 4861 tu
2867 4824 2881 4859 :
2914 4807 3072 4859 frater
3109 4812 3226 4858 tuus
3250 4813 3352 4870 est,
3384 4802 3542 4857 simul

1977 4909 2141 4978 empti
2171 4906 2318 4971 estis,
2368 4919 2528 4958 unum
2561 4910 2641 4955 est
2666 4898 2892 4969 pretium
2917 4904 3172 4959 vestrum,
3220 4896 3376 4949 ambo
3419 4908 3543 4948 san-

1975 5003 2132 5071 guine
2149 4997 2346 5054 Christi
2372 4993 2631 5064 redempti
2659 4992 2785 5046 estis
2814 5008 2826 5043 :
2852 4989 2971 5044 vide
2995 4987 3041 5041 si
3066 4986 3352 5051 misereris,
3381 4985 3424 5039 si
3450 4984 3545 5036 ha.

1975 5094 2071 5149 bes
2092 5093 2364 5147 facultates
2407 5087 2604 5142 mundi.
2645 5082 2777 5151 Quid
2818 5081 2883 5136 ad
2913 5097 2998 5135 me
3021 5080 3265 5149 pertinet,
3298 5076 3430 5130 forte
3459 5074 3541 5127 di-

1978 5186 2091 5239 cis?
2122 5185 2232 5253 Ego
2252 5182 2466 5235 daturus
2496 5192 2613 5231 sum
2644 5173 2917 5244 pecuniam
2945 5185 3136 5234 meam,
3168 5183 3236 5222 ne
3266 5166 3353 5219 Nle
3378 5164 3544 5218 mole-

1979 5278 2131 5332 stiam
2177 5269 2437 5343 patiatur?
2484 5269 2537 5323 Si
2588 5267 2689 5320 hoc
2735 5264 2826 5318 tibi
2866 5259 3197 5332 responderit
3239 5272 3330 5311 cor
3371 5263 3542 5319 tuum,

1979 5368 2190 5423 dilectio
2218 5365 2386 5420 Patris
2416 5378 2520 5417 non
2548 5361 2601 5414 in
2629 5370 2681 5413 te
2703 5365 2901 5412 manet.
2924 5356 2980 5411 Si
3004 5352 3217 5409 dilectio
3241 5350 3412 5405 Patris
3437 5364 3544 5402 non

1981 5463 2033 5516 in
2061 5472 2113 5517 te
2142 5468 2336 5524 manet,
2377 5473 2480 5511 non
2511 5468 2570 5508 es
2596 5462 2747 5507 natus
2790 5466 2855 5505 ex
2891 5450 3017 5503 Deo.
3044 5443 3317 5515 Quomodo
3353 5450 3406 5496 te
3433 5441 3546 5510 glo-

1979 5556 2130 5611 riaris
2163 5567 2279 5608 esse
2303 5545 2677 5605 christianum?
2718 5543 2919 5597 Nomen
2948 5540 3128 5603 habes,
3174 5545 3227 5590 et
3264 5534 3395 5589 facta
3438 5546 3543 5585 non

1979 5648 2159 5702 habes.
2192 5644 2248 5700 Si
2276 5654 2448 5697 autem
2475 5655 2665 5695 nomen
2696 5642 2933 5689 secutum
2964 5631 3118 5685 fuerit
3142 5643 3291 5698 Opus,
3326 5626 3464 5679 dicat
3492 5631 3544 5677 te

1979 5742 2252 5811 quisquam
2281 5748 2555 5806 paganum,
2581 5738 2635 5783 tu
2666 5727 2817 5783 factis
2845 5723 3062 5778 ostende
3094 5730 3144 5773 te
3168 5717 3535 5773 christianum.

1978 5834 2110 5889 Nam
2151 5832 2196 5887 si
2242 5829 2387 5885 factis
2413 5841 2519 5881 non
2546 5820 2780 5879 ostendis
2802 5826 2854 5873 te
2873 5814 3214 5871 christianum
3231 5850 3246 5877 ,
3275 5824 3460 5865 onmes
3488 5817 3545 5862 to
