4076 6468
1377 169 1436 199 σο

513 482 861 554 christianum
884 487 1093 558 vocent,
1119 479 1243 560 quid
1273 478 1368 556 tibi.
1392 476 1605 554 prodest
1628 488 1842 546 nomen,
1873 473 1962 528 ubi
1995 487 2084 529 res

517 587 618 629 non
643 572 938 626 inuenitur?
962 590 983 650 μ
1126 579 1302 648 autem
1323 567 1563 642 habuerit
1584 566 1858 622 facultates
1881 563 2081 629 mundi,

513 645 565 720 et
600 663 785 736 viderit
810 645 1208 744 [f‘i'a'tretns‘iium
1237 645 1503 734 egentem,
1533 668 1586 714 et
1609 658 1859 724 clauserit
1885 657 2086 720 viscera

511 773 602 832 sua
637 760 702 816 ab
745 775 841 823 eo;
883 756 1146 832 quomodo
1175 761 1348 826 potest
1393 753 1606 810 dilectio
1645 753 1736 810 Dei
1777 766 1993 806 manere
2033 750 2088 804 in

509 821 664 924 eo?)
720 848 787 916 Et
823 821 1398 917 sicquitur'iilioli,
1452 858 1558 902 non
1602 840 1882 910 diligamus
1925 838 2086 894 verbo
2113 882 2130 885 -

513 949 717 1014 tantum
734 923 788 1006 et
813 939 1006 1016 lingua,
1037 936 1130 996 sed
1163 949 1324 1006 opere
1353 943 1407 988 et
1430 935 1674 994 veritate.
1707 950 1728 1002 ρ
2101 1001 2104 1007 Ι

586 1031 671 1085 15.
711 1030 844 1084 Ρυιο
869 1027 1260 1096 manifestatum
1292 1039 1412 1082 esse
1450 1024 1601 1082 vobis
1634 1037 1880 1094 magnum
1908 1029 1962 1084 et
1987 1036 2084 1076 ne-

507 1125 798 1191 cessarium
842 1131 1101 1184 secretum
1154 1129 1211 1190 et
1253 1126 1661 1188 sacramentum,
1718 1114 1906 1178 fratres
1958 1111 2098 1168 mei.

506 1215 643 1286 Quid
676 1215 845 1272 valeat
889 1213 1138 1277 Charitas,
1177 1211 1349 1266 omnis
1387 1209 1658 1278 Scriptura
1708 1204 2081 1272 commendat;

507 1308 600 1364 sed
638 1307 817 1362 nescio
860 1305 905 1360 si
947 1305 1138 1368 alicubi
1185 1302 1410 1372 amplius
1435 1315 1590 1370 quam
1621 1299 1672 1362 in
1708 1299 1809 1354 ista
1847 1297 2084 1366 Epistola

506 1397 932 1462 commendetur.
965 1397 1230 1468 Rogamus
1272 1409 1368 1464 vos
1414 1402 1468 1447 et
1505 1393 1842 1452 obsecramus
1881 1390 1936 1442 in
1977 1389 2083 1444 Do-

505 1492 672 1554 mino,
696 1499 753 1544 ut
771 1498 824 1552 et
842 1489 931 1542 illa
947 1503 1064 1557 quae
1081 1486 1301 1548 audistis
1322 1484 1576 1552 memoria
1595 1483 1813 1550 teneatis
1834 1497 1849 1545 ;
1869 1489 1921 1536 et
1937 1480 2006 1534 ad
2021 1496 2083 1548 ea

507 1597 624 1651 qua:
640 1581 814 1640 adhuc
832 1579 1052 1636 dicenda
1079 1588 1222 1641 sunt,
1246 1577 1416 1638 donec
1441 1575 1654 1632 ﬁniatur
1681 1575 1792 1644 ipsa
1821 1569 2077 1641 Epistula,

510 1671 695 1728 intenti
723 1671 964 1734 veniatis,
986 1670 1170 1736 intenti
1193 1667 1436 1737 audiatis.
1464 1666 1678 1736 Aperite
1700 1671 1875 1720 autem
1902 1677 1995 1724 eor
2016 1661 2084 1728 ad

507 1762 709 1827 semina
739 1763 877 1820 bona
907 1778 921 1814 :
951 1762 1239 1830 exstirpata
1257 1760 1456 1829 spinas,
1485 1773 1552 1818 ne
1580 1755 1835 1818 euocetur
1862 1754 1914 1810 in
1935 1753 2083 1810 vobis

508 1852 650 1921 quod
677 1853 986 1915 seminatur,
1017 1852 1110 1907 sed
1139 1851 1311 1920 potius
1335 1859 1539 1914 crescat
1564 1863 1744 1918 seges;
1771 1856 1825 1901 et
1857 1845 2085 1917 gaudeat

505 1941 756 2012 agricola,
804 1949 856 1996 et
897 1941 1148 2008 horreum
1192 1939 1340 1998 vobis
1373 1946 1634 2009 praeparet
1680 1946 1926 2007 tanquam
1968 1936 2082 1994 fru-

506 2033 720 2100 mentis,
746 2047 852 2100 non
881 2033 1056 2104 ignem
1087 2040 1336 2106 tanquam
1363 2029 1552 2102 paleis.

1022 2121 1429 2190 TBACTATUS
1468 2121 1556 2176 Vl.

508 2214 575 2272 In
610 2213 758 2281 illud,
787 2213 857 2269 Et
885 2213 942 2270 in
969 2213 1072 2278 hoc
1101 2215 1470 2284 cognoscimus
1494 2213 1616 2284 quia
1651 2229 1716 2268 ex
1744 2213 1968 2270 veritate
1994 2227 2084 2270 su-
2103 2226 2160 2254 ἰε

578 2324 728 2372 mus;
758 2324 909 2377 usque
949 2307 1014 2360 ad
1041 2307 1114 2372 id,
1149 2307 1214 2360 Et
1243 2307 1328 2362 hic
1366 2315 1448 2362 est
1489 2306 1844 2362 Antichristus
1869 2305 1936 2361 de
1978 2320 2082 2376 quo

579 2397 823 2465 audistis,
855 2407 948 2454 etc.
989 2396 1117 2467 Cap.
1143 2413 1220 2462 in,
1240 2398 1275 2466 Ῡ
1299 2435 1313 2449 .
1342 2396 1524 2463 19-24,
1556 2407 1600 2451 et
1625 2414 1741 2466 cap.
1769 2413 1840 2462 iv,
1863 2398 1896 2466 ᾖ
1921 2437 1931 2448 .
1961 2397 2077 2452 1-5.

579 2489 632 2542 1.
674 2487 732 2546 Si
756 2487 1089 2554 meministis,
1133 2487 1343 2552 fratres,
1392 2487 1644 2548 hesterno
1690 2502 1788 2542 nos
1829 2487 2082 2542 clausisse

508 2591 810 2640 sermonem
837 2577 903 2632 ad
932 2578 1087 2634 istam
1126 2578 1460 2648 sententiam,
1493 2593 1611 2646 quzc
1647 2578 1761 2630 sine
1785 2577 1944 2632 dubio
1969 2592 2082 2633 ma-

509 2684 636 2729 nere
663 2668 846 2727 debuit
871 2675 927 2722 et
956 2667 1115 2724 debet
1135 2668 1192 2744 in
1222 2668 1381 2732 corde
1401 2675 1600 2734 vestro,
1629 2669 1749 2745 quia
1781 2668 1946 2737 ipsam
1982 2683 2080 2722 no-
2115 2700 2136 2706 η

507 2760 776 2816 vissimam
818 2759 1078 2818 audistis:
1131 2778 1154 2812 ‹
1185 2758 1379 2826 Filioli,
1434 2774 1539 2814 non
1591 2759 1871 2829 diligamus
1915 2759 2081 2815 verbo

506 2861 709 2908 tantum
739 2861 794 2907 et
815 2853 1016 2923 lingua,
1051 2851 1145 2906 sed
1175 2866 1336 2920 opere
1363 2859 1418 2912 et
1442 2851 1684 2906 veritate.
1716 2871 1735 2904 ι
1769 2851 1969 2910 Deinde
1997 2867 2080 2910 se-

504 2945 684 3014 quitur
707 2959 722 2998 :
745 2961 765 2998 ι
792 2943 857 2997 Et
885 2942 936 2998 in
967 2942 1068 3004 hoc
1087 2943 1458 3012 cognoscimus
1484 2943 1606 3012 quia
1636 2957 1699 2997 ex
1731 2945 1954 2999 veritate
1984 2959 2078 2998 su-

504 3049 646 3101 mus,
672 3043 726 3090 et
747 3048 926 3090 coram
954 3035 1069 3104 ipso
1094 3033 1480 3104 persuademus
1517 3033 1663 3098 cordi
1700 3044 1883 3090 nostro
1912 3053 1926 3090 :
1956 3037 2079 3106 quia

505 3127 552 3181 si
580 3125 719 3184 male
747 3125 974 3181 senserit
1015 3139 1110 3188 cor
1146 3136 1410 3192 nostrum,
1441 3126 1612 3195 major
1639 3136 1720 3182 est
1750 3127 1891 3184 Dens
1919 3128 2142 3184 corde

505 3226 714 3283 nostro,
762 3225 816 3272 et
859 3217 1005 3280 novit
1047 3217 1247 3271 omnia.
1277 3233 1298 3268 ι
1339 3217 1573 3282 Dixerat,
1608 3237 1626 3270 ‹
1654 3218 1768 3286 Non
1798 3220 2079 3291 diligamus

501 3307 667 3362 verbo
713 3315 917 3368 tantum
967 3315 1021 3362 et
1057 3307 1259 3377 lingua,
1316 3307 1410 3363 sed
1461 3322 1623 3378 Opere
1666 3318 1719 3365 et
1764 3313 2018 3376 veritate:
2052 3331 2071 3366 ι

503 3399 755 3468 quaeritur
773 3414 803 3454 a
825 3399 996 3463 nobis,
1020 3399 1073 3463 in
1094 3414 1198 3468 quo
1219 3413 1382 3468 opere
1403 3409 1456 3454 et
1481 3400 1534 3454 in
1555 3417 1656 3470 qua
1676 3402 1898 3466 veritate
1922 3418 2079 3474 agno-

502 3489 669 3546 scitur
691 3490 780 3560 qui
804 3489 976 3558 diligit
1006 3490 1191 3556 Deum,
1219 3490 1305 3546 vel
1329 3491 1418 3559 qui
1449 3490 1617 3561 diligit
1649 3491 1870 3554 fratrem
1900 3508 2069 3549 suum.

502 3578 619 3638 iam
647 3581 891 3649 superius
933 3579 1140 3636 dixerat
1182 3595 1455 3650 quousque
1483 3582 1713 3647 charitas
1737 3584 2074 3653 perficiatur;
2113 3615 2124 3618 —

499 3669 640 3740 quod
668 3679 722 3726 et
743 3669 1000 3726 Dominus
1027 3672 1078 3724 in
1102 3671 1390 3740 Evangelio
1412 3671 1506 3739 ait,
1537 3671 1787 3742 Majoreni
1813 3675 1907 3728 hac
1932 3692 2074 3730 nemo

500 3763 644 3820 habet
687 3764 1002 3831 charitatem,
1042 3780 1193 3834 quam
1242 3773 1297 3818 ut
1342 3766 1564 3826 dirimunt
1602 3783 1748 3822 suam
1792 3778 1945 3836 ponat
1982 3786 2074 3839 pro

497 3856 672 3914 amicis
694 3856 798 3912 suis
822 3856 1110 3927 (Joan..xv,
1147 3856 1232 3928 15)
1269 3875 1283 3912 :
1312 3867 1366 3919 et
1384 3860 1489 3919 iste
1533 3859 1634 3922 hoc
1670 3860 1894 3929 dixerat,
1927 3863 2078 3920 Sicut

495 3947 583 4002 ille
605 3948 826 4004 animam
846 3964 989 4006 suam
1025 3965 1116 4019 pro
1142 3949 1282 4010 nobis
1307 3952 1489 4020 posuit,
1519 3952 1752 4012 debemus
1777 3964 1822 4009 et
1849 3973 1938 4010 nos
1956 3959 2071 4012 ani-

497 4053 604 4092 mas
632 4053 722 4107 pro
739 4039 979 4109 fratribus
1003 4056 1202 4108 ponere.
1224 4041 1347 4100 Haac
1372 4052 1453 4103 est
1479 4043 1735 4112 perfectio
1761 4046 2070 4115 charitatis;
2098 4065 2136 4099 ιτ-

495 4136 553 4183 et
576 4129 970 4196 majoremnino
998 4145 1102 4188 non
1129 4139 1302 4201 potest
1327 4132 1570 4188 inveniri.
1602 4134 1706 4195 Sed
1731 4138 1852 4206 quia
1881 4155 1985 4198 non
2017 4142 2070 4197 in

495 4220 741 4276 omnibus
769 4222 995 4290 perfecta
1020 4233 1120 4291 est,
1163 4234 1217 4279 et
1241 4225 1526 4296 desperare
1565 4243 1668 4284 non
1698 4230 1857 4290 debet
1885 4233 1936 4288 in
1965 4251 2070 4305 quo

495 4309 722 4381 perfecta
752 4326 856 4368 non
887 4321 988 4379 est,
1020 4315 1063 4368 si
1088 4315 1198 4384 jam
1229 4323 1352 4370 nata
1382 4325 1464 4383 est
1486 4333 1606 4386 quae
1633 4320 1938 4388 perficiatur
1970 4342 1984 4379 :
2015 4335 2069 4381 et

494 4401 676 4472 utique
701 4403 750 4458 si
791 4412 914 4460 nata
941 4415 1041 4468 est,
1071 4406 1351 4464 nutrienda
1381 4416 1483 4476 est,
1525 4419 1579 4465 et
1601 4411 1914 4480 quibusdam
1957 4417 2068 4472 suis

493 4495 830 4552 nutrimentis
865 4495 930 4550 ad
979 4481 1383 4564 perfectionem.
1398 4503 1664 4570 propriam
1707 4505 2062 4572 perducenda.
2109 4541 2124 4546 —

492 4581 844 4650 Quasivimus
869 4584 1257 4647 inchoationem
1285 4589 1555 4648 eliaritatis
1580 4593 1720 4648 unde
1749 4595 1979 4665 incipiat,
2009 4607 2065 4656 et

491 4673 565 4729 ibi
592 4676 840 4733 continuo
855 4676 1156 4733 invenimus
1174 4697 1186 4734 :
1201 4680 1262 4735 Si
1286 4683 1397 4752 quis
1415 4682 1560 4738 habet
1581 4687 1846 4755 (unitate:
1866 4693 2059 4756 mundi,

490 4774 536 4820 et
557 4767 732 4821 viderit
753 4768 959 4836 fratrem
981 4786 1127 4824 suum
1163 4783 1403 4842 egentem,
1431 4785 1476 4829 et
1499 4777 1734 4832 clauserit
1758 4781 1946 4836 viscera
1970 4800 2062 4838 sua

489 4859 729 4914 adversus
768 4876 916 4923 eum;
951 4864 1198 4931 quomodo
1241 4865 1438 4935 dilectio
1476 4868 1650 4926 Patris
1687 4883 1852 4934 nianet
1890 4875 1944 4929 in
1969 4875 2060 4931 illo

490 4949 532 5019 (Ι
561 4947 718 5003 Joan.
747 4965 827 5016 ιιι,
865 4951 954 5017 16,
985 4953 1114 5023 i7)?
1145 4954 1286 5025 Ergo
1312 4955 1402 5011 hic
1435 4959 1626 5030 incipit
1668 4962 1768 5018 ista
1805 4964 2056 5032 charitas,

485 5037 700 5107 fratres,
730 5049 788 5096 ut
815 5041 882 5096 de
904 5043 1014 5097 suis
1053 5045 1331 5112 super-ﬂuis
1357 5048 1554 5104 tribuat
1575 5053 1770 5120 egenti,
1814 5054 1866 5110 in
1893 5070 2059 5125 angu-

484 5133 600 5188 stiis
638 5134 900 5203 aliquist
941 5137 1256 5203 constituto;
1303 5153 1370 5194 ex
1415 5155 1479 5195 eo
1507 5143 1649 5211 quod
1685 5145 1785 5200 sibi
1821 5148 2057 5204 abundat

484 5225 774 5280 secundum
820 5234 1044 5297 tempus,
1096 5243 1130 5282 ιι
1173 5229 1508 5287 tribulatione
1556 5237 1830 5304 temporali
1870 5239 2055 5296 liberet

482 5313 722 5371 fratrem.
767 5316 903 5373 Hinc
940 5318 1211 5374 exordium
1241 5329 1323 5376 est
1355 5320 1644 5378 charitatis.
1671 5325 1818 5382 Hanc
1844 5329 1916 5384 ita
1941 5345 2054 5387 ete-

483 5415 648 5476 ptam,
671 5408 716 5461 si
739 5409 900 5464 verbo
924 5409 1019 5465 Dei
1060 5418 1114 5465 et
1140 5425 1234 5479 spe
1260 5411 1446 5470 futura:
1471 5415 1591 5470 vitae
1626 5419 1894 5484 nutrieris,
1926 5437 2050 5489 per-

481 5497 670 5552 venies
693 5497 760 5552 ad
784 5499 928 5554 illam
960 5499 1358 5570 perfectionem,
1392 5514 1449 5562 ut
1477 5515 1688 5574 paratus
1713 5510 1786 5564 sis
1819 5512 2050 5572 animam

480 5597 628 5647 tuam
653 5605 851 5661 ponere
875 5608 972 5662 pro
995 5593 1246 5650 fratribus
1265 5597 1388 5652 tuis.

550 5683 607 5736 2.
628 5682 735 5739 Sed
760 5683 883 5752 quia
924 5685 1085 5741 multa
1115 5687 1235 5742 talia
1270 5687 1400 5746 fiunt
1435 5690 1503 5745 ab
1531 5691 1614 5750 bis
1639 5694 1728 5762 qui
1769 5696 1871 5752 alia
1898 5711 2046 5766 quie-

467 5780 626 5858 runt,
653 5782 708 5830 et
733 5790 823 5846 qui
857 5782 1050 5834 Iratres
1071 5793 1178 5834 non
1201 5790 1413 5847 amant;
1443 5797 1755 5846 revocemur
1789 5786 1857 5847 ad
1892 5784 2046 5862 testi:

439 5858 466 5885 Ι
1985 5858 2014 5890 -ζ

573 5914 601 5934 ον

1238 361 1307 421 IN
1343 357 1721 420 EPISTOLAM
1757 357 2032 418 JDANNIS
2067 359 2158 414 AD
2194 348 2530 432 PARTHOS,
2570 359 2632 420 8ο
2669 355 3032 418 AUGUSTINI

3629 359 3772 419 2020

2190 473 2424 548 monium
2454 473 2808 540 conscientiae.
2832 473 2981 529 Unde
3001 472 3287 544 probamus
3305 473 3430 544 quia
3456 473 3584 538 talia
3609 477 3772 530 multa

2193 565 2324 638 fiunt
2349 565 2415 618 ab
2446 565 2527 619 his
2555 568 2643 634 qui
2673 565 2864 624 fratres
2890 583 2992 622 non
3017 567 3232 624 amant?
3252 565 3421 640 Quam
3463 567 3614 626 multi
3637 581 3694 621 se
3719 569 3776 624 in

2191 652 2479 710 th-resibus
2505 663 2560 710 et
2591 657 2964 728 schismatibus
2991 668 3246 727 martyres
3271 657 3484 726 dicunt!
3517 658 3776 718 Videntur

2190 744 2287 798 sibi
2314 746 2540 800 animam
2571 762 2764 815 ponere
2788 764 2881 818 pro
2908 747 3156 818 fratribus
3182 749 3310 822 suis.
3327 749 3380 812 Si
3401 766 3496 819 pro
3520 748 3779 813 fratribus

2189 834 2417 888 animam
2449 848 2737 906 ponerent,
2770 853 2871 894 non
2896 854 2953 894 se
2973 841 3040 910 ab
3069 840 3309 910 universa
3338 841 3664 910 fraternitate
3691 858 3772 897 se-

2189 940 2454 996 pararent.
2486 920 2616 984 Item
2660 947 2815 1004 quam
2863 932 3010 1004 inulti
3041 941 3164 1004 sunt
3190 935 3278 1004 qui
3303 932 3570 1004 iactantia:
3610 951 3772 990 causa

2188 1015 2348 1070 multa
2368 1017 2628 1094 tribuunt,
2659 1021 2824 1092 multa
2852 1021 3069 1094 donant;
3093 1030 3146 1092 et
3175 1037 3279 1075 non
3311 1022 3380 1076 ibi
3408 1035 3653 1098 qiuerunt
3673 1025 3776 1083 nisi

2188 1107 2395 1178 laudem
2425 1109 2702 1174 humanam
2731 1122 2783 1167 et
2804 1113 3024 1181 gloriam
3055 1113 3389 1182 popularem,
3412 1116 3621 1188 plenam
3646 1132 3768 1170 ven-

2191 1197 2256 1252 tis
2276 1240 2292 1264 ,
2324 1200 2465 1254 nulla
2487 1201 2768 1275 stabilitate
2797 1202 3074 1270 solidatam
3098 1206 3108 1256 !
3143 1203 3274 1276 Quia
3296 1220 3424 1280 ergo
3447 1217 3571 1280 sunt
3601 1207 3765 1276 tales,

2113 1323 2154 1344 ,.,
2187 1287 2273 1354 ubi
2303 1273 2570 1358 probanda
2601 1291 2699 1344 erit
2732 1291 2962 1348 Charitas
2992 1273 3258 1360 fraterna?
3288 1273 3417 1368 qua
3436 1273 3601 1352 voluit
3631 1273 3775 1352 illam

2187 1379 2438 1449 probari,
2487 1389 2540 1435 et
2589 1382 2661 1442 ait
2705 1383 2998 1458 admonens
3044 1400 3058 1436 :
3106 1382 3314 1460 filioli,
3360 1403 3459 1448 non
3502 1388 3776 1458 ditjgamus

2185 1471 2329 1525 verba
2352 1482 2541 1526 tantum
2558 1484 2604 1528 et
2627 1475 2820 1552 lingua,
2841 1476 2930 1532 sed
2951 1493 3102 1548 apere
3125 1488 3172 1542 et
3201 1479 3423 1552 ueritate.
3446 1479 3774 1560 Quaaritnus,

2188 1561 2244 1628 In
2272 1580 2376 1634 quo
2401 1582 2593 1638 opere,
2627 1567 2678 1628 in
2724 1583 2824 1639 qua
2867 1571 3120 1626 veritate?
3165 1572 3346 1646 Potest
3382 1588 3503 1640 esse
3547 1575 3774 1644 inanite-

2190 1656 2324 1709 stius
2350 1674 2510 1728 opus,
2541 1674 2695 1736 quam
2740 1662 2968 1716 tribuere
2993 1663 3357 1741 pauperibns?
3383 1665 3522 1720 Multi
3565 1663 3668 1739 hoc
3687 1666 3775 1734 ja-

2115 1779 2144 1789 ~~
2181 1749 2380 1802 ctantia
2399 1749 2615 1828 faciunt,
2640 1741 2744 1805 non
2767 1753 3065 1809 dilectione.
3085 1754 3265 1820 Potest
3285 1771 3402 1824 esse
3423 1757 3595 1829 majus
3615 1772 3772 1828 opus,

2185 1854 2338 1909 quam
2369 1842 2500 1910 mori
2530 1859 2624 1911 pro
2658 1843 2945 1900 fratribus?
2985 1848 3050 1900 Et
3081 1849 3179 1900 hoc
3206 1847 3356 1901 multi
3387 1850 3569 1906 volunt
3597 1851 3778 1920 putari

2185 1947 2243 1987 se
2265 1933 2464 1999 facere,
2491 1935 2740 2003 iactantia
2768 1938 2994 1992 nominis
3020 1939 3392 2010 comparandi,
3424 1955 3527 1998 non
3553 1941 3777 2000 visceri-

2184 2025 2282 2080 bus
2307 2026 2623 2082 dilectionis.
2652 2029 2834 2101 iiestat
2856 2040 2913 2092 ut
2939 2031 3029 2085 ille
3055 2032 3236 2100 diligat
3265 2034 3478 2090 fratrem
3496 2073 3511 2098 ,
3534 2035 3624 2104 qui
3645 2044 3780 2106 ante

2185 2115 2350 2185 Deum
2380 2118 2467 2170 ubi
2492 2118 2638 2175 solus
2664 2120 2835 2184 videt,
2865 2121 3010 2176 cordi
3037 2137 3133 2198 suo
3171 2123 3484 2192 persuadet,
3526 2132 3579 2178 et
3607 2124 3777 2196 inter-

2183 2219 2334 2280 rogat
2359 2225 2451 2264 cor
2477 2227 2630 2284 sutum
2669 2228 2733 2266 an
2763 2229 2886 2280 vere
2923 2224 3139 2286 pr0pter
3183 2215 3400 2288 fratrum
3431 2215 3775 2284 dilectionem

2185 2298 2286 2354 hoc
2316 2299 2504 2366 faciat;
2532 2313 2586 2356 et
2631 2303 2874 2380 perbibet
2919 2305 2988 2374 illi
3043 2307 3404 2379 testimonium
3450 2307 3633 2376 oculus
3680 2308 3776 2380 qui

2185 2401 2423 2460 penetrat
2451 2407 2562 2466 cur,
2609 2379 2714 2466 quo
2756 2395 2916 2462 homo
2957 2398 3231 2472 attendere
3259 2413 3363 2464 non
3407 2406 3602 2472 potest.
3643 2398 3773 2472 ideo

2184 2483 2376 2558 Paulus
2403 2488 2672 2580 apostolns
2691 2529 2706 2554 ,
2737 2489 2858 2560 quia
2885 2498 3098 2566 paratus
3139 2501 3256 2566 erat
3286 2474 3422 2564 mori
3465 2507 3563 2568 pro
3591 2491 3774 2560 fratri-

2183 2574 2315 2637 bus,
2348 2585 2401 2631 et
2428 2574 2667 2645 dicebat,
2706 2577 2826 2650 Ipse
2850 2581 3116 2650 impendar
3160 2599 3252 2652 pro
3289 2583 3554 2636 animabus
3593 2586 3774 2650 vestris

2184 2665 2256 2737 (ll
2302 2667 2419 2723 Cor.
2461 2670 2725 2744 H.145):
2761 2681 2932 2748 tamen
2977 2675 3099 2750 quia
3147 2674 3287 2748 Deus
3334 2675 3437 2738 hoc
3461 2675 3674 2742 videbat
3714 2679 3772 2740 in

2183 2760 2342 2817 corde
2367 2763 2566 2832 ipsius,
2609 2779 2712 2820 non
2743 2765 2984 2838 homines
3014 2767 3203 2838 quibus
3237 2769 3572 2843 loquebatur,
3596 2772 3669 2825 ait
3697 2771 3772 2836 ii-

2184 2852 2282 2926 lis,
2315 2854 2439 2909 Mihi
2470 2866 2631 2909 autem
2661 2858 2920 2911 minimum
2955 2870 3026 2914 est
3054 2870 3109 2930 ut
3146 2877 3178 2922 ᾳ
3213 2863 3349 2930 nobis
3384 2862 3652 2940 dijudicer,
3681 2874 3772 2931 aut

2183 2945 2243 3008 ab
2274 2946 2491 3008 Ιιωηρηο
2518 2948 2598 3001 die
2640 2948 2681 3022 (Ι
2730 2949 2845 3004 Cor.
2892 2968 2942 3008 tv
2963 2993 2977 3015 ,
3009 2953 3087 3022 ὅ).
3118 2954 3182 3008 Et
3212 2956 3445 3026 ostendit
3468 2957 3630 3024 etiam
3653 2957 3774 3028 ipse

2181 3038 2406 3109 quodam
2431 3040 2546 3094 loco
2574 3039 2695 3110 quia
2725 3043 2896 3098 solent
2921 3043 3018 3098 ista
3047 3045 3160 3098 fieri
3190 3046 3332 3100 inani
3355 3047 3632 3127 iactantia,
3655 3065 3770 3114 non

2182 3127 2516 3200 firmamento
2542 3132 2814 3194 cbaritatis
2846 3153 2857 3188 :
2882 3137 2954 3190 ait
2978 3138 3118 3191 enim
3144 3154 3262 3194 cum
3291 3139 3358 3195 de
3397 3141 3562 3210 ipsius
3591 3141 3771 3198 chari-

2182 3219 2304 3274 tatis
2331 3223 2790 3288 commendatione
2818 3226 3140 3296 loqueretur,
3175 3229 3237 3286 Si
3269 3232 3565 3302 distribuere
3595 3235 3772 3302 omnia

2179 3326 2288 3364 mea
2315 3315 2616 3390 pauperibus
2634 3356 2648 3380 ,
2677 3324 2724 3385 et
2751 3317 3003 3386 tradidero
3029 3336 3211 3389 corpus
3235 3337 3398 3385 meum
3434 3333 3488 3376 ut
3523 3323 3726 3394 ardeam
3745 3365 3767 3392 ,

2179 3402 2473 3474 charitateni
2507 3415 2673 3466 autem
2703 3424 2802 3462 non
2828 3408 3039 3470 habeam
3057 3451 3071 3475 ,
3117 3412 3244 3466 nihil
3273 3414 3397 3470 mihi
3421 3416 3622 3484 prodest
3651 3416 3764 3485 (Id.

2179 3509 2272 3549 xm
2293 3535 2307 3559 ,
2357 3496 2429 3567 ὅ).
2470 3497 2649 3554 Potest
2687 3502 2827 3554 enim
2853 3504 3130 3573 quisquam
3168 3505 3271 3562 hoc
3299 3506 3473 3563 facere
3493 3511 3609 3564 sine
3637 3510 3767 3575 chac-

2177 3587 2370 3657 ritate?
2415 3590 2615 3658 Potest.
2682 3593 2814 3664 Nam
2859 3598 2948 3666 qui
2999 3613 3106 3669 non
3173 3600 3370 3658 habent
3411 3602 3763 3672 charitatem,

2178 3679 2471 3740 diviserunt
2521 3685 2775 3754 unitatem
2829 3688 2926 3760 (α).
2967 3689 3200 3758 Quaerite
3247 3694 3358 3761 ibi,
3409 3704 3464 3757 et
3518 3697 3766 3756 videbitis

2176 3772 2371 3829 multos
2415 3775 2578 3832 multa
2607 3778 2836 3838 tribuere
2861 3784 3210 3850 pauperibus;
3246 3786 3488 3844 videbitis
3509 3790 3642 3848 alios
3666 3807 3766 3861 pa-

2176 3874 2318 3936 ratos
2348 3865 2412 3934 ad
2443 3867 2830 3938 suscipiendam
2856 3881 3102 3942 mortem,
3126 3876 3199 3932 ita
3227 3887 3284 3934 ut
3309 3878 3597 3938 desistente
3637 3899 3762 3953 per-

2175 3967 2449 4024 secutore,
2477 3960 2681 4030 seipsos
2711 3964 3036 4038 praecipitent
3077 3985 3091 4022 :
3137 3968 3224 4023 isti
3268 3970 3385 4027 sine
3430 3972 3592 4039 dubio
3637 3975 3762 4042 sine

2174 4048 2428 4106 charitate
2463 4050 2566 4114 hoc
2609 4052 2823 4110 faciunt.
2858 4056 3187 4122 Revocemur
3210 4077 3336 4132 ergo
3378 4063 3443 4118 ad
3471 4067 3755 4132 conscien-
3787 4045 3801 4060 ’

2175 4139 2298 4192 tiam
2321 4182 2334 4206 ,
2361 4141 2428 4195 de
2449 4158 2552 4212 qua
2580 4143 2708 4198 dicit
2727 4147 3013 4218 Apostolus
3038 4166 3050 4201 :
3086 4149 3224 4204 Nam
3252 4153 3416 4230 gloria
3451 4165 3625 4226 nostra
3647 4157 3759 4212 haec

2171 4244 2266 4302 est,
2295 4238 2627 4292 testimonium
2650 4242 2965 4304 conscientia:
2993 4253 3175 4298 nostra:
3200 4245 3264 4317 (ll
3288 4247 3406 4302 Cor.
3425 4265 3446 4310 ι
3465 4291 3480 4317 ,
3511 4249 3621 4320 ιε).
3647 4250 3757 4308 Be-

2170 4341 2421 4386 vocemur
2443 4329 2508 4384 ad
2533 4333 2908 4398 conscientiam
2931 4376 2946 4402 ,
2989 4335 3057 4402 de
3094 4353 3194 4407 qua
3228 4338 3366 4394 idem
3409 4339 3538 4402 dicit
3565 4359 3578 4394 :
3611 4341 3756 4412 Opas

2169 4426 2334 4480 autem
2366 4436 2512 4473 suum
2558 4423 2726 4490 probet
2769 4427 3105 4497 unusquisque
3126 4469 3140 4492 ,
3169 4438 3216 4481 et
3239 4439 3360 4491 tunc
3397 4431 3452 4484 in
3487 4435 3752 4502 semetipso

2170 4509 2382 4579 jloriam
2418 4512 2647 4580 habebit,
2681 4524 2725 4567 et
2753 4532 2852 4569 non
2897 4517 2950 4570 in
2986 4519 3143 4582 altero
3173 4519 3366 4585 (Galat.
3400 4539 3472 4588 vr,
3501 4524 3575 4594 4).
3609 4523 3752 4594 Opus

2166 4613 2294 4670 ergo
2328 4617 2478 4672 suum
2520 4605 2706 4680 probet
2746 4610 3104 4684 UDUSQUisqu_e
3145 4624 3380 4668 nostrum
3404 4655 3420 4681 ,
3466 4624 3642 4671 utrum
3681 4618 3752 4681 de

2165 4707 2300 4758 vena
2327 4693 2598 4764 charitatis
2625 4708 2837 4764 emanet
2858 4739 2872 4764 ,
2903 4710 3075 4754 utrum
3120 4703 3187 4770 de
3227 4705 3404 4762 radice
3445 4708 3749 4768 dilectionis

2164 4787 2297 4840 rami
2335 4786 2593 4848 bonorum
2636 4801 2854 4860 Operum
2901 4793 3175 4862 pullulent.
3212 4796 3355 4867 Opus
3391 4811 3556 4856 autem
3599 4819 3746 4858 suum

2165 4877 2334 4944 probet
2361 4881 2698 4952 unusquisque
2717 4923 2732 4948 ,
2758 4883 2862 4950 ait,
2894 4893 2941 4946 et
2969 4894 3087 4958 tunc
3125 4888 3178 4942 in
3223 4893 3486 4961 semetipso
3530 4894 3748 4964 gloriam

2164 4965 2393 5035 habebit,
2426 4979 2472 5024 et
2501 4987 2600 5024 non
2629 4973 2678 5026 in
2707 4974 2865 5038 altera
2907 4991 2926 5028 :
2971 4991 3076 5031 non
3125 4981 3336 5048 quando
3378 4983 3454 5037 illi
3503 4986 3742 5054 perhibet

2164 5058 2520 5114 testimonium
2545 5062 2718 5134 lingua
2739 5065 2911 5132 aliena
2929 5106 2945 5134 ,
2977 5067 3072 5130 sed
3102 5071 3315 5140 quando
3339 5075 3583 5144 perbibet
3609 5095 3742 5134 con-

2159 5147 2374 5203 scientia
2407 5153 2636 5222 propria.

2326 5240 2443 5294 Hoc
2478 5258 2604 5312 ergo
2646 5244 2731 5312 hic
2773 5250 3130 5312 commendat.
3177 5252 3243 5307 In
3270 5255 3366 5310 hoc
3393 5261 3746 5330 cognoscimus

2157 5329 2274 5398 quia
2300 5345 2361 5386 ea:
2389 5333 2588 5386 veritate
2606 5351 2799 5406 sumus,
2825 5340 3034 5408 quando
3069 5357 3230 5413 opere
3258 5355 3314 5404 et
3339 5329 3562 5406 veritate
3585 5392 3602 5419 ,
3631 5369 3740 5411 non

2157 5425 2334 5484 verbis
2367 5435 2419 5480 et
2445 5427 2616 5499 lingua
2640 5439 2840 5495 tantum
2866 5434 3130 5505 diligimus
3155 5455 3168 5492 :
3194 5450 3242 5494 et
3265 5458 3437 5498 coram
3471 5445 3582 5515 ipso
3620 5464 3739 5517 per-

2155 5517 2423 5576 suademus
2449 5519 2796 5590 coIdinouro,
2823 5524 2960 5594 Quid
2981 5536 3062 5584 est
3079 5567 3094 5591 ,
3125 5546 3296 5586 coram
3318 5534 3428 5603 ipso
3444 5535 3473 5594 .9
3500 5535 3598 5593 Ubi
3621 5539 3740 5607 ipse

2157 5608 2320 5696 videt.
2350 5608 2499 5664 Unde
2528 5611 2640 5681 ipse
2681 5615 2932 5672 Dominus
2971 5619 3022 5672 in
3053 5621 3337 5692 Evangelio
3370 5644 3384 5681 :
3411 5625 3621 5696 Cavete,
3652 5630 3717 5683 in-

2155 5694 2307 5764 quit,
2334 5698 2497 5768 facere
2525 5701 2779 5768 justitiam
2816 5717 3030 5784 uestram
3053 5727 3222 5788 carent
3245 5713 3548 5796 (comitibus,
3575 5694 3631 5796 ut
3658 5723 3737 5788 oi-

2153 5827 2178 5860 ,
2209 5789 2295 5882 ζα)
2317 5795 2596 5851 Donatistae.
