4076 6468
208 411 348 473 2021

216 525 438 584 deamini
463 523 525 576 ab
549 521 616 576 eis
641 533 658 575 :
687 511 907 588 alioquin
936 513 1208 568 mercedem
1248 527 1348 566 non
1377 511 1612 564 habebitis
1655 513 1790 580 apud

217 618 427 672 Patrem
455 622 674 666 vestrum
704 609 787 679 qui
815 607 867 659 in
898 606 1033 657 caelis
1072 613 1161 657 est.
1197 603 1261 656 Et
1291 601 1413 671 quid
1445 611 1553 665 est,
1587 599 1794 676 Nesciat

216 709 421 762 sinistra
451 715 537 757 tua
561 702 680 772 quid
723 699 876 770 faciat
911 696 1112 750 deﬂera
1144 704 1232 746 tua
1262 692 1472 763 (Matth.
1511 709 1562 745 vr
1583 735 1596 756 ,
1627 693 1676 756 1,
1703 693 1791 761 5):

216 797 318 852 nisi
363 796 484 863 quia
532 793 780 853 dextera,
831 801 956 856 pura
1010 784 1330 840 conscientia
1377 791 1490 846 est;
1547 781 1790 845 sinistra,

215 885 402 942 mundi
477 878 792 951 cupiditas?
839 875 986 930 Multi
1056 890 1149 944 per
1210 873 1548 942 cupiditatem
1615 872 1794 925 mundi

215 976 382 1031 multa
415 973 546 1027 mira
595 970 822 1031 faciunt;
865 966 1074 1020 sinistra
1123 973 1390 1033 operatur,
1436 977 1541 1015 non
1586 961 1792 1016 dextra.

217 1066 420 1122 Dextra
451 1063 607 1118 debet
645 1059 849 1128 operari
877 1099 890 1122 ,
931 1065 986 1112 et
1027 1055 1295 1110 nesciente
1338 1053 1584 1117 sinistra,
1616 1060 1796 1106 utnec

217 1159 442 1211 misceat
465 1169 523 1208 se
547 1150 806 1221 cupiditas
843 1148 1017 1202 saeculi
1043 1189 1056 1209 ,
1089 1146 1298 1215 quando
1325 1144 1520 1209 aliquid
1561 1143 1682 1197 boni
1712 1143 1794 1196 di-

218 1249 450 1305 lectione
490 1260 790 1316 operamur.
841 1243 907 1296 Et
949 1241 1034 1294 ubi
1082 1239 1182 1292 hoc
1222 1235 1629 1307 cognoscimus?
1661 1235 1797 1290 Ante

219 1339 388 1396 Deum
443 1354 502 1393 es
527 1381 540 1404 ,
587 1338 849 1404 interroga
901 1347 994 1386 cor
1049 1340 1194 1384 tuum
1241 1347 1254 1381 :

222 1433 313 1496 sti,
344 1442 398 1485 et
438 1431 562 1500 quid
603 1429 672 1483 ibi
711 1425 989 1496 appetisti;
1032 1423 1252 1476 salutem
1284 1430 1424 1474 tuam
1446 1460 1461 1486 ,
1493 1434 1559 1472 an
1591 1417 1796 1472 laudem

221 1521 496 1576 hominum
547 1529 837 1575 ventosam.
895 1514 1038 1569 intus
1076 1515 1242 1568 vide:
1291 1528 1410 1566 nam
1457 1511 1615 1566 homo
1654 1509 1798 1580 judi—

223 1629 344 1669 care
394 1592 500 1667 non
539 1621 714 1682 potest
756 1624 912 1678 quem
963 1606 1141 1661 videre
1190 1620 1292 1660 non
1340 1611 1532 1675 potest.
1582 1602 1637 1657 Si
1683 1616 1800 1670 per-

225 1704 508 1760 suademus
567 1700 712 1756 cordi
768 1707 948 1752 nostro
981 1738 996 1762 ,
1052 1710 1231 1750 coram
1299 1696 1415 1764 ipso
1481 1689 1798 1764 persuadea-

225 1811 359 1850 mus.
406 1793 540 1860 Quia
575 1793 617 1845 si
656 1791 787 1845 male
823 1790 1004 1843 sentiat
1047 1803 1134 1840 cor
1176 1794 1428 1850 nostrum,
1464 1783 1515 1837 id
1561 1791 1671 1849 est,
1715 1796 1802 1834 ac-

225 1895 370 1941 cuset
425 1901 526 1940 nos
589 1885 726 1938 intus
760 1923 776 1947 ,
843 1882 963 1949 quia
1031 1893 1135 1931 non
1206 1891 1270 1931 eo
1336 1875 1513 1928 animo
1585 1873 1800 1926 facimus

225 1977 363 2048 quod
398 1975 695 2030 faciendum
743 1973 842 2036 sit;
871 1971 1034 2039 major
1060 1976 1134 2023 est
1176 1967 1314 2020 Deus
1354 1966 1501 2019 corde
1524 1974 1692 2018 nostro
1712 2005 1724 2026 ,
1755 1971 1802 2016 et

225 2071 354 2124 novit
394 2071 584 2121 omnia.
615 2067 721 2122 Cor
765 2074 910 2119 tuum
956 2061 1237 2116 abscondis
1265 2059 1331 2112 ab
1361 2058 1603 2132 homine;
1633 2071 1661 2108 a
1691 2055 1802 2108 Deo

226 2159 492 2214 absconde
537 2161 579 2212 si
624 2165 790 2226 potes.
821 2152 1097 2222 Quomodo
1135 2148 1426 2204 abscondes
1464 2147 1531 2200 ab
1572 2161 1635 2200 eo
1660 2186 1675 2212 ,
1719 2143 1803 2198 cui

228 2252 430 2306 dictum
453 2259 533 2304 est
557 2264 586 2302 a
612 2255 889 2317 peccatore
918 2243 1142 2313 quodam
1170 2241 1386 2295 timente
1405 2247 1458 2293 et
1479 2237 1762 2291 conﬁtente
1789 2252 1801 2288 :
1834 2254 1878 2281 :-

231 2342 339 2408 Quo
359 2340 442 2394 ibo
466 2357 496 2392 a
520 2338 698 2408 spiritu
723 2337 845 2389 tuo?
864 2345 910 2388 et
930 2351 960 2386 a
985 2333 1114 2405 facie
1141 2340 1225 2384 tua
1259 2346 1356 2400 quo
1383 2327 1614 2399 fugiam?
1650 2325 1805 2393 Qua:—

228 2432 376 2487 rcbat
403 2447 506 2500 qua
550 2419 788 2498 fugeret,
829 2435 888 2480 ut
913 2424 1160 2479 evaderet
1184 2421 1436 2496 judicium
1461 2419 1591 2484 Dei,
1621 2426 1673 2471 et
1701 2430 1803 2493 non

230 2524 547 2580 inveniebat.
570 2521 667 2577 Ubi
707 2520 846 2574 enim
877 2533 978 2571 non
1005 2525 1086 2571 est
1112 2513 1288 2570 Deus?
1317 2512 1376 2567 Si
1402 2510 1696 2575 ascendere,
1728 2509 1805 2561 in-

229 2617 369 2685 quit,
403 2615 458 2667 in
487 2613 685 2677 coelum,
711 2609 779 2664 ibi
800 2625 888 2663 es:
917 2608 959 2661 si
987 2605 1284 2660 descendam
1310 2604 1362 2656 in
1380 2603 1659 2673 infernum,
1688 2599 1806 2651 ades

231 2707 398 2777 (Psal.
441 2719 722 2782 cxxxvm,
757 2704 808 2769 Ἰ,
839 2701 916 2772 8).
948 2699 1063 2766 Quo
1108 2699 1274 2751 iturus
1320 2695 1411 2774 es?
1456 2709 1558 2764 quo
1601 2691 1806 2762 fugies?
1834 2721 1856 2726 ~—

231 2797 321 2852 νίς
344 2797 528 2851 audire
555 2793 868 2850 consilium?
893 2791 945 2846 Si
973 2790 1053 2844 vis
1077 2789 1142 2856 ab
1172 2787 1265 2842 illo
1303 2785 1515 2856 fugere,
1545 2783 1610 2837 ad
1639 2783 1806 2850 ipsum

231 2890 368 2960 fuge.
399 2887 479 2942 Ad
505 2888 673 2957 ipsum
704 2882 826 2953 fuge
853 2879 1177 2944 conﬁtendo,
1207 2894 1309 2930 non
1337 2876 1402 2929 ab
1425 2876 1537 2944 ipso
1557 2871 1766 2926 latendo
1791 2889 1804 2925 :

231 2980 395 3036 latere
427 2981 564 3033 enim
597 2992 701 3032 non
743 2984 889 3045 potes
909 3016 923 3038 ,
955 2971 1047 3027 sed
1075 2969 1315 3024 conﬁteri
1356 2977 1523 3036 potes.
1556 2965 1647 3018 Dic
1692 2964 1805 3030 illi,

233 3073 504 3143 Refugium
533 3049 697 3123 meum
720 3085 770 3122 es
800 3075 850 3119 tu
878 3063 1043 3138 (Psal.
1078 3077 1196 3114 χχχι
1219 3101 1233 3125 ,
1264 3057 1315 3129 7)
1341 3076 1353 3123 ;
1384 3069 1436 3112 et
1462 3056 1724 3134 nutriatur
1753 3054 1806 3107 in

233 3170 282 3217 te
303 3162 542 3229 dilectio,
567 3175 684 3229 qua:
711 3158 817 3230 sola
841 3154 1079 3225 perducit
1103 3152 1168 3206 ad
1191 3151 1375 3204 vitam.
1411 3146 1688 3216 Perhibent
1714 3144 1808 3224 tibi
1847 3160 1860 3190 '.

234 3255 592 3308 testimonium
623 3249 940 3306 conscientia
972 3255 1059 3300 tua
1080 3287 1093 3312 ,
1126 3244 1246 3313 quia
1275 3257 1343 3295 ex
1377 3241 1484 3294 Deo
1514 3249 1612 3294 est.
1642 3237 1697 3318 Si
1743 3251 1808 3290 ex

235 3346 340 3401 Deo
367 3353 452 3401 est
472 3388 486 3406 ,
521 3345 627 3399 noli
654 3345 792 3397 illam
823 3341 956 3394 velle
990 3347 1111 3414 ante
1137 3336 1380 3390 homines
1419 3334 1651 3401 jactare;
1682 3329 1804 3399 quia

234 3453 329 3492 nec
355 3437 541 3492 laudes
571 3435 840 3489 hominum
866 3440 916 3486 te
940 3431 1114 3484 levant
1141 3429 1191 3481 in
1214 3426 1409 3480 emtum
1430 3464 1444 3488 ,
1479 3438 1575 3476 nec
1605 3421 1813 3490 vitupe-

235 3531 469 3590 rationes
515 3525 636 3580 inde
680 3532 730 3577 te
773 3523 1060 3592 deponunt.
1095 3517 1186 3572 llle
1216 3516 1390 3570 videat
1432 3513 1518 3582 qui
1562 3517 1807 3575 coronat;

235 3620 321 3676 ille
359 3621 430 3673 sit
472 3619 622 3673 testis
660 3629 763 3686 quo
804 3613 981 3683 judice
1028 3607 1319 3665 coronaris.
1353 3602 1526 3672 Major
1566 3610 1635 3664 est
1675 3600 1812 3678 Deus

235 3711 385 3766 corde
410 3695 578 3762 nostro
599 3748 612 3772 ,
645 3715 691 3759 et
719 3704 852 3758 novit
882 3702 1070 3756 omnia.

236 3809 242 3834 έ
303 3785 358 3855 li.
389 3796 744 3861 Diiectissimi,
773 3794 816 3849 si
843 3810 928 3847 cor
947 3808 1046 3846 non
1072 3787 1201 3842 male
1219 3785 1443 3848 senserit,
1471 3782 1708 3863 ﬁduciam
1723 3780 1814 3833 ha-

239 3896 409 3949 bemus
437 3891 506 3944 ad
533 3889 711 3943 Deum.
733 3885 867 3955 Quid
899 3893 1005 3948 est,
1037 3899 1121 3936 cor
1147 3897 1244 3934 non
1287 3879 1416 3932 male
1442 3874 1687 3946 senserit?
1712 3872 1809 3928 Ve-

238 4001 354 4042 rum
402 3983 556 4047 nobis
600 3977 960 4049 responderit,
989 3975 1110 4044 quia
1139 3971 1406 4046 diligimus
1428 4011 1440 4032 ,
1469 3976 1522 4022 et
1565 3979 1812 4046 germana

238 4049 454 4131 dilectio
478 4080 560 4128 est
584 4072 635 4126 in
666 4069 818 4124 nobis
847 4087 860 4120 :
889 4083 994 4120 non
1024 4068 1140 4118 ﬁcta
1167 4104 1181 4128 ,
1207 4061 1300 4115 sed
1326 4061 1565 4122 sincera;
1593 4057 1813 4110 salutem

241 4167 529 4221 fraternam
556 4174 817 4232 qumrens,
843 4157 1039 4211 nullum
1067 4153 1474 4208 emolumentum
1505 4154 1816 4215 exspectans

243 4274 271 4312 a
302 4258 470 4311 fratre
491 4298 506 4321 ,
537 4254 638 4308 nisi
675 4251 898 4308 salutem
932 4248 1114 4318 ipsius.
1160 4243 1428 4297 Fiduciam
1471 4241 1705 4293 habemus
1751 4238 1816 4300 ad

243 4349 444 4410 Deum;
474 4359 520 4399 et
559 4343 800 4415 quidquid
847 4336 1274 4408 postulaverimus,
1308 4333 1605 4406 accipiemus
1634 4329 1693 4381 ab
1729 4345 1814 4394 co,

243 4442 359 4512 quia
391 4438 632 4490 mandata
660 4435 769 4504 ejus
807 4443 1077 4511 servamus.
1127 4425 1247 4479 [deo
1294 4437 1397 4476 non
1444 4422 1494 4473 in
1535 4426 1817 4488 conSpectu

245 4509 543 4588 hominum,
568 4524 659 4578 sed
688 4521 774 4576 ubi
801 4509 912 4590 ipse
939 4519 1079 4573 Deus
1103 4515 1245 4568 videt
1271 4514 1322 4566 in
1350 4510 1525 4565 corde.
1554 4509 1819 4561 Fiduciam
1855 4541 1862 4544 -

245 4637 370 4691 ergo
402 4619 642 4674 habemus
685 4613 751 4667 ad
790 4599 980 4677 Deum;
1009 4618 1054 4663 et
1081 4603 1323 4679 quidquid
1364 4601 1782 4674 postulaverimus
1802 4640 1816 4665 ,

244 4712 304 4764 ab
332 4727 389 4764 eo
435 4707 736 4785 accipiemus
761 4720 780 4757 :
809 4702 930 4765 sed,
977 4700 1095 4768 quia
1133 4696 1372 4750 mandata
1415 4696 1520 4764 ejus
1549 4706 1819 4746 servamus.

245 4801 372 4871 Quae
393 4807 520 4854 sunt
539 4783 782 4851 mandata
799 4790 945 4861 ejus?
966 4787 1226 4858 Numquid
1252 4801 1462 4855 semper
1479 4783 1820 4854 repetendum
1865 4811 1870 4816 ι

247 4892 364 4946 est?
391 4887 695 4942 Mandatum
723 4899 901 4938 novum
929 4882 991 4934 do
1016 4879 1168 4946 vobis,
1195 4888 1249 4930 ut
1274 4893 1358 4930 vos
1378 4877 1582 4929 invicem
1605 4875 1824 4944 diligatis

250 4981 427 5053 (Joan.
473 4993 599 5044 xm,
643 4959 758 5048 ‘54);
800 4972 972 5042 Ipsam
1018 4955 1330 5025 charitalem
1373 4949 1822 5036 loquitur,iipsam

250 5069 608 5128 commendat.
635 5065 882 5142 Quisquis
923 5076 1050 5132 ergo
1095 5060 1336 5132 habuerit
1363 5058 1674 5112 charitatetn
1718 5057 1824 5110 fra-

252 5178 487 5231 ternam,
517 5171 572 5218 et
594 5147 906 5216 coram'Deo
938 5155 1214 5222 habuerit,
1237 5153 1326 5207 ubi
1355 5152 1492 5205 Deus
1517 5151 1689 5214 videt,
1718 5165 1829 5203 cor-

250 5277 353 5330 que
401 5257 520 5326 ejus
570 5253 949 5320 interrogatum
983 5247 1086 5312 _sub
1119 5246 1261 5315 justo
1299 5243 1577 5325 examine,
1630 5256 1734 5293 non
1780 5243 1827 5294 ei

253 5351 394 5406 aliud
427 5345 804 5417 'reSponderit,
836 5357 989 5410 quam
1019 5351 1320 5408 germanam
1359 5335 1426 5389 ibi
1453 5349 1572 5388 esse
1599 5334 1827 5410 radicem

252 5441 552 5504 charitatis,
581 5436 720 5492 unde
748 5434 870 5490 boni
897 5432 1096 5504 fructus
1115 5429 1375 5491 existant;
1405 5425 1564 5481 habet
1590 5425 1828 5504 ﬁduciam

255 5532 393 5603 apud
425 5502 592 5606 Deum
612 5569 627 5594 ,
647 5517 709 5608 ‘et
732 5502 984 5597 quidquid
1007 5506 1377 5590 postulaverit,
1408 5515 1474 5569 ab
1497 5530 1561 5570 eo
1585 5502 1825 5596 accipiet,

259 5623 379 5694 quia
408 5617 659 5674 mandata
688 5616 801 5684 ejus
829 5613 1028 5668 servat.

332 5695 650 5767 5.0ccurrit
676 5705 897 5776 quaestio
926 5700 1166 5772 quaedam
1188 5740 1200 5764 ,
1232 5697 1350 5768 quia
1383 5711 1487 5775 non
1517 5696 1604 5751 ille
1633 5705 1723 5750 aut
1745 5697 1830 5754 ille

265 5801 446 5868 homo,
472 5809 564 5855 aut
587 5809 642 5856 tu
664 5809 751 5856 aut
777 5813 896 5870 ego,
920 5796 1008 5866 qui
1037 5793 1078 5849 si
1108 5791 1307 5862 petiero
1326 5789 1522 5861 aliquid
1546 5805 1577 5844 a
1606 5789 1830 5846 Domino

1411 394 1806 475 miseratus
1835 398 1920 476 vt.
1961 395 2184 482 CAPUT
2219 393 2310 455 ιιι.

1313 1327 1432 1382 vide
1491 1326 1614 1397 quid
1667 1325 1796 1380 feci-
1816 1375 1818 1379 .
1836 1355 1852 1383 ε

3328 405 3470 490 2923

1899 514 2009 569 Deo
2035 525 2215 585 nostro
2234 554 2249 581 ,
2281 523 2460 568 etnon
2490 525 2771 589 accepero,
2802 511 2955 570 facile
2980 514 3047 571 de
3075 530 3159 598 me
3184 525 3360 598 potest
3385 521 3468 577 di-
3554 553 3558 558 -

1900 622 2022 662 cere
2051 608 2426 679 unusquisque,
2459 608 2569 662 Non
2609 608 2768 686 habet
2794 589 3135 686 charitatem‘;
3165 589 3310 681 ét'de
3334 597 3467 684 quo-

1898 697 2025 750 libet
2073 697 2285 753 homine
2332 699 2483 768 hujus
2531 683 2780 769 temporis
2824 683 2972 757 facile
3017 695 3126 757 dici
3168 713 3375 783 potest;
3422 714 3477 784 et

1898 791 2087 844 sentiat
2131 791 2250 859 quis
2298 793 2435 860 quod
2481 794 2589 847 vult
2631 794 2789 861 homo
2827 795 2893 851 de
2922 795 3135 874 homine
3164 773 3183 852 ξ
3211 773 3464 874 majorem

1899 881 2240 950 qutestionem
2279 897 2383 935 non
2413 881 2646 950 faciunt,
2675 885 2774 938 nisi
2804 886 2876 939 illi
2918 887 3016 940 viri
3030 875 3048 948 ⁷,
3083 875 3232 958 quos
3254 875 3468 944 sanatos

1898 979 2104 1038 constat
2150 970 2308 1025 fuisse
2358 986 2476 1026 cum
2525 975 2847 1042 scriberent,
2897 985 2950 1030 et
2993 978 3152 1032 modo
3189 993 3309 1048 esse
3348 994 3472 1036 cum

1900 1061 2027 1115 Deo.
2059 1062 2186 1130 Quis
2215 1061 2374 1116 habet
2413 1062 2752 1126 charitatem,
2785 1067 2825 1120 si
2857 1081 2972 1120 eam
3017 1050 3212 1123 Paulus
3227 1056 3344 1124 non
3373 1069 3471 1123 ha-

1899 1151 2055 1205 bebat
2075 1193 2090 1218 ,
2123 1153 2207 1221 qui
2230 1151 2470 1217 dicebat,
2503 1152 2574 1206 0s
2612 1164 2834 1224 nostrum
2859 1167 2991 1226 patet
3021 1159 3088 1211 ad
3111 1175 3215 1225 vos,
3238 1177 3267 1228 ρ
3292 1158 3472 1214 Corin-

1901 1244 2011 1307 thii,
2043 1259 2127 1296 cor
2148 1252 2370 1314 nostrum
2401 1243 2663 1297 dilatatam
2692 1256 2798 1310 est;
2819 1263 2918 1300 non
2947 1236 3282 1318 angustamini
3307 1250 3358 1304 in
3379 1267 3471 1304 no-

1901 1333 1975 1387 bis
2013 1333 2080 1402 (ll
2106 1332 2219 1387 Cor.
2252 1350 2334 1400 vt,
2365 1336 2461 1400 11,
2498 1336 2618 1405 i2);
2646 1337 2735 1406 qui
2781 1337 3019 1410 dicebat,
3069 1324 3344 1411 Impendar
3381 1359 3473 1413 pro

1900 1427 2159 1479 animabus
2187 1427 2356 1481 vestris
2383 1426 2490 1496 (Id.
2520 1443 2596 1482 xu
2620 1470 2635 1504 ί,
2664 1413 2751 1499 15)
2783 1448 2795 1483 ε
2825 1439 2878 1484 et
2916 1413 3057 1504 sua
3101 1415 3268 1502 gratia
3299 1434 3350 1487 in
3381 1434 3474 1489 illo

1903 1526 2040 1579 erat,
2074 1525 2130 1570 ut
2161 1517 2581 1596 manil’estaretur
2620 1503 2744 1596 eum
2784 1503 3355 1596 haberelehaiitatem?
3385 1523 3470 1577 In-

1901 1609 2142 1662 venimus
2180 1623 2297 1689 eum
2328 1617 2498 1662 tamen
2530 1594 2754 1677 petisse,
2884 1593 3309 1688 lion‘acce'pisse..
3333 1613 3469 1686 Quid

1902 1699 2153 1774 dicimus,
2212 1699 2437 1753 fratres?
2488 1700 2720 1768 Quaestio
2772 1712 2887 1767 est;
2944 1704 3132 1758 intenti
3186 1711 3357 1774 estote
3406 1704 3472 1758 ad

1903 1771 2088 1840 Deum.
2112 1775 2290 1856 Magna
2315 1796 2366 1842 et
2390 1789 2486 1842 ista
2508 1789 2727 1858 quiestio
2748 1777 2846 1844 est.
2871 1779 3144 1862 Quomodo
3164 1781 3229 1846 de
3247 1769 3474 1861 'peccato

1904 1876 1989 1930 ubi
2034 1877 2229 1930 dictum
2272 1888 2384 1944 est,
2429 1875 2532 1945 Qui
2570 1891 2715 1934 natus
2759 1869 2829 1934 est
2873 1874 2935 1934 ca:
2973 1866 3125 1948 Deo,"
3159 1897 3258 1935 non
3301 1869 3473 1952 peccat

1905 1965 1949 2037 (1
1970 1967 2122 2021 Joan.
2155 1984 2242 2033 ιιι,
2273 1969 2367 2044 ,9);
2399 1970 2694 2026 invenimus
2717 1972 2818 2027 hoc
2835 1987 2952 2028 esse
2980 1959 3256 2044 peccatum
3276 1961 3474 2030 violare

1904 2057 2247 2123 charitatem,
2277 2069 2329 2114 et
2373 2060 2472 2114 hoc
2510 2063 2722 2132 proprie
2767 2045 3103 2133 designatum
3144 2079 3263 2128 esse
3292 2065 3344 2118 in
3373 2051 3475 2124 hoc

1904 2149 2066 2203 loco:
2098 2150 2173 2203 sic
2216 2160 2268 2230 et
2310 2167 2449 2206 nunc
2477 2144 2760 2221 quaerimus
2799 2154 2923 2223 quid
2967 2154 3177 2230 dixerit.
3231 2141 3286 2230 Si
3335 2157 3477 2224 enim

1905 2238 2064 2293 verba
2089 2227 2358 2305 attendas,
2388 2242 2598 2308 planum
2627 2242 2863 2306 videtur;
2893 2232 2937 2297 si
2971 2229 3232 2315 exempla,
3272 2227 3472 2300 “obscu-

1905 2345 2022 2383 rum
2051 2338 2150 2383 est.
2180 2329 2367 2384 Verbis
2391 2330 2472 2384 his
2501 2331 2629 2384 nihil
2659 2320 2740 2386 est
2769 2334 2978 2400 planius
3006 2318 3019 2385 ἐ
3055 2352 3073 2385 ι
3121 2324 3187 2387 Et
3224 2316 3477 2403 quidquid

1908 2421 2378 2492 postulaverimus,
2434 2413 2867 2492 accipiemns'ab
2916 2439 3008 2489 eo;
3060 2425 3181 2493 quia
3237 2425 3480 2500 mandata

1907 2513 2021 2582 ejus
2050 2528 2352 2579 servamus,
2382 2520 2436 2567 et
2463 2529 2578 2595 quae
2607 2515 2814 2596 placent
2839 2515 2947 2582 illi,
2973 2516 3022 2569 in
3050 2499 3342 2599 conspectu
3361 2497 3483 2586 ejus

1909 2603 2151 2659 facimus.
2175 2604 2438 2674 Quidquid
2463 2594 2932 2675 pustulaverimus,
2953 2625 2971 2659 ι
2998 2609 3089 2684 ait,
3120 2594 3140 2661 ἆ
3162 2597 3480 2680 accipiemus

1909 2697 1975 2750 ab
2000 2712 2082 2751 eo.
2124 2715 2142 2767 ι
2173 2685 2485 2767 AnguStavit
2508 2684 2871 2776 vehementer.
2898 2687 3026 2768 Quia
3058 2711 3109 2756 et
3138 2703 3205 2755 ibi
3235 2685 3481 2772 angusta-

1908 2799 2022 2858 ret,
2056 2790 2099 2844 si
2128 2791 2330 2845 diceret
2355 2806 2513 2845 omne
2560 2801 2831 2862 peccatum
2859 2809 2872 2845 :
2905 2777 3146 2870 seditieo
3186 2794 3480 2870 invenimus

1909 2880 2083 2935 locum
2115 2879 2447 2962 exponendi,
2486 2881 2605 2952 quia
2651 2882 2718 2964 de
2766 2864 2919 2938 certo,
2935 2864 3151 2962 peccato
3177 2864 3309 2964 dixit
3325 2864 3345 2950 ,'
3372 2901 3482 2964 non

1909 2973 1976 3028 de
2003 2975 2178 3040 omni;
2209 2973 2299 3028 sed
2329 2974 2394 3029 de
2419 2959 2644 3056 quodam
2667 2959 2674 2966 ⁵
2694 2985 2912 3045 peccato
2997 2977 3136 3064 quod
3180 2957 3352 3054 omnis
3372 2957 3376 2968 ι
3396 2965 3486 3051 qui

1911 3077 1976 3118 ex
2025 3065 2132 3118 Deo
2173 3073 2326 3118 natus
2360 3071 2478 3130 est,
2522 3082 2626 3120 non
2667 3065 2793 3146 facit
2836 3087 2848 3120 :
2898 3078 2951 3126 et
2992 3057 3288 3153 invenimus
3318 3057 3486 3142 ipsum

1913 3155 2176 3224 quoddam
2209 3167 2482 3238 peccatum
2536 3158 2872 3236 violationem
2922 3175 3039 3236 esse
3081 3160 3374 3238 charitatis.
3424 3163 3490 3231 Et

1913 3243 2166 3299 habemus
2188 3233 2486 3324 exemplum
2510 3233 2574 3301 de
2598 3247 2882 3325 Evangelio
2894 3233 3257 3330 manifestum,
3267 3233 3491 3336 quando

1913 3337 1984 3390 ait
2014 3337 2261 3390 Dominus
2282 3381 2294 3402 ,
2329 3337 2390 3391 Si
2416 3355 2514 3417 non
2539 3339 2810 3414 venissem,
2837 3351 3090 3422 peccatum
3116 3358 3217 3416 non
3253 3341 3489 3420 haberent

1914 3425 2092 3500 (Joan.
2125 3444 2211 3491 xv,
2243 3427 2354 3498 ea).
2399 3415 2532 3500 Quid
2559 3415 2718 3500 ergo?
2746 3430 2810 3484 ad
2839 3415 3152 3514 innocentes
3172 3415 3384 3510 iudicas
3403 3415 3494 3514 vel

1914 3526 2083 3581 uerat,
2136 3519 2254 3586 quia
2307 3519 2382 3572 sic
2429 3519 2694 3588 loquitur?
2727 3521 2860 3594 Ergo
2894 3523 2935 3590 si
2966 3521 3078 3591 ipse
3117 3538 3222 3576 non
3254 3523 3491 3596 veniret,

1913 3618 2188 3688 peccatum
2220 3623 2322 3662 non
2355 3609 2645 3686 haberent?
2675 3611 2961 3688 Prmsentia
2989 3628 3114 3683 ergo
3144 3595 3334 3686 medici
3371 3595 3495 3688 fecit

1915 3683 2188 3767 aegrotum,
2219 3683 2415 3768 febrem
2446 3715 2548 3776 non
2581 3685 2830 3772 abstulit?
2859 3701 2987 3776 Quis
3013 3689 3112 3776 hoc
3144 3703 3225 3776 vel
3249 3683 3489 3776 demens

1915 3788 2092 3842 dicat?
2119 3789 2212 3842 llle
2236 3805 2339 3842 non
2373 3773 2532 3842 venit.
2553 3789 2656 3872 nisi
2686 3771 2889 3872 curare
2923 3768 2976 3862 et
3015 3769 3203 3874 seqare
3247 3773 3492 3868 aegrotos.

1915 3879 2089 3946 Quare
2109 3893 2234 3949 ergo
2259 3878 2421 3944 dixit,
2453 3878 2515 3933 Si
2540 3863 2640 3958 non
2671 3863 2915 3956 venissem
2927 3867 2965 3943 ζ’
2991 3861 3260 3966 peccatum
3286 3873 3385 3964 nqn
3401 3883 3496 3956 ha-

1919 3969 2104 4034 berent,
2147 3969 2247 4022 nisi
2297 3970 2418 4038 quia
2449 3959 2654 4023 eertum
2703 3970 2966 4053 quoddam
2991 3959 3000 3966 ’
3015 3959 3290 4054 peccatum
3331 3959 3497 4026 voluit

1869 4087 1874 4112 ς
1919 4059 2180 4130 intelligi?
2204 4059 2476 4127 Quoddam
2507 4061 2646 4140 enim
2677 4047 2952 4144 peccatum
3123 4047 3378 4146 haberent
3405 4047 3497 4130 ,1υὲ

1919 4149 2038 4204 duci.
2067 4149 2217 4216 Quod
2249 4133 2560 4218 peccatum?
2588 4150 2700 4216 Quo
2732 4150 2785 4226 in
2812 4131 2934 4233 eum
2977 4131 3083 4234 xiiii
3120 4131 3496 4228 crediderunt,

1920 4258 2024 4313 quo
2048 4251 2362 4311 praesentem
2399 4251 2848 4310 contempserunt.
3065 4259 3189 4324 ergo
3215 4242 3290 4324 ibi
3314 4231 3501 4326 pedes}:

1922 4343 2031 4389 tum
2059 4334 2220 4399 dixit,
2269 4343 2322 4389 et
2360 4347 2463 4416 non
2504 4343 2582 4412 est
2609 4349 2936 4414 consequens
2964 4343 3020 4418 ut
3044 4329 3201 4412 omne
3226 4343 3501 4410 peccatum

1923 4425 2306 4493 intelligamus,
2337 4423 2428 4478 sed
2477 4431 2675 4477 certum
2709 4433 3012 4492 peccatum:
3047 4424 3123 4500 sic
3164 4433 3217 4500 et
3265 4423 3350 4477 hic
3394 4438 3502 4480 non

1923 4530 2080 4568 omne
2101 4523 2367 4584 peccatum
2390 4557 2403 4581 ,
2438 4530 2504 4568 ne
2541 4507 2838 4570 contrarius
2884 4516 2953 4576 sit
2989 4495 3228 4592 'il'li'loc'o
3269 4515 3358 4590 ubi
3397 4515 3498 4578 ait,

1926 4607 1987 4660 Si
2016 4607 2288 4659 dixerimus
2316 4606 2435 4677 quia
2462 4615 2715 4675 peccatum
2744 4623 2842 4658 non
2879 4607 3113 4659 habemus
3132 4649 3146 4673 ,
3176 4595 3501 4674 nosmetipsos

1923 4696 2223 4776 seducimus,
2251 4705 2296 4749 et
2320 4697 2499 4749 veritas
2523 4696 2574 4748 in
2605 4695 2742 4772 nobis
2764 4713 2862 4749 non
2880 4706 2948 4776 est
2975 4697 3018 4767 (1
3035 4695 3192 4749 Joan.
3219 4711 3257 4762 ι,
3285 4695 3342 4766 8)
3366 4712 3379 4760 ;
3404 4694 3499 4750 sed

1926 4771 2126 4843 certum
2155 4787 2416 4857 quoddam
2445 4771 2716 4856 peccatum
2738 4829 2753 4853 ,
2786 4773 2836 4842 id
2864 4771 2975 4865 est,
3009 4781 3344 4865 violationem
3373 4787 3502 4840 chav

1925 4881 2114 4936 ritatis.
2147 4873 2241 4960 Hic
2262 4888 2435 4934 autem
2461 4867 2577 4950 plus
2595 4895 2689 4960 nos
2708 4864 3024 4960 constringit
3051 4899 3062 4934 :
3088 4861 3150 4936 Si
3171 4860 3500 4954 petierimus,

1928 4973 2088 5038 dixit,
2122 4973 2165 5025 si
2187 4955 2284 5038 nos
2313 4987 2420 5026 non
2451 4955 2780 5052 accusaverit
2813 4955 2904 5058 σφι
2924 4955 3162 5059 nostrum
3181 4961 3208 5037 ,I
3230 4979 3283 5026 ct
3310 4957 3505 5046 renun‘-

1930 5065 2136 5119 tiaverit
2190 5065 2241 5118 in
2303 5075 2592 5136 conspectu
2657 5065 2750 5119 Dei
2807 5066 2925 5140 quia
2982 5081 3103 5136 vera
3153 5063 3366 5119 dilectio
3425 5069 3506 5116 est

1931 5155 1986 5210 in
2020 5155 2170 5209 nobis
2190 5173 2215 5220 ;.
2243 5151 2484 5230 quidquid
2524 5153 2955 5230 postulaverintus,
2988 5157 3049 5230 ab
3077 5171 3135 5228 eo
3167 5147 3502 5230 accipiemus.

2002 5246 2056 5301 6.
2085 5246 2199 5300 Jam
2240 5229 2366 5318 ergo
2402 5229 2802 5301 dixi'Charitati
2837 5227 3319 5313 vestrae,fratresl,
3347 5227 3506 5322 nemo

1933 5338 2167 5392 attendat
2194 5338 2257 5392 ad
2288 5354 2402 5392 nos.
2431 5327 2564 5404 Quid
2589 5321 3086 5416 enimsum‘us’nos?
3110 5339 3211 5408 Aut
3234 5335 3356 5414 quid
3380 5321 3506 5389 estis

1934 5427 2067 5480 vos?
2093 5427 2248 5494 Quid,
2281 5429 2379 5482 nisi
2412 5416 2656 5483 Ecclesia
2675 5421 2791 5494 Dei,
2823 5414 2939 5498 qua;
2960 5437 3088 5513 nota
3116 5415 3197 5510 est
3221 5423 3507 5506 omnibus?

1939 5517 2005 5572 Et
2035 5521 2076 5572 si
2109 5518 2181 5572 illi
2221 5519 2419 5590 placet,
2454 5521 2503 5573 in
2545 5519 2630 5574 illa
2659 5535 2874 5586 sumus;
2919 5531 2970 5575 et
3013 5520 3101 5592 qui
3145 5519 3424 5594 dilectione
3453 5518 3506 5594 in

1935 5607 2024 5664 illa
2048 5625 2338 5676 manemus,
2365 5610 2434 5686 ibi
2457 5597 2874 5678 perseveremus,
2903 5603 2946 5686 si
2968 5589 3507 5692 volumus'ostend'ere

1936 5701 2267 5758 dilectionem
2299 5719 2451 5773 quam
2485 5704 2753 5760 habemus.
2781 5690 3153 5780 Verumtamen
3181 5691 3245 5776 de
3271 5690 3506 5780 apostolo

1937 5792 2099 5849 Paulo
2126 5795 2247 5865 quid
2287 5795 2412 5852 mali
2455 5797 2658 5851 sensuri
2701 5800 2919 5854 sumus?
2965 5779 3088 5879 Ipse.
3124 5816 3227 5854 non
3259 5781 3508 5884 diligebat
