4076 6470
561 434 702 500 2023

559 560 789 618 fratres?
818 559 972 631 Apud
999 560 1172 632 ipsum
1198 573 1304 615 non
1328 568 1441 616 erat
1465 559 1824 614 testimonium
1860 559 2131 613 conscien-

559 653 649 707 tia:
674 653 789 722 ejus
817 653 869 708 in
897 662 1182 722 conspectu
1210 651 1347 706 Dei?
1387 650 1502 706 Non
1542 658 1655 706 erat
1693 651 1744 705 in
1783 651 1944 705 Paulo
1981 649 2129 703 radix

557 725 653 796 illa
677 742 969 809 charitatis,
997 743 1138 798 unde
1160 757 1346 797 omnes
1368 742 1492 796 boni
1519 743 1717 796 fructus
1742 741 2128 811 procedebant?

553 833 684 901 Quis
711 834 810 889 hoc
835 833 1052 889 demens
1077 833 1308 888 dixerit?
1334 833 1433 888 Ubi
1463 848 1588 902 ergo
1612 833 1903 887 invenimus
1933 831 2128 900 petisse
2172 891 2174 894 ,

553 924 869 992 Apostolum
897 933 951 979 et
979 940 1085 979 non
1113 924 1415 993 accepisse?
1453 924 1541 978 Ait
1577 925 1688 994 ipse
1726 941 1738 976 :
1777 922 1843 976 In
1873 923 2125 992 magnitu-

551 1014 668 1068 dine
692 1015 1044 1069 revelationum
1074 1031 1134 1068 ne
1163 1015 1408 1082 extollar,
1440 1014 1587 1067 datus
1631 1023 1701 1067 est
1738 1013 1861 1066 mihi
1898 1012 2126 1067 stimulus

549 1106 714 1158 carnis
741 1121 880 1171 mete,
908 1106 1114 1175 angelus
1137 1115 1348 1172 satanaz,
1376 1107 1460 1174 qui
1481 1122 1558 1158 me
1575 1106 1850 1175 colapltizet
1879 1121 1896 1157 :
1925 1113 2126 1174 propter

550 1195 681 1265 quod
703 1205 774 1248 ter
797 1194 1072 1248 Dominum
1096 1197 1266 1266 rogavi
1292 1204 1345 1248 ut
1367 1199 1586 1267 auferret
1611 1211 1723 1248 eum
1743 1212 1774 1246 a
1794 1210 1871 1247 me
1885 1209 1903 1257 ,'
1929 1203 1973 1246 et
1997 1195 2125 1247 dixit

550 1286 702 1351 mihi,
735 1284 927 1354 Sufﬁcit
955 1287 1040 1338 tibi
1069 1287 1230 1357 gratia
1259 1301 1404 1350 mea;
1443 1302 1560 1339 nam
1586 1285 1738 1340 virtus
1761 1286 1813 1338 in
1838 1285 2124 1353 inﬁrmitate

546 1375 802 1443 perﬁcitur
832 1375 906 1445 (ll
932 1374 1047 1428 Cor.
1079 1391 1188 1443 xu,
1219 1375 1385 1446 7-9).
1430 1375 1567 1431 Ecce
1591 1391 1696 1430 non
1721 1385 1801 1430 est
1826 1375 2118 1441 exauditus,

546 1471 602 1516 ut
626 1461 922 1517 auferretur
947 1465 1012 1518 ab
1038 1464 1128 1518 illo
1151 1465 1368 1535 angelus
1388 1473 1606 1522 satanas.
1636 1464 1742 1520 Sed
1766 1464 1966 1534 quare?
1989 1464 2120 1531 Quia

543 1567 649 1607 non
679 1551 726 1606 ei
754 1554 1020 1622 proderat.
1055 1556 1195 1625 Ergo
1219 1556 1494 1611 exauditus
1529 1564 1613 1612 est
1647 1556 1714 1611 ad
1745 1557 1998 1625 salutem,
2029 1556 2120 1627 qui

541 1658 648 1698 non
693 1654 774 1699 est
819 1647 1097 1701 exauditus
1134 1649 1201 1702 ad
1231 1649 1569 1704 voluntatem.
1615 1647 1828 1703 Noverit
1870 1664 2117 1736 magnum

540 1744 928 1788 sacramentum
951 1735 1196 1790 Charitas
1225 1748 1433 1803 vestra;
1462 1737 1602 1807 quod
1631 1738 1748 1792 ideo
1775 1735 2114 1793 commendaé

538 1838 657 1878 mus
693 1825 870 1892 vobis,
911 1841 977 1881 ne
1012 1828 1220 1882 excidat
1245 1829 1394 1883 vobis
1420 1829 1471 1882 in
1500 1830 1875 1884 tentationibus
1903 1831 2112 1884 vestris.
2149 1861 2156 1865 -

538 1915 718 1976 Sancti
762 1917 828 1972 ad
867 1919 1092 1974 salutem
1139 1936 1234 1989 per
1275 1922 1450 1974 omnia
1493 1921 1871 1988 exaudiuntur,
1904 1937 2116 1991 semper

533 2008 887 2063 exaudiuntur
916 2010 981 2065 ad
1011 2012 1232 2066 salutem
1259 2015 1510 2067 mternam
1537 2032 1549 2066 :
1574 2014 1740 2082 ipsam
1775 2013 2110 2079 desiderant;

534 2097 657 2166 quia
682 2099 971 2154 secundum
1004 2100 1139 2155 banc
1165 2117 1375 2171 semper
1400 2102 1770 2158 exaudiuntur.

606 2186 659 2240 7.
701 2185 805 2241 Sed
849 2188 1216 2244 discernamus
1254 2191 1618 2246 exauditiones
1655 2193 1772 2246 Dei.
1811 2191 2110 2248 Invenimus

533 2276 675 2332 enim
710 2279 961 2347 quosdam
1005 2294 1111 2336 non
1145 2282 1418 2336 exauditos
1447 2283 1512 2337 ad
1541 2283 1898 2350 voluntatem,
1943 2300 2108 2340 exau-
2142 2301 2146 2306 '

534 2367 676 2422 ditos
730 2368 797 2422 ad
850 2371 1070 2425 salutem
1115 2389 1130 2422 :
1174 2381 1228 2427 et
1273 2387 1456 2426 rursus
1511 2373 1766 2443 quosdam
1814 2375 2108 2430 invenimus

534 2458 809 2515 exauditos
844 2460 912 2516 ad
949 2463 1312 2530 voluntatem,
1357 2472 1411 2518 et
1451 2479 1556 2518 non
1597 2466 1872 2521 exauditos
1913 2466 1980 2520 ad
2017 2481 2106 2522 sa-

529 2549 718 2605 lutem.
764 2550 876 2606 Hoc
922 2552 1240 2620 discernite,
1287 2553 1390 2608 hoc
1427 2563 1603 2609 tenete
1645 2557 1942 2625 exemplum
1992 2557 2106 2626 ejus

527 2640 618 2708 qui
649 2655 754 2694 non
784 2649 867 2695 est
895 2643 1170 2698 exauditus
1207 2643 1273 2698 ad
1306 2645 1627 2699 voluntatem
1648 2685 1662 2710 ,
1705 2647 1799 2700 sed
1829 2646 2105 2701 exauditus

527 2730 593 2782 ad
636 2731 881 2786 salutem.
936 2735 1072 2788 Audi
1119 2736 1414 2804 apostolum
1460 2737 1712 2802 Paulum;
1765 2754 1885 2792 nam
1934 2739 2104 2808 ipsam

525 2819 915 2876 exauditionem
955 2823 1020 2876 ad
1063 2824 1286 2879 salutem
1331 2827 1560 2881 ostendit
1601 2829 1676 2881 illi
1715 2829 1854 2882 Deus
1896 2847 1907 2882 :
1951 2828 2104 2899 Suﬁi—

523 2911 589 2962 cit
619 2912 737 2977 tibi,
776 2912 971 2982 inquit,
1003 2915 1168 2983 gratia
1205 2932 1356 2980 mea;
1385 2934 1503 2970 nam
1538 2919 1692 2972 virtus
1734 2919 1786 2972 in
1814 2921 2104 2988 inﬁrmitate

524 3002 801 3070 per/icitur.
853 3003 1103 3074 Rogasti,
1155 3005 1424 3075 clamasti,
1470 3020 1551 3064 ter
1598 3010 1838 3065 clamasti
1879 3030 1891 3064 :
1929 3012 2100 3080 ipsum

525 3094 687 3148 semel
716 3094 858 3163 quod
894 3095 1132 3152 clamasti
1161 3098 1364 3164 audivi,
1392 3116 1497 3153 non
1523 3101 1690 3156 averti
1717 3117 1873 3156 aures
1895 3119 2043 3158 meas
2069 3119 2099 3158 a

525 3189 616 3248 te;
645 3184 766 3238 novi
793 3183 919 3253 quid
948 3185 1134 3240 faciam
1169 3205 1182 3240 :
1225 3196 1282 3241 tu
1323 3189 1404 3243 vis
1431 3189 1627 3244 auferri
1657 3191 2098 3248 medicamentum

523 3286 629 3340 quo
654 3273 854 3337 ureris;
889 3289 986 3344 ego
1012 3276 1134 3329 novi
1164 3275 1520 3333 infirmitatem
1547 3294 1649 3348 qua
1672 3283 1928 3350 gravaris.
1959 3283 2098 3353 Ergo

523 3361 624 3416 iste
652 3363 716 3417 ad
745 3365 966 3419 salutem
992 3367 1268 3424 exauditus
1293 3379 1407 3435 est,
1438 3369 1505 3424 ad
1533 3371 1854 3427 voluntatem
1884 3389 1988 3429 non
2016 3383 2096 3431 est

514 3455 819 3508 exauditus.
860 3456 1001 3524 Quos
1031 3459 1324 3515 invenimus
1353 3463 1625 3518 exauditos
1652 3465 1719 3519 ad
1749 3467 2093 3538 voluntatem,

523 3559 630 3598 non
656 3546 930 3600 exauditos
955 3547 1019 3602 ad
1046 3550 1309 3605 salutem?
1339 3550 1640 3608 Invenimus
1658 3595 1672 3619 ,
1703 3565 1964 3624 putamus,
1994 3558 2096 3614 ali.

521 3651 675 3706 quem
705 3653 952 3706 nequam,
982 3641 1209 3710 aliquem
1248 3643 1465 3712 impium
1501 3645 1802 3701 exauditum
1829 3663 1858 3701 a
1885 3649 1997 3704 Deo
2024 3649 2094 3705 ad
2127 3679 2130 3682 ~

518 3725 843 3782 voluntatem
862 3769 878 3793 ,
909 3745 1013 3784 non
1058 3732 1357 3786 exauditum
1396 3734 1462 3788 ad
1501 3737 1768 3791 salutem?
1791 3737 1846 3794 Si
1873 3739 2092 3809 alicujus

518 3813 747 3870 hominis
771 3819 1074 3888 exemplum
1098 3837 1354 3891 posuero,
1385 3824 1520 3880 forte
1557 3826 1794 3882 dicturus
1833 3845 1891 3884 es
1921 3829 2087 3884 mihi:

515 3903 595 3960 Tu
616 3907 762 3962 illum
783 3909 912 3964 dicis
934 3911 1193 3981 iniquum,
1212 3929 1334 3968 nam
1354 3915 1528 3985 justus
1549 3927 1663 3973 erat
1683 3936 1698 3984 ;
1726 3920 1770 3974 si
1786 3922 1960 3990 justus
1982 3938 2088 3978 non

512 4008 686 4064 esset,
729 4015 759 4053 a
798 4002 906 4057 Deo
956 4018 1058 4058 non
1101 4007 1456 4062 exaudiretur.
1507 4010 1687 4065 Talem
1727 4014 2088 4083 propositurus

512 4103 629 4142 sum
651 4131 666 4156 ,
695 4090 761 4145 de
788 4093 936 4162 cujus
963 4094 1234 4165 iniquitate
1269 4111 1322 4154 et
1363 4099 1632 4168 impietate
1669 4118 1826 4157 nemo
1863 4105 2082 4161 dubitet.
2113 4129 2130 4138 ·ο

513 4175 762 4232 Diabolus
799 4182 910 4250 ipse
941 4185 1089 4252 petiit
1113 4185 1242 4252 Job,
1273 4196 1326 4240 et
1361 4189 1558 4258 accepit
1604 4189 1722 4259 (Job
1757 4208 1802 4255 t,
1834 4194 1930 4258 11,
1973 4193 2080 4266 12).

511 4263 699 4323 Nonne
726 4278 777 4324 et
808 4270 892 4326 hic
922 4272 988 4327 de
1016 4273 1225 4329 diabolo
1254 4276 1472 4331 audistis
1502 4280 1622 4346 quia
1650 4281 1735 4350 qui
1763 4283 1884 4351 facit
1910 4263 2084 4354 pecca-

508 4365 632 4425 tum,
662 4377 722 4414 ex
746 4361 944 4416 diabolo
971 4375 1039 4417 est
1067 4363 1108 4437 (l
1132 4365 1285 4420 Joau.
1311 4384 1385 4433 ιιι,
1416 4368 1510 4441 8)?
1537 4370 1650 4424 Non
1676 4375 1795 4442 quia
1822 4375 1910 4430 ille
1935 4391 2083 4433 crea-

508 4447 610 4512 vit,
643 4450 736 4504 sed
775 4455 896 4521 quia
925 4454 1025 4508 iste
1051 4455 1300 4510 imitatur.
1328 4458 1513 4514 Nonne
1541 4461 1606 4516 de
1637 4463 1726 4518 illo
1752 4464 1947 4521 dictum
1977 4477 2077 4535 est,

505 4535 570 4591 In
599 4543 803 4596 veritate
829 4561 927 4598 non
953 4548 1084 4599 stetit
1128 4547 1302 4619 (Joan.
1331 4567 1420 4605 vtn
1443 4593 1455 4617 ,
1484 4553 1615 4624 44)?
1649 4555 1834 4613 Nonne
1861 4559 1973 4628 ipse
1998 4570 2080 4616 est

503 4633 748 4703 antiquus
774 4636 861 4691 ille
883 4652 1099 4707 serpens
1122 4642 1208 4710 qui
1236 4658 1330 4712 per
1355 4642 1886 4704 feminam-venenum
1908 4653 2078 4722 primo

503 4720 703 4778 homini
733 4729 1030 4796 propinavit
1059 4730 1208 4802 (Gen.
1236 4749 1311 4799 ιιι,
1343 4736 1504 4805 1-6)“ἶ
1531 4739 1630 4806 Qui
1659 4750 1714 4796 et
1741 4743 1843 4811 ipsi
1870 4720 1971 4798 Job
1996 4746 2074 4800 fe-

501 4815 696 4868 minam
722 4829 996 4886 propterea
1019 4823 1265 4889 servavit,
1299 4841 1391 4894 per
1409 4842 1564 4896 quam
1585 4832 1804 4887 maritus
1824 4849 1927 4889 non
1949 4851 2076 4891 con-

499 4903 759 4959 solaretur
783 4949 798 4974 ,
844 4911 937 4964 sed
980 4919 1270 4968 tentaretur
1311 4915 1430 4986 (Job
1455 4934 1526 4984 ιι,
1567 4919 1644 4990 9).
1685 4921 1802 4992 Ipse
1833 4925 2073 4983 diabolus

497 4995 647 5062 petiit
690 5007 926 5053 sanctum
967 5003 1137 5058 virum
1185 5007 1524 5076 tentandum,
1558 5019 1611 5065 et
1647 5015 1848 5084 accepit
1881 5034 1894 5069 :
1925 5018 2073 5085 petiit

499 5083 781 5152 Apostolus
810 5097 866 5142 ut
893 5089 1187 5148 auferretur
1210 5095 1276 5149 ab
1301 5111 1366 5150 eo
1392 5099 1633 5154 stimulus
1660 5083 1854 5171 carnis,
1886 5083 1941 5159 et
1964 5121 2068 5160 non

497 5181 717 5268 accepit.
744 5181 848 5236 Sed
878 5185 1164 5254 Apostolus
1186 5191 1353 5260 magis
1377 5193 1650 5249 exauditus
1676 5206 1755 5251 est
1779 5215 1935 5268 quam
1957 5201 2069 5256 dia-

496 5267 668 5324 bolus.
697 5273 979 5341 Apostolus
1003 5279 1143 5335 enim
1170 5291 1253 5337 est
1280 5284 1555 5340 exauditus
1582 5288 1650 5342 ad
1677 5267 1898 5346 salutem
1920 5334 1936 5359 ,
1967 5294 2066 5349 etsi

497 5373 601 5412 non
625 5361 690 5415 ad
712 5365 1031 5423 voluntatem
1064 5389 1076 5424 :
1105 5371 1342 5429 diabolus
1371 5378 1647 5434 exauditus
1676 5389 1754 5436 est
1780 5381 1848 5436 ad
1879 5385 2064 5440 volun-

493 5457 653 5505 tatem
673 5493 688 5518 ,
720 5456 811 5510 sed
838 5459 901 5513 ad
925 5459 1336 5521 damnationem.
1371 5469 1490 5525 ldeo
1512 5473 1651 5525 enim
1677 5488 1960 5530 concessus
1983 5487 2066 5533 est

492 5542 593 5598 iste
615 5550 912 5634 lentandus,
935 5562 991 5608 ut
1011 5570 1074 5610 eo
1096 5559 1314 5626 probato
1335 5572 1480 5617 esset
1498 5565 1584 5620 ille
1603 5567 1935 5623 cruciandus.
1957 5570 2063 5626 Sed

490 5634 620 5703 hoc,
651 5645 844 5694 tratres
863 5683 878 5706 ,
910 5660 1012 5699 non
1053 5656 1252 5704 tantum
1283 5651 1335 5706 in
1363 5656 1627 5711 veteribus
1660 5657 1828 5714 Libris
1854 5661 2059 5716 inveni-

490 5740 644 5798 mus,
675 5731 767 5788 sed
797 5742 851 5788 et
879 5735 928 5789 in
957 5737 1259 5811 Evangelia.
1301 5745 1569 5803 Petierunt
1603 5748 1868 5807 daemones
1895 5768 1924 5808 a
1951 5754 2058 5811 Do-

487 5817 655 5888 mino,
682 5837 801 5880 cum
821 5841 913 5882 eos
932 5829 1236 5889 excluderet
1259 5832 1326 5888 ab
1345 5833 1579 5906 homine,
1605 5845 1660 5896 ut
1687 5840 1762 5899 ire
1789 5845 2060 5914 permitte-

1295 438 1362 499 ΙΝ
1397 435 1783 499 EPISTOLAM
1825 435 2100 498 JOANNIS
2136 441 2228 498 AD
2267 439 2598 515 PARTHOS,
2636 447 2693 504 S.
2725 450 3089 511 AUGUSTINI

3662 462 3802 526 2094

2237 566 2419 614 rentur
2444 561 2496 614 in
2519 576 2725 631 porcos.
2754 565 2869 620 Non
2891 568 2907 598 ί
2934 569 3011 623 eis
3040 580 3217 640 posset
3239 571 3417 629 dicere
3443 573 3718 644 Dominus,
3748 589 3807 636 ut

2234 666 2335 706 nec
2361 651 2485 707 illuc
2510 655 2858 711 accederent?
2885 658 2998 713 Non
3029 661 3190 729 enim,
3221 663 3476 731 si.nollet,
3503 657 3804 727 rebellaturi

2232 752 2383 798 erant
2410 754 2588 799 contra
2613 763 2788 818 regem
2813 751 2932 804 coeli
2956 759 3010 806 et
3034 760 3209 808 terrai.
3239 756 3377 811 Certi
3401 767 3574 813 tamen
3600 771 3804 832 myste-

2232 833 2297 888 rii
2325 837 2491 905 gratia
2522 845 2575 892 et
2601 849 2744 895 certa
2780 841 3174 912 dispensatione
3215 847 3413 902 dimisit
3451 851 3722 907 daemones
3753 859 3803 909 in

2232 938 2422 993 porcos
2455 926 2602 996 (Luc.
2629 945 2723 984 VIII
2743 972 2759 996 ,
2787 929 2878 1002 52)
2899 972 2914 998 ,
2945 941 3002 987 ιιι
3027 936 3332 993 ostenderet
3357 939 3622 995 diabolum
3649 943 3703 996 in
3729 944 3806 1000 eis

2230 1013 2510 1080 dominari,
2536 1019 2626 1088 qui
2651 1021 2808 1074 vitam
2835 1038 3118 1092 porcorum
3142 1037 3348 1096 gerunt.
3379 1031 3656 1087 Daemones
3677 1050 3805 1103 ergo

2230 1107 2460 1161 exauditi
2482 1119 2625 1177 sunt,
2648 1112 2928 1180 Apostolus
2950 1132 3054 1171 non
3081 1130 3163 1173 est
3182 1121 3498 1176 exauditus?
3525 1125 3606 1178 An
3631 1127 3804 1194 potius

2229 1194 2368 1262 quod
2391 1198 2566 1252 verius
2587 1208 2667 1253 est
2687 1201 2944 1270 dicamus,
2966 1205 3078 1261 lmo
3097 1210 3381 1277 Apostolus
3400 1214 3680 1268 exauditus
3698 1225 3798 1282 est,

2227 1284 2496 1343 daemones
2523 1305 2627 1344 non
2657 1301 2778 1347 sunt
2814 1296 3083 1350 exauditi?
3127 1299 3340 1355 Illorum
3381 1303 3625 1358 voluntas
3665 1305 3799 1360 facta

2150 1403 2180 1427 ιι
2225 1386 2324 1446 est,
2359 1379 2516 1452 hujus
2543 1383 2740 1440 sanitas
2769 1386 2999 1454 perfecta
3025 1398 3127 1444 est.

2295 1472 2348 1526 8.
2391 1471 2692 1530 Secundum
2731 1477 2831 1532 hoc
2872 1478 3165 1549 intelligere
3207 1481 3460 1538 debemus
3501 1485 3620 1553 quia
3664 1485 3801 1539 Deus

2223 1562 2322 1616 etsi
2347 1563 2601 1619 voluntati
2628 1575 2824 1620 nostra:
2850 1583 2955 1622 non
2981 1568 3088 1633 dat,
3117 1571 3272 1624 saluti
3297 1572 3405 1625 dat.
3435 1572 3567 1638 Quid
3590 1573 3635 1626 si
3657 1575 3796 1626 enim

2223 1650 2326 1706 hoc
2353 1655 2571 1724 petieris
2604 1655 2744 1726 quod
2774 1659 2867 1712 tibi
2902 1660 3088 1726 obest,
3120 1669 3176 1716 et
3217 1663 3451 1739 medicus
3491 1665 3634 1718 novit
3676 1667 3797 1734 quia

2219 1741 2372 1796 obest
2395 1744 2527 1798 tibi?
2555 1745 2668 1800 Non
2694 1748 2836 1802 enim
2861 1764 2966 1804 non
2993 1759 3044 1806 te
3069 1751 3280 1806 exaudit
3307 1754 3562 1822 medicus,
3585 1756 3796 1825 quando

2218 1828 2354 1885 forte
2395 1840 2449 1886 tu
2488 1833 2730 1904 frigidam
2761 1853 2950 1908 aquam
2985 1840 3143 1908 petis,
3176 1848 3230 1896 et
3267 1843 3309 1895 si
3341 1844 3586 1912 prodest,
3616 1845 3795 1899 statim

2221 1918 2348 1985 dat;
2382 1922 2424 1975 si
2452 1937 2555 1977 non
2584 1926 2832 1994 prodest,
2861 1943 2965 1984 non
2990 1929 3100 1984 dat.
3129 1931 3243 1986 Non
3272 1934 3569 1999 exaudivit,
3598 1951 3665 1989 an
3698 1952 3794 2004 po-

2217 2008 2323 2064 tius
2342 2010 2408 2064 ad
2429 2013 2702 2069 sanitatem
2721 2018 3004 2085 exaudivit,
3026 2021 3146 2089 quia
3169 2022 3420 2076 voluntati
3440 2025 3795 2078 contradixit?

2213 2096 2295 2152 Sit
2318 2113 2444 2169 ergo
2473 2101 2527 2155 in
2553 2103 2700 2159 vobis
2719 2105 2969 2174 cbaritas,
3004 2108 3224 2174 fratres;
3257 2111 3324 2164 sit
3351 2112 3402 2165 in
3431 2114 3598 2179 vobis,
3627 2123 3681 2167 et
3706 2130 3794 2168 se-

2213 2190 2326 2244 curi
2355 2200 2526 2248 estote
2550 2212 2562 2246 :
2590 2207 2645 2249 et
2675 2199 2885 2266 quando
2924 2216 3030 2254 non
3066 2201 3212 2255 vobis
3238 2203 3392 2258 datur
3415 2205 3556 2274 quod
3589 2207 3790 2274 petitis,

2217 2282 2572 2350 exaudimini;
2605 2287 2697 2340 sed
2741 2290 2974 2344 nescitis.
3023 2291 3169 2345 Multi
3207 2293 3311 2347 dati
3355 2307 3475 2348 sunt
3513 2297 3562 2348 in
3602 2311 3792 2350 manus

2217 2385 2341 2426 suas
2382 2374 2524 2427 malo
2561 2389 2657 2430 suo
2692 2395 2704 2428 :
2743 2377 2808 2432 de
2833 2379 3021 2448 quibus
3047 2381 3174 2436 dicit
3198 2386 3517 2450 Apostolus,
3556 2384 3792 2438 Tradidit

2210 2477 2292 2515 eos
2318 2461 2452 2517 Deus
2477 2465 2530 2518 in
2556 2466 2802 2521 desideria
2827 2471 2991 2524 cordis
3019 2489 3189 2525 eorum
3220 2475 3393 2544 (Rom.
3423 2493 3460 2541 ι,
3489 2476 3602 2546 ⁸24).
3629 2477 3792 2530 Petiit

2209 2553 2402 2623 aliquis
2426 2572 2668 2627 magnam
2699 2561 3004 2635 pecuniam;
3034 2567 3236 2634 accepit
3265 2567 3402 2620 malo
3422 2584 3538 2622 suo.
3567 2568 3791 2636 Quando

2209 2641 2350 2697 illam
2399 2661 2504 2700 non
2553 2648 2813 2718 habebat,
2859 2667 3042 2722 parum
3093 2656 3339 2720 timebat;
3397 2658 3589 2713 habere
3644 2661 3789 2714 illam

2208 2735 2398 2803 C(Bpit,
2440 2739 2617 2806 prmda
2657 2740 2824 2797 factus
2857 2753 2938 2798 est
2976 2749 3276 2814 potentiori.
3309 2749 3493 2804 Nonne
3521 2751 3659 2804 malo
3687 2768 3790 2803 suo

2207 2825 2484 2882 exauditus
2510 2838 2622 2896 est,
2651 2832 2738 2900 qui
2769 2833 2930 2887 voluit
2961 2834 3155 2892 habere
3183 2839 3318 2893 unde
3348 2855 3376 2892 a
3405 2842 3610 2895 latrone
3635 2859 3787 2910 quac-

2207 2925 2433 2982 reretur,
2464 2934 2623 2988 quem
2653 2937 2938 2992 pauperem
2961 2942 3118 2981 nemo
3138 2931 3442 2998 quaerebat?
3473 2932 3664 2986 Discite
3689 2947 3785 2986 ro-

2203 3018 2328 3073 gare
2356 3007 2519 3062 Deum
2537 3051 2552 3076 ,
2583 3019 2641 3064 ut
2679 3014 2886 3068 medico
2910 3019 3261 3074 :committatis
3281 3062 3295 3088 ,
3325 3021 3464 3090 quod
3501 3023 3611 3093 ipse
3639 3023 3787 3077 novit

2204 3093 2379 3150 faciat.
2423 3099 2500 3152 Tu
2543 3102 2785 3158 morbum
2833 3107 3164 3176 confitearis,
3207 3111 3295 3164 ille
3337 3113 3783 3168 medicamentum

2204 3184 2470 3241 adhibeat.
2499 3189 2577 3244 Tu
2605 3200 2804 3248 tantum
2832 3195 3141 3254 charitatem
3170 3209 3309 3256 tene.
3333 3201 3464 3256 Nam
3491 3205 3578 3259 ille
3597 3220 3784 3266 secare

2201 3275 2347 3342 vult,
2390 3293 2546 3334 urere
2587 3284 2733 3350 vult;
2773 3294 2826 3338 tu
2856 3287 2900 3340 si
2929 3289 3159 3355 clamas,
3192 3302 3247 3346 et
3273 3308 3378 3348 non
3423 3296 3688 3355 cxaudiris
3723 3296 3781 3348 in

2202 3365 2438 3421 sectione
2456 3407 2472 3434 ,
2504 3368 2556 3423 in
2586 3373 2792 3427 ustione
2821 3384 2874 3429 et
2903 3377 3269 3448 tribulatione,
3296 3383 3439 3436 novit
3463 3385 3550 3449 ille
3578 3401 3778 3454 quous-

2201 3468 2303 3522 que
2328 3465 2481 3524 putre
2508 3468 2607 3513 est.
2642 3462 2716 3514 Tu
2739 3463 2848 3532 jam
2875 3466 2953 3520 vis
2978 3481 3191 3524 revocet
3219 3486 3437 3540 manus,
3468 3484 3521 3528 et
3552 3474 3637 3529 ille
3662 3476 3779 3530 vul-

2199 3547 2342 3600 neris
2384 3549 2557 3604 sinum
2598 3557 2851 3622 attendit;
2887 3560 2985 3612 scit
3014 3576 3117 3629 quo
3148 3578 3312 3632 usque
3341 3566 3628 3634 perveniat.
3656 3566 3778 3624 Non

2200 3643 2252 3690 te
2276 3640 2491 3694 exaudit
2519 3642 2584 3696 ad
2613 3645 2970 3716 voluntatem,
2999 3651 3094 3705 sed
3121 3655 3332 3708 exaudit
3364 3657 3428 3710 ad
3468 3659 3774 3713 sanitatem.

2195 3725 2335 3784 Certi
2359 3746 2487 3802 ergo
2512 3744 2701 3802 estote,
2729 3737 2916 3794 fratres
2938 3742 3060 3809 mei,
3090 3745 3210 3813 quia
3237 3747 3375 3815 quod
3397 3749 3468 3801 ait
3487 3750 3777 3818 Apostolus
3837 3737 3840 3744 ’

2195 3833 2378 3874 verum
2399 3833 2480 3877 est
2502 3841 2514 3876 :
2547 3826 2681 3891 Quid
2699 3830 2830 3882 enim
2857 3847 3072 3898 oremus,
3099 3836 3227 3889 sicut
3249 3848 3459 3906 oportet,
3488 3841 3733 3895 nescimus
3753 3857 3778 3905 ,'

2193 3909 2282 3962 sed
2309 3910 2416 3980 ipse
2449 3913 2672 3982 Spiritus
2710 3920 2990 3990 interpellat
3029 3926 3288 3993 gemitibus
3332 3930 3773 4001 inenarrabilibus,

2191 3999 2311 4066 quia
2333 4002 2441 4070 ipse
2467 4003 2749 4074 interpellat
2779 4027 2869 4079 pro
2897 4015 3083 4067 sanctis
3110 4015 3219 4084 (Id.
3243 4034 3353 4086 Vlll,
3380 4019 3466 4084 ‘26,
3491 4020 3600 4092 27).
3633 3999 3775 4091 Quid

2191 4097 2307 4156 est,
2339 4089 2461 4160 Ipse
2499 4093 2724 4163 Spiritus
2763 4099 3047 4171 interpellat
3086 4123 3176 4175 pro
3211 4112 3429 4176 sanctis,
3475 4089 3608 4176 nisi,
3654 4089 3773 4181 ipsa

2189 4177 2430 4237 Charitas
2463 4200 2577 4254 qua:
2606 4188 2656 4241 in
2686 4197 2736 4242 te
2761 4206 2856 4260 per
2876 4194 3128 4262 Spiritum
3159 4198 3292 4254 facta
3319 4203 3438 4256 est?
3473 4203 3594 4259 ldeo
3623 4177 3771 4261 enim

2191 4271 2321 4328 dicit
2351 4276 2487 4330 idem
2515 4283 2784 4348 apostolus
2818 4301 2830 4336 :
2864 4285 3095 4342 Charitas
3120 4290 3215 4344 Dei
3253 4293 3438 4359 di/fusa
3467 4308 3537 4350 est
3566 4298 3616 4350 in
3645 4315 3766 4355 cor-

2187 4364 2332 4420 dibus
2370 4371 2558 4425 nostris
2599 4389 2688 4441 per
2717 4373 2968 4444 Spiritum
2993 4390 3217 4436 sanctum
3242 4386 3328 4454 qui
3355 4386 3501 4441 datus
3528 4400 3601 4444 est
3622 4391 3769 4446 nobis

2193 4454 2303 4528 (Id.
2331 4475 2384 4526 v,
2428 4461 2505 4532 5).
2538 4463 2777 4520 Charitas
2812 4469 2924 4537 ipsa
2961 4473 3151 4540 gemit,
3195 4473 3424 4530 cbaritas
3461 4479 3572 4546 ipsa
3611 4490 3764 4548 orat;

2185 4557 2370 4603 contra
2402 4549 2537 4606 hanc
2561 4569 2718 4609 aures
2744 4557 2990 4614 claudere
3017 4577 3123 4616 non
3148 4565 3290 4618 novit
3316 4567 3402 4635 qui
3431 4569 3569 4622 illam
3597 4569 3761 4625 dedit.

2186 4635 2417 4693 Securus
2447 4649 2560 4695 esto
2581 4684 2593 4704 ,
2626 4643 2858 4700 cbaritas
2886 4660 3066 4718 roget;
3098 4660 3153 4705 et
3192 4653 3262 4707 ibi
3303 4666 3425 4709 sunt
3461 4671 3613 4712 aures
3641 4658 3761 4713 Dei.

2182 4725 2298 4801 Non
2327 4730 2386 4820 fit
2412 4733 2550 4800 quod
2585 4734 2682 4800 vis,
2716 4738 2807 4791 sed
2839 4738 2897 4792 fit
2922 4741 3061 4810 quod
3089 4745 3317 4813 expedit.
3351 4745 3490 4819 Ergo
3518 4751 3767 4820 quidquid

2181 4819 2598 4887 postulaverimus
2615 4866 2631 4890 ,
2667 4829 2866 4897 inquit,
2894 4833 3192 4903 accipiemus
3218 4838 3280 4890 ab
3303 4855 3379 4893 eo.
3406 4839 3521 4894 Jam
3551 4842 3679 4910 dixi,
3712 4847 3760 4899 si

2179 4907 2246 4961 ad
2270 4909 2491 4964 salutem
2522 4913 2803 4986 intelligas,
2833 4921 2974 4975 nulla
2999 4926 3220 4992 quiestio
3244 4937 3326 4982 est
3350 4947 3362 4981 :
3388 4931 3431 4984 si
3457 4947 3561 4986 non
3584 4933 3649 4986 ad
3667 4907 3747 4987 Vsa.

2177 4994 2362 5065 lutem,
2391 5001 2612 5069 quaestio
2639 5014 2739 5068 est,
2769 5017 2818 5062 et
2849 5025 3058 5082 magna,
3091 5031 3206 5082 qua:
3236 5025 3286 5072 te
3315 5019 3756 5080 calumniatorem

2175 5085 2301 5143 facit
2318 5089 2481 5147 Paulo
2504 5098 2763 5164 apostolo.
2797 5101 3054 5172 Quidquid
3075 5089 3506 5179 postulauerimus,
3538 5117 3758 5187 accipie-

2173 5195 2286 5234 mus
2307 5181 2368 5236 ab
2396 5200 2484 5250 eo;
2509 5189 2624 5256 quia
2655 5193 2892 5246 mandata
2919 5197 3024 5266 ejus
3049 5214 3317 5268 serve-tus,
3347 5214 3395 5258 et
3421 5222 3532 5274 qua:
3555 5181 3763 5275 placent

2170 5272 2266 5338 illi,
2296 5276 2349 5344 in
2373 5289 2642 5348 conspectu
2669 5284 2777 5352 ejus
2801 5285 3030 5354 facimus.
3061 5288 3128 5344 In
3155 5272 3577 5368 conspectuiejus,
3609 5299 3758 5356 intus

2171 5364 2258 5420 ubi
2288 5367 2448 5423 videt.

2239 5459 2292 5515 9.
2327 5461 2392 5515 Et
2415 5479 2534 5533 quae
2561 5465 2646 5519 illa
2673 5469 2914 5525 mandata
2941 5475 3100 5529 sunt?
3129 5474 3240 5530 Hoc
3260 5487 3353 5545 est,
3386 5479 3571 5552 inquit,
3602 5500 3754 5538 naeu-

2168 5549 2340 5604 datunt
2363 5553 2521 5621 illius,
2547 5566 2602 5609 ut
2623 5561 2882 5616 credamus
2906 5566 3092 5619 nomini
3117 5565 3239 5621 Filii
3265 5571 3373 5640 ejus
3393 5549 3516 5626 Iesu
3534 5572 3743 5642 Christi,

2167 5649 2212 5694 et
2232 5643 2501 5715 diligamus
2530 5647 2756 5704 invicem.
2795 5652 2997 5710 Videtis
3024 5659 3143 5726 quia
3170 5659 3269 5715 hoc
3293 5671 3375 5716 est
3399 5663 3740 5734 mandatum,

2165 5732 2354 5789 videtis
2379 5737 2499 5805 quia
2520 5749 2702 5795 contra
2730 5743 2831 5798 hoc
2851 5747 3152 5805 mandatum
3178 5753 3267 5823 qui
3290 5753 3432 5822 facit,
3458 5732 3738 5828 peccatum

2228 5863 2245 5895 ί
2271 5869 2341 5915 Er.
2371 5865 2514 5928 Lugd.
2541 5874 2592 5919 et
2613 5876 2753 5935 Ven.,
2777 5880 2954 5928 Name.
3018 5883 3076 5928 Μ.

3769 5991 3812 6010 Δ
