4076 6470
272 501 435 570 facit,
466 516 574 574 quo
613 510 761 559 caret
798 503 973 560 omnis
1014 504 1104 575 qui
1142 512 1296 561 natus
1334 513 1418 563 est
1454 522 1519 563 ex
1541 506 1670 562 Deo.
1715 505 1863 562 Sicut

272 596 411 650 dedit
451 597 593 651 nobis
634 597 927 651 mandatum
953 614 972 653 :
997 606 1056 654 ut
1082 597 1361 669 diligamus
1390 599 1637 655 invicem.
1674 595 1742 652 Et
1778 599 1863 669 qui

271 689 541 743 servaverit
589 690 881 744 mandatum
923 693 1033 763 ejus
1079 707 1097 745 :
1138 691 1328 747 videtis
1373 692 1496 762 quia
1542 691 1674 747 nihil
1720 689 1861 745 aliud

271 780 431 835 nobis
457 781 764 850 prtucipitur
785 824 798 847 ,
833 782 933 836 nisi
965 791 1021 836 ut
1048 782 1326 853 diligamus
1369 784 1595 840 invicem
1631 801 1645 838 :
1683 783 1752 837 Et
1776 781 1862 854 qui

268 872 536 925 seruaverit
561 872 856 927 mandatum
882 874 1013 945 ejus,
1040 875 1095 928 in
1114 875 1226 944 ipso
1246 875 1482 941 manebit,
1509 885 1557 929 et
1575 876 1685 945 ipse
1706 876 1760 929 in
1781 891 1858 930 eo.

268 959 337 1015 Et
372 962 428 1018 in
456 964 551 1018 hoc
579 966 921 1036 cognouimus
949 967 1069 1037 quia
1100 976 1265 1021 manet
1303 967 1357 1021 in
1385 968 1526 1022 nobis
1566 969 1628 1022 de
1660 968 1861 1038 Spiritu

266 1070 415 1124 quem
445 1054 582 1109 dedit
608 1056 767 1111 nobis.
796 1057 981 1114 Nonne
1005 1057 1341 1114 manifestum
1368 1068 1450 1114 est
1473 1060 1597 1129 quia
1630 1059 1732 1115 hoc
1754 1061 1862 1131 agit

267 1148 501 1217 Spiritus
536 1159 751 1205 sanctus
782 1150 836 1204 in
862 1151 1112 1220 homine,
1144 1160 1202 1206 ut
1234 1153 1304 1208 sit
1342 1153 1393 1206 in
1433 1152 1524 1207 illo
1561 1153 1779 1208 dilectio
1807 1161 1861 1209 et

264 1241 545 1297 charitas?
580 1243 764 1298 Nonne
794 1243 1131 1300 manifestum
1171 1253 1253 1300 est
1296 1245 1435 1316 quod
1479 1246 1553 1300 ait
1587 1246 1859 1316 apostolus

264 1335 463 1390 Paulus
488 1354 501 1390 :
524 1335 758 1391 Charitas
785 1336 883 1391 Dei
911 1336 1099 1405 diffusa
1124 1346 1194 1393 est
1222 1339 1273 1392 in
1301 1338 1532 1393 cordibus
1557 1338 1740 1393 nostris
1770 1355 1859 1408 per
1886 1358 1924 1385 ξπ

264 1425 524 1496 Spiritum
562 1438 787 1483 sanctum
821 1430 908 1501 qui
954 1431 1103 1485 datus
1147 1440 1219 1485 est
1257 1429 1442 1485 nobis?
1484 1431 1562 1486 De
1601 1430 1858 1486 charitate

261 1520 407 1573 enim
440 1521 786 1591 loquebatur,
829 1533 882 1577 et
924 1523 1136 1579 dicebat
1176 1524 1298 1593 quia
1345 1524 1397 1579 in
1435 1532 1723 1593 conspectu
1762 1522 1857 1578 Dei

259 1610 525 1668 debemus
553 1612 882 1685 interrogare
909 1630 1003 1670 cor
1032 1625 1290 1671 nostrum.
1324 1616 1474 1683 Quod
1513 1617 1557 1671 si
1590 1633 1692 1671 non
1724 1616 1857 1671 male

256 1707 474 1759 senserit
500 1723 587 1760 cor
612 1717 837 1762 nostrum
860 1726 880 1763 :
906 1708 956 1763 id
983 1717 1085 1778 est,
1114 1710 1156 1764 si
1183 1709 1498 1765 conﬁteatur
1524 1711 1645 1781 quia
1673 1711 1740 1766 de
1770 1710 1854 1766 di-

255 1794 495 1850 lectione
523 1798 698 1853 fratris
720 1798 797 1863 ﬁt,
822 1799 1077 1870 quidquid
1100 1800 1157 1855 ﬁt
1180 1802 1229 1855 in
1250 1802 1391 1857 bono
1411 1818 1589 1872 opere.
1615 1804 1855 1859 Accessit
1882 1826 1907 1831 --

255 1888 422 1941 etiam
449 1889 590 1958 quod
617 1889 683 1944 de
709 1891 957 1947 mandato
986 1907 1106 1946 cum
1132 1892 1352 1959 diceret,
1380 1894 1482 1949 hoc
1504 1895 1613 1950 ait:
1644 1893 1758 1949 Hoc
1782 1904 1853 1951 est

254 1980 557 2033 mandatum
576 1982 704 2051 ejus,
733 1991 789 2036 ut
807 1984 1069 2037 credamus
1090 1986 1279 2039 nomini
1299 1984 1424 2040 Filii
1444 1989 1551 2059 ejus
1567 1987 1599 2041 Ι1
1606 2004 1693 2042 esu
1715 1988 1853 2042 Chri-

254 2071 338 2135 sti,
367 2080 420 2124 et
440 2072 709 2142 diligamus
733 2076 961 2130 invicem.
991 2076 1058 2130 Et
1077 2078 1162 2147 qui
1182 2078 1303 2147 facit
1322 2080 1617 2133 mandatum
1639 2082 1769 2151 ejus,
1796 2083 1851 2135 in

256 2161 366 2232 ipso
388 2174 579 2231 manet,
602 2175 647 2219 et
670 2165 777 2235 ipse
798 2167 851 2219 in
872 2184 949 2222 eo.
980 2167 1045 2221 In
1068 2170 1159 2223 hoc
1180 2171 1524 2241 cognoscimus
1545 2173 1661 2241 quia
1684 2181 1850 2227 manet

253 2254 305 2308 in
326 2256 472 2310 nobis
501 2258 563 2310 de
583 2257 782 2329 Spiritu
808 2276 954 2329 quem
978 2260 1116 2315 dedit
1142 2263 1302 2316 nobis.
1332 2263 1386 2318 Si
1417 2264 1558 2318 enim
1583 2264 1913 2320 inveneriszr

254 2354 306 2401 te
333 2347 537 2404 habere
572 2350 881 2406 cbaritatem
900 2394 914 2419 ,
948 2352 1115 2409 habes
1144 2355 1396 2424 Spiritum
1427 2356 1524 2412 Dei
1552 2357 1619 2412 ad
1648 2357 1848 2413 intelli-

253 2439 487 2507 gendum
520 2459 535 2496 :
564 2442 716 2498 valde
745 2445 885 2498 enim
915 2448 1212 2501 necessaria
1240 2463 1327 2503 res
1352 2458 1452 2504 est.

326 2532 417 2587 l0.
452 2532 645 2589 Primis
664 2537 991 2606 temporibus
1010 2538 1234 2595 cadebat
1258 2554 1418 2609 super
1436 2540 1717 2598 credentes
1735 2542 1846 2615 Spi-

255 2626 387 2680 ritus
416 2636 669 2694 sanctus;
700 2639 755 2684 et
785 2630 1134 2700 loquebantur
1168 2632 1362 2704 linguis
1395 2650 1527 2705 quas
1568 2651 1673 2690 non
1704 2635 1843 2690 didi-

253 2726 456 2783 cerant,
480 2719 748 2788 quomodo
769 2720 996 2790 Spiritus
1014 2722 1175 2777 dabat
1193 2726 1271 2778 eis
1298 2726 1661 2794 pronuntiare.
1682 2727 1843 2797 Signa

253 2822 404 2866 erant
441 2814 663 2883 tempori
699 2824 1015 2884 opportuna.
1053 2817 1343 2887 Oportebat
1366 2819 1510 2874 enim
1542 2820 1612 2874 ita
1637 2821 1840 2891 signifi-

252 2903 360 2956 cari
392 2903 446 2957 in
471 2905 718 2959 omnibus
744 2906 934 2976 linguis
955 2908 1210 2978 Spiritum
1239 2920 1504 2979 sanctum,
1528 2911 1649 2982 quia
1668 2912 1843 2966 Evan-

251 2998 446 3066 gelium
472 2998 568 3052 Dei
596 3014 689 3068 per
707 3014 893 3055 omnes
919 3002 1123 3071 linguas
1144 3018 1419 3058 cursurum
1446 3012 1561 3061 erat
1582 3014 1691 3060 toto
1711 3005 1841 3060 orbe

253 3095 531 3143 terrarum.
563 3089 922 3161 Signiﬁcatum
950 3102 1031 3148 est
1056 3094 1202 3161 illud,
1230 3104 1287 3151 et
1316 3097 1543 3151 transiit.
1576 3097 1841 3167 Numquid

250 3180 410 3235 modo
439 3182 632 3252 quibus
667 3184 955 3254 imponitur
991 3202 1181 3242 manus
1214 3198 1272 3242 ut
1297 3188 1561 3259 accipiant
1584 3187 1837 3259 Spiritum

249 3284 523 3340 sanctum,
553 3273 654 3330 hoc
677 3285 1043 3344 exspectatur,
1076 3287 1135 3333 ut
1158 3279 1352 3350 linguis
1380 3281 1706 3350 loquantur?
1734 3284 1840 3339 Aut

247 3365 461 3433 quando
495 3367 844 3436 imposuimus
872 3384 1087 3424 manum
1118 3370 1232 3427 istis
1261 3371 1546 3429 infantibus
1566 3416 1581 3442 ,
1614 3374 1841 3432 attendit

245 3458 611 3528 unusquisque
651 3470 886 3515 vestrum
931 3470 1109 3518 utrum
1142 3464 1337 3534 linguis
1369 3465 1752 3536 loquerentur;
1785 3476 1839 3523 et

245 3562 364 3603 cum
391 3550 599 3605 videret
626 3567 718 3606 eos
750 3553 939 3623 linguis
967 3570 1072 3609 non
1104 3554 1271 3626 loqui,
1303 3557 1375 3611 ita
1400 3574 1652 3628 perverso
1676 3559 1837 3615 corde

242 3642 439 3713 aliquis
466 3655 706 3701 vestrum
734 3646 831 3703 fuit
862 3658 922 3703 ut
959 3648 1159 3705 diceret
1195 3667 1207 3704 :
1243 3651 1361 3706 Non
1400 3663 1721 3725 acceperunt
1750 3654 1836 3711 isti
1862 3666 1875 3675 “

242 3734 504 3804 Spiritum
525 3748 798 3804 sanctum;
835 3758 957 3796 nam
985 3743 1029 3797 si
1055 3745 1404 3814 accepissent,
1434 3748 1626 3819 linguis
1651 3750 1836 3819 loque-

239 3837 430 3883 rentur
468 3832 917 3901 quemadmodum
949 3844 1075 3891 tunc
1102 3836 1298 3893 factum
1325 3839 1443 3894 est?
1480 3839 1534 3897 Si
1574 3858 1701 3913 ergo
1742 3860 1835 3915 per

240 3917 353 3974 haec
382 3921 643 3978 miracula
674 3941 778 3980 non
819 3925 915 3981 ﬁat
951 3928 1109 3983 modo
1140 3930 1497 3986 testimonium
1533 3937 1833 4003 praesentiae

238 4010 473 4080 Spiritus
500 4018 701 4083 sancti;
731 4018 871 4074 unde
897 4019 983 4085 ﬁt,
1014 4021 1154 4077 unde
1181 4026 1452 4094 cognoscit
1481 4027 1705 4099 quisque
1739 4044 1831 4084 ac-

235 4106 448 4174 cepisse
485 4122 545 4163 se
575 4108 827 4179 Spiritum
856 4116 1138 4169 sanctum?
1167 4116 1461 4188 lnterroget
1503 4135 1597 4175 cor
1632 4137 1787 4177 suum
1814 4143 1827 4179 :
1870 4142 1880 4149 ·

234 4196 277 4251 si
303 4196 483 4269 diligit
514 4199 731 4257 fratrem
752 4246 767 4270 ,
799 4213 979 4261 manet
1007 4206 1236 4276 Spiritus
1270 4208 1367 4265 Dei
1394 4211 1449 4265 in
1477 4211 1587 4267 illo.
1617 4212 1826 4282 Videat,

234 4288 431 4357 probet
460 4293 695 4363 scipsum
720 4309 901 4351 coram
929 4299 1095 4354 oculis
1118 4299 1244 4365 Dei;
1276 4300 1453 4357 videat
1479 4303 1525 4358 si
1550 4313 1634 4360 est
1658 4306 1711 4359 in
1739 4305 1831 4361 illo

231 4376 454 4434 dilectio
488 4384 632 4455 pacis
658 4393 710 4439 et
740 4386 975 4454 unitatis,
1003 4389 1218 4444 dilectio
1244 4391 1495 4448 Ecclesia:
1528 4404 1637 4450 toto
1661 4406 1832 4452 terra-

230 4488 349 4526 rum
376 4473 514 4529 orbe
540 4474 763 4532 diiiusae.
805 4477 919 4532 Non
959 4481 1196 4536 attendat
1232 4499 1353 4538 eum
1396 4484 1569 4541 solum
1608 4487 1830 4559 diligere

230 4563 455 4619 fratrem
486 4581 645 4631 quem
672 4570 898 4624 attendit
923 4579 1047 4627 ante
1081 4587 1140 4627 se
1170 4590 1182 4625 :
1211 4573 1406 4628 multos
1431 4575 1571 4629 enim
1610 4592 1715 4632 non
1747 4580 1829 4632 vi-

229 4653 422 4710 demus
442 4663 636 4714 tratres
661 4669 891 4729 nostros,
917 4671 971 4717 et
995 4663 1046 4717 in
1070 4664 1270 4721 unitate
1290 4665 1516 4735 Spiritus
1541 4669 1643 4724 illis
1665 4686 1827 4742 copu-

230 4746 426 4802 lamur.
457 4748 597 4818 Quid
626 4752 817 4807 mirum
848 4754 967 4824 quia
998 4757 1272 4813 uobiscum
1311 4776 1416 4814 non
1446 4763 1607 4818 sunt?
1636 4764 1691 4819 in
1721 4783 1826 4824 uno

229 4853 461 4910 corpore
502 4856 683 4897 sumus
706 4884 721 4910 ,
759 4860 921 4899 unum
950 4857 1109 4917 caput
1138 4849 1393 4907 habemus
1421 4854 1473 4907 in
1499 4856 1656 4911 coelo.
1690 4858 1823 4915 Fra-

230 4938 363 4996 tres,
397 4933 540 4987 oculi
570 4936 734 4989 nostri
765 4952 870 4991 non
899 4952 957 4993 se
983 4938 1187 5008 vident,
1217 4945 1367 5012 quasi
1395 4960 1498 4999 non
1520 4961 1580 5002 se
1604 4961 1819 5006 norunt.

230 5022 310 5077 An
335 5024 391 5077 in
420 5024 681 5083 charitate
707 5032 1034 5102 compaginis
1058 5037 1351 5104 corporalis
1385 5055 1489 5094 non
1517 5055 1709 5099 norunt
1732 5047 1823 5101 se?

228 5112 360 5170 Nam
380 5158 397 5183 ,
431 5126 491 5172 ut
518 5122 770 5176 noveritis
799 5124 920 5192 quia
955 5123 1009 5179 in
1040 5127 1413 5196 conjunctione
1450 5133 1725 5191 charitatis
1763 5154 1823 5195 se

228 5219 471 5265 norunt:
504 5214 715 5283 quando
743 5216 901 5271 ambo
943 5228 1159 5288 patent,
1202 5239 1306 5278 non
1355 5224 1479 5281 licet
1523 5237 1580 5283 ut
1623 5230 1820 5302 aliquid

226 5303 471 5358 attendat
500 5304 716 5374 dexter,
752 5310 894 5379 quod
936 5327 1042 5366 non
1087 5312 1328 5371 attendat
1366 5320 1599 5376 sinister.
1640 5324 1819 5396 Dirige

225 5393 437 5449 radium
467 5395 711 5452 dextrum
742 5400 860 5456 sine
886 5402 1086 5469 altero,
1121 5405 1164 5461 si
1192 5415 1363 5476 potes.
1396 5410 1561 5466 Simul
1601 5393 1814 5485 coeunt,

224 5484 387 5540 simul
415 5486 751 5559 diriguntur;
781 5492 1002 5549 intentio
1029 5512 1129 5549 una
1158 5508 1258 5562 est,
1292 5500 1407 5555 loca
1437 5503 1646 5560 diversa
1672 5484 1812 5563 sunt.

223 5570 277 5628 Si
304 5592 440 5647 ergo
464 5593 651 5635 omnes
675 5582 764 5653 qui
795 5594 963 5639 tecum
990 5586 1214 5658 diligunt
1235 5590 1422 5661 Deum,
1455 5612 1611 5650 unam
1639 5598 1816 5655 inten-

224 5667 427 5724 tionem
455 5681 631 5727 tecum
660 5675 876 5745 habent,
911 5680 1018 5735 noli
1050 5683 1324 5740 attendere
1357 5688 1476 5755 quia
1507 5704 1733 5761 corpore
1762 5695 1813 5749 in

222 5756 342 5815 loco
358 5773 636 5833 separatus
651 5781 710 5823 es
726 5783 743 5833 ;
769 5770 936 5825 aciem
954 5772 1130 5828 cordis
1149 5775 1303 5830 simul
1328 5777 1518 5835 ﬁxistis
1540 5781 1590 5835 in
1605 5756 1813 5841 lumine

221 5851 485 5911 Veritatis.
514 5854 657 5927 Ergo
694 5859 738 5913 si
780 5860 859 5915 vis
898 5877 1053 5917 nosse
1091 5866 1213 5934 quia
1254 5872 1502 5941 accepisti
1528 5875 1801 5951 Spiritum.

508 5946 736 6016 Sanc'r.
783 5954 1065 6018 Aucusr.
1094 5956 1204 6021 III.
1506 5954 1511 5957 ’

1447 390 1858 451 TRACTATUS
1894 389 1984 449 Vl.
2025 392 2252 451 CAPUT
2289 394 2358 451 lli

3405 402 3553 464 2020

1971 504 2238 578 interroga
2261 521 2355 563 cor
2385 514 2567 575 tuum;
2595 522 2664 566 ne
2685 508 2823 567 forte
2850 522 3242 572 sacramentum
3267 516 3462 589 habes,
3492 529 3551 580 et

1970 596 2219 652 virtutem
2239 599 2555 655 sacramenti
2581 615 2687 657 non
2708 601 2871 659 habes
2893 604 2932 657 ι.
2961 604 3231 680 Interroga
3254 624 3348 665 cor
3369 620 3514 669 tuum
3531 656 3549 682 ,

1971 685 2013 739 si
2052 695 2135 742 est
2178 688 2250 744 ibi
2292 690 2507 747 dilectio
2535 691 2749 763 fratris,
2780 709 3001 752 securus
3042 706 3178 756 esto.
3224 701 3339 758 Non
3377 712 3555 776 potest

1970 792 2089 834 esse
2129 778 2344 836 dilectio
2386 785 2501 863 sine
2539 783 2738 855 Spiritu
2775 787 2911 843 Dei:
2941 790 3064 861 quia
3102 792 3300 851 Paulus
3336 796 3549 867 clamat,

1970 869 2200 929 Charitas
2226 874 2323 929 Dei
2349 877 2538 944 di/fusa
2561 890 2631 935 est
2651 883 2704 936 in
2723 883 2956 943 cordibus
2981 888 3163 944 nostris
3186 907 3277 961 per
3302 890 3553 961 Spiritum

1966 976 2194 1021 sanctum
2229 970 2314 1040 qui
2342 971 2488 1026 datus
2517 982 2588 1028 est
2611 976 2771 1032 nobis.

2039 1059 2126 1114 11.
2168 1060 2512 1134 Dilectissinti,
2551 1069 2706 1122 nolite
2746 1071 2881 1125 omni
2913 1072 3117 1142 spiritui
3157 1076 3376 1132 credere.
3419 1076 3553 1148 Quia

1966 1149 2196 1221 dixerat,
2243 1152 2311 1208 In
2354 1156 2448 1210 hoc
2491 1161 2834 1231 cognoscimus
2876 1164 2994 1235 quia
3032 1176 3199 1221 manet
3236 1168 3291 1222 in
3316 1168 3457 1225 nobis
3487 1171 3553 1226 de

1966 1240 2165 1311 Spiritu
2182 1260 2327 1314 quem
2348 1246 2484 1302 dedit
2508 1251 2668 1305 nobis.
2698 1252 2849 1309 Unde
2873 1264 3050 1311 autem
3075 1261 3414 1329 cognoscitur
3433 1262 3550 1334 ipse

1964 1336 2192 1407 Spiritus
2234 1342 2534 1400 attendite:
2575 1344 2930 1417 Dilectissimi,
2960 1352 3115 1407 nolite
3161 1356 3299 1410 omni
3344 1358 3546 1429 spiritui

1964 1430 2184 1499 credere,
2215 1431 2304 1486 sed
2318 1434 2524 1505 probate
2552 1439 2758 1509 spiritus
2787 1441 2831 1495 si
2851 1458 2913 1496 ea:
2936 1441 3045 1498 Deo
3068 1454 3202 1500 sunt.
3231 1446 3300 1501 Et
3321 1448 3441 1519 quis
3464 1458 3550 1506 est

1963 1520 2051 1588 qui
2084 1521 2271 1591 probat
2311 1526 2564 1595 spiritus?
2597 1529 2876 1588 Difﬁcilem
2905 1549 3020 1590 rem
3052 1538 3204 1594 nobis
3238 1542 3544 1610 proposuit,

1962 1608 2152 1668 fratres
2180 1616 2285 1670 mei
2316 1634 2328 1670 :
2358 1618 2557 1675 bonum
2586 1632 2668 1678 est
2694 1624 2851 1680 nobis
2879 1636 2939 1682 ut
2962 1628 3105 1684 dicat
3126 1608 3251 1700 ipse
3268 1608 3410 1690 unde
3433 1608 3547 1691 dis-

1960 1716 2259 1762 cernamus.
2289 1707 2534 1768 Dicturus
2557 1722 2639 1769 est
2659 1732 2674 1782 ;
2700 1732 2766 1772 ne
2792 1717 3085 1777 formidetis
3115 1740 3127 1778 :
3155 1723 3250 1781 sed
3274 1727 3445 1796 primo
3469 1729 3549 1784 vi-

1959 1794 2079 1851 dete
2098 1839 2114 1865 ,
2137 1801 2432 1870 attendite;
2453 1806 2630 1863 videte
2658 1808 2784 1866 hinc
2810 1815 3034 1883 exprimi
3069 1816 3198 1872 illud
3244 1794 3384 1877 unde
3424 1824 3547 1878 vani

1956 1883 2192 1944 haeretici
2216 1893 2623 1953 calumniantur.
2652 1902 2945 1973 Attendite,
2976 1906 3154 1963 videte
3178 1910 3304 1980 quid
3332 1912 3424 1979 ait,
3449 1912 3547 1968 Di-

1957 1975 2230 2050 lectissimi,
2260 1985 2415 2041 nolite
2439 1991 2577 2044 omni
2602 1994 2805 2062 spiritui
2838 1998 3059 2065 credere,
3092 2000 3182 2055 sed
3194 1975 3420 2072 probate
3440 2007 3546 2077 spi-

1957 2070 2085 2125 ritus
2122 2075 2167 2127 si
2203 2093 2270 2131 επ
2304 2079 2412 2136 Deo
2450 2092 2586 2139 sunt.
2619 2084 2848 2155 Spiritus
2889 2102 3102 2149 sanctus
3146 2070 3363 2154 nomine
3390 2114 3546 2171 aqua)

1955 2166 2248 2235 appellatus
2273 2181 2357 2227 est
2381 2175 2433 2229 in
2463 2166 2778 2249 Evangelio,
2812 2183 3036 2240 Domino
3070 2187 3336 2247 clamante
3369 2200 3425 2248 et
3442 2166 3543 2248 vdi-

1954 2268 2108 2314 cenle
2137 2276 2150 2313 :
2184 2261 2246 2316 Si
2274 2266 2385 2333 quis
2403 2269 2527 2335 sitit,
2557 2272 2718 2324 veniat
2756 2273 2823 2326 ad
2860 2292 2957 2342 me,
2988 2286 3033 2329 et
3062 2278 3197 2333 bibat
3229 2297 3247 2334 :
3272 2285 3357 2352 qui
3385 2286 3544 2341 credit

1951 2347 2005 2401 in
2042 2366 2138 2418 me,
2165 2352 2381 2422 ﬂumina
2417 2376 2561 2429 aqua?
2593 2363 2716 2416 vivae
2744 2365 2903 2431 ﬂuent
2930 2366 2992 2420 de
3018 2379 3184 2424 ventre
3208 2374 3335 2443 ejus.
3362 2375 3541 2433 Evan-

1950 2443 2137 2511 gelista
2168 2457 2342 2503 autem
2387 2454 2633 2522 exposuit
2670 2456 2809 2512 unde
2833 2458 3037 2515 diceret
3080 2479 3093 2515 :
3141 2477 3353 2522 secutus
3399 2470 3544 2526 enim

1952 2532 2046 2600 ait,
2083 2534 2193 2589 Hoc
2214 2550 2380 2594 autem
2405 2543 2599 2597 dicebat
2626 2546 2688 2599 de
2711 2546 2910 2618 Spiritu
2938 2569 3082 2622 quem
3109 2560 3363 2627 accepturi
3402 2573 3545 2618 erant

1948 2626 2034 2696 qui
2058 2627 2111 2680 in
2142 2645 2253 2683 eum
2278 2644 2419 2687 erant
2444 2637 2703 2691 credituri.
2730 2640 2904 2705 Quare
2936 2659 3040 2699 non
3071 2626 3268 2704 multos
3304 2652 3544 2721 baptiza-

1948 2717 2024 2770 vit
2064 2718 2355 2777 Dominus?
2384 2724 2488 2780 Sed
2530 2728 2656 2797 quid
2695 2731 2805 2784 ait?
2844 2733 3069 2803 Spiritus
3112 2739 3277 2794 autem
3316 2717 3541 2801 nondum

1947 2817 2054 2860 erat
2093 2810 2261 2878 datus,
2301 2816 2418 2883 quia
2446 2816 2478 2868 J
2487 2834 2599 2872 esus
2624 2821 2848 2875 nondum
2879 2836 2985 2878 erat
3018 2828 3325 2900 clari/icatus
3346 2835 3539 2907 (Joan.

1948 2913 2045 2965 vn,
2072 2902 2278 2977 57-39).
2323 2907 2455 2975 Quia
2504 2926 2631 2982 ergo
2674 2913 2750 2968 illi
2781 2916 3107 2987 Baptismum
3152 2902 3458 2999 habebant,
3487 2942 3543 2988 et

1945 2991 2196 3063 Spiritum
2243 3010 2485 3056 sanctum
2537 3005 2772 3061 nondum
2826 3026 3144 3083 acceperant
3175 3061 3189 3086 ,
3242 3036 3399 3090 quem
3453 3024 3540 3082 die

1946 3084 2290 3147 Pentecostes
2336 3095 2481 3149 misit
2510 3098 2770 3156 Dominus
2796 3102 2864 3158 de
2892 3109 3058 3173 cmlo;
3089 3119 3147 3165 ut
3173 3084 3388 3170 daretur
3414 3117 3538 3189 Spi-

1870 3196 1877 3203 τ
1943 3179 2097 3247 ritus,
2127 3186 2538 3254 exspectabatur
2565 3191 2873 3251 clariﬁcatio
2904 3199 3134 3258 Domini.
3167 3206 3230 3260 Et
3249 3179 3533 3280 antequam

1943 3272 2359 3344 clariﬁcaretur,
2405 3288 2460 3335 et
2499 3291 2781 3355 antequam
2824 3291 3083 3356 mitteret.
3107 3312 3250 3366 eum,
3280 3272 3537 3359 inviiabat

1943 3371 2123 3421 tamen
2169 3367 2414 3427 homines
2454 3383 2512 3429 ut
2558 3391 2616 3431 se
2656 3393 3020 3451 praepararent
3067 3387 3133 3442 ad
3172 3392 3536 3461 accipiendam

1941 3474 2151 3530 aquam,
2182 3462 2249 3519 de
2275 3480 2377 3536 qua
2406 3466 2559 3537 dixit,
2590 3471 2690 3538 Qui
2719 3475 2842 3541 sitit,
2874 3481 3035 3533 veniat
3060 3491 3106 3534 et
3128 3482 3294 3549 bibat;
3334 3498 3406 3553 et,
3436 3490 3538 3557 Qui

1941 3554 2100 3607 credit
2126 3556 2180 3610 in
2215 3574 2293 3613 me
2311 3599 2325 3625 ,
2348 3561 2564 3631 ﬂumina
2599 3583 2745 3638 aqua:
2770 3571 2895 3625 vivce
2923 3575 3082 3642 ﬂuent
3112 3577 3173 3630 de
3208 3591 3375 3635 uentre
3403 3584 3533 3652 ejus.

1940 3642 2077 3711 Quid
2099 3654 2201 3713 est,
2223 3651 2437 3720 ﬂumina
2455 3670 2602 3726 aqua:
2628 3660 2749 3713 uitur:
2764 3662 2789 3713 ?
2808 3664 2932 3731 quid
2950 3676 3031 3719 est
3051 3667 3136 3720 illa
3162 3685 3295 3739 aqua
3314 3672 3335 3724 ?
3362 3642 3534 3730 Nemo

1939 3749 2028 3790 me
2056 3737 2383 3811 interroget;
2414 3744 2758 3817 Evangelium
2790 3752 3077 3825 interroga.
3104 3737 3225 3811 [loc
3250 3773 3415 3816 autem
3445 3764 3529 3817 di-

1939 3826 2099 3895 cebat,
2123 3828 2215 3893 ait,
2236 3832 2300 3885 de
2326 3833 2525 3905 Spiritu
2549 3854 2695 3907 quem
2714 3846 2968 3913 accepturi
2988 3858 3128 3901 erant
3153 3850 3207 3903 lii
3230 3853 3316 3922 qui
3340 3854 3393 3908 in
3413 3870 3529 3909 eum

1938 3928 2082 3973 erant
2110 3922 2366 3978 credituri.
2394 3928 2551 3983 Aliud
2572 3939 2654 3985 est
2682 3947 2811 4004 ergo
2832 3952 2966 4007 aqua
2995 3939 3347 4014 Sacramenti,
3381 3948 3524 4003 aliud

1936 4025 2071 4081 aqua
2107 4029 2224 4084 quae
2271 4017 2532 4088 signiﬁcat
2562 4023 2815 4093 Spiritum
2858 4030 2970 4085 Dei.
3014 4034 3162 4104 Aqua
3198 4036 3528 4097 Sacramenti

1936 4104 2160 4161 visibilis
2184 4118 2298 4176 est;
2337 4128 2471 4183 aqua
2500 4115 2730 4187 Spiritus
2764 4122 3060 4181 invisibilis.
3093 4127 3191 4183 ista
3218 4132 3383 4188 abluit
3408 4150 3530 4191 cor-

1935 4209 2053 4265 pus,
2084 4208 2137 4253 et
2175 4202 2435 4272 signiﬁcat
2459 4209 2598 4278 quod
2643 4211 2700 4266 ﬁt
2726 4212 2776 4267 in
2806 4216 2983 4273 anima
3009 4236 3021 4271 :
3054 4235 3150 4290 per
3180 4222 3325 4280 illum
3350 4228 3524 4296 Spiri-

1937 4296 2047 4343 tum
2079 4289 2191 4361 ipsa
2212 4294 2386 4350 anima
2414 4300 2699 4356 mundatur
2725 4312 2781 4359 et
2814 4289 3102 4378 saginatur.
3128 4313 3245 4382 Ipse
3287 4289 3522 4389 est-Spi-
3576 4368 3579 4369 ν

1935 4381 2067 4436 ritus
2095 4384 2207 4451 Dei,
2235 4402 2395 4457 quem
2424 4407 2530 4447 non
2562 4406 2786 4464 possunt
2812 4399 3008 4458 habere
3038 4381 3294 4475 haeretici,
3326 4420 3381 4465 et
3408 4381 3527 4482 qui-

1934 4487 2159 4545 cumque
2186 4492 2245 4533 se
2274 4482 2342 4535 ab
2370 4483 2603 4539 Ecclesia
2630 4490 2943 4557 praecidunt.
2969 4496 3036 4550 Et
3072 4501 3391 4572 quicumque
3413 4523 3519 4561 non

1934 4575 2117 4634 aperte
2136 4574 2456 4643 praecidunt,
2475 4580 2568 4633 sed
2597 4597 2691 4649 per
2712 4585 3043 4654 iniquitatem
3073 4598 3275 4662 praecisi
3299 4609 3441 4662 sunt,
3464 4612 3519 4657 et

1934 4658 2075 4711 intus
2117 4666 2365 4732 tauquam
2394 4669 2559 4735 paleae
2587 4673 2895 4746 volvuntur,
2926 4690 2980 4735 et
3016 4699 3177 4754 grana
3215 4705 3319 4743 non
3358 4704 3514 4759 sunt,

1931 4762 2041 4803 non
2092 4750 2286 4809 habent
2335 4757 2493 4813 istum
2545 4762 2822 4832 Spiritum.
2870 4771 2975 4829 Iste
3021 4750 3256 4847 Spiritus
3298 4750 3516 4841 nomine

1931 4855 2081 4911 aquae
2106 4858 2136 4897 a
2170 4846 2395 4905 Domino
2416 4852 2742 4922 signiﬁcatus
2769 4874 2850 4917 est
2881 4883 2893 4918 :
2925 4876 2977 4920 et
3001 4846 3298 4927 audivimus
3323 4875 3389 4929 ab
3418 4878 3515 4934 hac

1930 4933 2183 5004 Epistola,
2235 4938 2411 4997 Nolite
2452 4950 2587 5002 omni
2629 4954 2828 5023 spiritui
2872 4960 3108 5026 credere;
3152 4976 3205 5019 et
3255 4975 3514 5024 testantur

1928 5028 2087 5083 verba
2115 5031 2201 5085 illa
2232 5032 2529 5095 Salomonis
2549 5083 2564 5107 ,
2592 5044 2667 5098 Ab
2702 5064 2832 5118 aqua
2861 5053 3026 5106 aliena
3054 5056 3246 5111 abstine
3283 5070 3349 5114 te.
3378 5061 3516 5129 Quid

1927 5129 2008 5173 est
2034 5124 2201 5191 aqua?
2235 5126 2483 5197 Spiritus.
2525 5135 2793 5208 Numquid
2834 5159 3050 5213 semper
3090 5165 3227 5220 aqua
3257 5124 3512 5222 Spiritum

1928 5211 2231 5281 significat?
2260 5218 2375 5275 Non
2411 5240 2623 5296 semper
2652 5247 2665 5283 :
2697 5232 2789 5287 sed
2829 5211 3153 5304 quiliSUsdam-
3189 5211 3320 5298 locis
3345 5244 3488 5316 Spiri

1927 5312 2037 5359 tum
2063 5309 2347 5381 signiﬁcat,
2380 5319 2693 5387 quibusdam
2719 5324 2847 5380 locis
2866 5327 3192 5397 Baptismum
3220 5309 3506 5409 significat,

1923 5398 2239 5465 quibusdam
2269 5404 2399 5461 locis
2432 5412 2654 5480 populos
2694 5415 2983 5485 significat,
3014 5398 3331 5492 quibusdam
3379 5398 3509 5489 locis

1924 5494 2203 5550 consilium
2233 5501 2509 5569 significat.
2542 5505 2715 5561 Habes
2733 5514 2959 5578 quodam
2988 5515 3104 5571 loco
3121 5519 3340 5589 dictum,
3369 5524 3517 5582 Fonr

1923 5585 2035 5638 t'itw
2063 5590 2345 5657 consilium,
2377 5596 2740 5663 possidentibus
2760 5619 2875 5657 eum
2897 5604 3075 5678 (Prov.
3102 5627 3205 5677 xw,
3228 5585 3340 5686 22).
3369 5618 3510 5689 Ergo

1924 5694 2017 5747 pcr
2041 5680 2249 5737 diversa
2282 5688 2396 5741 locu
2435 5689 2824 5760 Scripturarum
2864 5714 3057 5756 nomen
3096 5720 3247 5775 aquae
3291 5708 3502 5767 diversa

1954 5791 2001 5863 ,ί
2028 5798 2100 5841 Er.
2126 5796 2272 5858 Lugd.
2310 5805 2360 5848 ct
2404 5808 2541 5871 \'eu.,
2566 5816 2626 5853 ue
2642 5806 2780 5919 [grtia
2807 5824 2915 5860 cum
2949 5825 3301 5870 sacrmneiftum
3335 5821 3509 5877 habes-

1954 5860 2139 5906 trtutem
2175 5868 2464 5913 εαεναΐηεηιι
2505 5877 2599 5915 non
2710 5868 2837 5919 beas.
2883 5880 2990 5919 Ιιον-
3061 5881 3131 5919 irit:
3175 5888 3329 5919 lnrllnl
3420 5887 3509 5919 hn-

1919 5860 2464 5947 Ertmw_sacrmwmi
2505 5860 2599 5915 non
2642 5860 2837 5922 habeas.
2883 5860 3155 5930 is;-;"'i1i§‘
3168 5860 3510 5947 k‘éFdht'T'Iiii

1920 5918 2048 6073 fw,
2152 5933 2205 5977 Μ’
2612 5994 3263 6087 (Samarites-quave.)
