4076 6520
531 399 672 459 i027.

531 516 809 588 significat.
845 513 995 567 Nunc
1037 522 1216 566 tamen
1254 507 1468 563 nomine
1507 522 1656 576 aque
1683 504 1940 574 Spiritum
1978 518 2105 558 san-

533 621 677 665 ctum
702 605 925 662 audistis
942 646 956 669 ,
985 618 1094 658 non
1121 619 1185 657 ex
1219 598 1656 668 nites-pretatione
1683 607 1859 652 nostra
1881 636 1895 661 ,
1924 594 2018 652 sed
2043 610 2108 648 ex

533 698 851 768 Evangelia)
882 693 1210 759 testimonio,
1234 692 1322 746 ubi
1348 691 1420 744 ait
1449 709 1461 742 :
1491 688 1603 744 Hoc
1633 698 1802 742 autem
1831 688 2022 742 dicebat
2049 685 2112 740 de

537 792 733 862 Spiritu
756 805 904 859 quem
921 794 1062 841 erant
1088 783 1341 853 accepturi
1365 782 1420 835 hi
1447 781 1533 851 qui
1562 781 1616 834 in
1633 796 1746 834 eum
1773 788 1920 834 eram
1943 776 2108 832 credi-

536 885 659 938 turi.
691 883 746 938 Si
769 896 900 951 erga
931 893 1084 949 aqu
1125 876 1340 931 nomine
1377 874 1702 944 significatur
1727 871 1956 941 Spiritus
1984 885 2110 924 san-
2139 889 2168 894 ’-

534 985 675 1044 ctus,
710 983 764 1030 et
800 972 928 1028 dicit
954 970 1104 1025 nobis
1137 968 1370 1039 Epistola
1397 968 1518 1032 ista,
1554 964 1726 1020 Nolite
1751 965 1884 1019 omni
1913 963 2114 1034 spiritui

537 1067 737 1123 credere
753 1109 770 1135 ,
796 1066 884 1120 sed
911 1063 1114 1135 probate
1139 1062 1350 1133 spiritus
1374 1061 1419 1114 si
1447 1076 1512 1114 es;
1534 1059 1642 1114 Deo
1667 1068 1822 1121 sunt;
1856 1057 2114 1126 intelliga-

535 1176 656 1217 mus
676 1159 798 1215 inde
822 1157 1023 1212 dictum
1048 1169 1188 1221 esse,
1219 1153 1292 1207 Ab
1321 1168 1453 1222 aqua
1477 1149 1644 1205 aliena
1673 1148 1863 1202 abstine
1890 1157 1955 1210 te,
1985 1156 2028 1201 et
2053 1146 2117 1202 de

535 1257 675 1324 [ante
693 1251 858 1304 alieno
892 1265 954 1302 ne
980 1246 1158 1301 biberis
1199 1242 1380 1317 (Prov.
1412 1258 1484 1304 ιχ.
1517 1241 1606 1308 18,
1631 1256 1731 1296 sec.
1757 1238 1950 1308 LXX).
1977 1238 2116 1306 Quid

535 1355 635 1412 est,
664 1344 726 1398 de
755 1344 891 1412 fonte
913 1342 1076 1394 alieno
1105 1355 1168 1393 ne
1195 1335 1416 1394 biberis?
1459 1334 1678 1403 Spiritui
1703 1333 1876 1392 alieno
1902 1345 1970 1386 ne
1994 1344 2114 1384 cre-
2144 1343 2180 1367 ⁷ο

533 1437 918 1583 “timbeth
939 1537 1068 1592 ergo
1086 1535 1333 1586 examen,
1358 1517 1496 1574 unde
1521 1515 1775 1587 probetur
1802 1512 1923 1582 quia
1949 1509 2117 1580 Spiri-

536 1632 622 1676 tus
655 1617 748 1674 Dei
779 1627 879 1674 est.
921 1616 1104 1671 Posuit
1141 1612 1351 1682 quidem
1395 1611 1637 1680 signum,
1668 1619 1720 1663 et
1753 1608 1854 1662 hoc
1891 1604 2118 1660 fortasse

534 1711 783 1775 difﬁcile;
814 1708 1088 1766 videamus
1116 1715 1314 1760 tamen.
1345 1702 1425 1755 Ad
1455 1701 1600 1754 illam
1624 1699 1938 1754 charitatcm
1975 1695 2110 1750 redi-

537 1805 641 1860 turi
660 1816 869 1862 sumus;
900 1801 1011 1869 ipsa
1033 1807 1114 1852 est
1132 1812 1250 1867 quae
1273 1812 1368 1849 nos
1397 1794 1573 1858 docet,
1603 1792 1726 1861 quia
1765 1791 1878 1858 ipsa
1909 1799 1991 1844 est
2017 1803 2116 1840 un-
2157 1821 2186 1826 --

534 1899 661 1953 ctio.
690 1897 892 1952 Tamen
919 1892 1004 1952 hic
1032 1889 1158 1961 quid
1192 1889 1307 1944 ait?
1342 1885 1562 1941 Probate
1586 1884 1792 1955 spiritus
1837 1883 1879 1935 si
1919 1897 1982 1936 ea:
2011 1879 2118 1934 Deo

533 1999 653 2044 sunt
693 2003 711 2042 :
758 1986 875 2056 quia
924 1981 1068 2036 multi
1107 1979 1557 2049 pseudOprop/wta:
1608 1975 1835 2028 exierunt
1883 1972 1935 2026 in
1971 1973 2120 2024 istum

535 2081 799 2138 utendum.
831 2078 947 2136 iam
975 2073 1048 2135 ibi
1066 2083 1188 2128 sunt
1208 2085 1396 2128 omnes
1417 2069 1648 2130 haeretici
1682 2076 1735 2122 et
1760 2081 1946 2120 omnes
1981 2065 2120 2119 schi-

534 2171 758 2229 smatici.
785 2165 1061 2237 Quomodo
1086 2179 1212 2234 ergo
1242 2162 1408 2231 probo
1433 2158 1721 2229 spiritum?
1759 2156 2025 2225 Sequitur,
2053 2153 2120 2208 In

535 2265 629 2318 hoc
651 2260 964 2332 cognoscitur
991 2255 1214 2325 Spiritus
1233 2251 1344 2306 Dei.
1381 2251 1587 2319 Erigite
1615 2265 1770 2305 aures
1791 2247 1988 2304 cordis.
2016 2246 2119 2300 La-

534 2352 873 2413 borabamus,
894 2356 948 2404 et
976 2345 1306 2409 dicebamus,
1325 2341 1455 2410 Quis
1482 2340 1624 2394 novit
1641 2339 1664 2392 ?
1684 2339 1804 2408 quis
1831 2337 2120 2392 discernit?

537 2443 676 2500 Ecce
718 2441 956 2496 dicturus
989 2447 1071 2491 est
1097 2436 1326 2505 signum.
1367 2451 1384 2484 ι
1419 2432 1476 2486 ln
1516 2431 1616 2486 hoc
1644 2431 1982 2500 cognoscitur
2010 2427 2122 2497 Spi-

535 2536 670 2592 ritus
701 2533 796 2588 Dei
827 2549 841 2586 :
872 2530 1043 2584 omnis
1082 2527 1298 2597 spiritus
1325 2524 1413 2596 qui
1438 2524 1719 2578 conﬁtetur
1755 2522 1937 2576 Jesum
1968 2518 2120 2574 Chri-

536 2633 677 2680 stum
701 2624 754 2678 in
776 2636 936 2676 carne
969 2619 1194 2682 venisse,
1223 2633 1287 2672 ex
1321 2616 1429 2670 Deo
1457 2623 1556 2669 est.
1593 2615 1656 2667 Et
1692 2612 1864 2666 omnis
1901 2611 2119 2679 spiritus

535 2717 626 2787 qui
654 2731 761 2770 non
786 2714 1068 2770 confitetur
1093 2710 1275 2765 Jesum
1304 2706 1576 2762 Christum
1618 2706 1670 2760 in
1696 2719 1858 2759 Carne
1888 2704 2115 2768 venisse,
2155 2733 2172 2739 μ

534 2823 642 2865 non
669 2816 840 2862 estex
871 2805 980 2860 Deo
1011 2821 1024 2856 :
1055 2811 1108 2856 et
1149 2801 1230 2855 hic
1261 2807 1343 2856 est
1381 2796 1746 2860 antichristus,
1776 2794 1842 2848 de
1883 2808 1987 2864 quo
2022 2809 2118 2846 au-

534 2899 689 2955 distis
707 2895 848 2966 quod
877 2903 1130 2948 venturus
1162 2893 1229 2945 sit
1255 2907 1269 2953 ;
1301 2899 1357 2948 et
1386 2903 1524 2942 nunc
1552 2888 1601 2940 in
1632 2888 1733 2940 isto
1759 2886 1956 2939 inundo
1980 2893 2114 2938 est.»

533 2989 695 3061 Quasi
733 2988 1006 3058 eriguntur
1044 2998 1198 3037 aures
1236 2981 1302 3035 ad
1346 2977 1725 3036 discernendos
1772 2977 2020 3047 Spiritus;
2067 2985 2122 3033 et

533 3084 640 3139 tale
672 3079 920 3153 quiddam
957 3077 1284 3138 audivimus,
1317 3072 1455 3128 unde
1491 3070 1833 3125 nihilominus
1878 3085 1982 3122 non
2012 3068 2120 3124 dis-

532 3190 834 3236 cernamus.
873 3171 1008 3241 Quid
1039 3170 1179 3225 cnim
1219 3167 1328 3224 ait?
1358 3164 1534 3220 Omnis
1562 3163 1768 3235 spiritus
1805 3162 1890 3233 qui
1915 3163 2120 3231 conﬁte—
2147 3181 2182 3208 δυ

534 3279 617 3325 tur
642 3267 817 3323 Jesum
847 3263 1100 3318 Christum
1128 3263 1179 3315 in
1210 3275 1360 3314 carne
1381 3260 1590 3322 venisse,
1618 3273 1679 3310 ea:
1711 3255 1817 3310 Deo
1855 3267 1948 3310 est.
1978 3256 2118 3325 Ergo

533 3360 753 3432 spiritus
777 3357 866 3428 qui
891 3334 1129 3424 est'apud
1154 3352 1452 3416 luet-elices,
1479 3364 1543 3404 ex
1569 3348 1679 3404 Deo
1705 3355 1788 3402 est
1809 3363 1824 3413 ;
1849 3348 1970 3418 quia
2001 3364 2120 3402 con-

533 3452 751 3514 ﬁtentur
790 3447 969 3502 Jesum
997 3444 1269 3498 Christum
1310 3441 1361 3494 in
1398 3455 1557 3493 carne
1600 3438 1849 3492 venisse?
1876 3437 1992 3492 Jam
2034 3436 2119 3492 hic

534 3543 744 3613 erigunt
796 3554 856 3594 se
900 3538 1034 3592 forte
1081 3535 1337 3589 adversus
1364 3546 1478 3596 nos,
1513 3539 1570 3586 et
1598 3531 1826 3585 dicunt:
1867 3529 1970 3586 Vos
2013 3547 2115 3584 non

531 3633 740 3690 habetis
769 3631 1010 3702 Spiritum
1041 3643 1106 3683 ex
1138 3626 1284 3690 Deo;
1317 3623 1412 3680 sed
1456 3639 1554 3679 nos
1591 3623 1908 3678 conﬁtemur
1937 3622 2116 3678 Jesum

533 3727 799 3782 Christum
830 3724 881 3778 in
912 3736 1072 3777 carne
1099 3719 1310 3774 venisse
1340 3735 1353 3770 :
1386 3717 1486 3770 iste
1529 3724 1709 3770 autem
1739 3715 1860 3768 illos
1911 3713 2118 3784 negavit

532 3817 790 3890 Spiritum
815 3815 911 3872 Dei
933 3814 1149 3878 habere,
1171 3812 1260 3883 qui
1297 3825 1399 3865 non
1431 3809 1749 3866 confitentur
1765 3807 1943 3861 Jesum
1966 3804 2117 3860 Chri-

530 3921 673 3970 stum
701 3910 754 3964 in
777 3922 937 3966 carne
957 3907 1185 3962 venisse.
1210 3903 1402 3974 Quaere
1430 3901 1499 3957 ab
1521 3900 1767 3966 Arianis;
1798 3903 2118 3955 conlitentur

531 4006 716 4062 Jesutn
742 4002 1011 4060 Christum
1042 4000 1093 4053 in
1137 4013 1298 4056 carne
1335 3995 1543 4051 venisse
1575 4012 1588 4048 :
1620 4009 1800 4064 qurere
1839 3993 1905 4048 ab
1937 3993 2116 4048 Euno—

531 4089 1288 4162 mianis;couﬁtenturiesum
1306 4087 1571 4143 Christum
1594 4085 1646 4140 in
1683 4099 1845 4140 carne
1869 4084 2113 4138 venisse:
2153 4110 2158 4116 -

531 4204 713 4261 quaire
745 4203 777 4241 a
816 4183 1237 4248 Macedonianis;
1278 4179 1600 4240 conﬁtentur
1627 4177 1810 4234 Jesum
1850 4176 2116 4232 Christum

531 4281 589 4337 in
615 4297 774 4340 carne
804 4280 1010 4335 venisse
1035 4295 1048 4332 :
1081 4277 1344 4344 interroga
1372 4271 1766 4342 Cataphrygas;
1797 4270 2119 4325 conﬁtentur

531 4374 713 4433 Iesum
751 4373 1018 4430 Christum
1054 4370 1106 4424 in
1134 4382 1292 4423 carne
1327 4365 1537 4420 venisse
1570 4382 1582 4418 :
1631 4364 1898 4434 interroga
1945 4361 2116 4417 Nova-

532 4467 733 4529 tianos;
765 4462 1085 4518 conﬁtentur
1109 4459 1290 4514 Jesum
1320 4455 1592 4512 Christum
1620 4455 1672 4508 in
1697 4469 1861 4510 carne
1882 4454 2112 4508 venisse.

531 4555 730 4616 Omnes
758 4569 882 4624 ergo
912 4552 1025 4606 istae
1058 4551 1287 4604 haereses
1315 4545 1569 4617 Spiritum
1610 4545 1701 4600 Dei
1729 4543 1961 4600 habent?
2000 4544 2113 4600 Non

531 4665 663 4722 ergo
695 4644 1170 4720 pseudopropheue
1194 4639 1358 4697 sunt?
1395 4639 1538 4694 nulla
1576 4648 1658 4695 est
1689 4653 1818 4709 ergo
1858 4638 1928 4692 ibi
1955 4637 2112 4692 dece-

530 4743 682 4816 ptio,
709 4740 851 4796 nulla
880 4748 960 4793 cst
997 4735 1069 4792 ibi
1105 4731 1384 4791 seductio?
1426 4733 1580 4789 Certe
1621 4730 1926 4787 antichristi
1967 4741 2113 4797 sunt,

531 4836 622 4908 qui
651 4850 717 4892 ex
744 4831 898 4888 nobis
924 4829 1190 4893 exierunt,
1219 4825 1312 4882 sed
1335 4841 1438 4879 non
1469 4833 1620 4879 erant
1647 4838 1712 4878 ex
1744 4822 1918 4877 nobis.

469 4904 474 4915 Ι
547 4904 568 4908 —
603 4927 690 4985 15.
731 4923 867 4996 Quid
895 4937 1022 4994 ergo
1053 4918 1311 4976 facimus?
1339 4917 1480 4974 unde
1504 4915 1898 4972 discernimus?
1932 4913 2112 4971 Inten-

530 5019 674 5087 dite;
706 5032 892 5075 eamus
935 5015 1093 5071 simul
1131 5012 1323 5084 corde,
1363 5019 1416 5068 et
1453 5011 1740 5080 pulsemus.
1770 5009 1964 5080 Vigilat
2001 5010 2113 5080 ipsa
2141 5033 2165 5038 ~

527 5113 781 5180 Charitas,
810 5111 930 5181 quia
951 5109 1063 5178 ipsa
1093 5106 1359 5176 pulsatura
1381 5111 1481 5170 est,
1505 5101 1615 5173 ipsa
1637 5111 1884 5173 apertura
1909 5121 1922 5156 :
1952 5102 2112 5160 modo

529 5204 836 5276 intelligetis
867 5202 920 5257 in
947 5200 1163 5256 nomine
1194 5194 1402 5253 Domini
1426 5194 1590 5249 nostri
1612 5193 1737 5249 Jcsu
1757 5190 1974 5248 Christi.
1996 5192 2112 5248 Jam

531 5298 775 5369 superius
815 5294 1038 5350 audistis
1080 5292 1201 5362 quia
1247 5290 1444 5345 dictum
1488 5299 1591 5350 est,
1627 5286 1727 5354 Qui
1761 5296 1908 5356 negat
1934 5284 2113 5340 Iesum

527 5386 788 5444 Christum
808 5387 863 5442 in
885 5402 1036 5441 carne
1060 5383 1269 5445 venisse,
1296 5380 1376 5434 hic
1417 5387 1487 5435 est
1516 5376 1840 5430 antichristus
1870 5374 2110 5460 (l‘Joan.

533 5491 593 5542 ιι,
622 5478 713 5546 19,
742 5477 859 5548 22).
887 5476 953 5531 Ει
973 5474 1045 5529 ibi
1073 5471 1418 5544 quaisivimus
1438 5511 1453 5536 ,
1484 5468 1603 5538 quis
1647 5475 1838 5535 neget;
1869 5465 1988 5535 quia
2018 5481 2116 5521 nec

527 5586 631 5630 nos
656 5585 932 5640 negamus,
964 5581 1064 5622 nec
1091 5566 1166 5620 illi
1195 5572 1404 5634 negant.
1441 5561 1507 5615 Et
1534 5559 1829 5613 invenimus
1855 5558 2112 5628 quosdam

529 5661 684 5719 factis
708 5674 902 5731 negare
942 5658 1174 5729 (Supra,
1218 5653 1391 5708 Tract.
1433 5652 1486 5715 ὅ,
1518 5669 1569 5704 n.
1603 5650 1758 5719 7-9);
1790 5658 1845 5702 et
1873 5647 2114 5704 adhibui-

530 5771 648 5810 mus
696 5751 1056 5808 testimonium
1095 5749 1163 5805 de
1207 5747 1491 5817 Apostolo,
1533 5743 1626 5814 qui
1663 5743 1768 5808 ait,
1801 5740 2113 5810 Conﬁtentur

528 5846 665 5904 enim
687 5861 742 5902 se
767 5859 913 5900 nosse
939 5841 1122 5910 Deum,
1152 5840 1300 5909 factis
1328 5849 1494 5894 autem
1534 5843 1716 5908 negant
1745 5832 1889 5905 (Tit.
1913 5849 1964 5902 ι,
1996 5835 2128 5937 16)..

1273 395 1339 452 1N
1376 394 1762 451 EPISTOLAM
1794 391 2076 450 “MNle
2115 392 2205 452 AD
2244 392 2581 463 PABWOS,
2624 395 2682 450 S.
2723 395 3090 454 AUGUSTINI

3660 402 3806 468 Ἡ,

2218 503 2307 560 Sic
2341 520 2466 576 ergo
2493 515 2548 560 et
2574 507 2730 564 modo
2755 525 3060 578 quaeramus,
3082 511 3138 566 in
3164 509 3317 567 factis
3336 551 3356 576 ι
3379 527 3485 568 ucu
3517 513 3574 570 in
3597 516 3798 588 lingua.

2216 596 2345 666 Quis
2382 608 2463 652 est
2497 599 2712 669 spiritus
2740 600 2830 670 qui
2859 618 2965 657 non
3004 612 3178 667 estex
3212 602 3361 660 Deo?
3403 603 3502 674 Qui
3532 617 3679 678 negat
3705 610 3799 664 Je-

2218 704 2330 741 sum
2345 686 2601 744 Christum
2630 693 2682 742 in
2711 706 2862 745 carne
2891 693 3098 746 venisse.
3127 693 3192 746 Et
3211 694 3332 765 quis
3353 704 3435 750 est
3464 697 3685 766 spiritus
3709 699 3802 769 qui

2217 787 2300 833 est
2345 795 2410 835 ex
2451 779 2598 836 Deo?
2628 780 2729 849 Qui
2767 783 3034 851 conﬁtetur
3068 782 3245 839 Iesum
3280 782 3534 841 Christum
3568 789 3624 844 in
3649 806 3800 848 cum

2216 873 2424 927 venisse.
2465 874 2592 941 Quis
2631 883 2714 930 est
2755 875 2846 944 qui
2893 876 3176 931 conﬁtetur
3219 877 3404 934 lesum
3435 876 3707 938 Christum
3747 883 3804 938 in

2217 979 2380 1020 carne
2407 968 2650 1022 venisse?
2677 967 2794 1033 Eia,
2837 967 3048 1036 fratres,
3089 985 3252 1041 opera
3280 973 3646 1040 attendamus,
3692 991 3796 1032 neu

2217 1059 2495 1126 strepitum
2526 1059 2741 1128 linguae.
2773 1059 3082 1129 Quaeramus
3122 1078 3286 1132 quare
3314 1065 3521 1120 venerit
3556 1066 3608 1119 in
3638 1081 3802 1126 carne

2218 1149 2476 1217 Christus,
2507 1157 2563 1206 et
2607 1150 2905 1206 invenimus
2934 1153 3024 1222 qui
3061 1168 3182 1207 eum
3211 1162 3406 1225 negant
3437 1156 3490 1214 in
3517 1172 3680 1214 carne
3708 1174 3799 1214 νου

2219 1239 2381 1294 nisse.
2405 1239 2534 1294 Nam
2563 1243 2604 1293 si
2630 1241 2833 1312 linguas
2853 1243 3121 1308 attendas,
3155 1246 3348 1300 multas
3377 1245 3608 1302 haereses
3646 1248 3799 1303 audi-

2221 1340 2368 1386 turus
2395 1348 2454 1387 es
2478 1334 2792 1391 conﬁtentes
2819 1333 3090 1392 Christum
3126 1337 3178 1391 in
3218 1354 3378 1395 carne
3421 1341 3630 1395 venisse
3662 1359 3679 1397 :
3707 1342 3804 1397 sed

2219 1424 2484 1482 convincit
2508 1425 2626 1480 illos
2656 1427 2869 1484 veritas.
2899 1427 3074 1497 Quare
3098 1431 3239 1484 venit
3262 1429 3502 1496 Christus
3527 1432 3578 1485 in
3606 1434 3805 1488 carne?

2219 1511 2406 1571 Nonne
2446 1515 2590 1572 Deus
2637 1518 2784 1572 erat?
2822 1517 3009 1573 Nonne
3053 1519 3118 1574 de
3164 1520 3254 1575 illo
3299 1522 3554 1590 scriptum
3593 1532 3701 1589 est,
3731 1521 3799 1577 In

2222 1607 2468 1678 principio
2496 1618 2601 1662 erat
2642 1608 2884 1678 Verbum,
2911 1619 2955 1664 et
2992 1609 3204 1666 Verbum
3235 1623 3342 1666 erat
3374 1612 3513 1682 apud
3545 1611 3726 1677 Deum,
3757 1625 3804 1668 et

2221 1699 2359 1756 Deus
2397 1711 2501 1755 erat
2537 1701 2750 1756 Verbum
2781 1702 2977 1773 (Joan.
3007 1720 3046 1766 ι,
3078 1704 3163 1775 i)?
3192 1704 3378 1760 Nonne
3403 1707 3514 1775 ipse
3555 1707 3808 1776 pascebat

2222 1792 2474 1864 Angelos,
2498 1804 2551 1848 et
2577 1795 2686 1864 ipse
2714 1797 2880 1864 pascit
2911 1796 3178 1868 Angelos?
3203 1795 3389 1852 Nonne
3405 1798 3481 1852 sic
3503 1799 3605 1854 huc
3636 1799 3800 1862 venit,

2222 1893 2280 1938 ut
2308 1885 2429 1940 inde
2474 1901 2579 1940 non
2627 1885 2942 1942 recederet?
2972 1887 3156 1942 Nonne
3193 1887 3270 1942 sic
3321 1888 3575 1955 ascendit,
3609 1899 3667 1942 ut
3709 1904 3807 1942 nos

2224 1990 2327 2029 non
2375 1975 2704 2032 dimitteret?
2756 1977 2932 2046 Quare
2978 1994 3106 2049 ergo
3149 1981 3295 2034 venit
3333 1980 3384 2033 in
3428 1979 3627 2036 carne?
3670 1980 3809 2052 Quia

2222 2067 2502 2136 Oportebat
2551 2067 2705 2122 nobis
2748 2068 2957 2123 ostendi
2999 2083 3147 2138 spem
3190 2071 3614 2125 resurrectionis.
3665 2071 3806 2126 Deus

2223 2167 2357 2225 erat,
2387 2159 2514 2213 etin
2541 2175 2701 2214 carne
2725 2161 2903 2225 venit;
2934 2160 3072 2214 Deus
3097 2160 3236 2214 enim
3267 2161 3404 2215 mori
3434 2177 3538 2214 non
3577 2171 3807 2230 poterat,

2183 2281 2186 2284 ~
2224 2266 2346 2306 caro
2377 2251 2511 2304 mori
2542 2260 2779 2320 poterat;
2807 2251 2925 2306 ideo
2955 2267 3081 2323 ergo
3107 2253 3248 2307 venit
3273 2252 3324 2306 in
3347 2268 3526 2318 carne,
3550 2263 3608 2306 ut
3632 2269 3811 2308 more-

2224 2351 2370 2398 retur
2408 2357 2505 2412 pro
2537 2342 2707 2397 nobis.
2736 2341 3191 2411 Quemadmodum
3237 2352 3415 2398 autem
3453 2355 3693 2400 mortuus
3726 2355 3812 2400 est

2225 2448 2320 2502 pro
2348 2434 2538 2487 nobis?
2569 2434 2815 2504 Major-em
2844 2435 2938 2488 hac
2957 2435 3254 2489 charitatem
3280 2453 3424 2490 nemo
3451 2437 3595 2490 habet
3613 2478 3627 2502 ,
3654 2454 3810 2507 quant

2224 2537 2275 2580 ut
2305 2528 2528 2582 animum
2570 2544 2716 2581 suam
2755 2538 2910 2598 ponat
2942 2545 3033 2598 pro
3061 2529 3235 2583 amicis
3259 2533 3362 2582 suis
3391 2527 3515 2599 (Id.
3558 2545 3645 2596 xv,
3677 2530 3743 2586 15
3766 2531 3806 2599 ).

2223 2620 2465 2674 Charitas
2493 2637 2618 2691 ergo
2647 2622 2788 2675 illum
2819 2623 3035 2677 adduxit
3054 2622 3120 2676 ad
3145 2639 3376 2678 carnem.
3401 2624 3651 2692 Quisquis
3677 2639 3811 2693 ergo

2224 2727 2328 2766 non
2375 2711 2535 2768 habet
2570 2711 2903 2777 charitatcm,
2952 2724 3106 2784 negat
3136 2714 3404 2768 Christum
3435 2716 3485 2768 in
3527 2730 3688 2770 carne
3716 2731 3810 2768 ve—

2224 2803 2386 2859 nisse.
2421 2803 2513 2857 llic
2546 2819 2682 2858 nunc
2706 2804 2813 2872 jam
2846 2805 3108 2875 interroga
3135 2821 3323 2859 untnes
3344 2805 3642 2869 hrcreticos,
3663 2805 3812 2860 Chri-

2223 2904 2336 2949 stus
2361 2897 2503 2950 venit
2532 2898 2583 2950 in
2623 2898 2817 2952 carne?
2849 2896 3037 2963 Venit;
3072 2897 3172 2952 hoc
3199 2898 3376 2962 credo,
3406 2898 3506 2953 hoc
3526 2902 3807 2955 conﬁteor.

2225 2985 2334 3042 Ιιιιυ
2361 2987 2461 3044 hoc
2494 3004 2672 3060 negas.
2708 2989 2856 3044 Unde
2888 2990 3059 3060 nego?
3081 2991 3230 3045 audis
3256 2991 3375 3060 quia
3401 2991 3502 3045 hoc
3529 2992 3667 3046 dico.
3696 2990 3810 3047 lino

2223 3093 2322 3147 ego
2349 3079 2604 3133 convinco
2644 3080 2762 3148 quia
2801 3095 2981 3149 negas.
3028 3080 3167 3134 Dicis
3211 3097 3360 3147 voce,
3404 3097 3567 3151 negas
3611 3081 3806 3148 corde;

2222 3169 2356 3224 dicis
2383 3171 2576 3234 verbis,
2611 3186 2769 3241 negas
2805 3169 2978 3224 factis.
3003 3171 3303 3242 Quomodo,
3337 3174 3530 3244 inquis,
3562 3161 3696 3245 nego
3725 3176 3807 3228 fa-

2221 3261 2358 3314 ctis?
2387 3261 2518 3330 Quia
2548 3261 2665 3315 ideo
2695 3262 2837 3315 venit
2861 3263 2910 3316 in
2940 3278 3102 3318 carne
3131 3263 3395 3329 Christus,
3433 3275 3486 3318 ut
3510 3275 3810 3321 moreretur

2223 3367 2318 3421 pro
2347 3352 2520 3406 nobis.
2556 3351 2677 3406 ideo
2708 3362 2947 3407 mortuus
2983 3363 3063 3408 cst
3103 3370 3195 3424 pro
3225 3355 3396 3420 nobis,
3428 3357 3549 3425 quia
3578 3355 3811 3410 charita-

2225 3453 2326 3496 tcm
2350 3444 2565 3497 multum
2596 3443 2774 3498 docuit
2801 3461 2812 3498 :
2845 3443 3095 3514 Majorem
3117 3446 3210 3498 hac
3227 3445 3520 3498 charitatem
3545 3464 3688 3500 nemo
3710 3448 3804 3501 ha-

2221 3533 2316 3597 bet,
2349 3550 2497 3602 quam
2533 3543 2584 3587 ut
2631 3535 2852 3588 animam
2879 3552 3023 3588 suam
3054 3546 3205 3604 ponat
3246 3554 3336 3607 pro
3371 3538 3544 3592 amicis
3571 3539 3695 3593 suis.
3725 3539 3809 3594 Tu

2221 3642 2325 3680 non
2365 3625 2531 3680 hach
2570 3625 2914 3692 charitatcm;
2945 3628 3066 3697 quia
3107 3643 3202 3696 pro
3243 3626 3443 3683 honore
3485 3637 3573 3684 tuo
3615 3629 3808 3684 dividis

2222 3719 2502 3772 unitatem.
2536 3719 2674 3789 Ergo
2701 3718 2826 3773 hinc
2855 3719 3127 3790 intelligite
3150 3720 3390 3789 Spiritum
3420 3736 3484 3776 ex
3516 3721 3646 3777 Deo.
3680 3721 3810 3777 Pul-

2221 3818 2354 3874 sate,
2391 3810 2588 3880 tangite
2615 3825 2739 3863 vasa
2766 3808 2964 3875 ﬁctilia,
2991 3826 3056 3864 ne
3092 3810 3231 3864 forte
3254 3811 3559 3881 crepuerint
3583 3821 3634 3866 et
3665 3813 3809 3868 male

2221 3908 2473 3954 resonent
2504 3918 2515 3952 :
2559 3900 2734 3954 videte
2773 3901 2815 3954 si
2859 3901 3063 3972 integre
3100 3911 3321 3967 sonant,
3355 3903 3529 3957 videte
3557 3904 3600 3958 si
3627 3903 3696 3958 ibi
3722 3913 3810 3960 est

2221 3991 2471 4045 Charitas.
2505 3990 2669 4045 Tollis
2714 4000 2764 4046 te
2799 3991 2864 4046 ab
2895 3993 3093 4047 unitate
3119 3993 3263 4048 orbis
3298 4003 3578 4060 terrarum,
3613 3995 3809 4053 dividis

2223 4080 2516 4136 Ecclesium
2549 4099 2642 4152 per
2668 4081 2972 4150 schismata,
2997 4082 3220 4138 dilanias
3242 4099 3436 4154 corpus
3468 4086 3684 4141 Christi.
3711 4087 3810 4143 Ille

2221 4174 2365 4228 Venit
2393 4175 2443 4228 in
2472 4191 2652 4239 carne,
2689 4184 2744 4228 ut
2769 4175 2976 4245 colligat
3004 4195 3016 4229 :
3052 4183 3104 4229 tu
3136 4175 3255 4231 ideo
3288 4179 3485 4231 clanias
3506 4221 3519 4244 ,
3554 4189 3610 4232 ut
3649 4193 3808 4249 spar-

2219 4282 2332 4337 gas.
2361 4267 2500 4338 Ergo
2546 4268 2656 4336 ipse
2696 4277 2777 4323 est
2813 4267 3040 4338 Spiritus
3079 4269 3194 4336 Dei,
3225 4271 3311 4341 qui
3361 4271 3486 4326 dicit
3524 4271 3700 4326 Jcsum
3753 4273 3808 4328 in

2221 4373 2380 4413 carne
2421 4360 2628 4414 venisse
2672 4378 2684 4412 :
2724 4361 2813 4430 qui
2847 4361 2972 4414 dicit
3002 4377 3107 4415 non
3138 4362 3332 4432 lingua,
3364 4363 3458 4418 sed
3497 4364 3683 4429 factis;
3712 4366 3807 4436 qui

2221 4449 2346 4504 dicit
2374 4466 2477 4504 non
2503 4451 2775 4519 sonando,
2807 4452 2900 4506 sed
2935 4453 3182 4507 amando.
3216 4453 3307 4508 Ille
3346 4465 3521 4510 autem
3569 4473 3673 4511 non
3721 4467 3810 4512 est

2221 4541 2439 4612 spiritus
2459 4544 2575 4608 Dei,
2605 4544 2692 4611 qui
2725 4553 2881 4613 negat
2907 4544 3086 4598 Jesum
3117 4544 3382 4600 Christum
3417 4546 3467 4601 in
3504 4564 3663 4604 carne
3708 4566 3808 4606 ve-

2221 4630 2364 4685 nisse
2393 4648 2404 4683 :
2433 4640 2589 4701 negat
2611 4639 2662 4684 ct
2683 4631 2797 4701 ipse
2820 4648 2923 4687 non
2952 4633 3152 4704 lingua,
3182 4636 3275 4690 sed
3298 4637 3432 4703 vita;
3468 4655 3572 4692 non
3599 4639 3804 4709 verbis,

2221 4724 2317 4780 sed
2365 4725 2531 4778 factis.
2568 4725 2904 4780 Manifestum
2944 4736 3024 4782 est
3068 4745 3194 4800 ergo
3233 4729 3372 4786 unde
3421 4747 3807 4804 cognoscamus

2219 4815 2429 4871 fratres.
2461 4816 2604 4870 Multi
2630 4817 2789 4885 intus,
2817 4818 2966 4888 quasi
3001 4819 3142 4874 intus
3168 4827 3323 4888 sunt;
3351 4837 3508 4878 nemo
3527 4836 3704 4880 autem
3736 4827 3810 4884 lo-

2220 4907 2315 4976 ris,
2347 4908 2446 4962 nisi
2476 4925 2597 4963 vere
2623 4907 2771 4963 foris.

2294 5002 2378 5056 14.
2404 5001 2550 5056 Adeo
2581 5010 2636 5055 ut
2666 5003 2920 5058 noveritis
2941 5003 3061 5074 quia
3100 5005 3164 5060 ad
3193 5003 3328 5062 facta
3358 5007 3573 5076 retulit,
3596 5009 3664 5065 Et
3689 5029 3808 5066 om-

2221 5094 2298 5147 nis
2317 5095 2520 5165 spiritus
2538 5136 2551 5158 ,
2579 5095 2684 5160 ait,
2711 5096 2796 5165 qui
2821 5095 2966 5150 solvit
2991 5095 3263 5162 Christum,
3292 5101 3343 5153 in
3369 5117 3520 5155 carne
3544 5104 3736 5160 venisse
3767 5108 3807 5172 ¹,

2220 5201 2321 5239 non
2363 5195 2434 5239 est
2462 5200 2526 5240 ea:
2568 5183 2694 5240 Deo.
2724 5183 2942 5242 Solvere
2974 5189 3123 5242 factis
3168 5189 3495 5261 intelligitur.
3526 5193 3662 5262 Quid
3713 5197 3808 5250 tibi

2221 5273 2490 5330 ostendit?
2518 5275 2605 5345 qui
2629 5285 2804 5348 negat;
2834 5278 2953 5347 quia
2984 5279 3135 5344 dixit,
3165 5280 3310 5334 solvit
3332 5283 3372 5334 ³.
3407 5282 3500 5338 Ille
3521 5283 3663 5339 venit
3695 5287 3811 5341 coi-

2219 5365 2424 5435 ligere,
2478 5374 2532 5419 tu
2581 5367 2731 5421 venis
2791 5369 3016 5424 solvere.
3069 5370 3391 5442 Distriugere
3436 5374 3512 5429 vis
3563 5377 3808 5432 membra

2172 5457 2176 5462 ’
2219 5453 2434 5509 Christi.
2482 5454 2759 5524 Quomodo
2802 5474 2906 5512 non
2939 5474 3099 5529 negas
3124 5458 3391 5516 Christum
3424 5463 3474 5518 in
3519 5481 3683 5522 carne
3709 5484 3806 5524 ve.

2220 5547 2394 5613 nisse,
2425 5547 2514 5617 qui
2543 5546 2829 5619 disrumpis
2855 5548 3146 5606 Ecclesiam
3191 5551 3322 5619 Dei,
3359 5570 3514 5624 quam
3558 5557 3644 5612 ille
3669 5575 3806 5616 con-

2283 5660 2298 5690 ¹
2328 5664 2376 5707 ιιι
2392 5664 2464 5732 Er.
2483 5658 2627 5733 hugd.
2643 5667 2695 5709 et
2717 5660 3024 5733 Ven.desu_nt
3045 5662 3214 5733 verba,
3229 5661 3280 5715 in
3301 5651 3447 5716 Came
3660 5670 3808 5733 ,‘iicet

2218 5726 2324 5769 ων.
2353 5723 2477 5770 eain
2499 5726 2606 5770 Mss.
2633 5734 2745 5772 esse
2767 5723 3075 5775 contendant.
3141 5730 3198 5776 Ι.

2262 5784 2395 5852 fter.
2421 5783 2564 5852 Lugd.
2592 5790 2706 5833 ven.
2745 5790 2890 5836 bon:
2920 5787 3042 5848 Quid
3062 5783 3658 5859 ωηατ,
3691 5807 3809 5851 ⁸⁸⁸³

2220 5843 2346 5895 dta‘tt
2374 5859 2387 5893 :
2413 5841 2594 5895 solvil?
2656 5851 2712 5894 Ι.
