4076 6468
298 442 442 500 2029

300 552 572 629 gregavit?
595 550 789 606 Contra
811 545 1073 604 Christum
1095 559 1220 615 ergo
1242 541 1410 606 venis;
1433 538 1775 594 antichristus
1800 552 1877 592 es.

301 627 450 712 lntns
481 645 575 712 sis,
600 642 726 697 foris
751 641 851 707 sis;
875 637 1214 693 antichristus
1233 650 1290 689 es
1331 652 1344 688 :
1386 627 1477 687 sed
1507 629 1716 702 quando
1744 628 1884 682 intus

301 755 362 795 es
385 781 400 805 ,
436 737 603 798 lates,
637 731 848 804 quando
877 731 1004 784 foris
1032 744 1089 783 es
1109 768 1124 793 ,
1153 724 1525 780 manifestaris.
1575 719 1748 776 Solvis
1791 718 1883 772 Je-

301 847 456 895 sum,
487 839 539 882 et
570 842 727 896 negas
757 839 876 878 eum
905 822 955 876 in
979 835 1139 877 carne
1164 817 1407 878 venisse;
1437 829 1543 868 non
1570 828 1626 867 es
1655 828 1719 866 ex
1750 810 1881 864 Deo.

305 923 430 978 ideo
458 919 584 975 dicit
614 919 664 972 in
689 915 972 986 Evangelio
998 931 1008 966 :
1039 911 1135 979 Qui
1160 908 1356 964 solverit
1376 923 1530 960 unum
1555 904 1616 957 de
1637 902 1885 956 mandatis
1929 929 1950 936 —

302 1017 410 1068 istis
441 1013 680 1078 minimis,
707 1021 752 1064 et
782 1007 1006 1064 docuerit
1031 1005 1101 1058 sic
1125 1046 1138 1070 ,
1185 1003 1418 1056 minimus
1445 998 1696 1054 vocabitur
1724 998 1776 1050 in
1803 1011 1886 1049 re-

302 1126 403 1179 gno
431 1107 686 1160 caelorum.
709 1101 844 1172 Quid
872 1109 953 1154 est
972 1141 985 1164 ,
1027 1094 1290 1152 solvitur?
1318 1091 1442 1164 quid
1483 1100 1564 1146 est
1583 1131 1599 1158 ,
1631 1087 1886 1144 docetur?

305 1200 538 1254 Solvitur
569 1195 715 1250 factis
740 1235 752 1257 ,
786 1203 837 1247 et
866 1191 1084 1246 docetur
1113 1187 1262 1258 quasi
1285 1184 1480 1238 verbis.
1515 1181 1614 1250 Qui
1643 1179 1887 1251 prwdicas

305 1310 404 1346 non
431 1290 704 1363 furandum
729 1330 743 1353 ,
777 1284 964 1356 furoris
992 1281 1167 1352 (Rom.
1199 1295 1255 1344 ll,
1284 1277 1398 1346 9.1).
1442 1274 1607 1329 Solvit
1657 1288 1782 1343 ergo
1830 1271 1886 1326 in

302 1385 442 1438 tacto
469 1380 554 1452 qui
577 1380 802 1444 furatur,
828 1384 880 1428 et
903 1373 1052 1444 quasi
1083 1370 1236 1425 docet
1257 1369 1353 1434 sic;
1380 1366 1614 1419 minimus
1635 1363 1888 1418 vocabitur

302 1475 353 1526 in
377 1488 528 1542 regno
566 1470 802 1522 cwlorum
821 1508 835 1533 ,
860 1465 912 1520 id
943 1473 1022 1519 est
1041 1506 1054 1529 ,
1084 1462 1134 1516 in
1164 1459 1400 1515 Ecclesia
1431 1457 1586 1526 hujus
1607 1453 1880 1524 temporis.

306 1564 380 1618 De
407 1563 497 1616 illo
523 1561 716 1616 dictum
749 1567 828 1614 est
853 1600 866 1623 ,
898 1556 1023 1624 Qua:
1049 1556 1215 1608 dicunt
1261 1552 1447 1623 facile;
1473 1564 1582 1616 qua?
1607 1557 1773 1601 autent
1801 1545 1884 1616 fa-

303 1657 461 1720 ciunt,
486 1654 650 1723 facere
666 1653 818 1706 nolite
848 1647 1059 1720 (Matth.
1082 1662 1230 1710 χχιιι,
1258 1644 1332 1716 5).
1369 1643 1466 1710 Qui
1489 1651 1652 1694 autem
1679 1637 1881 1710 fecerit,

303 1754 348 1800 et
397 1747 467 1799 sic
512 1744 769 1808 docuerit,
805 1757 1017 1811 magnus
1061 1737 1315 1792 vocabitur
1352 1737 1403 1788 in
1448 1750 1599 1803 regno
1647 1733 1886 1784 caelorum

305 1835 414 1907 (Id.
447 1851 501 1900 ν,
539 1832 644 1904 l9).
672 1835 747 1886 Ex
775 1848 837 1887 eo
864 1829 1002 1900 quod
1030 1827 1160 1883 dixit
1188 1827 1298 1890 hic,
1332 1824 1527 1888 fecerit,
1563 1830 1744 1876 contra
1785 1819 1886 1874 hoc
1911 1848 1940 1859 ~

305 1925 377 1980 ibi
409 1925 570 1990 dixit,
597 1923 826 1988 solverit,
859 1921 909 1974 id
937 1928 1036 1986 est,
1070 1934 1172 1972 non
1203 1915 1382 1972 fecerit
1405 1958 1418 1981 ,
1447 1922 1499 1968 et
1519 1913 1757 1967 docuerit
1786 1911 1880 1967 sic.

305 2018 398 2072 llle
418 2034 543 2088 ergo
573 2017 731 2070 solvit
753 2015 841 2086 qui
870 2029 974 2068 non
1004 2013 1142 2065 facit.
1171 2010 1305 2077 Quid
1342 2024 1439 2062 nos
1464 2007 1618 2062 docet
1643 2049 1656 2073 ,
1693 2006 1810 2076 nisi
1831 2014 1888 2059 ut

303 2109 441 2163 facta
465 2109 852 2176 interrogemus
877 2147 890 2171 ,
921 2120 1022 2158 non
1048 2104 1209 2158 verba
1238 2099 1553 2156 credamus?
1578 2098 1886 2153 Obscuritas

303 2217 485 2255 rerum
514 2200 675 2254 multa
704 2213 800 2252 nos
830 2197 970 2266 cogit
993 2193 1169 2250 dicere
1202 2209 1213 2248 :
1249 2193 1475 2247 maxime
1505 2200 1562 2244 ut
1592 2189 1716 2243 illud
1745 2188 1885 2259 quod

306 2292 564 2346 Dominus
593 2290 828 2344 revelare
853 2287 1097 2358 dignatur
1120 2328 1134 2351 ,
1169 2285 1324 2339 etiam
1366 2283 1430 2336 ad
1474 2282 1733 2336 tardiores
1779 2280 1951 2334 ira-Le

305 2393 415 2438 tres
455 2382 727 2452 perveniat
751 2397 764 2445 ;
808 2381 929 2451 quia
954 2395 1140 2434 omnes
1165 2377 1362 2432 Christi
1389 2377 1642 2446 sanguine
1671 2389 1886 2444 compa-

303 2475 403 2528 rati
430 2481 572 2527 sunt.
604 2473 669 2526 Et
694 2487 883 2526 vereor
908 2487 972 2524 ne
1001 2473 1111 2540 ipsa
1135 2468 1365 2537 Epistola
1398 2467 1511 2521 istis
1533 2465 1717 2520 diebus
1746 2507 1756 2528 ,
1786 2465 1886 2518 sic-

305 2575 361 2619 ut
389 2565 737 2635 promiseram
759 2605 773 2631 ,
806 2579 910 2618 non
940 2562 1148 2616 ﬁniatur
1173 2579 1185 2614 :
1227 2559 1319 2616 sed
1347 2559 1487 2630 quod
1515 2559 1738 2612 Domino
1769 2558 1885 2627 pla-

303 2667 409 2724 cet,
438 2657 628 2712 melius
651 2665 733 2712 est
758 2670 970 2710 servare
992 2653 1262 2725 reliquias,
1293 2668 1446 2721 quam
1475 2666 1699 2706 onerare
1725 2650 1886 2706 corda

303 2749 469 2803 nimio
489 2747 628 2802 cibo.

812 2831 1223 2892 TRACTATUS
1261 2834 1372 2889 γιι.

301 2931 377 2983 Ab
415 2947 473 2983 eo
508 2930 640 3000 quod
683 2930 936 3000 sequitur,
967 2926 1082 2983 lam
1115 2943 1204 2981 vos
1254 2943 1317 2982 ex
1369 2923 1476 2981 Deo
1521 2926 1648 2981 estis
1696 2924 1883 2993 ﬁlioli;

374 3038 530 3092 usque
557 3022 624 3074 ad
652 3021 704 3074 id
728 3064 742 3089 ,
785 3022 950 3076 Deum
995 3035 1152 3076 nemo
1188 3019 1319 3075 vidit
1357 3033 1607 3091 unquam.
1637 3017 1762 3090 Cap.
1796 3035 1882 3088 tv,

388 3115 464 3184 γ.
497 3115 646 3168 ι-η.

376 3207 428 3258 1.
467 3206 691 3260 Mundus
721 3205 820 3260 iste
843 3202 1090 3259 omnibus
1133 3203 1374 3258 ﬁdelibus
1403 3202 1761 3273 quaerentibus
1789 3217 1885 3273 pa-

302 3297 459 3350 triam
487 3297 564 3351 sic
611 3306 726 3360 est,
759 3295 1027 3366 quomodo
1072 3293 1168 3349 fuit
1205 3308 1414 3350 erenms
1463 3294 1656 3364 populo
1700 3293 1882 3348 lsrael.

301 3389 566 3444 Errabant
595 3388 807 3458 quidem
838 3387 1041 3454 adhuc,
1071 3394 1124 3442 et
1147 3387 1369 3457 patriam
1413 3385 1720 3454 qumrebant
1749 3402 1762 3439 :
1792 3384 1885 3439 sed

302 3482 438 3536 duce
483 3482 596 3537 Deo
637 3495 818 3535 errare
865 3495 970 3534 non
1018 3487 1278 3549 poterant.
1312 3478 1406 3532 Via
1451 3478 1553 3532 illis
1586 3479 1680 3532 fuit
1717 3478 1886 3547 jnssio

303 3573 400 3627 Dei
433 3575 471 3626 ί.
507 3573 636 3626 Nam
667 3573 755 3627 ubi
786 3587 879 3642 per
906 3571 1250 3642 quadraginta
1276 3585 1443 3624 annos
1468 3570 1882 3636 circumierunt,

303 3667 640 3736 paucissimis
668 3664 1029 3720 mansionibus
1058 3663 1336 3719 conﬁcitur
1362 3663 1461 3716 iter
1488 3663 1680 3732 ipsum,
1714 3671 1766 3716 et
1791 3677 1885 3716 no-

305 3768 413 3813 tum
445 3767 530 3814 est
557 3758 821 3814 omnibus.
866 3757 1264 3823 'l'ardabantur,
1315 3755 1435 3825 quia
1479 3754 1884 3822 exercebantur,

303 3866 414 3904 non
453 3851 578 3919 quia
605 3850 1002 3905 deserebantur.
1055 3848 1206 3915 Quod
1250 3862 1376 3918 ergo
1429 3846 1580 3900 nobis
1631 3846 1888 3915 promittit

306 3941 480 4008 Deus,
511 3941 790 3995 inell‘abilis
831 3939 1056 3994 dulcedo
1079 3947 1192 4005 est,
1219 3950 1271 3992 ct
1300 3939 1494 3992 bonum
1520 3979 1534 4003 ,
1567 3938 1701 3992 sicut
1741 3936 1885 3990 Scri-

304 4043 462 4102 ptura
489 4033 638 4101 dicit,
657 4041 712 4088 et
737 4048 876 4102 saepe
905 4033 1058 4087 nobis
1083 4030 1623 4087 commemorantibus
1643 4030 1882 4097 audistis,

301 4127 433 4195 quod
461 4127 638 4180 oculus
660 4143 760 4180 non
780 4125 920 4190 vidit,
953 4141 1042 4178 nec
1061 4125 1200 4178 auris
1224 4123 1446 4189 audivit,
1479 4140 1566 4176 nec
1604 4124 1654 4175 in
1683 4139 1770 4175 cor
1796 4122 1924 4174 Ito-:4
1943 4157 1962 4173 ι.

300 4220 451 4272 “sinis
489 4220 714 4272 ascendit
740 4217 888 4290 (Isai.
921 4233 1061 4284 LXIV,
1103 4218 1169 4282 4;
1195 4217 1213 4271 l
1239 4215 1354 4271 Cor.
1384 4233 1418 4271 ιι
1445 4257 1458 4283 ,
1488 4215 1564 4287 9).
1597 4213 1887 4269 Laboribus

301 4318 480 4364 autem
509 4309 887 4379 temporalibus
911 4323 1254 4373 exercemur,
1280 4317 1334 4361 et
1361 4305 1737 4361 tentationibus
1766 4304 1887 4358 vita:

304 4402 590 4471 mentis
622 4400 910 4456 erudimur.
940 4399 1043 4453 Sed
1072 4400 1114 4452 si
1143 4414 1247 4452 non
1273 4398 1428 4451 vultis
1467 4397 1518 4451 in
1569 4398 1664 4450 ista
1706 4411 1886 4450 eremo

301 4495 392 4548 siti
436 4493 572 4547 mi
598 4533 612 4558 ,
663 4492 824 4546 bibite
864 4491 1198 4546 charitatcm.
1244 4489 1386 4542 Fons
1423 4496 1504 4541 est
1534 4503 1688 4555 quem
1720 4486 1888 4539 voluit

305 4585 563 4646 Dominus
592 4583 676 4637 hic
702 4597 902 4654 ponere
924 4623 937 4647 ,
972 4596 1040 4635 ne
1065 4580 1372 4634 deﬁciamus
1404 4579 1453 4632 in
1481 4579 1565 4632 via
1597 4595 1608 4630 :
1639 4585 1693 4632 et
1717 4577 1885 4630 abun-
1919 4612 1922 4616 -

304 4676 520 4732 dantius
543 4691 670 4730 eum
711 4675 988 4737 bibemus,
1031 4689 1150 4727 cum
1200 4673 1263 4726 ad
1301 4673 1520 4741 patriam
1564 4672 1884 4726 venerimus.

307 4767 461 4822 Modo
492 4767 834 4836 Evangelium
862 4767 1052 4819 lect-um
1076 4775 1178 4829 est;
1208 4773 1264 4818 ut
1283 4764 1347 4818 de
1379 4765 1504 4833 ipsis
1529 4764 1703 4818 verbis
1727 4805 1740 4828 ,
1773 4764 1887 4832 qui-

306 4857 404 4912 bus
430 4857 589 4913 lectio
608 4857 882 4911 termiata
906 4863 990 4910 est
1011 4856 1203 4921 dicam,
1237 4855 1358 4925 quid
1387 4855 1528 4908 aliud
1554 4855 1652 4908 nisi
1675 4854 1741 4908 de
1766 4852 1888 4908 cha-

305 4950 460 5004 ritate
489 4948 748 5003 audistis?
792 4945 1228 5016 Quandoquidem
1261 4955 1470 5016 pactum
1509 4948 1724 5000 fecimus
1766 4961 1888 5000 cum

307 5040 416 5095 Deo
443 5050 629 5095 nostra:
659 5040 708 5093 in
737 5040 1013 5105 oratione,
1042 5047 1102 5095 ut
1126 5039 1176 5092 si
1198 5037 1439 5091 volanti-is
1460 5045 1518 5091 ut
1538 5037 1766 5091 dimittat
1789 5051 1916 5090 no-g

305 5131 386 5187 bis
411 5139 636 5201 peccata
664 5139 873 5195 nostra,
897 5129 1225 5185 dimittamus
1253 5138 1306 5184 et
1332 5145 1428 5183 nos
1446 5135 1661 5200 peccata
1693 5143 1810 5198 quae
1836 5128 1890 5181 in

305 5237 402 5277 nos
427 5222 630 5276 fuerim.
653 5221 934 5276 commissa
965 5219 1173 5291 (Matth.
1207 5237 1258 5274 Vl
1281 5262 1294 5286 ,
1327 5221 1432 5290 12).
1463 5219 1578 5274 Νοιι
1605 5228 1778 5273 autem
1805 5218 1890 5273 di-

307 5317 468 5372 mittit
490 5315 590 5369 nisi
618 5314 866 5370 claritas.
899 5314 1050 5369 Tolle
1067 5315 1378 5369 cbaritatem
1405 5315 1472 5369 de
1499 5314 1680 5380 corde;
1709 5314 1892 5368 odium

306 5416 482 5472 tenet,
523 5407 798 5476 ignoscere
829 5421 932 5460 non
971 5406 1135 5460 novit.
1165 5405 1244 5460 Sit
1291 5406 1367 5460 ibi
1391 5405 1656 5469 charitas,
1703 5420 1890 5460 secura

307 5501 571 5572 ignoscit,
605 5517 721 5572 qum
774 5517 880 5556 non
910 5511 1237 5572 angustatur;
1290 5502 1526 5570 Epistula
1573 5509 1748 5556 autem
1789 5501 1891 5556 ista

308 5602 413 5650 tota
438 5635 456 5660 ,
484 5582 646 5663 quam
691 5593 1020 5662 suscepimus
1065 5593 1391 5648 tractandam
1431 5594 1611 5658 vobis,
1644 5593 1816 5647 videte
1845 5592 1890 5647 si

307 5685 446 5739 aliud
476 5684 674 5754 aliquid
707 5685 1048 5740 commendat
1075 5700 1240 5754 quam.
1268 5684 1433 5754 ipsam
1461 5699 1618 5738 unam
1665 5683 1892 5737 charita-

311 5785 434 5833 tcm.
463 5777 574 5833 Nec
619 5777 908 5832 timendum
935 5787 1016 5832 est
1059 5792 1124 5830 ne
1173 5791 1314 5846 sape
1341 5775 1567 5831 dicendo
1613 5775 1668 5830 in
1709 5775 1888 5832 odium

378 5892 689 5941 ‘Siehtuss.
725 5893 849 5942 Atin

1502 421 1909 482 TRACTATUS
1949 421 2055 476 Vll.
2097 421 2320 480 CAPUT
2359 418 2448 478 IV.

3428 425 3572 483 2050

1991 535 2188 590 veniat.
2219 536 2353 606 Quid
2400 535 2542 594 enim
2571 545 2780 593 amatur
2801 580 2818 607 ,
2849 538 2894 593 si
2919 537 3151 596 charitas
3187 540 3238 594 in
3268 541 3447 596 odium
3475 558 3568 600 ve-

1994 627 2140 682 niat?
2170 631 2279 696 Qua
2304 630 2561 688 charitate
2586 633 2644 686 lit
2665 632 2681 662 ί
2706 642 2763 686 ιιι
2790 642 2979 688 caetera
3006 631 3141 688 bene
3161 643 3424 700 amentur,
3459 636 3568 706 ipsa

1993 719 2258 788 quomodo
2282 723 2505 776 amanda
2531 733 2613 778 est
2631 723 2654 777 ?
2675 723 2780 778 Res
2807 741 2934 796 ergo
2960 741 3078 794 qua:
3113 741 3382 796 nunquam
3411 727 3569 782 debet

1993 807 2059 863 de
2085 809 2244 865 corde
2270 811 2541 869 discedere
2564 855 2578 880 ,
2610 831 2707 870 nec
2735 815 2802 871 ab
2831 832 2923 872 ore
2958 817 3212 872 discedat.

2063 900 2117 954 2.
2147 900 2268 956 Jam
2297 920 2380 958 vos
2401 947 2415 971 ,
2447 905 2643 976 inqttit,
2686 925 2750 962 ea:
2796 906 2903 962 Deo
2947 910 3062 964 estis
3089 910 3271 978 ﬁlioli,
3316 919 3359 964 et
3387 911 3571 966 vicistis

1994 1009 2106 1045 eum
2129 1010 2145 1046 :
2169 1010 2354 1062 quem,
2391 996 2486 1051 nisi
2518 997 2938 1054 Antichristum?
2966 1000 3220 1070 Superius
3249 1003 3388 1057 enim
3417 1003 3540 1059 dixe

1995 1095 2108 1151 rat,
2141 1085 2316 1142 Omnis
2341 1089 2426 1158 qui
2448 1090 2592 1142 solvit
2631 1090 2805 1144 Iesum
2833 1092 3084 1146 Christum
3110 1102 3153 1145 et
3195 1105 3342 1166 negat
3379 1113 3488 1147 eum
3519 1096 3572 1150 in

1992 1192 2142 1230 carne
2163 1179 2370 1246 venisse,
2392 1197 2492 1234 non
2513 1191 2666 1235 estea:
2686 1179 2790 1236 Deo
2815 1181 2990 1255 (Joan.
3017 1202 3087 1250 Iv,
3114 1186 3192 1254 5).
3219 1186 3572 1256 Exposuimus

1993 1277 2192 1334 autem,
2221 1271 2264 1323 si
2291 1272 2626 1338 meministis,
2651 1273 2771 1343 quia
2800 1290 2984 1330 omnes
3004 1286 3195 1346 negant
3219 1278 3397 1332 Jesum
3419 1277 3572 1331 Chri-

1937 1383 1953 1408 ς»
1995 1369 2134 1414 stum
2167 1361 2217 1415 in
2245 1378 2403 1418 carne
2436 1363 2648 1442 venisse
2671 1407 2684 1431 ,
2714 1365 2803 1437 qui
2836 1367 3029 1422 violant
3055 1368 3383 1423 charitatcm.
3416 1369 3570 1425 Jcsus

1993 1455 2132 1508 enim
2165 1472 2267 1509 non
2293 1472 2426 1526 opus
2463 1467 2577 1512 erat
2613 1466 2669 1512 ut
2700 1461 2908 1516 veniret
2929 1501 2943 1524 ,
2978 1459 3077 1514 nisi
3105 1471 3317 1532 propter
3339 1461 3570 1517 charita-

1995 1557 2117 1602 tcm.
2149 1548 2390 1604 Charitas
2416 1550 2559 1606 enim
2588 1551 2739 1607 nobis
2768 1552 2852 1606 illa
2880 1553 3301 1621 commendatur,
3331 1570 3490 1626 quam
3517 1565 3572 1610 et

1993 1639 2104 1711 ipse
2132 1643 2184 1696 in
2210 1643 2494 1715 Evangelia
2523 1645 2859 1700 commendat
2889 1665 2900 1700 :
2935 1645 3186 1716 Hajorem
3221 1647 3316 1699 hac
3345 1646 3572 1700 dilectio-

1991 1752 2104 1788 nem
2129 1753 2273 1790 nemo
2313 1746 2466 1806 potest
2496 1736 2708 1805 habere,
2735 1754 2886 1808 quam
2925 1748 2976 1791 ut
3000 1740 3222 1792 animam
3248 1755 3385 1792 suam
3420 1747 3568 1804 ponat

1991 1846 2082 1899 pro
2110 1831 2283 1883 amicis
2311 1831 2414 1884 suis
2445 1828 2552 1900 (Id.
2590 1847 2680 1896 xv,
2716 1831 2826 1902 15).
2871 1830 3147 1898 Quomodo
3174 1838 3384 1900 poterat
3410 1829 3571 1883 Filius

1993 1921 2083 1975 Dei
2115 1923 2343 1976 animam
2374 1939 2522 1980 suam
2551 1938 2751 1995 ponere
2793 1938 2890 1993 pro
2934 1923 3086 1978 nobis
3111 1963 3126 1988 ,
3159 1922 3258 1976 nisi
3303 1937 3464 1975 carne
3495 1921 3571 1974 in-

1992 2013 2262 2080 ducretur,
2290 2015 2376 2068 ubi
2399 2015 2532 2070 mori
2563 2015 2777 2084 posset?
2796 2014 3043 2086 Quisquis
3069 2029 3194 2085 ergo
3216 2013 3376 2068 violat
3401 2013 3567 2067 chari-

1993 2112 2174 2171 tatem,
2201 2106 2469 2174 quodlibet
2495 2105 2636 2161 dicat
2676 2107 2846 2178 lingua
2872 2149 2886 2173 ,
2922 2108 3025 2160 vita
3057 2106 3220 2176 ipsius
3247 2115 3401 2175 negat
3424 2105 3570 2160 Chri-

1992 2205 2129 2248 stum
2158 2195 2210 2249 in
2258 2211 2418 2250 carne
2444 2198 2681 2264 venisse;
2714 2208 2766 2252 et
2808 2199 2905 2253 iste
2934 2208 3015 2252 est
3053 2198 3392 2252 antichristus
3415 2237 3430 2264 ,
3461 2197 3574 2252 ubi-

1992 2303 2220 2358 comque
2257 2287 2411 2342 fuerit
2434 2331 2446 2354 ,
2478 2305 2808 2359 quocumque
2836 2291 3126 2345 intraverit.
3159 2289 3263 2344 Sed
3299 2289 3423 2359 quid
3449 2288 3576 2343 dicit

1993 2380 2070 2435 eis
2095 2381 2182 2450 qui
2227 2383 2368 2436 cives
2394 2390 2516 2436 sunt
2543 2382 2686 2436 illius
2717 2383 2897 2451 pan-ite
2937 2383 3018 2435 cui
3051 2382 3414 2450 suspiramus?
3445 2379 3578 2434 Vici-

1993 2473 2082 2526 stis
2120 2489 2250 2526 eum.
2278 2473 2342 2527 Et
2368 2473 2507 2529 unde
2537 2474 2816 2528 vicerunt?
2850 2473 2979 2542 Quia
3010 2476 3171 2540 major
3211 2484 3281 2526 est
3306 2474 3392 2545 qui
3418 2483 3487 2526 est
3525 2474 3578 2526 in

1993 2564 2128 2616 vobis
2157 2605 2169 2627 ,
2199 2581 2349 2634 quam
2389 2566 2474 2634 qui
2499 2565 2550 2617 in
2573 2566 2666 2618 hoc
2686 2565 2891 2618 mundo.
2915 2565 2990 2618 Ne
3020 2565 3290 2619 victoriam
3321 2565 3431 2618 suis
3451 2565 3576 2618 viri-

1995 2652 2092 2706 bus
2143 2655 2471 2722 tribuerent,
2503 2664 2556 2709 et
2603 2655 2901 2724 arrogantia
2932 2641 3191 2725 superbia:
3239 2657 3578 2710 vincerentur

1904 2757 1930 2762 "
1993 2747 2402 2817 (quemcmnque
2425 2747 2566 2804 enim
2587 2746 2830 2802 diabolus
2848 2748 3132 2818 snperbmn
3147 2749 3348 2814 fecerit,
3365 2748 3573 2818 vincit),

1991 2838 2177 2892 volens
2221 2854 2313 2893 eos
2360 2854 2571 2894 servare
2623 2837 3006 2903 humilitatem,
3053 2839 3174 2909 quid
3218 2841 3328 2893 ait?
3379 2838 3576 2894 Vicistis

1991 2947 2122 2984 eum.
2147 2929 2262 2985 Jam
2293 2931 2464 2986 omnis
2488 2931 2648 2985 homo
2670 2931 2760 3000 qui
2782 2931 2946 2993 audit,
2981 2930 3196 2996 Vicistis,
3221 2931 3375 3001 erigit
3395 2941 3571 3002 caput,

1991 3021 2146 3091 erigit
2174 3024 2475 3089 cervicem,
2515 3021 2714 3076 laudari
2764 3037 2822 3077 se
2862 3023 2991 3076 vult.
3027 3022 3146 3076 Noli
3192 3033 3241 3078 te
3279 3024 3533 3079 extollere
3557 3067 3572 3092 ,

1991 3112 2110 3166 vide
2131 3113 2247 3182 quis
2276 3113 2327 3166 in
2356 3123 2407 3167 te
2430 3113 2574 3167 vicit.
2605 3113 2778 3181 Quare
2805 3112 3012 3169 vicisti?
3050 3113 3183 3182 Quia
3209 3116 3372 3180 maior
3391 3125 3464 3169 est
3489 3115 3575 3185 qui

1913 3215 1946 3244 έι
1991 3213 2061 3257 est
2091 3205 2140 3257 in
2165 3205 2301 3258 vobis
2327 3247 2340 3271 ,
2371 3221 2523 3274 quam
2550 3205 2636 3274 qui
2678 3203 2731 3257 in
2769 3205 2861 3258 Itoc
2905 3204 3112 3258 mundo.
3147 3206 3272 3260 Esto
3321 3205 3534 3261 humilis
3557 3248 3573 3273 ,

1993 3305 2141 3364 porta
2190 3295 2469 3350 Dominum
2519 3305 2664 3350 tuum
2691 3311 2704 3360 ;
2735 3295 3172 3364 estojumcntum
3207 3298 3431 3351 sessoris
3478 3297 3572 3351 tui.

1992 3383 2194 3439 Bonum
2227 3385 2320 3440 tibi
2346 3393 2427 3440 est
2469 3393 2522 3440 ut
2565 3386 2676 3456 ipse
2705 3394 2883 3455 regat,
2910 3394 2963 3440 et
3001 3386 3113 3455 ipse
3153 3385 3329 3440 ducat.
3369 3384 3500 3440 Nam
3531 3387 3576 3442 si

1991 3475 2163 3546 ipsum
2187 3492 2450 3532 sessorem
2475 3493 2578 3532 non
2599 3477 2868 3545 habueris,
2887 3479 3145 3535 cervicem
3171 3481 3378 3551 erigere
3402 3491 3572 3549 potes,

1991 3571 2165 3627 calces
2207 3581 2356 3643 potes
2394 3573 2607 3628 mittere
2639 3589 2652 3625 :
2684 3571 2776 3626 sed
2804 3588 2882 3626 vm
2911 3572 3002 3626 tibi
3033 3573 3147 3627 sine
3179 3585 3419 3638 rectore;
3453 3574 3573 3645 quia

1992 3663 2206 3719 libertas
2233 3665 2331 3720 ista
2360 3666 2411 3719 in
2440 3665 2634 3720 bestias
2667 3674 2716 3719 te
2744 3664 2904 3718 mittit
2924 3664 3330 3720 comedendum.

2062 3758 2113 3811 5.
2149 3756 2220 3810 Hi
2249 3757 2310 3811 de
2339 3756 2526 3811 mundo
2569 3767 2704 3811 sunt.
2735 3757 2874 3826 Qui?
2913 3757 3243 3812 Antichristi.
3273 3757 3388 3811 Jam
3419 3757 3574 3812 audi-
3633 3823 3648 3834 ο

1992 3848 2083 3902 stis
2111 3849 2196 3918 qui
2229 3849 2352 3902 sint.
2381 3849 2448 3903 Et
2477 3847 2523 3903 si
2553 3865 2657 3903 non
2703 3849 2868 3912 estis,
2901 3849 3218 3920 cognoscitis
3255 3866 3348 3904 eos
3377 3867 3390 3902 :
3423 3851 3571 3920 quis-

1992 3941 2108 4009 quis
2134 3947 2313 3995 autem
2335 3938 2438 3994 hoc
2459 3949 2561 4006 est,
2590 3956 2693 3994 non
2716 3941 3005 4008 cognoscit.
3038 3939 3109 3994 Ili
3129 3942 3191 3994 de
3212 3942 3396 3995 mundo
3419 3953 3533 3996 sunt
3557 3959 3575 3996 :

1991 4032 2103 4086 ideo
2148 4033 2210 4086 de
2245 4033 2434 4086 mundo
2479 4034 2747 4102 loquuntur
2770 4075 2784 4099 ,
2815 4042 2861 4086 et
2888 4034 3103 4088 mundus
3149 4052 3230 4088 eos
3283 4034 3440 4088 audit.
3473 4035 3572 4104 Qui

1993 4131 2115 4176 sunt
2139 4124 2227 4193 qui
2256 4123 2322 4178 de
2352 4124 2551 4178 mundo
2581 4123 2907 4194 loquuntur?
2936 4125 3200 4180 Attenditc
3230 4127 3318 4198 qui
3345 4129 3366 4158 ³
3391 4135 3575 4182 contra

1994 4212 2325 4268 charitatcm.
2355 4216 2492 4270 Ecce
2516 4214 2738 4270 audistis
2767 4216 3048 4270 Dominum
3075 4216 3339 4272 dicentem
3363 4260 3377 4283 ,
3405 4218 3466 4273 Si
3493 4219 3574 4272 di-

1995 4306 2229 4360 miseritis
2255 4317 2456 4376 peceata
2484 4306 2766 4361 hominibus
2785 4349 2800 4374 ,
2841 4307 3052 4362 dimittet
3081 4310 3218 4363 vobis
3251 4319 3295 4363 et
3322 4308 3478 4363 Pater
3497 4328 3578 4366 ve-

1993 4406 2095 4451 ster
2133 4397 2343 4453 ctelcstis
2387 4408 2592 4468 peccata
2618 4407 2820 4453 vestra:
2848 4400 2891 4452 si
2916 4409 3080 4454 autem
3123 4418 3223 4455 non
3255 4403 3537 4456 dimiseritis
3559 4444 3576 4470 ,

1995 4505 2084 4542 nec
2103 4487 2257 4541 Pater
2280 4499 2434 4542 vester
2457 4490 2666 4542 dimittet
2691 4490 2824 4543 vobis
2851 4503 3052 4560 peccata
3072 4502 3232 4546 vestra
3257 4493 3336 4565 (Μ
3342 4495 3468 4548 att/1.
3495 4511 3573 4559 γι,

1998 4581 2065 4635 M
2087 4624 2100 4646 ,
2159 4581 2268 4650 15).
2316 4581 2586 4635 Sententia
2618 4591 2700 4636 est
2729 4581 2961 4636 veritatis
2990 4597 3005 4637 :
3036 4593 3125 4637 aut
3155 4584 3199 4638 si
3247 4601 3349 4639 non
3383 4583 3578 4639 veritas

1995 4674 2247 4743 loquitur,
2263 4673 2552 4727 contradic.
2574 4672 2628 4728 Si
2646 4671 2966 4728 christianus
2986 4691 3064 4741 es,
3082 4685 3134 4730 et
3154 4674 3326 4730 credis
3342 4676 3574 4742 Christo,

1998 4765 2109 4834 ipse
2138 4765 2305 4830 dixit,
2339 4761 2450 4834 Ego
2473 4780 2582 4816 sum
2613 4765 2792 4817 veritas
2823 4763 2997 4836 (Joan.
3031 4783 3116 4820 xw
3140 4809 3153 4830 ,
3187 4766 3262 4838 6).
3306 4766 3576 4822 Sententia

2000 4858 2096 4912 ista
2122 4871 2244 4910 vera
2267 4864 2376 4919 est,
2414 4855 2562 4909 lirma
2591 4864 2688 4910 est.
2716 4855 2830 4910 Jam
2857 4857 2976 4911 audi
3018 4858 3258 4911 homines
3285 4856 3352 4912 dc
3379 4857 3577 4913 mundo

1998 4950 2293 5019 loquentes.
2337 4946 2403 5000 Et
2433 4961 2534 5001 non
2579 4955 2627 5001 te
2651 4947 3012 5002 vindicaturus
3041 4965 3096 5003 es
3119 4989 3131 5013 ,
3160 4958 3212 5002 et
3235 4949 3475 5004 dicturus
3499 4957 3582 5004 est

2001 5041 2088 5095 ille
2114 5041 2234 5110 quia
2266 5039 2383 5092 fecit
2413 5038 2543 5091 tibi?
2568 5037 2680 5092 lmo
2703 5042 2898 5094 sentias
2919 5041 3039 5110 quia
3067 5057 3185 5094 cum
3219 5042 3332 5096 viro
3357 5041 3516 5097 habet
3536 5042 3580 5100 ³.

1999 5130 2244 5198 Quotidie
2272 5129 2519 5183 dicuntur
2547 5129 2664 5183 ista.
2710 5130 2784 5184 De
2813 5131 3008 5185 mundo
3038 5132 3323 5202 loquuntur
3351 5133 3440 5204 qui
3482 5134 3581 5188 ista

1999 5223 2215 5286 dicunt;
2251 5229 2304 5276 et
2329 5221 2557 5276 mundus
2583 5238 2674 5277 eos
2703 5222 2868 5277 audit.
2891 5222 2999 5278 Nec
3025 5223 3208 5278 dicunt
3239 5224 3338 5280 ista
3366 5225 3468 5282 nisi
3492 5228 3581 5297 qui

1999 5311 2223 5383 diligunt
2254 5313 2544 5379 mundum;
2577 5328 2747 5384 neque
2791 5315 3072 5369 audiuntur
3112 5315 3209 5370 ista
3247 5316 3350 5371 nisi
3391 5317 3460 5372 ab
3499 5317 3585 5375 his

1998 5410 2085 5480 qui
2115 5408 2338 5478 diligunt
2379 5407 2652 5461 mundum.
2684 5407 2746 5462 Et
2773 5409 2859 5478 qui
2886 5408 3054 5480 diligit
3081 5410 3370 5479 mundum,
3402 5421 3456 5468 et
3483 5429 3582 5469 ne-

1998 5501 2144 5572 gligit
2172 5501 2482 5556 charitatem
2507 5541 2522 5564 ,
2555 5501 2775 5554 audistis
2795 5502 2914 5571 quia
2943 5512 3100 5574 negat
3133 5504 3315 5562 Jesum
3342 5506 3396 5562 in
3419 5523 3581 5564 carne

1998 5592 2229 5647 venisse.
2262 5596 2367 5646 Aut
2390 5593 2432 5645 si
2458 5591 2580 5646 fecit
2605 5592 2729 5644 illud
2764 5593 2812 5646 in
2847 5609 3006 5650 carne
3045 5595 3159 5664 ipse
3202 5598 3498 5656 Dominus?
3525 5599 3582 5656 Si

2065 5705 2080 5772 ξ
2107 5710 2180 5772 Er.
2213 5705 2361 5772 _Lugd.
2389 5712 2503 5754 ven.
2531 5711 2658 5772 bow,
2684 5703 3057 5772 Quiane/raritate
3075 5706 3147 5772 ﬁt.
3214 5717 3271 5772 Μ.

2061 5767 2085 5844 ξ
2106 5768 2176 5844 sic
2197 5765 2495 5844 dtto‘alss.‘At
2517 5766 2595 5844 alii
2621 5781 2726 5815 cum
2753 5768 2894 5844 editis
2916 5765 3157 5832 omittunt,
3183 5771 3282 5844 qui.

2005 5829 2086 5939 ωδ
2109 5835 2203 5939 Eri,
2231 5841 2331 5937 rest
2356 5828 2508 5878 habet.
2534 5836 2639 5878 Lov.
2667 5834 2883 5890 vet-litua,
2916 5849 3033 5895 rem,
3061 5828 3153 5886 non
3187 5828 3234 5885 in
3258 5842 3364 5888 IIS.
3393 5837 3493 5903 legi
3515 5845 3576 5889 ato

2062 5903 2172 5938 man
2198 5927 2206 5936 .
2319 5928 2326 5937 .

2062 5903 2206 5938 1113111..
2278 5903 2326 5937 ιι.
