4028 6484
479 368 614 427 205i

484 500 606 542 cum
639 480 1071 556 expalmaretur,
1117 475 1282 533 voluit
1327 491 1387 532 se
1431 471 1725 530 vindicari?
1769 471 1825 529 Si
1855 487 1974 528 cum
2019 471 2072 526 in

481 591 640 636 cruce
669 574 958 647 penderet,
987 587 1094 628 non
1134 570 1306 638 dixit,
1349 567 1526 633 Pater,
1557 568 1759 638 ignosce
1789 565 1892 621 illis
1915 608 1929 634 ,
1956 566 2074 636 quia

482 671 710 727 nesciunt
736 667 859 742 quid
898 665 1092 739 faciunt
1125 662 1273 736 (Luc.
1306 676 1432 716 xxm
1456 701 1472 728 ,
1506 661 1620 731 54).
1668 659 1724 715 Si
1761 669 1939 715 autem
1967 676 2072 715 non

483 763 781 819 minabatur
809 761 897 832 qui
927 766 1243 831 potestatem
1283 755 1548 820 habebat;
1574 762 1628 808 tu
1653 753 1779 824 quid
1810 753 2028 808 minaris
2053 795 2068 820 ,

482 853 604 924 quid
630 851 845 910 sufflas‘
872 851 922 906 in
957 857 1218 920 potestate
1247 847 1420 903 aliena
1448 845 1806 902 constitutus?
1831 844 1923 900 Ille
1950 845 2071 914 quia

477 947 646 1001 voluit
706 954 948 1000 mortuus
1011 951 1140 1007 est,
1193 949 1248 995 et
1292 955 1397 995 non
1431 938 1765 1002 minabatur;
1813 946 1867 993 tu
1898 939 2073 993 nescis

481 1037 696 1108 quando
717 1035 980 1101 morieris,
1001 1042 1053 1089 et
1085 1031 1349 1089 minaris?

547 1130 604 1185 4.
647 1127 761 1182 Nos
801 1143 864 1182 ea:
902 1125 1011 1180 Deo
1039 1141 1232 1180 sumus.
1264 1122 1550 1178 Videamus
1579 1136 1743 1193 quare
1776 1138 1789 1174 :
1819 1120 1994 1176 videte
2025 1120 2070 1176 si

476 1230 698 1294 prepter
733 1219 876 1275 aliud
905 1233 1064 1289 quam
1110 1224 1328 1288 propter
1371 1215 1706 1271 charitatem.
1737 1211 1849 1267 Nos
1878 1229 1940 1266 ea:
1962 1211 2070 1266 Deo

475 1330 666 1370 sumus.
700 1313 800 1380 Qui
821 1312 956 1366 novit
989 1311 1170 1376 Deum,
1188 1310 1329 1364 audit
1350 1326 1441 1363 nos
1469 1325 1488 1362 :
1512 1309 1598 1379 qui
1626 1323 1726 1361 non
1753 1307 1824 1360 est
1852 1322 1914 1360 ea:
1939 1303 2067 1371 Deo,
2103 1321 2108 1332 '

475 1424 577 1463 non
602 1422 694 1461 nos
730 1406 888 1459 audit.
925 1403 1008 1457 Ea:
1034 1404 1128 1457 hoc
1153 1403 1500 1473 cognoscimus
1525 1403 1757 1471 spiritum
1783 1399 2000 1453 veritatis
2023 1408 2070 1453 et

475 1499 680 1554 erroris.
709 1495 841 1566 Quia
867 1496 956 1566 qui
985 1495 1132 1550 audit
1153 1509 1251 1549 nos
1276 1535 1290 1558 ,
1323 1495 1566 1564 spiritum
1595 1492 1754 1548 habet
1781 1491 2020 1547 veritatis
2051 1508 2064 1544 :

474 1591 566 1661 qui
598 1606 703 1645 non
725 1588 872 1643 audit
909 1603 1006 1642 nos
1026 1629 1040 1654 ,
1069 1587 1315 1657 Spiritum
1347 1585 1505 1640 habet
1534 1585 1752 1639 erroris.
1783 1582 2070 1637 Videamus

474 1682 604 1753 quid
633 1690 817 1737 monet
841 1723 855 1748 ,
885 1689 938 1735 et
965 1679 1244 1733 audiamus
1270 1693 1390 1732 eum
1422 1677 1594 1747 potius
1624 1676 1674 1730 in
1715 1675 1904 1744 spiritu
1932 1675 2071 1728 veri-

475 1773 601 1828 tatis
657 1779 1002 1836 monentem;
1061 1785 1166 1823 non
1214 1767 1594 1832 antichristus,
1648 1782 1753 1820 non
1803 1774 2072 1821 amatores

474 1865 697 1934 mundi,
724 1880 828 1920 non
859 1863 1115 1918 mundum
1147 1879 1159 1915 :
1191 1861 1235 1916 si
1273 1877 1338 1916 ex
1366 1861 1474 1915 Deo
1502 1860 1610 1914 nati
1655 1874 1841 1915 sumus
1864 1900 1879 1926 ,
1922 1857 2070 1914 Dile-

476 1959 714 2025 ctissimi,
746 1960 982 2028 sequitur
1011 1971 1189 2028 supra,
1217 1955 1395 2010 videte
1415 1953 1540 2024 quid
1574 1970 1586 2006 :
1615 1951 1726 2007 Nos
1752 1969 1814 2006 ea:
1842 1950 1953 2006 Deo
1980 1967 2070 2004 su-

474 2070 606 2107 mus.
639 2052 740 2120 Qui
769 2053 906 2106 novit
930 2051 1097 2104 Deum
1116 2091 1130 2118 ,
1163 2049 1307 2102 audit
1336 2064 1427 2102 nos
1452 2062 1470 2101 :
1495 2047 1580 2116 qui
1609 2063 1709 2100 non
1739 2054 1810 2101 est
1852 2061 1916 2100 ex
1939 2044 2068 2112 Deo,

474 2162 578 2200 non
612 2162 704 2200 nos
740 2144 901 2198 audit.
929 2142 1012 2196 Ea:
1037 2142 1131 2195 hoc
1170 2141 1490 2212 cognoscitur
1526 2138 1736 2208 spiritus
1775 2138 1995 2192 veritatis
2024 2144 2072 2190 et

474 2237 680 2290 erroris.
711 2234 826 2289 Jam
872 2247 1000 2304 ergo
1050 2231 1283 2285 intentos
1328 2243 1426 2283 nos
1456 2228 1581 2284 fecit
1611 2245 1625 2282 :
1656 2227 1777 2298 quia
1805 2227 1896 2297 qui
1926 2226 2074 2281 novit
2100 2243 2114 2276 ξ

475 2327 668 2391 Deum,
696 2327 810 2397 ipse
835 2325 1018 2390 audit;
1051 2324 1140 2394 qui
1171 2331 1348 2397 autem
1378 2336 1484 2376 non
1516 2320 1700 2387 novit,
1730 2334 1836 2374 non
1879 2318 2026 2373 audit
2055 2336 2067 2370 :

477 2429 534 2475 et
574 2419 688 2474 haec
727 2417 982 2473 discretio
1007 2423 1090 2471 est
1128 2389 1345 2484 spii-itus
1374 2413 1614 2468 veritatis
1641 2421 1696 2466 et
1734 2411 1954 2466 erroris.
1982 2409 2072 2466 Vi-

476 2511 700 2565 deamus
726 2508 851 2580 quid
880 2508 1178 2562 moniturus
1222 2515 1304 2561 est
1327 2547 1343 2572 ,
1372 2505 1426 2559 in
1451 2520 1558 2575 quo
1586 2505 1731 2558 illum
1758 2503 1944 2558 audire
1973 2502 2072 2558 de—

474 2603 716 2660 beamus.
743 2601 1070 2656 Dilectissimi
1091 2641 1105 2663 ,
1143 2599 1415 2670 diligamus
1439 2597 1670 2650 invicem.
1705 2595 1923 2664 Quare?
1950 2595 2072 2665 quia

475 2697 639 2753 homo
666 2696 888 2753 monet?
918 2695 1051 2758 Quia
1077 2692 1278 2748 dilectio
1317 2708 1378 2746 ex
1409 2689 1517 2745 Deo
1545 2698 1636 2745 est.
1661 2688 1894 2743 Multum
1920 2703 2070 2743 com-

476 2793 748 2849 meudavit
766 2791 1130 2853 dilectionem,
1163 2788 1284 2857 quia
1310 2786 1444 2840 dixit
1475 2802 1537 2840 ea:
1563 2784 1673 2838 Deo
1699 2793 1770 2838 est
1799 2801 1816 2836 :
1846 2783 1964 2852 plus
1986 2781 2070 2836 di-

475 2894 657 2939 cturus
683 2891 802 2945 est,
835 2881 1035 2935 intente
1055 2877 1353 2932 audiamus.
1383 2874 1537 2930 Modo
1567 2873 1698 2928 dixit
1723 2915 1738 2940 ,
1769 2871 1986 2926 Dilectio
2011 2886 2074 2924 ea:

474 2975 586 3030 Deo
609 2984 683 3030 est
710 2989 729 3029 :
759 2983 805 3028 et
833 2973 995 3028 omnis
1018 2971 1104 3042 qui
1129 2970 1294 3040 diligit
1318 3010 1332 3035 ,
1367 2985 1428 3023 ea:
1449 2967 1557 3022 Deo
1583 2977 1730 3021 natus
1755 2974 1827 3021 est
1852 3007 1866 3033 ,
1899 2974 1946 3020 et
1987 2981 2075 3018 co-

473 3068 646 3139 gnouit
674 3065 853 3120 Deum.
885 3065 985 3132 Qui
1011 3080 1112 3118 non
1140 3063 1326 3133 diligit,
1355 3077 1455 3115 non
1482 3061 1615 3115 novit
1645 3058 1829 3114 Deunt.
1858 3058 2072 3128 Quare?

479 3160 615 3229 Quia
640 3158 778 3214 Deus
806 3157 1004 3212 dilectio
1046 3165 1137 3210 est.
1169 3155 1306 3224 Quid
1336 3154 1564 3224 amplius
1596 3153 1699 3208 dici
1722 3154 1927 3223 potuit,
1974 3151 2074 3206 fra-

477 3254 626 3310 tres?
656 3254 713 3308 Si
744 3251 873 3308 nihil
893 3251 960 3307 de
986 3251 1140 3306 laude
1159 3247 1461 3305 dilectionis
1482 3247 1748 3302 diceretur
1767 3262 1860 3317 per
1885 3258 2072 3302 omnes

475 3347 608 3402 istas
631 3347 852 3418 paginas
878 3344 1036 3415 hujus
1065 3343 1338 3414 Epistolae,
1367 3342 1413 3396 si
1438 3340 1570 3395 nihil
1599 3340 1818 3395 omnino
1844 3356 1944 3409 per
1967 3354 2072 3394 cae-

477 3447 620 3494 teras
643 3439 864 3510 paginas
907 3437 1304 3507 Scripturarum
1325 3475 1341 3502 ,
1370 3443 1424 3488 et
1450 3432 1552 3488 hoc
1580 3434 1752 3488 solum
1779 3448 1943 3487 unum
1972 3447 2070 3486 au—

473 3533 710 3590 diremus
735 3532 806 3588 de
824 3547 954 3588 voce
993 3530 1224 3603 Spiritus
1247 3527 1364 3596 Dei,
1397 3527 1530 3595 Quia
1571 3525 1708 3582 Deus
1733 3526 1933 3582 dilectio
1961 3533 2072 3591 est;

476 3625 607 3680 nihil
633 3624 860 3695 amplius
889 3637 1132 3696 quaerere
1159 3620 1497 3676 deberemus.

544 3716 600 3771 5.
639 3715 759 3771 lam
780 3715 958 3772 videte
990 3715 1110 3784 quia
1135 3712 1314 3768 facere
1357 3719 1541 3766 contra
1567 3709 1932 3775 dilectionem,
1987 3708 2070 3764 fa-

407 3833 426 3850 -
474 3822 598 3864 cere
612 3816 798 3862 contra
817 3806 983 3862 Deum
1007 3815 1108 3860 est.
1131 3805 1300 3860 Nemo
1320 3803 1464 3858 dicat
1483 3821 1496 3857 :
1515 3802 1571 3857 ln
1589 3802 1859 3857 hominem
1883 3815 2067 3872 pecco,

473 3903 688 3974 quando
714 3918 822 3958 non
845 3902 1008 3972 diligo
1033 3900 1253 3956 fratrem
1275 3913 1455 3954 meum
1478 3895 1806 3967 (intendite);
1839 3902 1892 3949 et
1915 3892 2072 3949 facile

475 4002 559 4047 est
587 4001 866 4062 peccatum
892 3993 943 4045 in
973 3991 1265 4056 hominem,
1297 3990 1351 4044 in
1385 3989 1554 4043 Deum
1599 3987 1772 4041 Solum
1823 4000 1928 4040 non
1955 3998 2072 4054 pec-

475 4099 616 4138 cem.
659 4083 939 4152 Quomodo
961 4099 1065 4138 non
1095 4096 1285 4153 peccas
1311 4081 1363 4134 in
1394 4080 1584 4143 Deum,
1611 4076 1823 4153 quando
1863 4077 1914 4129 in
1937 4075 2069 4130 dile-

475 4173 708 4228 ctionem
731 4175 959 4244 peccas?
1003 4173 1146 4227 Deus
1173 4171 1374 4225 dilectio
1402 4180 1493 4224 est.
1533 4167 1797 4238 Numquid
1843 4181 1939 4222 nos
1990 4165 2072 4220 di-

479 4263 684 4319 cimus?
735 4264 789 4318 Si
847 4279 945 4317 nos
983 4263 1306 4325 diceremus,
1360 4259 1498 4314 Deus
1519 4259 1720 4313 dilectio
1775 4268 1880 4321 est;
1933 4257 2071 4312 forte

480 4355 933 4411 scandalizaretur
979 4355 1172 4424 aliquis
1231 4368 1295 4408 ex
1339 4351 1512 4418 vobis,
1562 4359 1616 4406 et
1659 4349 1880 4406 diceret.
1932 4349 2070 4418 Quid

478 4449 644 4503 dixit?
670 4448 798 4520 quid
830 4448 997 4503 voluit
1019 4447 1224 4512 dicere,
1248 4442 1371 4516 quia
1391 4443 1529 4498 Deus
1552 4443 1750 4498 dilectio
1773 4442 1885 4497 est?
1913 4441 2071 4496 Dedit

475 4540 814 4596 dilectionem
849 4539 1009 4603 Deus,
1055 4538 1273 4593 donavit
1296 4537 1433 4592 Deus
1463 4535 1827 4590 dilectionem.
1856 4533 1940 4588 Ea:
1960 4532 2068 4588 Deo

475 4641 547 4686 est
573 4631 818 4686 dilectio:
844 4629 981 4685 Deus
1027 4629 1228 4684 dilectio
1271 4637 1360 4684 est.
1398 4627 1537 4682 Ecce
1567 4626 1796 4690 habetis,
1855 4627 2065 4690 fratres,

477 4727 779 4796 Scripturas
829 4725 921 4780 Dei
957 4743 970 4779 :
1003 4724 1259 4780 canonica
1313 4731 1396 4777 est
1462 4720 1562 4775 ista
1624 4719 1895 4789 Epistola;
1973 4732 2070 4787 per

475 4833 664 4874 omnes
685 4828 872 4888 gentes
901 4817 1174 4882 recitatur,
1218 4814 1366 4869 orbis
1397 4823 1555 4867 terra:
1581 4811 1898 4866 auctoritate
1937 4810 2071 4864 reti-

479 4922 655 4980 netur,
684 4912 872 4968 orbem
904 4919 1166 4966 terrarum
1199 4909 1313 4978 ipsa
1346 4906 1646 4962 sedilicavit.
1682 4906 1849 4960 Audis
1872 4905 1959 4959 hic
2000 4904 2070 4960 ab

474 5005 674 5075 Spiritu
701 5003 818 5067 Dei,
849 5002 987 5057 Deus
1017 5002 1220 5056 dilectio
1250 5009 1341 5055 est.
1385 4999 1501 5054 Jam
1529 5000 1574 5054 si
1605 4999 1793 5062 audes,
1824 4999 1905 5053 fac
1945 5012 2070 5054 con-

480 5112 557 5151 tra
585 5096 779 5162 Deum,
803 5105 860 5150 et
879 5094 986 5149 noli
1007 5093 1230 5163 diligere
1257 5090 1476 5146 fratrem
1500 5099 1670 5145 tuum.

548 5189 600 5244 6.
645 5188 925 5257 Quomodo
950 5203 1078 5258 ergo
1116 5185 1451 5256 jamdudum,
1494 5183 1711 5238 Dilectio
1739 5200 1802 5238 ea:
1823 5181 1929 5237 Deo
1957 5192 2070 5249 est;

477 5289 532 5336 et
561 5280 740 5346 modo,
763 5279 976 5334 Dilectio
1027 5277 1164 5332 Deus
1198 5277 1306 5331 est?
1336 5277 1431 5331 Est
1471 5275 1613 5331 enim
1644 5276 1782 5330 Deus
1828 5275 1986 5330 Pater
2015 5284 2070 5331 et

481 5373 649 5430 Filius
670 5383 726 5429 et
746 5373 976 5443 Spiritus
998 5379 1213 5426 sanctus
1239 5389 1251 5424 :
1273 5370 1459 5436 Filius,
1485 5368 1624 5423 Deus
1653 5383 1718 5422 ex
1742 5368 1874 5434 Deo;
1895 5366 2070 5437 Spiri-

481 5477 567 5523 tus
595 5478 830 5528 sanctus,
856 5468 998 5522 Deus
1043 5482 1109 5523 ex
1137 5466 1277 5531 Deo;
1308 5473 1361 5518 et
1387 5463 1440 5517 hi
1473 5472 1578 5517 tres
1602 5476 1736 5516 unus
1768 5461 1934 5527 Deus,
1963 5477 2068 5516 non

485 5570 595 5617 tres
619 5561 713 5616 dii.
736 5561 792 5616 Si
823 5561 991 5616 Filius
1017 5561 1180 5624 Deus,
1211 5566 1266 5612 et
1309 5557 1537 5626 Spiritus
1568 5565 1782 5611 sanctus
1814 5553 1980 5621 Deus,
2017 5563 2074 5609 et

481 5653 574 5709 tlle
599 5653 770 5725 diligit
791 5654 846 5707 in
886 5668 992 5722 quo
1013 5653 1215 5708 habitat
1242 5648 1475 5722 Spiritus
1520 5657 1734 5704 sanctus
1768 5665 1778 5700 :
1810 5661 1939 5716 ergo
1987 5647 2072 5701 di-

485 5742 645 5800 lectio
673 5745 819 5802 Deus
863 5752 974 5811 est;
1025 5744 1119 5800 sed
1161 5743 1306 5798 Deus
1327 5743 1449 5812 quia
1497 5757 1560 5796 ex
1601 5740 1733 5795 Deo.
1778 5740 2072 5802 Utrumque

546 5857 565 5890 ⁸
588 5862 720 5916 ων..
988 5861 1041 5907 At
1063 5863 1169 5908 uss.
1188 5867 1300 5906 cum
1323 5862 1417 5904 Am.
1439 5859 1492 5904 et
1518 5859 1616 5918 Er.,
1639 5851 1817 5918 sumas.
1885 5915 1894 5920 ε

1225 359 1293 417 ιΝ
1330 355 1712 416 EPISTOLAM
1746 353 2024 413 JOANNIS
2047 352 2141 412 AD
2176 352 2513 424 PARTHOS,
2551 351 2610 410 S.
2649 351 3017 412 AUGUSTINI

3624 345 3767 402 2052

2181 472 2322 528 enim
2351 471 2516 528 habes
2536 470 2588 526 in
2622 471 2886 542 Epistola;
2935 480 3008 536 et,
3042 465 3254 522 Dilectio
3301 481 3366 521 ex
3408 463 3518 520 Deo
3569 471 3661 530 est,
3689 470 3764 530 et,

2178 562 2392 618 Dilectio
2417 562 2556 619 Deus
2581 572 2674 618 est.
2708 564 2785 618 De
2813 563 2928 618 solo
2957 562 3115 617 Patre
3152 559 3427 631 Scriptura
3469 573 3580 614 non
3619 559 3768 616 novit

2177 657 2356 714 dicere
2402 657 2524 729 quia
2574 672 2644 713 ex
2689 657 2803 713 Deo
2829 666 2930 712 est.
2954 655 3087 711 Cum
3126 665 3304 711 autem
3330 653 3505 722 audis,
3532 670 3597 710 ea:
3621 652 3766 722 Deo;

2177 761 2270 806 aut
2295 751 2462 806 Filius
2484 750 2816 822 intelligitur,
2843 758 2934 804 aut
2957 748 3185 821 Spiritus
3213 755 3449 803 sanctus.
3478 746 3614 816 Quia
3637 761 3767 803 vero

2178 843 2311 898 dicit
2359 843 2676 914 Apostolus,
2706 843 2939 898 Charitas
2979 841 3075 896 Dei
3107 839 3295 909 diffusa
3338 849 3411 896 est
3455 840 3512 894 in
3531 838 3768 896 cordibus

2176 935 2360 990 nostris
2411 953 2500 1006 per
2555 935 2808 1008 Spiritum
2868 943 3101 990 sanctum
3142 935 3228 1004 qui
3274 934 3426 989 datus
3469 941 3542 988 est
3599 932 3764 988 nobis.

2180 1024 2376 1097 (Rom.
2405 1043 2460 1094 v,
2489 1025 2589 1100 5);
2641 1028 2995 1099 intelligamus
3044 1027 3099 1082 in
3164 1025 3453 1082 dilectione
3505 1025 3766 1096 Spiritum

2176 1128 2419 1175 sanctum
2445 1135 2585 1176 esse.
2612 1121 2727 1190 Ipse
2754 1131 2836 1176 est
2873 1121 3016 1176 enim
3043 1119 3275 1190 Spiritus
3322 1127 3558 1187 sanctus,
3605 1133 3766 1188 quem

2175 1225 2282 1265 non
2304 1221 2528 1280 possunt
2550 1213 2798 1282 accipere
2828 1213 2986 1278 mali;
3017 1212 3132 1281 ipse
3181 1219 3264 1266 est
3293 1211 3381 1266 ille
3404 1210 3522 1266 fons
3561 1210 3632 1266 de
3658 1225 3768 1282 quo

2175 1301 2304 1358 dicit
2327 1303 2618 1373 Scriptura,
2674 1303 2816 1360 Fons
2846 1320 2994 1374 aqua:
3041 1314 3143 1359 tua:
3188 1305 3254 1358 sit
3297 1303 3384 1358 tibi
3413 1304 3670 1375 proprius,
3719 1311 3769 1358 et

2175 1411 2321 1449 nemo
2366 1396 2562 1452 alienus
2621 1397 2949 1451 communicet
2994 1396 3080 1450 tibi
3131 1395 3335 1467 (Prov.
3383 1411 3440 1463 v,
3487 1395 3675 1460 16,17
3718 1393 3765 1467 ).

2175 1486 2374 1545 Omnes
2393 1491 2536 1546 enim
2567 1490 2655 1562 qui
2677 1506 2782 1546 non
2810 1490 3032 1561 diligunt
3063 1489 3252 1557 Deum,
3280 1489 3441 1545 alieni
3466 1499 3610 1555 sunt,
3633 1489 3768 1544 anti-

2177 1581 2365 1636 christi
2390 1592 2532 1637 sunt.
2562 1582 2632 1638 Et
2657 1583 2902 1654 quamvis
2941 1583 3141 1638 intrent
3164 1581 3434 1646 basilicas,
3483 1595 3587 1636 non
3634 1594 3768 1652 pos-

2175 1685 2302 1730 sunt
2320 1677 2587 1732 numerari
2631 1677 2770 1732 inter
2807 1675 2945 1731 filios
2989 1676 3118 1741 Dei;
3151 1691 3257 1730 non
3287 1675 3353 1729 ad
3383 1675 3503 1730 illos
3529 1675 3771 1744 pertinet

2175 1767 2294 1824 fons
2314 1769 2403 1824 ille
2432 1770 2574 1824 vitae.
2623 1770 2830 1824 Habere
2873 1769 3206 1839 Baptismum
3258 1777 3314 1824 et
3353 1767 3524 1825 malus
3555 1775 3767 1838 potest;

2177 1859 2375 1916 habere
2402 1859 2735 1931 prophetiam
2767 1868 2821 1916 et
2847 1861 3020 1915 malus
3065 1868 3257 1930 potest.
3291 1859 3593 1916 Invenimus
3639 1859 3772 1914 Saft-

2178 1953 2282 2008 lem
2359 1968 2540 2024 regem
2599 1953 2850 2010 habuisse
2925 1953 3264 2024 pr0phctiam
3299 1971 3312 2004 :
3343 1953 3771 2023 persequebatur

2177 2055 2415 2102 sanctum
2445 2045 2630 2111 David,
2664 2055 2718 2102 et
2749 2047 2999 2116 impletus
3015 2055 3100 2102 est
3125 2045 3325 2116 Spiritu
3355 2045 3679 2115 pr0phetire,
3711 2052 3771 2099 et

2178 2139 2496 2210 prophetare
2525 2137 2726 2212 coapit(
2749 2139 2769 2193 l
2795 2137 2923 2209 Reg.
2953 2154 3040 2192 xu
3071 2137 3112 2208 ).
3141 2137 3402 2208 Accipere
3453 2136 3774 2191 Sacramen-

2134 2275 2138 2277 .
2179 2241 2287 2286 tum
2309 2233 2549 2302 corporis
2577 2241 2632 2287 et
2683 2232 2956 2302 sanguinis
2993 2232 3201 2287 Domini
3239 2240 3291 2286 et
3318 2231 3488 2286 malus
3539 2238 3720 2300 potest
3755 2246 3769 2283 :

2178 2339 2299 2378 nam
2329 2324 2397 2379 de.
2427 2324 2616 2379 talibus
2647 2323 2846 2379 dictum
2877 2323 2981 2389 est,
3015 2324 3116 2391 Qui
3142 2323 3414 2376 manducat
3439 2332 3486 2376 et
3515 2322 3634 2376 bibit
3684 2323 3774 2376 in-

2177 2415 2343 2486 digne,
2369 2414 2625 2486 judicium
2652 2415 2746 2468 sibi
2771 2415 3042 2469 manducat
3069 2425 3114 2468 et
3141 2413 3259 2468 bibit
3294 2414 3312 2484 (
3339 2413 3357 2468 l
3382 2413 3499 2469 Cor.
3530 2429 3603 2479 XI,
3626 2411 3698 2467 29
3727 2411 3772 2484 ).

2178 2505 2384 2561 Habere
2413 2521 2607 2561 nomen
2633 2505 2830 2561 Christi
2857 2515 2910 2561 et
2953 2507 3123 2560 malus
3165 2514 3375 2575 potest;
3408 2504 3460 2559 id
3480 2513 3581 2567 est,
3615 2503 3769 2558 chri-

2176 2598 2380 2652 stiauus
2403 2598 2582 2653 vocari
2605 2607 2659 2654 et
2688 2599 2858 2652 malus
2889 2607 3100 2668 potest:
3131 2598 3199 2654 de
3221 2599 3413 2670 quibus
3441 2597 3639 2652 dictum
3661 2603 3771 2659 est,

2183 2690 2488 2746 Polluebant
2531 2709 2711 2746 nomen
2740 2691 2839 2747 Dei
2872 2693 2950 2746 sui
2979 2691 3211 2762 (Ezech.
3249 2708 3428 2756 xxxvi,
3451 2691 3521 2746 20
3542 2691 3584 2763 ).
3631 2691 3778 2761 Ergo

2179 2781 2376 2838 habere
2404 2793 2738 2839 sacramenta
2793 2784 2892 2839 ista
2919 2785 3097 2838 omnia
3136 2794 3192 2840 et
3241 2785 3410 2838 malus
3433 2792 3634 2854 potest;
3677 2782 3782 2836 hav

2176 2877 2305 2932 bere
2333 2886 2512 2931 autem
2560 2875 2894 2942 charitatem,
2937 2885 2993 2932 et
3042 2877 3214 2931 malus
3261 2891 3398 2940 esse,
3433 2891 3540 2930 non
3570 2883 3776 2946 potest.

2177 2969 2289 3024 Hoc
2308 2977 2538 3040 estergo
2590 2969 2861 3039 proprium
2905 2968 3140 3035 donum;
3200 2969 3314 3038 ipse
3361 2977 3444 3023 est
3488 2967 3780 3038 singularis

2176 3049 2314 3122 fons.
2343 3066 2422 3122 Ad
2449 3066 2591 3121 hunc
2619 3064 2928 3129 bibendum,
2960 3078 3054 3120 vos
3097 3063 3342 3118 hortatur
3363 3062 3598 3133 Spiritus
3624 3061 3724 3117 Dei
3750 3078 3768 3128 ;

2175 3159 2244 3215 ad
2269 3175 2327 3214 se
2357 3157 2650 3213 bibendum
2677 3171 2774 3212 vos
2815 3155 3059 3211 hortatur
3083 3155 3312 3226 Spiritus
3343 3155 3457 3210 Dei.

2246 3252 2298 3304 7.
2341 3248 2408 3304 In
2437 3251 2531 3304 hoc
2554 3249 2874 3320 manifestata
2898 3257 2972 3304 est
2991 3247 3192 3303 dilectio
3218 3247 3313 3302 Dei
3337 3248 3390 3302 in
3417 3247 3578 3302 nobis.
3605 3246 3775 3314 Ecce,

2176 3352 2235 3398 ut
2258 3343 2542 3414 diligamus
2573 3343 2761 3411 Deum,
2795 3343 3155 3398 hortationem
3177 3342 3455 3399 habemus.
3484 3342 3783 3398 Possemus

2176 3438 2322 3492 illum
2355 3437 2598 3510 diligere,
2631 3438 2733 3494 nisi
2793 3439 2938 3509 prior
2980 3439 3068 3494 ille
3095 3439 3379 3509 diligeret?
3407 3436 3464 3494 Si
3495 3438 3628 3509 pigri
3654 3452 3782 3493 era-

2176 3545 2294 3583 mus
2319 3529 2385 3583 ad
2409 3528 2718 3595 amandum,
2750 3543 2859 3585 non
2885 3529 3051 3584 simus
3092 3529 3226 3599 pigri
3255 3529 3320 3583 ad
3367 3527 3780 3586 redamaudum.

2178 3619 2328 3674 Prior
2351 3620 2550 3675 amavit
2574 3635 2708 3686 nos;
2737 3636 2836 3676 nec
2864 3621 2940 3676 sic
2957 3635 3055 3676 nos
3095 3637 3358 3676 amamus.
3388 3620 3602 3691 lniquos
3625 3635 3785 3676 ama-

2177 3711 2268 3775 vit,
2293 3711 2387 3766 sed
2412 3711 2744 3783 iniquitatem
2793 3713 2991 3768 solvit:
3026 3713 3236 3782 iniquos
3271 3713 3490 3779 amavit,
3535 3712 3632 3767 sed
3664 3727 3779 3768 non

2175 3802 2240 3856 ad
2264 3803 2594 3872 iniquitatem
2623 3803 2983 3875 congregavit.
3017 3803 3274 3875 Egrotos
3299 3804 3523 3870 amavit,
3557 3803 3655 3860 sed
3682 3819 3779 3858 sa-

2175 3894 2380 3948 nandos
2402 3895 2652 3950 visitavit.
2685 3895 2825 3950 Deus
2851 3911 2980 3965 ergo
3007 3895 3208 3949 dilectio
3238 3905 3330 3949 est.
3357 3893 3422 3948 In
3459 3895 3554 3948 hoc
3597 3895 3778 3948 mani-

2176 3988 2358 4056 festata
2386 3997 2457 4042 est
2484 3987 2686 4042 dilectio
2708 3987 2801 4041 Dei
2827 3988 2880 4042 in
2909 3987 3070 4052 nobis,
3103 3989 3222 4058 quia
3242 3986 3432 4040 Filium
3457 4002 3604 4040 suum
3644 3985 3776 4039 uni-

2175 4079 2398 4150 genitum
2418 4079 2552 4132 misit
2588 4079 2643 4132 in
2686 4080 2818 4133 hunc
2848 4079 3115 4143 mundum,
3142 4088 3195 4132 ut
3211 4080 3433 4133 vivamus
3462 4095 3551 4148 per
3577 4077 3779 4147 ipsum.

2175 4172 2453 4239 Quomodo
2525 4173 2639 4242 ipse
2697 4173 2953 4228 Dominus
3015 4173 3109 4237 ait,
3161 4171 3413 4244 Majorem
3454 4172 3786 4227 dilectionem

2176 4282 2320 4320 nemo
2349 4275 2510 4335 potest
2536 4267 2736 4334 habere,
2764 4284 2916 4340 quam
2953 4276 3010 4321 ut
3036 4268 3262 4321 animam
3310 4285 3452 4322 sitam
3479 4276 3635 4336 ponat
3682 4281 3786 4338 pro

2175 4359 2354 4413 amicis
2381 4360 2525 4424 suis;
2556 4366 2614 4414 et
2637 4359 2710 4414 ibi
2738 4359 2957 4428 probata
2982 4366 3065 4414 est
3103 4358 3316 4414 dilectio
3341 4357 3541 4414 Christi
3567 4357 3624 4412 in
3650 4370 3783 4426 nos,

2173 4451 2295 4521 quia
2327 4460 2568 4506 mortuus
2594 4458 2680 4507 est
2709 4466 2804 4520 pro
2822 4450 2994 4506 nobis.
3029 4451 3257 4506 Dilectio
3284 4449 3455 4505 Patris
3479 4449 3620 4504 unde
3650 4463 3787 4520 pro-

2173 4545 2293 4601 bata
2321 4555 2404 4602 est
2449 4546 2504 4600 in
2563 4546 2698 4600 nos?
2742 4544 2873 4610 Quia
2910 4544 3102 4599 Filium
3162 4559 3317 4599 suum
3367 4543 3580 4598 unicum
3626 4543 3789 4598 misit

2174 4637 2312 4692 mori
2356 4652 2452 4705 pro
2499 4635 2654 4690 nobis
2681 4654 2694 4690 :
2722 4636 2797 4690 sic
2848 4644 2901 4690 et
2947 4636 3142 4690 Paulus
3185 4635 3457 4705 apostolus
3483 4635 3628 4700 dicit,
3672 4633 3789 4700 Qui

2174 4723 2314 4779 Filio
2337 4725 2542 4795 praprio
2571 4741 2671 4778 non
2694 4727 2934 4796 pepercit,
2964 4727 3052 4780 sed
3082 4743 3173 4796 pro
3195 4726 3337 4780 nobis
3355 4725 3588 4780 omnibus
3608 4725 3787 4778 tradi-

2174 4819 2246 4872 dit
2284 4834 2417 4884 eum,
2444 4819 2692 4888 quomodo
2722 4835 2823 4872 non
2870 4828 2918 4872 et
2949 4835 3063 4872 cum
3084 4818 3175 4874 illo
3205 4819 3374 4872 omnia
3407 4818 3548 4873 nobis
3567 4817 3790 4871 donavit

2179 4909 2494 4984 (Rom.v1u,
2526 4911 2671 4983 32)?
2701 4911 2840 4967 Ecce
2883 4910 3156 4967 Christum
3187 4911 3404 4968 tradidit
3430 4912 3610 4978 Pater,
3665 4919 3793 4966 tra—

2173 5004 2304 5060 didit
2325 5003 2520 5074 Judas;
2548 5003 2808 5075 numquid
2834 5019 2944 5060 non
2972 5006 3124 5076 quasi
3156 5005 3328 5060 simile
3369 5003 3566 5060 factum
3618 5002 3787 5058 vide-

2174 5098 2297 5152 tur?
2327 5095 2575 5152 Traditor
2611 5105 2694 5152 est
2747 5095 2912 5152 Judas
2947 5113 2960 5149 :
2993 5111 3121 5167 ergo
3162 5096 3384 5150 traditor
3409 5104 3492 5151 est
3529 5102 3584 5149 et
3629 5093 3793 5148 Deus

2174 5189 2368 5245 Pater?
2396 5190 2568 5257 Absit,
2597 5190 2788 5260 inquis.
2818 5188 2934 5244 Non
2979 5189 3121 5258 dico,
3153 5189 3247 5245 sed
3277 5189 3563 5258 Apostolus
3593 5185 3740 5242 dicit
3772 5206 3789 5243 :

2178 5281 2280 5349 Qui
2301 5281 2440 5336 Filio
2459 5283 2666 5354 proprio
2711 5299 2813 5337 non
2844 5286 3085 5354 pepercit,
3115 5282 3204 5338 sed
3233 5298 3328 5354 pro
3369 5282 3511 5336 nobis
3538 5280 3795 5337 omnibus

2175 5374 2380 5428 tradidit
2404 5391 2540 5430 eum.
2564 5375 2631 5429 Et
2655 5374 2812 5430 Pater
2855 5374 3006 5430 illum
3048 5373 3284 5438 tradidit,
3313 5383 3366 5427 et
3393 5374 3504 5443 ipse
3561 5388 3621 5427 se
3663 5381 3796 5428 tra-

2174 5466 2328 5522 didit.
2353 5467 2443 5522 Ait
2493 5466 2633 5524 idem
2661 5467 2934 5538 apostolus
2967 5485 2980 5521 :
3017 5468 3118 5535 Qui
3146 5484 3225 5521 me
3268 5466 3464 5534 dilexit,
3515 5476 3562 5521 et
3604 5467 3797 5522 tradi—

2176 5557 2248 5612 dit
2276 5559 2495 5629 seipsum
2538 5575 2629 5630 pro
2659 5559 2779 5630 me(
2806 5559 2975 5614 Galat.
2999 5575 3058 5623 tt,
3087 5558 3158 5614 20
3187 5560 3228 5630 ).
3262 5559 3316 5616 Si
3345 5560 3503 5615 Pater
3552 5559 3799 5616 tradidit

2175 5647 2388 5717 Filium,
2421 5658 2475 5707 et
2501 5650 2716 5706 tradidit
2760 5652 2993 5722 seipsum
3024 5650 3209 5718 Filius,
3233 5650 3396 5706 Judas
3424 5650 3552 5722 quid
3599 5651 3790 5708 fecit?

2175 5743 2334 5800 Facta
2362 5753 2444 5800 est
2468 5744 2683 5801 traditio
2731 5760 2761 5799 a
2791 5745 2967 5812 Patre,
2997 5744 3132 5801 facta
3162 5752 3246 5801 est
3275 5744 3487 5801 traditio
3517 5760 3548 5800 a
3607 5744 3786 5815 Filio,

2178 5837 2316 5894 facta
2343 5847 2426 5895 est
2456 5837 2671 5895 traditio
2697 5853 2730 5895 a
2749 5838 2922 5908 Juda;
2954 5855 3056 5896 una
3081 5853 3170 5897 res
3197 5839 3334 5896 facta
3365 5848 3448 5896 est
3480 5858 3494 5895 :
3528 5839 3625 5897 sed
3653 5858 3798 5913 qua:
