4076 6468
366 342 511 402 9035

367 478 457 519 res
483 461 740 519 discernit
765 462 974 519 Patrem
1006 461 1297 517 tradentem
1320 460 1533 528 Filium,
1580 458 1812 529 seipsum
1848 455 1941 513 Fi-

366 556 495 611 lium
524 556 839 622 tradentem,
870 564 922 609 et
945 554 1131 610 Judam
1162 555 1474 617 discipulum
1505 551 1796 606 tradentem
1823 562 1940 603 ma-

364 650 591 721 gistrum
620 650 811 703 suum?
836 649 967 715 Quia
988 648 1087 701 hoc
1109 646 1230 701 fecit
1258 648 1412 701 Pater
1442 654 1496 699 et
1525 645 1690 698 Filius
1718 647 1769 697 in
1818 643 1943 696 cha-

363 745 551 811 ritate;
582 740 707 797 fecit
735 750 911 795 autem
955 740 1055 795 hoc
1077 739 1238 794 Judas
1289 739 1341 793 in
1393 738 1705 807 proditione.
1741 735 1940 791 Videtis

1513 331 1920 395 TRACTATUS
1958 329 2067 390 VII.
2121 334 2351 395 CAPUT
2388 337 2477 397 IV.

3484 352 3623 411 2055

2050 454 2266 511 modum
2290 459 2335 512 si
2359 461 2525 518 solem
2552 464 2711 519 istum
2740 465 2919 522 videre
2943 467 3217 541 vellemus,
3246 474 3456 531 oculum
3499 491 3617 532 cct-

2049 541 2193 607 poris
2208 559 2571 617 purgaremus,
2596 552 2913 610 undevideri
2933 556 3019 611 lux
3042 568 3243 627 potest;
3271 562 3505 617 volentes
3531 564 3615 618 vi-

2048 630 2176 687 dere
2200 634 2386 703 Deum,
2405 642 2612 695 oculum
2639 660 2742 714 quo
2760 646 2895 701 Deus
2912 648 3073 702 videri
3094 658 3285 719 potest,
3304 667 3609 723 purgemus.

2048 724 2147 779 Ubi
2174 737 2254 782 est
2280 730 2377 786 iste
2410 735 2630 789 oculus?
2659 737 2789 791 Audi
2829 738 3171 812 Evangelium
3200 760 3213 796 :
3242 742 3383 797 Beati
3428 746 3615 803 mundo

359 836 487 907 quia
535 850 639 891 non
666 834 789 906 quid
818 833 977 888 faciat
1004 832 1182 899 homo,
1229 830 1666 887 considerandum
1699 839 1812 895 est;
1846 828 1923 883 seti

2045 819 2213 884 corde,
2238 823 2471 890 quoniam
2496 826 2595 893 ipsi
2619 828 2781 883 Deum
2806 831 3036 887 videbunt
3080 832 3288 903 (Matth.
3322 850 3372 900 v,
3397 835 3473 906 8).
3506 836 3614 892 Sed

360 944 470 998 quo
499 928 677 981 animo
701 935 755 982 et
793 926 1062 980 voluntate
1108 925 1281 1009 faciat.
1314 924 1373 979 In
1400 923 1587 978 eodem
1618 922 1756 977 facto
1786 922 1937 975 inve-

364 1020 544 1073 nimus
585 1019 749 1072 Deum
777 1016 1009 1083 Patrem,
1042 1018 1093 1071 in
1123 1031 1229 1085 quo
1257 1015 1551 1069 invenimus
1575 1014 1796 1078 Judam;
1839 1012 1940 1067 Pa-

361 1120 501 1165 trem
528 1110 912 1173 benedicimus,
943 1108 1129 1164 Judam
1158 1109 1501 1163 detestamur.
1525 1108 1699 1173 Quare
1726 1106 1936 1161 Patrem

357 1201 743 1268 benedicimus,
785 1197 972 1255 Iudam
993 1200 1351 1256 detestamur?
1398 1199 1762 1254 Benedicimus
1805 1198 1933 1253 cha-

357 1294 592 1360 ritatem,
622 1293 947 1349 detestamur
976 1293 1321 1362 iniquitatem.
1344 1292 1605 1361 Quantum
1632 1293 1771 1347 enim
1794 1306 1933 1360 prae-

355 1384 542 1438 stitum
569 1393 651 1438 est
686 1384 866 1453 generi
898 1384 1149 1439 'hnmano
1173 1384 1238 1438 de
1278 1384 1468 1438 tradito
1498 1382 1744 1438 Christo?
1772 1382 1936 1437 Num-

354 1475 480 1544 quid
509 1474 610 1530 hoc
643 1476 892 1545 cogitavit
923 1474 1088 1530 Judas
1113 1485 1169 1529 nt
1212 1475 1475 1530 traderet?
1500 1476 1638 1530 Deus
1685 1475 1933 1545 cogitavit

353 1567 582 1623 salutem
610 1578 843 1623 nostram
868 1583 968 1639 qua
990 1568 1249 1638 redempti
1291 1584 1507 1634 sumus;
1534 1568 1697 1623 Judas
1728 1570 1931 1639 cogita-

353 1661 428 1714 vit
456 1661 685 1731 pretium
712 1676 817 1731 quo
859 1660 1093 1715 vendidit
1124 1662 1422 1715 Dominum.
1455 1661 1619 1716 Filius
1645 1662 1757 1733 ipse
1787 1662 1931 1733 cogi-

352 1755 488 1806 tavit
517 1755 737 1820 pretium
765 1753 905 1824 quod
930 1753 1075 1809 dedit
1117 1769 1212 1823 pro
1240 1755 1426 1820 nobis;
1479 1754 1643 1809 Judas
1682 1757 1931 1826 cogitavit

351 1846 581 1915 pretium
608 1846 746 1916 quod
770 1848 975 1916 accepit
1020 1855 1078 1900 ut
1108 1848 1378 1903 venderet.
1435 1849 1650 1903 Diversa
1694 1864 1820 1919 ergo
1848 1850 1931 1904 in-

352 1939 521 1992 tentio
545 1938 753 1993 diversa
779 1938 916 1993 facta
942 1938 1084 1994 fecit.
1123 1939 1254 1994 Cum
1282 1940 1350 1993 sit
1376 1955 1474 1993 una
1506 1954 1611 2007 res,
1640 1956 1705 1994 ex
1746 1940 1924 1995 diver-

349 2032 429 2086 sis
449 2047 566 2086 cam
615 2032 991 2088 intentionibus
1017 2033 1060 2087 si
1085 2033 1386 2100 metiamur,
1416 2049 1589 2088 unum
1615 2033 1921 2103 amandum,

348 2123 577 2177 alterum
615 2122 1004 2188 damnandum;
1032 2139 1195 2178 unum
1234 2122 1651 2193 gloriﬁcandum,
1697 2126 1935 2181 alterum

345 2214 715 2270 detestandum
759 2214 1073 2270 invenimus.
1119 2214 1343 2269 Tantum
1386 2216 1527 2271 valet
1554 2217 1802 2272 charitas.
1833 2217 1923 2272 Vi-

346 2305 471 2361 dete
493 2306 614 2375 quia
640 2306 749 2359 sola
780 2306 1050 2374 discernit,
1075 2306 1248 2363 videte
1288 2308 1412 2379 quia
1463 2307 1600 2364 facta
1646 2309 1919 2365 hominum

345 2396 458 2449 sola
489 2396 776 2465 distinguit.

418 2484 471 2541 8.
515 2486 625 2541 Hoc
651 2486 877 2542 diximus
906 2489 961 2542 in
995 2487 1251 2543 similibus
1276 2487 1445 2543 factis.
1494 2489 1552 2543 In
1585 2489 1811 2545 diversis
1840 2490 1919 2546 fa-

350 2578 470 2641 ctis,
504 2579 796 2634 invenimus
812 2582 1114 2636 smvientem
1140 2581 1405 2636 hominem
1436 2580 1627 2637 factum
1654 2582 1721 2659 de
1740 2583 1915 2637 chari-

344 2679 482 2734 tate;
512 2680 563 2725 et
586 2671 831 2727 blandum
859 2674 1049 2728 factum
1078 2674 1144 2729 de
1184 2674 1476 2744 iniquitate.
1509 2674 1735 2730 Puerum
1762 2676 1916 2732 caedit

342 2774 514 2835 pater,
559 2775 612 2821 et
665 2782 856 2837 mango
894 2767 1178 2822 blanditur.
1213 2768 1269 2823 Si
1315 2769 1445 2823 duas
1497 2784 1583 2823 res
1624 2784 1911 2840 proponas,

341 2857 524 2927 plagas
545 2866 600 2911 et
627 2857 1019 2925 blandimenta;
1054 2859 1171 2930 quis
1219 2875 1323 2913 non
1370 2860 1529 2930 eligat
1582 2861 1916 2917 blandimen-

341 2958 415 3016 ta,
465 2960 519 3005 et
553 2950 719 3020 fugiat
744 2953 956 3021 plagas?
981 2953 1038 3008 Si
1080 2968 1333 3023 personas
1362 2954 1635 3020 attendas,
1686 2956 1914 3011 charitas

340 3043 516 3107 credit,
550 3044 815 3100 blanditur
847 3047 1115 3117 iniquitas.
1162 3046 1351 3104 Videte
1399 3049 1524 3119 quid
1566 3050 1911 3107 commenda-

338 3153 478 3201 mus,
527 3139 646 3208 quia
672 3155 776 3194 non
799 3141 1167 3195 discernuntur
1215 3141 1351 3196 facta
1373 3140 1685 3209 ,hominum,
1714 3142 1818 3199 nisi
1845 3144 1912 3200 de
1932 3190 1945 3197 ί
1964 3170 1985 3193 ελ

338 3229 518 3284 radice
546 3231 838 3285 charitatis.
869 3230 1000 3285 Nam
1029 3232 1190 3285 multa
1229 3233 1341 3287 fieri
1389 3243 1607 3303 possunt
1634 3250 1751 3305 qute
1789 3251 1913 3305 spe-

337 3324 472 3377 ciem
507 3322 706 3377 habent
736 3326 943 3388 bonam,
965 3333 1019 3379 et
1040 3340 1141 3379 non
1172 3327 1460 3395 procedunt
1484 3327 1549 3382 de
1579 3328 1756 3383 radice
1779 3327 1910 3383 cha-

338 3418 528 3472 ritatis.
562 3417 766 3472 [labent
808 3419 947 3473 enim
976 3429 1030 3473 et
1078 3420 1241 3489 spinae
1271 3419 1466 3475 ﬂores:
1497 3421 1739 3491 quaedam
1782 3436 1912 3478 vero

338 3508 585 3563 videntur
632 3524 838 3579 aspera,
893 3509 1135 3565 videntur
1164 3512 1488 3577 truculenta;
1534 3513 1627 3567 sed
1675 3513 1807 3567 fiunt
1844 3514 1910 3568 ad

336 3599 671 3669 disciplinam
744 3601 972 3656 dictante
1025 3602 1300 3657 charitate.
1354 3602 1529 3658 Semel
1580 3619 1705 3673 ergo
1750 3605 1911 3660 breve
1952 3622 1957 3623 ί

336 3702 660 3762 praeceptum
704 3693 795 3747 tibi
837 3695 1159 3764 praecipitur,
1206 3696 1393 3767 Dilige,
1427 3704 1480 3752 et
1506 3697 1643 3766 quod
1674 3698 1751 3751 vis
1778 3697 1859 3752 fac
1892 3716 1906 3752 :

335 3784 446 3840 sive
499 3794 706 3852 taceas,
779 3786 1058 3843 dilectione
1102 3796 1309 3855 taceas;
1361 3790 1473 3845 sive
1516 3790 1752 3858 clames,
1819 3790 1903 3845 di-

336 3877 565 3931 lectione
610 3878 807 3933 clames
834 3879 886 3940 ¹;
918 3879 1029 3934 sive
1068 3881 1342 3949 emendes,
1394 3882 1675 3939 dilectione
1721 3899 1906 3939 emen-

334 3967 462 4032 des;
494 3968 604 4022 sive
631 3984 834 4038 parcas,
894 3969 1175 4026 dilectione
1217 3987 1401 4042 parcas
1429 3991 1442 4025 :
1475 3974 1622 4028 radix
1653 3976 1721 4030 sit
1765 3982 1906 4033 intus

334 4060 652 4127 dilectionis,
700 4075 804 4115 non
859 4071 1034 4131 potest
1076 4064 1144 4119 de
1193 4064 1291 4118 ista
1332 4066 1509 4121 radice
1554 4067 1658 4122 nisi
1710 4068 1975 4127 bonum

332 4154 585 4208 existere.

402 4242 456 4298 9.
500 4241 565 4296 In
600 4245 693 4297 hoc
733 4252 804 4298 est
832 4244 1050 4301 dilectio.
1100 4245 1169 4301 In
1220 4247 1315 4302 hoc
1337 4250 1658 4320 manifestata
1698 4260 1771 4307 est
1824 4251 1907 4307 di-

334 4336 478 4388 lectio
507 4336 599 4389 Dei
627 4338 679 4390 in
707 4339 868 4403 nobis,
900 4340 1017 4409 quia
1047 4339 1186 4394 Deus
1214 4341 1561 4398 Filiumsuum
1580 4347 1711 4401 misit
1734 4349 1910 4417 unige-

333 4432 491 4483 nitum
521 4433 570 4484 in
595 4434 727 4486 hunc
754 4434 1015 4495 mundum,
1062 4444 1117 4488 ut
1142 4436 1361 4491 vivamus
1388 4455 1476 4507 per
1508 4440 1692 4509 ipsum.
1721 4440 1784 4495 In
1812 4442 1905 4496 hoc

332 4532 400 4575 est
422 4522 644 4590 dilectio,
694 4542 793 4578 non
821 4526 939 4594 quia
969 4543 1058 4580 nos
1089 4526 1376 4594 dileximus,
1416 4530 1504 4583 sed
1536 4532 1655 4600 quia
1693 4531 1803 4601 ipse
1828 4532 1909 4587 di-

332 4615 450 4667 lexit
478 4632 588 4669 nos.
638 4616 751 4671 Non
792 4618 939 4672 illum
976 4602 1252 4674 dileximus
1313 4621 1458 4690 prius
1486 4639 1498 4674 :
1526 4637 1645 4676 nam
1695 4623 1760 4677 ad
1806 4624 1907 4679 hoc

332 4722 430 4761 nos
460 4707 664 4775 dilexit,
703 4718 760 4764 ut
799 4710 1079 4779 diligamus
1105 4728 1246 4767 eum.
1272 4713 1339 4767 Et
1366 4715 1497 4769 misit
1518 4714 1712 4770 Filium
1759 4733 1907 4770 suum

332 4798 580 4852 litatorem
622 4817 713 4869 pro
744 4804 955 4870 peccatis
990 4805 1172 4859 nostris
1202 4821 1220 4858 :
1250 4805 1532 4869 litatorem,
1579 4807 1903 4863 sacrificato-

330 4904 464 4943 rem.
494 4890 856 4947 Sacrificavit'
886 4910 980 4962 pro
1029 4896 1256 4963 peccatis
1301 4898 1511 4953 nostris.
1541 4898 1642 4953 Ubi
1708 4901 1908 4956 invenit

332 4980 599 5036 hostiam?
626 4983 713 5037 ubi
746 4984 941 5039 invenit
970 4986 1233 5040 victimam
1276 5003 1433 5057 quam
1459 5004 1645 5058 puram
1692 4992 1904 5048 volebat
1954 5020 1955 5023 η

333 5072 567 5126 offerre?
595 5074 750 5128 Aliud
777 5091 883 5129 non
915 5077 1135 5144 invenit,
1168 5078 1397 5147 seipsum
1428 5079 1635 5135 obtulit.
1669 5081 1904 5138 Dilectis-

334 5168 463 5225 simi.
499 5168 543 5220 si
568 5167 638 5219 ita
667 5167 800 5223 Deus
828 5169 1002 5223 dilexit
1046 5188 1157 5235 nos,
1203 5172 1436 5226 debemus
1482 5183 1527 5227 et
1556 5191 1646 5229 nos
1695 5175 1904 5231 invicem

331 5257 558 5329 diligere.
595 5254 766 5327 Patre,
796 5260 985 5331 inquit,
1015 5278 1155 5315 antas
1181 5265 1298 5317 me?
1327 5264 1393 5319 Et
1416 5265 1505 5320 ille
1544 5265 1676 5321 dixit
1707 5286 1723 5324 :
1752 5267 1899 5324 Amo.

332 5349 495 5405 Pasce
521 5368 634 5407 oves
658 5370 793 5409 meas
822 5353 999 5429 (Joan.
1026 5372 1135 5415 xxx.
1168 5357 1375 5429 15-17).

400 5444 489 5500 10.
519 5444 683 5500 Deum
720 5464 863 5503 nemo
892 5449 1011 5503 vidit
1047 5467 1267 5522 unquam
1292 5468 1313 5506 :
1341 5466 1427 5507 res
1455 5462 1538 5507 est
1576 5454 1857 5511 invisibilis
1882 5472 1898 5523 ;
1934 5484 1941 5487 τ

332 5553 432 5593 non
456 5541 632 5608 oculo,
672 5542 765 5597 sed
789 5543 951 5599 corde
985 5544 1302 5615 quaerendus
1351 5553 1452 5600 est.
1486 5546 1590 5601 Sed
1643 5549 1901 5617 quemad-

392 5677 408 5749 ξ
434 5677 659 5749 Plerique
676 5686 782 5730 Mss.
803 5693 817 5729 :
845 5680 947 5749 sive
964 5687 1107 5740 taces,
1137 5681 1385 5749 dilectiovw
1406 5689 1562 5745 taces;
1581 5686 1677 5749 sive
1702 5686 1897 5749 clamas,

330 5736 792 5814 dilectione'clamas.
815 5750 867 5814 Et
883 5745 953 5794 sic
965 5736 1705 5814 constannter_babent,emendas,
1722 5736 1899 5814 parcis:

390 5803 413 5834 ³
434 5808 566 5866 μοι,
591 5802 964 5869 sacriﬁcatorem
982 5804 1279 5873 signiﬁcatit.
1343 5815 1401 5858 It.

2047 926 2204 965 nemo
2221 914 2319 969 sibi
2335 931 2426 983 pro
2439 922 2859 989 concupiscentia
2904 926 3177 981 oculorum
3198 929 3392 998 cogitet
3419 929 3611 985 Deum.

2044 1004 2193 1061 Facit
2214 1009 2355 1062 enim
2385 1011 2484 1064 sibi
2528 1021 2620 1067 aut
2643 1016 2906 1081 ingentem
2950 1019 3323 1084 lormam,aut
3343 1023 3610 1091 magnitu-

2043 1095 2219 1151 dinem
2245 1098 2473 1169 aliquam
2499 1102 2918 1163 intestimabilem
2938 1109 3188 1165 distendit
3210 1127 3305 1181 per
3319 1112 3483 1180 locos,
3517 1129 3611 1171 ve-

2042 1189 2118 1243 lut
2170 1192 2339 1246 lucem
2392 1193 2545 1249 istam
2576 1212 2732 1265 quam
2776 1199 2919 1254 videt
2954 1200 3035 1256 his
3078 1203 3265 1269 oculis,
3310 1214 3467 1276 auget
3510 1221 3607 1277 per

2040 1298 2256 1354 campos
2281 1299 2537 1356 quantum
2560 1299 2766 1360 potest;
2798 1303 2888 1346 aut
2914 1292 3039 1349 facit
3057 1295 3155 1350 sibi
3196 1296 3424 1365 aliquem
3454 1298 3609 1368 quasi
3644 1342 3652 1352 .

2038 1376 2354 1431 venerabilis
2376 1378 2556 1433 forma:
2593 1395 2794 1435 senem.
2834 1382 2975 1437 Nihil
3026 1384 3212 1440 horum
3254 1388 3474 1455 cogites.
3508 1389 3603 1444 Est

2037 1466 2178 1536 quod
2206 1470 2426 1537 cogites,
2458 1472 2503 1524 si
2534 1471 2611 1526 vis
2636 1472 2816 1527 videre
2845 1474 3010 1529 Deum
3038 1493 3053 1534 :
3087 1474 3223 1531 Deus
3270 1477 3481 1533 Dilectio
3507 1488 3603 1534 est.

2037 1558 2253 1627 Qualem
2282 1561 2473 1617 faciem
2500 1562 2659 1619 habet
2704 1564 2961 1621 dilectio?
3002 1569 3206 1637 qualem
3237 1570 3455 1624 formam
3508 1570 3605 1627 ha-

2034 1648 2162 1705 bet?
2187 1652 2395 1720 qualem
2434 1662 2688 1709 staturam
2736 1656 2935 1712 habet?
2959 1659 3143 1727 quales
3183 1659 3344 1729 pedes
3402 1661 3603 1719 habet?

2033 1744 2218 1813 quales
2241 1761 2428 1801 manus
2457 1746 2649 1803 habet?
2677 1748 2843 1804 Nemo
2867 1759 3039 1820 potest
3077 1753 3272 1808 dicere.
3315 1753 3483 1811 Habet
3515 1764 3600 1810 ta-

2031 1851 2152 1891 men
2198 1836 2392 1905 pedes;
2434 1853 2555 1893 nam
2585 1839 2682 1909 ipsi
2720 1840 2920 1895 ducunt
2963 1841 3029 1897 ad
3070 1842 3356 1899 Ecclesiam
3399 1844 3604 1901 :habet

2030 1943 2246 1994 manus;
2275 1945 2394 1983 nam
2440 1932 2566 2000 ipsa:
2587 1935 2803 2003 pauperi
2832 1935 3106 2005 porrigunt
3136 1953 3150 1990 :
3180 1935 3335 1991 habet
3381 1938 3594 2004 oculos;

2029 2034 2149 2074 nam
2178 2019 2301 2074 inde
2345 2020 2653 2092 intelligitur
2680 2024 2767 2079 ille
2807 2026 2897 2096 qui
2944 2034 3065 2097 eget
3097 2044 3108 2079 :
3139 2025 3346 2093 Beatus,
3386 2026 3591 2098 inquit,

2026 2112 2110 2181 qui
2133 2112 2365 2183 intelligit
2409 2131 2559 2185 super
2594 2132 2800 2185 egenum
2836 2127 2881 2171 et
2907 2133 3176 2187 pauperem
3213 2115 3379 2190 (Psal.
3404 2135 3490 2185 ιι,
3516 2118 3595 2189 2).

2002 2240 2003 2245 η
2028 2202 2197 2257 Habet
2226 2218 2407 2268 aures,
2435 2204 2501 2259 de
2528 2206 2718 2274 quibus
2745 2207 2867 2261 dicit
2890 2208 3165 2275 Dominus,
3201 2208 3298 2273 Qui
3326 2209 3470 2263 habet
3498 2226 3597 2263 au-

2024 2317 2104 2355 res
2129 2301 2402 2368 audiendi,
2427 2303 2599 2355 audiat
2619 2302 2765 2373 (Luc.
2796 2318 2906 2366 vnt,
2934 2302 3013 2373 8).
3043 2302 3159 2358 Non
3189 2313 3311 2358 sunt
3356 2305 3595 2360 membra

2022 2392 2268 2448 distincta
2298 2409 2391 2464 per
2411 2395 2576 2458 locos,
2607 2396 2699 2450 sed
2743 2395 3013 2451 intellectu
3039 2404 3205 2451 totum
3248 2398 3402 2452 simul
3456 2398 3601 2453 videt

2021 2487 2111 2556 qui
2138 2485 2296 2542 habet
2322 2486 2657 2541 charitatem.
2683 2487 2891 2549 Habita,
2916 2495 2971 2542 et
2987 2487 3384 2549 inhabitaberis;
3416 2504 3589 2556 mane,

2021 2587 2075 2634 et
2132 2579 2443 2633 manebitur
2491 2579 2542 2632 in
2587 2588 2656 2634 te.
2715 2578 2853 2647 Quid
2879 2580 3041 2643 enim,
3096 2579 3286 2635 fratres
3324 2581 3445 2643 mei,
3477 2581 3596 2652 quis

2021 2679 2161 2723 amat
2184 2670 2325 2741 quod
2348 2686 2454 2725 non
2479 2670 2654 2725 videt?
2670 2670 2846 2740 Quare
2872 2681 3049 2727 autem
3091 2673 3303 2742 quando
3350 2672 3593 2729 laudatur

2019 2763 2272 2829 charitas,
2303 2763 2585 2832 erigimini,
2619 2763 2944 2830 acclamatis,
2976 2764 3239 2820 laudatis?
3273 2765 3407 2835 Quid
3439 2766 3589 2822 vobis

2019 2855 2261 2910 ostendi?
2287 2856 2492 2924 aliquos
2543 2856 2750 2911 colores
2801 2857 3038 2926 protuli?
3066 2866 3252 2912 aUrum
3297 2866 3352 2913 et
3394 2873 3588 2927 argen-

2019 2959 2128 3003 tum
2148 2948 2437 3018 preposui?
2465 2964 2701 3020 gemmas
2725 2949 2791 3006 de
2813 2950 3073 3005 thesauris
3101 2950 3259 3006 effodi
3280 2952 3304 3005 ?
3328 2952 3462 3021 Quid
3482 2952 3587 3009 tale

2016 3044 2221 3098 ostendi
2248 3044 2413 3099 oculis
2465 3044 2699 3099 vestris?
2736 3043 2990 3115 numquid
3021 3042 3181 3099 facies
3230 3059 3349 3099 mea
3384 3053 3585 3100 mutata

2016 3147 2096 3192 est
2119 3153 2237 3193 cum
2264 3137 2492 3208 loquor?
2518 3136 2746 3193 Carnem
2775 3153 2919 3208 gero,
2951 3138 3003 3192 in
3034 3138 3146 3209 ipsa
3176 3138 3344 3193 forma
3371 3153 3488 3193 sum
3532 3138 3586 3193 in

2014 3245 2115 3299 qua
2144 3231 2373 3299 processi
2396 3272 2411 3296 ,
2458 3230 2511 3284 in
2540 3230 2652 3298 ipsa
2684 3229 2850 3284 forma
2898 3231 3027 3285 estis
3057 3230 3109 3283 in
3162 3245 3264 3300 qua
3315 3230 3535 3285 venistis
3566 3246 3584 3290 :

2014 3320 2257 3376 laudatur
2278 3322 2530 3387 charitas,
2557 3331 2608 3377 et
2633 3322 2889 3376 clamatis.
2918 3321 3224 3378 Certe‘nihil
3244 3322 3449 3378 videtis.
3476 3322 3585 3379 Sed

2014 3414 2279 3484 quomodo
2330 3414 2480 3468 vobis
2511 3415 2681 3484 placet
2741 3414 2953 3484 quando
3004 3416 3248 3483 laudatis,
3302 3416 3379 3472 sic
3432 3416 3583 3472 vobis

2013 3506 2219 3575 placeat
2248 3513 2306 3560 ut
2328 3506 2382 3560 in
2403 3506 2563 3561 corde
2613 3508 2853 3562 servetis.
2887 3506 3145 3561 lntendite
3169 3507 3308 3561 enim
3354 3508 3481 3578 quid
3502 3507 3585 3563 di-

2013 3612 2150 3663 cam,
2183 3597 2373 3652 fratres
2404 3616 2418 3657 :
2450 3597 2704 3652 exhortor
2739 3613 2853 3663 vos,
2884 3610 3135 3668 quantum
3184 3598 3272 3654 dat
3304 3598 3581 3669 Dominus,

2013 3689 2079 3743 ad
2109 3705 2355 3759 magnum
2400 3690 2725 3745 thesaurum.
2760 3690 2815 3746 Si
2861 3691 3013 3745 vobis
3061 3690 3436 3746 ostenderetur
3485 3692 3585 3746 ali-

2013 3783 2151 3853 quod
2206 3782 2475 3836 vasculum
2548 3784 2923 3855 anaglyphum,
2979 3793 3297 3851 inauratum,
3355 3799 3582 3854 operose

2013 3873 2230 3947 factum,
2250 3884 2301 3929 et
2322 3874 2543 3929 illiceret
2564 3875 2746 3943 oculos
2773 3885 2996 3945 vestros,
3027 3884 3079 3931 et
3103 3876 3319 3932 duceret
3340 3876 3393 3930 in
3415 3891 3474 3931 se
3494 3876 3580 3933 in-

2011 3967 2299 4021 tentionem
2330 3966 2507 4021 cordis
2530 3967 2712 4033 vestri,
2744 3975 2798 4022 et
2834 3968 3064 4037 placeret
3109 3968 3259 4022 vobis
3285 3982 3472 4022 manus
3496 3983 3584 4023 ar-

2012 4061 2187 4127 tificis,
2218 4068 2272 4116 et
2297 4060 2500 4130 pondus
2539 4061 2762 4132 argenti,
2790 4069 2844 4117 et
2871 4061 3122 4132 splendor
3147 4061 3381 4129 metalli;
3406 4076 3584 4116 nonne

2012 4152 2371 4223 unusquisque
2399 4159 2635 4209 vestrum
2681 4152 2903 4221 diceret,
2934 4154 2978 4208 0
3022 4153 3067 4207 si
3114 4152 3359 4208 haberem
3401 4166 3585 4208 vascu-

2012 4243 2121 4298 lum
2145 4243 2315 4297 istud?
2347 4244 2414 4297 Et
2437 4244 2555 4299 sine
2576 4259 2732 4299 causa
2754 4243 3034 4309 diceretis,
3062 4244 3114 4298 in
3142 4252 3402 4314 potestate
3437 4245 3582 4300 enim

2011 4341 2186 4389 vestra
2214 4350 2317 4389 non
2346 4343 2479 4390 erat.
2507 4335 2615 4391 Aut
2635 4337 2677 4390 si
2707 4336 2983 4406 quisquam
3004 4335 3166 4391 vellet
3191 4335 3406 4404 habere,
3434 4336 3581 4407 cogi-

2012 4433 2149 4481 taret
2178 4426 2302 4480 illud
2327 4426 2394 4480 de
2414 4426 2572 4480 domo
2594 4427 2764 4481 aliena
2813 4426 2998 4480 furari.
3044 4426 3309 4481 Laudatur
3351 4426 3583 4482 charitas

2010 4518 2194 4583 vobis;
2221 4518 2263 4571 si
2296 4517 2488 4586 placet,
2519 4516 2729 4581 habete,
2774 4516 3081 4586 possidete;
3112 4533 3217 4572 non
3256 4532 3388 4588 opus
3405 4527 3488 4573 est
3524 4523 3584 4571 ut

2011 4607 2209 4662 furtum
2240 4609 2395 4662 alicui
2452 4608 2676 4677 faciatis,
2704 4624 2809 4663 non
2837 4625 2972 4680 opus
3011 4620 3095 4666 est
3124 4620 3183 4666 ut
3209 4626 3388 4666 emere
3432 4613 3580 4683 cogi-

2012 4702 2166 4765 tetis;
2227 4702 2391 4771 gratis
2429 4710 2658 4756 constat.
2700 4701 2937 4759 .Tenete
3000 4718 3140 4772 eam,
3192 4704 3577 4775 amplectimini

2011 4791 2393 4857 eam;dulcius
2429 4793 2516 4847 illa
2565 4792 2696 4848 nihil
2724 4802 2824 4848 est.
2854 4792 2911 4850 Si
2959 4811 3079 4850 cum
3131 4778 3579 4852 commemoratur

2010 4883 2130 4937 talis
2153 4891 2255 4944 est,
2286 4898 2405 4938 cum
2434 4882 2659 4938 habetur
2694 4885 2866 4954 qualis
2893 4884 3018 4939 est?

2081 4976 2168 5029 11.
2209 4975 2261 5031 Si
2284 4975 2370 5044 qui
2398 4974 2536 5031 forte
2564 4975 2725 5030 vultis
2752 4990 2966 5031 servare
2985 4975 3328 5044 charitatem,
3361 4976 3572 5048 fratres,

2008 5074 2132 5123 ante
2158 5067 2334 5122 omnia
2374 5082 2441 5122 ne
2479 5068 2675 5136 putetis
2715 5067 2969 5137 abiectam
3006 5075 3061 5122 et
3096 5066 3448 5136 desidiosam;
3480 5085 3581 5127 nec

2008 5160 2233 5230 quadam
2269 5160 2699 5227 mansuetudine,
2734 5160 2841 5214 imo
2884 5174 2990 5214 non
3015 5161 3453 5227 mansuetudine,
3483 5163 3581 5221 sed

2008 5255 2322 5310 remissione
2347 5263 2401 5308 et
2427 5254 2740 5325 negligentia
2768 5254 2967 5309 servari
2992 5252 3324 5310 charitatem.
3356 5255 3581 5316 Non'sic

2007 5354 2267 5400 servatur.
2303 5344 2418 5400 Non
2461 5354 2612 5414 putes
2658 5352 2782 5399 tunc
2810 5352 2861 5399 te
2908 5359 3087 5401 amare
3132 5360 3341 5401 servum
3389 5356 3577 5420 tuum,

2008 5436 2217 5506 quando
2264 5451 2384 5490 eum
2431 5450 2538 5489 non
2588 5435 2776 5501 cazdis;
2803 5444 2895 5489 aut
2936 5444 3061 5491 tunc
3104 5445 3156 5492 te
3190 5453 3369 5495 amare
3410 5441 3579 5497 lilium

2008 5536 2195 5595 tuum,
2218 5527 2428 5596 quando
2466 5526 2513 5580 ei
2558 5541 2662 5581 non
2704 5526 2799 5581 das
2835 5527 3194 5598 disciplinam;
3223 5540 3315 5586 aut
3351 5538 3478 5589 tunc
3530 5544 3583 5591 te

2006 5633 2186 5673 amare
2208 5618 2436 5672 vicinum
2461 5627 2606 5672 tuum
2624 5659 2639 5685 ,
2671 5618 2881 5687 quando
2908 5635 3028 5673 eum
3055 5636 3158 5675 non
3186 5624 3445 5694 corripis:
3470 5640 3577 5680 non

2008 5719 2090 5764 est
2134 5710 2233 5764 ista
2278 5709 2537 5775 charitas,
2582 5708 2673 5762 sed
2719 5710 2957 5779 languor.
2986 5712 3211 5768 Fervent
3239 5716 3467 5771 charitas
3511 5716 3578 5772 ad

2008 5799 2413 5871 corrigendum,
2458 5799 2525 5855 ad
2575 5799 2963 5857 emendandum
2996 5820 3010 5860 :
3042 5803 3137 5860 sed
3186 5805 3230 5859 si
3276 5814 3400 5862 sunt
3454 5806 3577 5867 boni
