4028 6486
429 358 570 421 2035

435 488 643 546 mores,
672 472 971 543 delectent;
1000 472 1049 533 si
1088 482 1214 531 sunt
1242 470 1367 529 mali
1390 516 1404 539 ,
1432 469 1803 539 emendentur,
1842 464 2014 526 corri-

433 578 642 642 gantur.
669 565 786 625 Noli
834 570 886 624 in
930 562 1147 624 homine
1192 578 1372 622 amare
1401 578 1673 632 errorem,
1703 560 1799 620 sed
1837 554 2014 618 homi-

434 676 557 718 nem
590 678 604 715 :
632 661 905 717 hominem
929 659 1071 716 enim
1100 658 1243 716 Deus
1264 655 1416 725 fecit,
1448 670 1687 713 errorem
1714 655 1828 727 ipse
1858 654 2017 709 homo

434 746 578 808 fecit.
607 753 740 808 Ama
786 750 916 808 illud
941 747 1086 823 quod
1125 750 1268 806 Deus
1312 742 1470 816 fecit,
1499 746 1606 803 noli
1648 761 1829 803 amare
1874 744 2016 818 quod

434 843 550 915 ipse
579 844 740 901 homo
766 840 911 901 fecit.
955 843 1088 897 Cum
1130 840 1261 897 illud
1302 854 1450 895 amas
1472 882 1487 907 ,
1516 838 1646 894 illud
1689 830 1832 894 tollis
1856 854 1868 890 :
1895 851 2015 893 cum
2044 862 2066 868 -

435 930 566 991 illud
596 932 769 1007 diligis
788 979 801 1001 ,
826 933 956 991 illud
977 934 1248 991 emendas.
1278 932 1384 988 Sed
1409 932 1506 988 etsi
1533 932 1690 988 szevis
1709 931 2014 1003 aliquando,

436 1037 656 1099 propter
698 1020 1044 1085 correctionis
1084 1026 1446 1082 dilectionem.
1476 1025 1763 1096 Propterea
1811 1022 1878 1080 de
1922 1039 2013 1080 co.

436 1119 614 1175 tumba
641 1116 1000 1175 demonstrata
1023 1124 1104 1174 est
1124 1118 1354 1174 charitas
1379 1159 1392 1182 ,
1419 1128 1536 1188 quae
1561 1115 1704 1171 venit
1729 1131 1892 1185 super
1912 1115 2018 1171 Do-

436 1212 639 1268 minum
682 1211 896 1285 (Matth.
942 1208 1182 1286 ιιινιϐ).
1224 1208 1442 1281 Species
1482 1210 1569 1264 illa
1609 1204 1866 1265 columba:
1896 1210 1935 1275 ί,
1966 1208 2018 1263 in

436 1318 542 1378 qua
567 1303 745 1375 specie
772 1304 919 1359 venit
946 1296 1174 1375 Spiritus
1216 1313 1429 1358 sanctus
1468 1316 1574 1373 quo
1614 1300 1767 1358 nobis
1791 1288 2020 1357 Charitas
2046 1327 2078 1344 ιο

436 1399 823 1458 infunderetur.
867 1400 1041 1468 Quare
1088 1398 1229 1456 hoc?
1258 1396 1353 1457 Fel
1381 1399 1621 1456 columba
1668 1416 1774 1455 non
1821 1399 2014 1453 habet:

436 1501 612 1550 tamen
645 1504 821 1551 rostro
845 1505 899 1552 et
928 1498 1114 1567 pennis
1142 1512 1235 1568 pro
1261 1495 1387 1551 nido
1418 1503 1643 1566 pugnat,
1678 1494 1793 1549 sine
1823 1491 2019 1547 amari-

436 1586 619 1645 tudine
648 1589 820 1644 szevit.
863 1589 974 1646 Hoc
999 1588 1120 1645 facit
1145 1599 1198 1645 et
1223 1598 1404 1660 pater;
1435 1587 1646 1660 quando
1675 1581 1836 1641 ﬁlium
1864 1585 2022 1641 casti-

435 1688 555 1751 gat,
581 1678 650 1736 ad
695 1680 1028 1753 disciplinam
1058 1682 1300 1750 castigat.
1332 1680 1482 1736 Sicut
1521 1678 1629 1735 dixi
1650 1722 1663 1745 ,
1692 1677 1940 1734 seductor
1966 1686 2023 1732 ut

389 1780 403 1847 ι
435 1771 662 1837 vendat,
687 1785 804 1827 cum
826 1768 1179 1828 amaritudine
1199 1768 1465 1827 blanditur
1489 1790 1500 1825 :
1526 1780 1675 1842 pater
1693 1780 1749 1825 ut
1770 1770 2017 1840 corrigat,
2054 1801 2079 1809 ρ

438 1862 555 1917 sine
600 1862 723 1918 felle
746 1851 1000 1934 castigat.
1045 1858 1203 1919 Tales
1244 1870 1413 1919 estote
1453 1860 1518 1917 ad
1563 1878 1769 1918 omnes.
1800 1861 2018 1926 Videte,

437 1955 663 2024 fratres,
692 1943 938 2027 magnum
987 1955 1399 2022 documentum,
1443 1972 1685 2028 magnam
1741 1955 1976 2027 regulam
2005 1973 2019 2008 :

440 2049 812 2121 Unusquisque
854 2048 1015 2106 habet
1069 2050 1238 2117 ﬁlios,
1268 2059 1361 2106 aut
1411 2050 1609 2105 habere
1655 2050 1796 2115 vult;
1837 2059 1927 2104 aut
1978 2046 2023 2103 si

436 2142 656 2195 omnino
683 2138 915 2198 decrevit
942 2142 1077 2197 ﬁlios
1108 2159 1215 2198 non
1241 2140 1442 2198 habere
1477 2142 1778 2208 carnaliter,
1811 2141 1893 2196 vel
1917 2140 2025 2211 spi-

437 2230 702 2289 ritualitcr
730 2235 875 2305 cupit
904 2232 1103 2291 habere
1130 2254 1143 2289 :
1167 2236 1287 2307 quis
1326 2245 1408 2291 est
1433 2237 1523 2307 qui
1562 2252 1667 2291 non
1696 2234 1916 2305 corrigit
1956 2232 2020 2287 ﬁ-
2046 2260 2084 2287 ιι

438 2324 567 2379 lium
607 2324 801 2381 suum?
826 2326 946 2398 quis
984 2335 1064 2382 est
1101 2322 1187 2382 cui
1227 2343 1332 2383 non
1378 2326 1468 2383 det
1510 2326 1843 2399 disciplinam
1871 2326 2024 2400 pater

438 2412 618 2486 (Hebr.
649 2431 753 2483 xu,
780 2415 877 2488 7)?
904 2414 974 2472 Et
1000 2424 1176 2473 tamen
1197 2419 1388 2475 stevire
1407 2417 1633 2475 videtur.
1660 2418 1826 2475 Amor
1849 2418 2019 2484 saevit,

437 2507 670 2562 charitas
697 2509 846 2563 szevit
877 2527 890 2563 :
917 2510 1070 2565 saevit
1097 2509 1328 2581 quodam
1360 2513 1520 2568 modo
1550 2513 1665 2568 sine
1689 2511 1807 2568 felle
1828 2556 1842 2577 ,
1875 2524 2022 2567 mere

437 2596 772 2665 columbino,
798 2615 901 2654 non
922 2601 1161 2658 cervino.
1193 2596 1345 2661 Unde
1364 2606 1509 2662 venit
1532 2600 1585 2660 in
1615 2616 1843 2661 mentem
1867 2647 1882 2671 ,
1912 2602 2019 2657 fra-

436 2698 546 2743 tres
574 2690 715 2754 mei,
747 2689 926 2748 dicere
953 2692 1103 2750 vobis
1138 2696 1264 2767 quia
1310 2694 1383 2751 illi
1418 2697 1704 2753 violatores
1748 2695 2021 2753 charitatis
2050 2730 2067 2736 ο

435 2779 665 2838 schisma
696 2782 936 2839 fecerunt
968 2798 981 2838 :
1015 2786 1285 2856 quomodo
1313 2788 1543 2845 oderunt
1590 2790 1759 2861 ipsam
1786 2789 2023 2844 charita-

437 2883 574 2941 tem,
604 2875 681 2930 sic
706 2875 936 2932 oderunt
981 2883 1035 2933 et
1078 2874 1398 2935 columbam.
1441 2879 1547 2937 Sed
1585 2882 1853 2939 convincit
1900 2880 2022 2939 illos

433 2966 712 3023 columba:
737 2968 979 3040 procedit
1007 2970 1077 3028 de
1104 2971 1242 3028 ctelo
1265 3015 1277 3038 ,
1310 2974 1620 3046 aperiuntur
1645 2976 1767 3031 coeli
1788 3020 1802 3042 ,
1833 2986 1887 3033 et
1909 2993 2023 3031 ma-

435 3068 526 3115 net
546 3072 708 3129 super
732 3069 892 3131 caput
916 3060 1148 3118 Domini.
1189 3060 1383 3136 thuid
1412 3065 1553 3123 hoc?
1584 3067 1650 3124 Ut
1678 3069 1852 3124 audiat
1872 3111 1887 3136 ,
1924 3064 2023 3125 Hic

432 3158 507 3206 est
549 3153 638 3224 qui
679 3152 899 3226 baptizat
936 3148 1128 3232 (Ioan.
1153 3174 1199 3225 ι,
1230 3154 1355 3231 33).
1391 3158 1670 3229 Reccdite,
1701 3162 2017 3234 prmdones;

432 3243 697 3313 recedite,
727 3247 1001 3304 invasores
1041 3248 1394 3320 possessionis
1437 3250 1655 3309 Christi.
1703 3254 1757 3311 ln
1806 3271 2019 3327 posses-

435 3335 674 3392 sionibus
695 3339 916 3406 vestris,
945 3336 1036 3397 ubi
1063 3338 1326 3399 dominari
1353 3346 1511 3401 vultis
1529 3390 1543 3414 ,
1581 3342 1760 3403 titulos
1788 3351 2019 3420 potentis

433 3428 547 3485 ausi
577 3432 707 3487 estis
736 3428 977 3506 inﬁgere.
1008 3430 1291 3509 Cognoscit
1323 3441 1411 3495 ille
1441 3442 1618 3498 titulos
1654 3458 1812 3510 suos;
1848 3444 2021 3500 vindi-

434 3531 520 3578 cat
562 3522 664 3579 sibi
709 3522 1106 3596 possessionem
1149 3546 1298 3586 suam
1327 3551 1338 3584 :
1365 3549 1469 3588 non
1497 3533 1639 3589 delet
1683 3535 1893 3601 titulos,
1926 3537 2019 3593 sed

434 3614 597 3672 intrat
623 3626 677 3673 et
714 3620 973 3688 possidet.
1019 3620 1108 3678 Sic
1135 3622 1200 3678 ad
1248 3622 1573 3681 Catholicam
1601 3628 1868 3693 venienti,
1912 3646 2017 3687 non
2056 3658 2065 3663 -

434 3707 644 3766 deletur
675 3710 1012 3783 Baptismus,
1045 3732 1113 3771 ne
1158 3717 1342 3775 titulus
1386 3714 1726 3791 imperatoris
1755 3721 2016 3780 deleatur.

433 3802 538 3859 Sed
560 3804 688 3876 quid
715 3805 772 3861 ﬁt
810 3802 864 3861 in
904 3804 1215 3866 Catholica?
1251 3811 1568 3884 Agnoscitur
1612 3814 1824 3882 titulus;
1860 3817 2022 3873 intrat

432 3910 715 3966 possessor
753 3899 853 3955 sub
902 3900 1066 3958 titulis
1104 3901 1252 3971 suis,
1280 3920 1387 3976 quo
1431 3904 1662 3963 intrabat
1701 3907 1880 3980 praedo
1916 3910 2017 3966 sub

433 3987 602 4045 titulis
627 3986 835 4048 alienis.

932 4105 1340 4166 TRACTATUS
1374 4106 1510 4167 VIII.

436 4207 514 4277 De
538 4226 599 4267 eo
636 4212 773 4281 quod
798 4215 1043 4285 sequitur,
1074 4215 1128 4273 Si
1159 4217 1441 4288 diligamus
1483 4221 1738 4289 invicem,
1775 4224 1917 4281 Deus
1961 4227 2017 4282 in

504 4303 659 4359 nobis
698 4306 961 4371 manebit;
996 4324 1150 4379 usque
1187 4311 1253 4364 ad
1278 4311 1366 4378 id,
1400 4312 1545 4368 Deus
1572 4314 1788 4370 dilectio
1810 4325 1932 4384 est;
1960 4328 2018 4374 et

502 4398 594 4468 qui
625 4408 805 4455 manet
829 4400 885 4457 in
907 4400 1224 4471 dilectione,
1256 4404 1309 4459 in
1340 4406 1451 4461 Deo
1480 4416 1690 4477 manet,
1719 4418 1774 4464 et
1796 4410 1935 4467 Deus
1960 4412 2015 4466 in

498 4508 589 4550 eo.
610 4492 740 4565 Cap.
771 4511 845 4564 tv,
891 4494 928 4567 Ῡ
951 4536 967 4551 .
997 4495 1181 4552 £246.

502 4604 555 4663 l.
618 4608 840 4665 Dilectie
880 4609 1039 4667 dulce
1081 4610 1342 4679 verbum,
1397 4612 1492 4669 sed
1540 4612 1747 4671 dulcius
1795 4618 2010 4674 factum.
2038 4640 2057 4662 ι

428 4701 655 4772 Seruper
677 4702 746 4757 de
768 4703 854 4757 illa
874 4703 1017 4774 loqui
1061 4719 1163 4760 non
1208 4714 1513 4773 possumus.
1542 4704 1701 4763 Multa
1728 4708 1871 4764 enim
1899 4710 2014 4781 agi-

428 4806 576 4856 mus,
602 4802 657 4849 et
679 4793 908 4851 diversa
944 4796 1179 4851 actiones
1204 4796 1512 4853 distendunt
1538 4814 1638 4855 nos
1658 4841 1674 4867 ,
1704 4812 1761 4855 ut
1790 4816 1894 4855 non
1921 4816 2013 4856 va-

427 4896 513 4943 cet
538 4888 729 4958 lingute
766 4899 964 4944 nostrae
1007 4900 1219 4960 semper
1260 4890 1327 4947 de
1362 4890 1647 4949 dilectione
1687 4896 1829 4966 loqui
1854 4914 1867 4951 :
1892 4912 2011 4952 nam

429 4980 558 5035 nihil
588 4976 778 5038 melius
804 4991 984 5057 ageret
1005 4983 1183 5055 lingua
1212 4993 1413 5039 nostra.
1440 4985 1544 5041 Sed
1575 4988 1643 5043 de
1667 5004 1769 5058 qua
1801 5004 2015 5060 semper

426 5073 570 5145 loqui
621 5087 726 5128 non
770 5074 1166 5146 licet,semper
1205 5092 1321 5132 eam
1365 5079 1635 5134 custodire
1681 5081 1821 5136 licet.
1862 5080 2013 5138 Sicut
2042 5070 2057 5095 ⁵

429 5176 571 5219 nan
595 5164 735 5236 quod
763 5174 1040 5222 cantamus
1060 5210 1074 5235 ,
1103 5168 1322 5224 Alleluia
1343 5212 1357 5237 ,
1386 5171 1643 5240 numquid
1670 5186 1884 5243 semper
1910 5170 2013 5231 hoc

426 5254 685 5314 faciams?
714 5258 811 5315 Vix
842 5262 997 5315 unius
1032 5258 1177 5317 hora:
1207 5279 1313 5317 non
1355 5273 1465 5317 toto
1496 5266 1666 5334 spatio
1687 5307 1700 5329 ,
1730 5266 1821 5320 sed
1852 5282 2009 5337 parva

428 5350 686 5419 particula
725 5364 1028 5421 cantamus,
1061 5354 1314 5418 Alleluia;
1347 5366 1400 5412 et
1426 5370 1672 5412 Vacamus
1710 5359 1774 5413 ad
1806 5360 1947 5415 aliud
1965 5362 2006 5414 ⁸.

430 5443 526 5499 Est
545 5452 721 5500 autem
754 5444 971 5502 Alleluia
994 5489 1008 5513 ,
1038 5448 1173 5503 sicut
1194 5449 1301 5518 jam
1325 5450 1493 5504 nostis
1512 5492 1527 5516 ,
1552 5449 1789 5507 Laudate
1818 5452 2006 5509 Deum.

428 5536 528 5605 Qui
576 5536 746 5592 Deum
788 5538 968 5594 laudat
1010 5538 1225 5609 lingua,
1279 5555 1383 5595 non
1425 5556 1637 5611 semper
1682 5542 2007 5615 potestzqui
2040 5556 2061 5563 ί

430 5628 668 5686 moribus
694 5626 860 5685 Deum
906 5632 1115 5699 laudat,
1148 5646 1359 5702 semper
1398 5641 1587 5704 potest.
1621 5632 1793 5704 Opera
1847 5635 2007 5690 mise—

503 5762 1023 5839 ιμνηορζνιιιὺφω.
1090 5774 1146 5817 ιι.
1217 5822 1231 5839 ι
1283 5824 1315 5839 η

534 5822 1398 5889 lnuholts..etuocamuradaliud.

1188 358 1257 417 tN
1294 348 1677 414 nrts'romn
1712 340 1993 408 JOANNIS
2030 338 2121 402 an
2158 346 2494 418 mersos,
2535 350 2589 409 s.
2632 316 2994 412 aucusrtm

3562 362 3700 422 203T}

2120 458 2400 533 ricordite,
2431 466 2652 526 allectus
2705 472 3012 544 charitatis,
3039 479 3296 539 sanctitas
3342 484 3582 556 pietatis,
3626 492 3703 549 in-

2122 559 2396 628 corruptio
2443 562 2738 633 castitatis,
2791 567 3050 625 modestia
3112 572 3446 646 sobrietatis,
3493 594 3704 656 semper

2124 649 2240 707 haec
2264 655 2490 711 tenenda
2525 668 2647 713 sunt
2671 678 2685 715 :
2706 660 2818 719 sive
2854 678 2973 720 cum
3004 666 3059 721 in
3091 669 3305 740 publico
3341 689 3561 747 sumus,
3594 649 3704 739 sive

2122 758 2244 800 cum
2281 746 2331 801 in
2359 748 2549 819 domo,
2577 753 2690 809 sive
2727 768 2847 812 cum
2888 766 3013 817 ante
3051 754 3335 836 homines,
3357 769 3471 826 sive
3498 746 3621 829 cum
3648 768 3706 833 in

2120 839 2396 910 cubiculo,
2427 844 2542 902 sive
2574 847 2883 920 loquentes,
2910 855 3022 911 sive
3062 865 3331 931 tacentes,
3362 865 3476 921 sive
3502 867 3704 941 aliquid

2123 942 2369 1006 agentes,
2398 938 2510 996 sive
2549 952 2825 1013 vacantes;
2854 960 3069 1022 semper
3110 948 3226 1010 haec
3271 956 3500 1016 tenenda
3549 938 3704 1032 sunt;

2125 1028 2247 1100 quia
2292 1030 2433 1087 intus
2470 1043 2593 1090 sunt
2627 1053 2813 1095 omnes
2848 1042 2962 1097 istm
2996 1044 3219 1104 virtutes
3259 1065 3390 1119 quas
3414 1028 3704 1113 nominavi.

2120 1120 2254 1189 Quis
2279 1132 2456 1180 autem
2484 1127 2679 1184 sufﬁcit
2696 1146 2883 1187 omnes
2913 1137 3231 1196 nominare?
3257 1141 3417 1210 Quasi
3440 1150 3709 1207 exercitus

2126 1227 2208 1272 εει
2239 1217 2600 1289 imperatoris,
2625 1224 2717 1296 qui
2756 1226 2905 1283 sedet
2932 1231 3072 1285 intus
3120 1232 3171 1287 in
3210 1247 3390 1294 mente
3419 1246 3529 1295 tua.
3559 1241 3706 1309 Quo-

2126 1309 2285 1364 modo
2312 1313 2454 1368 enim
2482 1313 2770 1385 imperator
2792 1335 2886 1389 per
2906 1320 3196 1380 exercitum
3219 1342 3372 1383 suum
3404 1332 3512 1402 agit
3531 1335 3706 1409 quod-

2127 1416 2229 1471 que
2260 1404 2511 1473 placet‘;
2544 1408 2621 1463 sic
2664 1408 2918 1467 Dominus
2962 1414 3117 1472 Jesus
3156 1416 3401 1479 Christus
3448 1404 3708 1497 incipiens

2126 1490 2365 1549 habitare
2401 1497 2451 1550 in
2476 1498 2727 1558 interiore
2759 1504 2971 1562 homine
3013 1520 3195 1566 nostro
3215 1555 3231 1581 ,
3266 1512 3318 1569 id
3346 1527 3426 1572 est
3453 1518 3506 1574 in
3532 1490 3709 1580 mente

2128 1603 2224 1686 per
2252 1589 2408 1646 fidem
2440 1589 2653 1665 (Ephes.
2675 1612 2763 1665 ιιι,
2791 1599 2903 1671 l7),
2937 1604 3101 1658 utitur
3126 1605 3239 1662 istis
3259 1609 3543 1668 virtutibus
3558 1616 3708 1686 quasi

2128 1680 2384 1738 ministris
2409 1687 2537 1741 suis.
2572 1688 2637 1743 Et
2679 1707 2773 1761 per
2812 1691 2909 1748 has
2946 1696 3168 1755 virtutes
3197 1717 3314 1771 quae
3343 1704 3510 1762 videri
3541 1680 3709 1765 oculis

2126 1786 2232 1827 non
2259 1784 2513 1845 possunt,
2537 1788 2591 1833 et
2620 1788 2797 1837 tamen
2838 1785 3049 1856 quando
3086 1793 3445 1865 nominantur,
3485 1799 3710 1859 laudan-

2126 1866 2257 1918 tur:
2291 1881 2395 1921 non
2447 1878 2619 1925 autem
2678 1872 3021 1934 laudarentur
3068 1882 3167 1937 nisi
3212 1899 3540 1959 amarentur,
3594 1910 3704 1951 non

2129 1966 2434 2015 amarentur
2458 1961 2561 2017 nisi
2591 1964 2931 2038 viderentur;
2960 1980 3014 2027 et
3038 1973 3082 2027 si
3110 1975 3289 2047 utique
3328 1996 3435 2038 non
3467 1998 3715 2042 amaren-

2129 2055 2215 2104 tur
2239 2051 2338 2105 nisi
2371 2044 2697 2126 vidérenlur,
2726 2059 2831 2114 alio
2860 2063 3017 2118 oculo
3056 2044 3322 2138 videntur,
3356 2071 3409 2127 id
3435 2086 3546 2141 est,
3571 2077 3711 2135 inte-

2128 2143 2255 2199 riori
2280 2145 2456 2202 cordis
2478 2160 2693 2219 aspectu
2716 2171 2728 2206 :
2750 2170 2843 2223 per
2876 2152 2971 2211 has
2993 2158 3215 2217 virtutes
3242 2164 3536 2227 invisibiles
3553 2213 3570 2237 ,
3598 2188 3713 2229 mo-

2129 2245 2322 2293 ventur
2365 2241 2601 2297 membra
2644 2243 3144 2320 visibilitertpedes
3180 2254 3247 2311 ad
3290 2257 3705 2329 ambulandum;

2128 2331 2223 2387 sed
2260 2333 2399 2404 quo?
2426 2334 2543 2404 Quo
2587 2340 2813 2394 moverit
2857 2340 2996 2398 bona
3043 2346 3326 2417 voluntas,
3353 2367 3475 2422 qua:
3520 2355 3712 2415 militat

2127 2424 2269 2517 bono
2307 2426 2633 2498 imperatori.
2672 2430 2860 2488 Manus
2903 2436 2971 2490 ad
3011 2440 3372 2509 operandutn;
3403 2444 3499 2500 sed
3545 2446 3711 2517 quid?

2126 2510 2277 2585 Quod
2303 2516 2519 2587 jusserit
2538 2522 2769 2580 charitas
2793 2568 2807 2593 ,
2839 2543 2958 2598 qute
2987 2529 3239 2601 inspirata
3262 2543 3347 2591 est
3375 2535 3519 2593 intus
3537 2510 3578 2592 ο-
3594 2538 3711 2611 Spi-

2127 2611 2231 2668 ritu
2269 2622 2474 2669 sancto.
2506 2612 2736 2673 Membra
2776 2635 2904 2692 ergo
2944 2623 3191 2681 videntur
3228 2641 3349 2683 cum
3392 2641 3708 2701 moventur;

2127 2700 2216 2776 qui
2257 2702 2409 2777 jubet
2446 2705 2623 2775 intus,
2652 2725 2758 2765 non
2790 2710 3015 2768 videtur.
3049 2714 3116 2770 Et
3143 2718 3262 2787 quis
3309 2719 3450 2777 intus
3484 2700 3709 2792 jubeat,

2128 2808 2293 2869 prope
2319 2800 2433 2870 ipse
2458 2801 2603 2857 solus
2630 2804 2782 2860 novit
2807 2807 2896 2875 qui
2926 2805 3109 2879 jubet,
3136 2818 3190 2867 et
3219 2808 3308 2867 ille
3346 2810 3487 2871 intus
3512 2813 3599 2869 cui
3618 2814 3712 2885 ju-

2128 2884 2301 2945 betur.

2198 2979 2251 3036 2.
2292 2981 2560 3055 Namque,
2590 2982 2807 3053 fratres,
2843 2982 3064 3045 audistis
3092 2984 3284 3062 modo,
3317 3009 3438 3049 cum
3467 2994 3713 3069 Evange-

2126 3068 2253 3131 lium
2286 3075 2579 3145 legeretur;
2609 3086 2754 3137 certe
2784 3080 2829 3139 si
2850 3096 3030 3138 aurem
3061 3083 3130 3137 ibi
3162 3100 3268 3139 non
3290 3093 3488 3143 tantum
3514 3068 3713 3160 corpo-

2126 3164 2229 3231 ris,
2257 3168 2349 3222 scd
2378 3177 2431 3223 et
2470 3170 2646 3226 cordis
2690 3171 2972 3228 habuistis.
3001 3173 3141 3241 Quid
3181 3170 3296 3232 ait?
3325 3179 3503 3234 Cavete
3541 3183 3714 3252 facere

2116 3256 2370 3331 justitiam
2391 3272 2603 3316 vestram
2631 3279 2803 3318 coram
2829 3266 3141 3335 hominibus,
3172 3280 3225 3322 ut
3252 3272 3521 3327 videamini
3544 3273 3607 3327 ab
3636 3276 3713 3331 eis

2128 3348 2335 3423 (Matth.
2375 3370 2446 3418 v1,
2484 3355 2554 3427 i).
2587 3355 2850 3430 Numquid
2894 3360 2995 3416 hoc
3033 3363 3199 3419 voluit
3220 3362 3431 3433 dicere,
3462 3376 3521 3422 ut
3556 3385 3712 3439 qua:-

2125 3456 2351 3514 cumque
2374 3440 2513 3500 bona
2542 3444 2793 3514 facimus,
2822 3444 3208 3509 abscondamus
3236 3454 3303 3509 ab
3329 3457 3494 3513 oculis
3535 3456 3715 3515 homi-

2127 3546 2250 3589 num
2273 3576 2287 3595 ,
2322 3542 2376 3590 et
2406 3530 2685 3594 timeamus
2714 3536 2917 3595 videri?
2946 3540 3001 3597 Si
3034 3543 3186 3599 times
3214 3550 3573 3616 spectatores,
3600 3566 3714 3605 non

2126 3622 2345 3683 hebebis
2371 3628 2660 3685 imitatores
2683 3647 2693 3660 ·
2713 3630 2875 3689 debes
2891 3650 3018 3704 ergo
3042 3635 3230 3691 videri.
3251 3635 3357 3693 Sed
3383 3654 3485 3694 non
3514 3639 3580 3693 ad
3606 3640 3714 3697 hoc

2125 3715 2289 3773 debes
2311 3720 2482 3775 facere
2510 3732 2565 3776 ιιι
2592 3723 2840 3779 videaris.
2868 3724 2980 3779 Non
3007 3722 3075 3781 ibi
3106 3726 3265 3785 debet
3288 3745 3407 3786 esse
3434 3731 3548 3786 ﬁnis
3569 3747 3710 3802 gau-

2124 3809 2196 3865 dii
2244 3812 2351 3880 tui,
2385 3829 2489 3870 non
2533 3815 2604 3871 ibi
2654 3817 2916 3875 terminus
2964 3818 3158 3875 laetitiae
3190 3832 3322 3889 tuas,
3353 3833 3410 3879 ut
3455 3835 3610 3894 putes
3655 3834 3714 3880 te

2126 3912 2295 3960 totum
2326 3907 2553 3964 fructum
2584 3921 2928 3966 consecutum
2959 3929 3077 3970 esse
3103 3913 3227 3968 boni
3249 3917 3426 3986 cperis
3447 3917 3520 3971 tui
3540 3958 3555 3984 ,
3581 3932 3712 3973 cum

2027 4034 2032 4038 -
2122 4000 2268 4057 visus
2306 4002 2471 4058 fueris
2495 4013 2651 4075 atque
2680 4003 2943 4060 laudatus.
2988 4002 3128 4061 Nihil
3154 4007 3378 4064 esthoc.
3410 4007 3712 4066 Contemne

2024 4125 2071 4151 ,ρο
2126 4102 2177 4149 te
2202 4108 2322 4149 cum
2348 4095 2580 4150 laudaris
2606 4112 2618 4150 :
2646 4092 2733 4150 ille
2765 4098 2816 4151 in
2841 4106 2891 4153 te
2916 4096 3179 4166 laudetur,
3208 4099 3297 4170 qui
3325 4115 3420 4170 per
3441 4110 3492 4156 te
3515 4115 3711 4173 opera-

2124 4193 2226 4241 tur.
2242 4186 2357 4240 Noli
2376 4203 2502 4258 ergo
2514 4187 2578 4242 ad
2597 4187 2802 4242 laudem
2820 4197 2958 4243 tuam
2976 4190 3185 4261 operari
3204 4191 3342 4259 quod
3361 4190 3552 4247 bonum
3567 4192 3705 4263 agis,

2123 4272 2217 4332 sed
2242 4278 2306 4332 ad
2336 4270 2544 4333 laudem
2572 4276 2714 4333 illius
2742 4294 2772 4333 a
2802 4296 2904 4350 quo
2932 4274 3096 4335 habes
3123 4291 3178 4335 ut
3202 4281 3395 4336 bonum
3417 4297 3559 4353 agas.
3592 4283 3711 4337 Abs

2125 4378 2175 4423 te
2206 4369 2368 4424 habes
2389 4370 2528 4425 male
2552 4386 2711 4442 agere
2728 4412 2741 4431 ,
2766 4385 2793 4423 a
2818 4370 2930 4425 Deo
2952 4371 3117 4427 habes
3142 4370 3275 4443 bene
3303 4388 3478 4444 agere.
3501 4364 3706 4428 Contra

2124 4462 2362 4531 perversi
2392 4461 2633 4516 homines
2660 4458 2834 4516 videte
2863 4476 3020 4531 quam
3050 4462 3362 4533 prtcposteri
3390 4463 3514 4518 sint.
3546 4463 3707 4534 Quod

2122 4554 2319 4610 faciunt
2361 4555 2524 4622 bene,
2558 4554 2742 4610 volunt
2786 4554 2882 4609 sibi
2917 4556 3147 4611 tribuere
3175 4575 3188 4612 :
3214 4557 3258 4613 si
3303 4558 3438 4613 male
3481 4559 3705 4626 faciunt,

2126 4649 2289 4701 Deum
2322 4648 2503 4702 volunt
2530 4644 2800 4703 accusare.
2845 4648 3107 4703 Converte
3150 4647 3251 4703 hoc
3291 4649 3569 4706 distortum
3601 4665 3707 4706 ne-

2121 4738 2231 4794 scio
2261 4736 2384 4808 quid
2412 4747 2465 4794 et
2493 4749 2872 4809 praeposterum
2892 4782 2907 4807 ,
2933 4738 3128 4795 faciens
3156 4741 3282 4795 illud
3311 4740 3709 4813 quodammodo

2120 4830 2291 4899 capite
2329 4828 2579 4885 deorsum
2606 4847 2618 4882 :
2643 4828 2785 4901 quod
2816 4845 2999 4885 susum
3024 4830 3064 4895 ²,
3100 4830 3295 4886 faciens
3321 4833 3529 4902 jusnm;
3556 4837 3706 4903 quod

2120 4923 2369 4978 deorsum
2388 4965 2402 4988 ,
2433 4921 2630 4979 faciens
2652 4939 2883 4978 sursum.
2917 4923 3103 4979 Jusnm
3128 4925 3209 4979 vis
3235 4924 3408 4981 facere
3435 4925 3623 4995 Deum,
3644 4940 3712 4985 et

2072 5060 2077 5065 ,
2121 5026 2172 5071 te
2192 5016 2412 5071 susum?
2435 5010 2784 5088 Principitaris
2806 5058 2819 5082 ,
2848 5031 2952 5071 non
2981 5015 3208 5071 clevaris
3239 5035 3250 5069 :
3280 5017 3367 5072 ille
3388 5017 3527 5073 enim
3553 5034 3707 5073 sem-

2118 5124 2215 5179 per
2244 5123 2451 5162 sursum
2487 5115 2586 5163 est.
2618 5105 2754 5179 Quid
2799 5110 2960 5179 ergo?
2988 5116 3040 5162 tu
3072 5109 3211 5165 bene
3231 5150 3244 5174 ,
3277 5118 3330 5164 et
3358 5111 3497 5165 Deus
3523 5110 3708 5197 male?

2119 5201 2231 5255 lino
2275 5201 2375 5254 hoc
2414 5196 2530 5266 die,
2560 5202 2605 5255 si
2653 5200 2731 5255 vis
2768 5201 2949 5255 verius
2988 5200 3202 5267 dicere,
3242 5198 3353 5271 Ego
3401 5196 3565 5271 male,
3609 5201 3709 5257 ille

2117 5292 2283 5359 bene;
2316 5298 2370 5348 et
2411 5292 2551 5362 quod
2597 5306 2695 5362 ego
2738 5292 3000 5357 bene,ab
3042 5290 3137 5346 illo
3180 5291 3353 5347 bene:
3382 5308 3503 5346 nam
3549 5308 3579 5346 a
3612 5310 3709 5350 nte

2118 5386 2368 5459 quidquid
2397 5400 2494 5459 ago
2521 5384 2681 5439 male.
2719 5382 2820 5438 Ista
2847 5380 3111 5439 confessio
3148 5380 3325 5439 ﬁrmat
3351 5399 3463 5455 cor,
3494 5382 3709 5442 etfacit

2181 5526 2198 5559 ι
2224 5530 2297 5572 Er.
2321 5521 2468 5585 Lugd.
2492 5529 2612 5573 Ven.
2636 5529 2749 5572 Lov.
2772 5519 2900 5585 quod
2917 5518 3151 5585 ἀνιαροί.

2180 5586 2204 5616 ²
2224 5582 2411 5655 Aliquot
2431 5591 2537 5655 atss.
2565 5597 2668 5655 pro,
2694 5582 2820 5648 quod
2848 5582 3044 5655 8118th
3067 5584 3276 5655 habent,
3299 5582 3651 5655 qttodgsttrsum
3685 5593 3705 5634 :

2119 5654 2171 5718 _ct
2190 5645 2323 5718 mox,
2556 5645 2815 5705 deorsum;
2852 5659 2965 5709 pro,
3426 5646 3713 5718 Sicsmare

2116 5707 2474 5781 lmrbarﬁsillits
2496 5722 2642 5781 voces
2663 5707 2885 5781 constare
2908 5721 2973 5781 ex
2997 5707 3226 5780 aolidaesi
3264 5714 3469 5781 poterat,
3501 5720 3711 5758 ιωωοιι

2118 5782 2186 5839 eo_
2203 5783 2264 5820 ex
2284 5769 2389 5819 loco
2407 5777 2558 5820 tract.
2586 5768 2732 5837 10,11.
2758 5770 2825 5821 8:
2860 5778 3163 5823 «sitsumme
3177 5768 3402 5835 honor-as,
3420 5769 3585 5839 insutu
3614 5781 3711 5823 ne

2115 5833 2333 5884 calcas.»
