4076 6468
299 371 440 432 2057

297 492 600 549 dilectionis
643 491 1065 547 fundamentum.
1095 505 1222 546 .tam
1264 491 1309 546 si
1349 506 1511 564 opera
1553 500 1733 546 nostra
1761 489 1883 544 abs-

298 582 533 640 condere
570 581 826 640 debemus
849 583 989 638 bona
1008 624 1024 650 ,
1051 599 1118 638 ne
1144 582 1420 640 videantur
1456 583 1522 636 ab
1550 582 1882 648 hominibus;

297 676 390 732 ubi
416 685 497 732 est
519 675 606 732 illa
637 676 901 732 sententia
927 676 1134 730 Domini
1165 677 1214 730 in
1237 691 1301 730 eo
1323 681 1567 730 sermone
1604 690 1759 744 quem
1786 673 1882 728 ha-

297 771 415 826 buit
440 770 493 824 in
524 769 745 824 mo’n‘te?
774 767 876 824 Ubi
905 768 1005 822 hoc
1031 768 1190 833 dixit,
1221 769 1291 822 ibi
1314 777 1366 822 et
1405 768 1533 824 illud
1577 767 1732 836 paulo
1762 773 1886 820 ante

298 863 430 918 dixit
458 883 470 917 :
501 863 724 917 Luceaut
747 879 901 932 opera
923 872 1086 918 vestra
1116 863 1243 916 bona
1267 878 1435 916 coram
1478 861 1776 914 hominibus.
1823 860 1888 914 Et
1920 881 1948 886 ’-

297 971 406 1009 non
439 956 507 1009 ibi
553 955 813 1022 cessavit,
847 971 951 1009 non
1007 955 1074 1009 ibi
1127 955 1284 1009 ﬁnem
1332 953 1484 1018 fecit;
1513 952 1604 1008 sed
1649 951 1880 1021 addidit,

300 1045 368 1100 Et
394 1047 678 1118 gloriﬁcent
707 1045 915 1100 Patrem
941 1056 1155 1100 vestrum
1175 1047 1258 1116 qui
1278 1047 1330 1099 in
1353 1047 1486 1099 cazlis
1508 1043 1806 1118 cst(Matth.
1827 1060 1882 1114 ν,

300 1141 415 1208 l6).
449 1142 511 1194 Et
538 1141 823 1209 Apostolus
851 1141 974 1208 quid
1021 1139 1132 1193 ait?
1164 1139 1319 1192 Erant
1341 1149 1506 1191 autem
1534 1138 1730 1208 ignotus
1757 1139 1887 1207 facie

298 1232 540 1286 Ecclest‘is
579 1232 782 1286 Juda’a:
805 1275 816 1297 ,
843 1249 955 1302 qua:
994 1233 1044 1284 in
1088 1229 1287 1286 Christo
1328 1238 1693 1284 swzt:tuntum
1719 1239 1884 1282 autem

295 1328 556 1381 audientes
590 1337 728 1379 erant
767 1327 885 1393 quia
926 1327 1010 1395 qui
1035 1342 1124 1378 nos
1167 1323 1438 1394 aliquando
1480 1323 1881 1393 persequebatur,

296 1437 429 1472 nunc
459 1420 766 1489 crangclizat
806 1418 956 1485 ﬁdem
1003 1435 1150 1487 quam
1182 1418 1451 1487 aliquam/0
1482 1415 1736 1478 rastabat;
1764 1423 1807 1467 et
1833 1415 1886 1468 in

295 1529 373 1562 me
398 1510 788 1581 magni/imbuat
812 1510 968 1562 Deum
990 1508 1182 1582 (Calai.
1209 1525 1244 1572 ι,
1263 1507 1470 1580 Ξζὲ-ἳηί).
1499 1506 1684 1561 Videte
1701 1521 1884 1576 quem-

293 1605 582 1659 admodum
624 1615 673 1658 et
716 1605 827 1672 ipse
847 1646 860 1666 ,
891 1603 1012 1672 quia
1057 1603 1132 1656 sic
1181 1601 1434 1663 innotuit,
1465 1600 1622 1653 linem
1653 1613 1758 1652 non
1789 1613 1883 1668 po-

293 1699 463 1751 suerit
501 1697 551 1750 in
585 1695 790 1749 laudem
820 1709 966 1748 suam
989 1737 1003 1760 ,
1036 1693 1126 1748 sed
1160 1695 1208 1746 in
1237 1691 1449 1746 laudem
1479 1692 1588 1745 Dei.
1625 1691 1690 1744 Et
1714 1706 1881 1761 quan-

296 1799 407 1841 tum
433 1788 497 1842 ad
523 1789 690 1857 ipsum
722 1787 976 1856 pertinet,
1009 1794 1242 1838 vastator
1265 1783 1515 1838 Ecclesim
1536 1824 1550 1850 ,
1574 1792 1884 1854 persecutor
1911 1814 1941 1826 κ

294 1879 535 1945 invidus,
572 1879 861 1948 malignus,
893 1879 1004 1947 ipse
1053 1877 1355 1944 conﬁtetur,
1399 1891 1503 1928 non
1554 1890 1651 1928 nos
1698 1873 1882 1926 convi-

293 1975 518 2027 ciamnr.
553 1973 708 2025 Amat
757 1971 950 2024 Paulus
991 1969 1093 2024 dici
1137 1984 1166 2023 a
1210 1969 1363 2023 nobis
1409 1977 1624 2038 peccata
1667 1982 1796 2031 sua,
1827 1976 1883 2020 ut

294 2066 620 2133 gloriﬁcctur
646 2064 732 2118 ille
763 2063 849 2133 qui
896 2062 1054 2118 talem
1097 2063 1339 2116 morbum
1367 2062 1590 2115 sanavit.
1619 2057 1880 2130 Magnitu-

292 2157 473 2210 dinem
501 2158 639 2210 enim
666 2155 896 2209 vulneris
916 2169 1105 2209 manus
1134 2154 1321 2207 medici
1352 2154 1551 2216 secuit,
1576 2162 1629 2208 et
1654 2153 1878 2207 sanavit.

295 2250 409 2303 Vox
438 2249 524 2303 illa
570 2249 636 2302 de
667 2249 808 2303 caelo
851 2249 1140 2317 prostravit
1168 2256 1554 2316 persecutorem
1574 2288 1588 2313 ,
1618 2255 1670 2300 et
1712 2246 1882 2300 erexit
1907 2265 1963 2292 ιο

293 2340 732 2408 praedicatorem;
767 2339 962 2393 occidit
988 2337 1204 2392 Saulum
1230 2381 1244 2404 ,
1278 2346 1331 2392 et
1351 2337 1629 2392 viviticavit
1660 2337 1880 2391 Paulum

297 2437 309 2484 ι
335 2432 444 2484 Act.
479 2430 582 2500 ix).
614 2430 738 2484 Saul
785 2431 925 2482 enim
971 2438 1277 2498 persecutor
1322 2437 1437 2482 crat
1482 2428 1648 2482 sancti
1695 2427 1791 2479 viri
1819 2425 1879 2496 (l

296 2523 423 2594 Reg.
461 2521 604 2595 xix);
633 2504 752 2576 inde
775 2537 966 2576 nomen
995 2521 1222 2575 habebat
1245 2521 1341 2575 iste
1361 2520 1571 2590 quando
1591 2535 1882 2590 perseque-

295 2615 448 2667 batur
472 2613 803 2668 Christianos
834 2631 844 2665 :
871 2623 1050 2682 postea
1078 2614 1144 2667 de
1171 2612 1329 2668 Saulo
1359 2615 1524 2665 factus
1567 2622 1648 2666 est
1686 2611 1880 2665 Paulus

295 2716 429 2775 (Act.
459 2723 549 2761 xm
573 2749 587 2773 ,
612 2706 686 2779 9).
710 2707 847 2775 Quid
872 2716 951 2760 est
980 2705 1206 2760 Paulus?
1231 2706 1482 2760 Modicus.
1511 2705 1648 2774 Ergo
1670 2705 1879 2776 quando
1907 2741 1936 2746 —

292 2800 514 2861 Saulus,
549 2798 807 2870 snperbus
831 2840 846 2864 ,
883 2799 1052 2852 elatus
1081 2817 1094 2852 :
1122 2785 1330 2867 quando
1374 2797 1598 2861 Paulus,
1634 2795 1875 2866 humilis,

293 2889 553 2944 modicus.
585 2888 706 2943 ideo
728 2889 804 2942 sic
831 2888 1116 2958 loquimur,
1152 2888 1314 2941 Paulo
1340 2895 1461 2956 post
1487 2886 1677 2940 videbo
1709 2895 1792 2950 te,
1827 2883 1877 2940 id

293 2991 408 3046 est,
439 2992 556 3051 post
601 2983 885 3036 modicum.
935 2981 1069 3035 Audi
1111 2982 1230 3050 quia
1276 2980 1514 3035 modicus
1562 2980 1728 3035 factus
1757 2991 1875 3034 est:

295 3073 404 3145 Ego
426 3076 558 3128 enim
578 3092 688 3128 sum
711 3077 947 3128 minimus
969 3075 1325 3144 Apostolorum
1353 3074 1393 3143 (I
1417 3072 1534 3128 Cor.
1559 3089 1650 3141 xv,
1678 3073 1731 3144 9)
1755 3091 1768 3137 ;
1800 3080 1874 3140 et,

295 3167 425 3219 Mihi
445 3168 653 3220 minimo
675 3169 899 3221 euntium
919 3177 1227 3231 sanctormn,
1251 3167 1376 3220 dicit
1403 3167 1507 3219 alio
1529 3168 1641 3222 loco
1660 3167 1872 3240 (Ephcs.
1907 3193 1940 3220 εί

291 3273 382 3325 ιιι,
412 3259 490 3329 8).
522 3259 610 3313 Sic
641 3269 756 3314 erat
796 3261 934 3313 inter
961 3259 1244 3328 Apostolos
1274 3270 1520 3328 tanquam
1547 3259 1750 3312 ﬁmbria
1783 3271 1876 3313 ve-

291 3351 527 3406 stimenti
543 3367 558 3404 ι
575 3351 666 3405 sed
691 3353 858 3421 tetigit
883 3350 1118 3405 Ecclesia
1141 3350 1387 3404 Gentium
1409 3359 1656 3420 tanquam
1678 3351 1878 3404 fluxum

292 3442 520 3510 patiens,
549 3450 605 3496 et
626 3447 815 3497 sanata
838 3451 924 3497 est
946 3441 1160 3510 (Matth.
1196 3457 1244 3496 ix
1270 3481 1282 3503 ,
1307 3440 1518 3511 20-29.).

360 3536 414 3590 5.
457 3534 632 3604 Ergo,
677 3533 867 3591 fratres
891 3574 906 3600 ,
937 3535 1041 3588 hoc
1077 3533 1336 3599 dixerim,
1369 3533 1468 3586 hoc
1503 3532 1656 3597 dico,
1693 3533 1792 3587 hoc
1832 3533 1879 3587 si

292 3643 503 3699 possem
541 3644 646 3683 non
671 3638 902 3683 tacerem
937 3647 948 3682 :
978 3643 1136 3698 opera
1166 3627 1323 3681 modo
1345 3627 1432 3681 illa
1464 3626 1570 3680 sint
1611 3627 1663 3680 in
1692 3627 1840 3680 vobis
1861 3667 1875 3690 ,
1915 3650 1939 3657 --

294 3725 452 3778 modo
479 3724 598 3791 illa,
627 3738 721 3793 pro
746 3732 983 3792 tempore
1001 3763 1017 3788 ,
1041 3737 1138 3792 pro
1169 3721 1342 3785 horis,
1369 3736 1463 3789 pro
1483 3720 1688 3774 diebus.
1718 3719 1880 3772 Num-

294 3819 414 3888 quid
449 3831 665 3886 seraper
693 3817 869 3888 loqui?
887 3815 1140 3885 numquid
1166 3829 1376 3883 semper
1397 3813 1607 3867 tacere?
1627 3813 1880 3882 numquid

295 3923 508 3978 semper
532 3911 754 3962 reﬁcere
792 3905 1298 3977 corpus?nnmquid
1343 3919 1554 3974 semper
1602 3903 1881 3973 jejunare?

295 4002 550 4072 numquid
580 4015 791 4070 semper
824 4016 1011 4070 panem
1039 4001 1166 4053 dare
1201 3997 1411 4069 egenti?
1447 3997 1704 4066 numquid
1741 4012 1880 4050 sem-

296 4110 388 4164 per
405 4095 608 4149 nudum
625 4095 854 4150 vestire?
873 4093 1124 4162 numquid
1150 4109 1259 4147 sem
1269 4109 1360 4162 per
1380 4101 1608 4162 aegrotos
1629 4091 1880 4146 visitare?
1910 4107 1931 4132 ια

297 4187 551 4257 numquid
580 4201 792 4256 semper
823 4185 1194 4240 discordantes
1237 4185 1599 4238 concordare?
1630 4182 1882 4252 numquid

297 4293 508 4348 semper
527 4289 765 4333 mortuos
791 4277 1052 4348 sepelire?
1078 4277 1232 4331 Modo
1258 4276 1406 4339 illud,
1432 4277 1591 4331 modo
1617 4275 1764 4330 illud.
1801 4276 1884 4330 ln-

297 4370 558 4425 choantur
612 4371 743 4437 ista,
771 4380 828 4425 et
874 4379 1087 4426 cessant
1131 4386 1144 4422 :
1185 4369 1278 4423 ille
1334 4377 1507 4422 autem
1561 4369 1881 4437 imperator,

302 4481 395 4520 nec
427 4465 739 4530 inchoatur,
762 4480 863 4519 nec
891 4477 1102 4518 cessare
1129 4462 1306 4517 debet.
1337 4460 1582 4516 Charitas
1611 4462 1750 4514 intus
1777 4475 1882 4514 non

302 4562 720 4617 intermittatur:
749 4561 920 4616 ofﬁcia
974 4559 1248 4615 charitatis
1304 4573 1399 4626 pro
1444 4564 1686 4624 tempore
1737 4554 1922 4608 exui--

303 4655 548 4710 beantur.
571 4655 807 4716 Charitas
849 4669 975 4724 ergo
996 4695 1010 4718 ,
1041 4655 1182 4708 sicut
1210 4651 1466 4721 scriptum
1509 4658 1595 4704 est
1617 4691 1631 4714 ,
1663 4651 1887 4720 fraterna

306 4756 594 4814 permaneat
619 4745 802 4818 (Hebr.
827 4760 939 4808 xnt,
969 4746 1034 4813 ι).

370 4841 422 4894 4.
454 4840 720 4894 Fortassis
767 4847 941 4892 autem
997 4835 1225 4892 moverit
1269 4834 1476 4904 aliquos
1506 4841 1775 4897 vestrum,
1822 4847 1886 4886 ex

307 4947 409 5000 quo
437 4932 593 4984 istam
638 4931 932 5000 Epistulam
979 4929 1116 4982 beati
1157 4926 1376 4981 Joannis
1403 4934 1691 4980 tractamus
1715 4926 1884 4986 vobis,

309 5039 469 5092 quare
516 5037 624 5076 non
674 5020 1128 5078 commendavcrlt
1175 5020 1404 5074 maxime
1455 5020 1552 5073 nisi
1603 5018 1888 5072 fraternam
1923 5033 1939 5060 τι

307 5115 644 5170 charitatem.
677 5115 776 5182 Qui
805 5114 970 5186 diligit
994 5117 1199 5184 fratrem
1223 5112 1267 5180 (l
1296 5112 1453 5164 Joan.
1492 5125 1550 5174 ιι,
1589 5110 1694 5182 l0),
1727 5111 1887 5176 dicit;

310 5219 377 5275 et,
435 5208 754 5279 Pra'ceptum
783 5207 924 5260 nobis
952 5207 1232 5267 estdatum,
1263 5215 1318 5256 ut
1367 5204 1636 5272 diligamus
1683 5203 1892 5255 invicem

311 5304 419 5367 (id.
437 5319 514 5367 ιιι,
540 5301 656 5372 25).
684 5301 907 5356 Assidue
924 5298 1214 5355 nominavit
1235 5297 1544 5351 charitatem
1563 5294 1848 5348 fraternam
1875 5310 1889 5348 :

313 5398 404 5451 Dei
432 5406 610 5451 autem
658 5395 994 5457 charitatem,
1045 5391 1098 5445 id
1136 5400 1219 5445 est
1249 5403 1352 5459 qua
1397 5389 1653 5443 debemus
1674 5387 1894 5457 diligere

315 5491 502 5556 Deum,
535 5504 640 5543 non
686 5495 795 5543 tam
827 5485 1040 5540 assidue
1069 5481 1388 5545 nominavit;
1442 5480 1534 5534 sed
1578 5489 1756 5534 tamen
1789 5494 1895 5533 non

312 5584 534 5638 omnino
563 5580 744 5637 tacuit.
773 5579 848 5633 De
875 5575 1072 5632 inimici
1094 5589 1222 5629 vero
1251 5571 1534 5627 dilectione
1559 5583 1780 5640 prorsus
1810 5578 1894 5623 ta-

311 5681 422 5733 cuit
465 5689 633 5747 prope
660 5688 760 5745 per
786 5679 950 5728 totam
997 5670 1166 5740 ipsam
1217 5665 1531 5736 Epistulam.
1571 5663 1704 5718 Cum
1734 5663 1897 5718 vehe-

315 5779 528 5828 menter
564 5767 723 5824 nobis
765 5765 1036 5837 praedicet,
1082 5759 1523 5828 commendetque
1564 5758 1896 5820 charitatem,

317 5876 423 5920 non
449 5859 610 5918 nobis
629 5858 763 5916 dicit
786 5864 845 5914 ut
862 5855 1145 5927 diligamus
1179 5849 1451 5916 inimicos;
1477 5848 1574 5906 sed
1598 5848 1727 5905 dicit
1748 5848 1901 5906 nobis

1434 372 1841 433 TRACTATUS
1879 369 2017 429 Vlll.
2072 373 2298 436 CAPUT
2335 375 2422 436 ιν.

3433 392 3574 449 2058

1999 501 2053 543 ιιι
2079 489 2266 549 fratres
2291 495 2589 566 diligamus.
2617 497 2772 556 Modo
2805 516 2930 557 vero
2955 517 3076 558 cum
3117 502 3462 576 Evangelium
3499 510 3578 564 le-

1993 591 2225 652 geretur,
2257 587 2576 657 audivimus,
2605 590 2664 646 Si
2714 593 2845 648 enim
2879 594 3090 666 diligitis
3120 613 3202 652 eos
3244 599 3327 668 qui
3353 615 3436 653 vos
3457 601 3576 654 dili-

1992 684 2134 742 gunt,
2166 693 2314 744 quam
2335 682 2606 736 mercedem
2633 682 2916 740 habebitis?
2945 703 3108 744 nonne
3128 698 3173 741 et
3195 688 3455 759 publicani
3484 691 3577 746 hoc

1993 766 2181 836 faciunt
2199 765 2405 839 (Matth.
2426 788 2479 838 v,
2500 772 2624 845 46)?
2644 775 2781 845 Quid
2809 779 3066 851 estigitur
3091 780 3230 850 quod
3263 797 3356 849 pro
3384 797 3578 852 magno

1995 857 2145 912 nobis
2180 859 2245 913 ad
2287 861 2664 930 perfectionem
2703 870 2985 938 quamdam
3013 870 3298 926 fraternam
3334 871 3578 930 dilectio-

1994 965 2114 1004 nem
2137 953 2472 1008 commendat
2496 956 2729 1014 Joannes
2765 962 3074 1031 apostolus;
3109 964 3369 1020 Dominus
3395 975 3576 1022 autem

1993 1041 2121 1097 dicit
2140 1061 2243 1098 non
2267 1047 2418 1101 nobis
2449 1049 2693 1108 sufﬁcere
2736 1061 2791 1108 ut
2817 1055 3005 1110 fratres
3028 1055 3329 1126 diligamus,
3359 1057 3454 1113 sed
3481 1058 3576 1114 de-

1995 1133 2116 1189 bere
2148 1151 2242 1191 nos
2286 1140 2573 1196 extendere
2616 1144 2780 1212 ipsam
2818 1147 3180 1216 dilectionem,
3210 1158 3268 1206 ut
3294 1152 3572 1220 perveniao

1993 1241 2108 1280 mus
2138 1225 2202 1281 ad
2249 1229 2538 1286 inimicos?
2580 1233 2679 1304 Qui
2708 1253 2871 1306 usque
2909 1239 2974 1294 ad
3019 1240 3262 1296 inimicos
3309 1243 3572 1312 pervenit,

1941 1355 1953 1366 ..
1992 1334 2094 1372 non
2129 1324 2352 1378 transilit
2384 1325 2398 1355 ί
2444 1325 2654 1384 fratres.
2701 1330 2928 1387 Necesse
2962 1341 3044 1390 est
3081 1336 3217 1391 sicut
3247 1337 3400 1406 ignis,
3431 1339 3578 1407 prius

1991 1424 2214 1483 occupet
2260 1419 2497 1486 proxima
2519 1463 2534 1487 ,
2562 1431 2614 1477 et
2642 1424 2718 1478 sic
2735 1442 2791 1479 sc
2822 1427 2872 1480 in
2891 1427 3258 1498 longinquiora
3285 1431 3574 1487 distendat.

1991 1506 2342 1580 Propinquior
2367 1525 2449 1569 est
2489 1516 2579 1570 tibi
2614 1518 2772 1574 frater
2814 1537 2975 1592 quam
3014 1524 3194 1578 nescio
3239 1526 3357 1595 quis
3391 1527 3573 1581 homo.

1991 1599 2192 1655 Rursus
2239 1604 2330 1657 tibi
2369 1609 2535 1676 magis
2566 1609 2803 1666 adlueret
2852 1614 2939 1669 ille
2986 1631 3142 1686 quem
3190 1633 3293 1672 non
3324 1634 3574 1686 noveras,

1989 1694 2076 1762 qui
2105 1695 2194 1750 tibi
2249 1708 2420 1753 tamen
2468 1717 2571 1756 non
2615 1704 2948 1771 adversatur,
2981 1725 3138 1778 quam
3184 1711 3428 1767 inimicus
3485 1713 3576 1782 qui

1989 1786 2149 1872 etiam
2197 1789 2531 1846 adversatur.
2575 1794 2816 1850 Extende
2845 1798 3178 1855 dilectionem
3202 1800 3254 1854 in
3281 1802 3575 1872 proximos,

1989 1893 2089 1934 nec
2119 1896 2277 1936 voces
2320 1885 2463 1939 illam
2495 1890 2882 1944 extensionem.
2915 1891 3088 1961 Prope
3117 1894 3257 1948 enim
3298 1901 3350 1948 te
3379 1894 3575 1964 diligis,

1987 1973 2072 2042 qui
2105 1989 2196 2028 eos
2217 1975 2388 2047 diligis
2412 1980 2501 2048 qui
2532 1981 2621 2034 tibi
2653 1981 2947 2037 adlncrcnt.
2972 1984 3216 2040 Extende
3251 1985 3318 2040 ad
3346 1987 3573 2056 ignotos,

1987 2065 2075 2133 qui
2125 2067 2214 2121 tibi
2252 2068 2381 2122 nihil
2436 2071 2560 2124 mali
2615 2073 2869 2130 fecerunt.
2925 2076 3265 2133 Transcende
3308 2086 3361 2132 et
3390 2078 3572 2148 ipsos;

1988 2157 2225 2225 perveni,
2249 2168 2305 2213 ut
2331 2160 2516 2231 diligas
2542 2163 2799 2220 inimicos.
2826 2166 2937 2222 Hoc
2958 2177 3102 2223 certe
3120 2169 3375 2224 Dominus
3401 2169 3572 2239 jubet.

1986 2247 2159 2316 Quare
2182 2250 2284 2305 iste
2307 2254 2467 2307 tacuit
2492 2255 2558 2309 de
2587 2257 2870 2313 dilectione
2891 2259 3088 2314 inimici
3111 2262 3133 2314 ?

2057 2346 2108 2397 5.
2132 2345 2313 2399 ()muis
2331 2346 2563 2413 dilectio,
2582 2350 2692 2405 sive
2715 2368 2832 2421 qu:e
2857 2354 3083 2408 carnalis
3099 2353 3308 2420 dicitur,
3334 2370 3451 2424 quae
3469 2369 3577 2410 non

1985 2434 2216 2500 dilectio,
2233 2437 2322 2491 sed
2348 2439 2512 2508 magis
2531 2455 2682 2494 amor
2699 2441 2800 2495 dici
2825 2443 2956 2496 solet
2977 2442 3306 2516 (dilectionis
3326 2445 3466 2498 enim
3491 2459 3579 2498 no-

1985 2545 2107 2582 men
2126 2531 2288 2598 magis
2310 2531 2446 2606 solet
2463 2532 2515 2586 in
2535 2534 2839 2588 melioribus
2857 2537 3014 2590 rebus
3035 2536 3160 2600 diei,
3195 2537 3244 2590 in
3270 2536 3577 2594 melioribus

1984 2621 2173 2692 accipi)
2196 2644 2205 2676 :
2227 2635 2399 2680 tamen
2420 2628 2590 2698 (minis
2605 2628 2835 2693 dilectio,
2861 2629 3050 2683 fratres
3063 2630 3379 2696 charissimi,
3395 2632 3577 2700 utique

1983 2717 2403 2771 benevolentiam
2423 2719 2704 2789 quamdam
2726 2720 2881 2774 habet
2901 2737 3021 2790 erga
3041 2736 3134 2775 eos
3154 2721 3240 2790 qui
3263 2722 3573 2790 diliguntur.

1985 2807 2094 2862 Non
2119 2809 2259 2862 enim
2281 2808 2355 2862 sic
2376 2801 2630 2864 debenms
2651 2811 2870 2880 diligere
2894 2813 3158 2877 homines,
3176 2822 3266 2867 aut
3286 2814 3361 2866 sic
3384 2828 3574 2883 possu-

1982 2890 2100 2954 mus
2117 2901 2355 2971 diligere,
2377 2902 2455 2956 vel
2470 2919 2676 2968 amare;
2702 2903 2800 2957 hoc
2813 2905 2951 2957 enim
2971 2905 3132 2958 verbo
3159 2905 3315 2958 etiam
3349 2919 3472 2958 usus
3491 2913 3575 2979 est

1984 2990 2240 3046 Dominus
2261 3005 2380 3046 cum
2403 2993 2622 3060 diceret,
2654 2992 2823 3059 Petre,
2851 3011 2993 3048 antas
3011 3012 3085 3048 me
3106 2995 3281 3067 (Joan.
3312 3011 3424 3058 χιιι,
3448 2996 3572 3067 l7)?

1983 3099 2086 3136 non
2130 3085 2205 3138 sic
2232 3083 2483 3138 debemus
2522 3102 2700 3140 amare
2743 3087 3002 3154 homines,
3027 3087 3294 3156 quomodo
3329 3087 3573 3143 audimus

1981 3177 2195 3245 gulosos
2216 3177 2414 3241 dicere,
2439 3179 2573 3232 Amo
2600 3178 2799 3232 turdos.
2819 3177 3022 3246 Quaeris
3038 3179 3234 3248 quare?
3261 3178 3327 3234 Ut
3345 3179 3571 3244 occidat,

1984 3277 2036 3323 et
2051 3280 2345 3324 consumat.
2375 3273 2436 3324 Et
2461 3287 2639 3324 amare
2664 3288 2720 3326 se
2745 3272 2888 3336 dicit,
2913 3281 2964 3326 et
2991 3272 3057 3326 ad
3091 3271 3189 3325 hoc
3215 3272 3333 3325 illos
3360 3280 3501 3326 amat
3519 3282 3576 3326 ιιι

1985 3378 2089 3415 non
2119 3364 2244 3430 sint,
2277 3363 2342 3416 ad
2375 3364 2475 3417 hoc
2519 3373 2660 3417 amat
2712 3372 2767 3418 ut
2808 3364 3051 3434 perimat.
3107 3363 3172 3417 Et
3200 3362 3453 3434 quidquid
3507 3363 3575 3417 ad

1984 3459 2264 3512 cibandnm
2297 3476 2558 3526 amamus,
2601 3459 2666 3514 ad
2700 3457 2801 3513 hoc
2831 3475 3097 3522 amamus,
3149 3467 3204 3512 ut
3231 3457 3358 3512 illud
3385 3472 3576 3512 consu-

1986 3564 2180 3620 matur,
2213 3563 2263 3607 et
2289 3569 2386 3607 nos
2414 3554 2737 3607 reﬁciamur.
2779 3552 3042 3621 Numquid
3070 3551 3147 3606 sic
3193 3551 3406 3612 amandi
3451 3557 3579 3606 sunt

1986 3645 2248 3708 homines,
2282 3657 2529 3715 tanquam
2553 3644 2896 3698 consumendi
2915 3645 2936 3698 ?
2958 3643 3062 3698 Sed
3081 3643 3310 3697 amicitia
3331 3641 3577 3712 quatdam

1987 3737 2365 3790 benevolentiae
2395 3746 2474 3790 est
2506 3739 2546 3801 ⁸,
2588 3747 2644 3789 ιιι
2690 3735 2974 3805 aliquando
2999 3745 3309 3804 pratstemus
3339 3734 3415 3789 eis
3440 3747 3576 3804 quos

1986 3845 2245 3884 amamus.
2270 3829 2405 3896 Quid
2427 3870 2441 3894 ,
2476 3829 2518 3882 si
2544 3845 2649 3882 non
2676 3829 2742 3880 sit
2761 3825 2904 3900 quod
2926 3825 3278 3896 ριίυειιξιιιιιεῖ
3316 3824 3440 3878 Sola
3476 3823 3573 3878 be--

1986 3923 2284 3977 nevolentia
2315 3920 2507 3975 sulficit
2532 3919 2749 3974 amanti.
2786 3917 2900 3972 Non
2940 3918 3082 3974 enim
3110 3925 3295 3986 optare
3319 3915 3574 3970 debemus

1985 4030 2103 4069 esse
2132 4016 2373 4077 miseros,
2408 4021 2465 4068 ιιι
2508 4014 2770 4082 possimus
2791 4025 3042 4066 exercere
3079 4025 3240 4078 Opera
3273 4007 3575 4062 misericor-

1987 4106 2104 4159 diae.
2133 4105 2234 4159 Das
2258 4119 2447 4174 [ianem
2478 4102 2733 4156 esurienti
2763 4119 2775 4154 :
2808 4101 2899 4156 sed
2931 4101 3120 4155 melius
3146 4115 3304 4154 nemo
3324 4098 3572 4164 esuriret,

1987 4209 2039 4255 et
2061 4200 2186 4255 nulli
2215 4200 2389 4255 dares.
2438 4197 2610 4252 Vestis
2640 4195 2838 4250 nudum
2872 4214 2883 4248 :
2916 4195 3116 4250 utinam
3160 4207 3350 4246 omnes
3398 4189 3578 4246 vestiti

1991 4305 2191 4356 essent,
2227 4302 2279 4346 et
2305 4339 2308 4342 .
2334 4309 2437 4346 non
2491 4300 2634 4346 esset
2674 4290 2774 4343 ista
2812 4288 3139 4343 necessitas!
3183 4287 3387 4357 Sepelis
3429 4300 3576 4339 mor-

1993 4396 2139 4441 tuum
2173 4405 2185 4440 :
2217 4386 2417 4439 utinam
2466 4381 2642 4437 veniat
2682 4380 2963 4450 aliquando
3013 4380 3102 4433 illa
3146 4379 3249 4432 vita
3302 4377 3388 4431 ubi
3419 4390 3578 4430 nemo

1992 4480 2248 4532 moriatur
2272 4478 2283 4530 !
2313 4475 2618 4531 Coucordas
2645 4473 2909 4544 litigantes
2936 4491 2947 4524 :
2975 4472 3174 4525 utinam
3197 4468 3479 4539 aliquando
3511 4468 3580 4521 sit

1993 4585 2093 4638 pax
2122 4567 2209 4621 illa
2239 4576 2436 4621 arterna
2462 4566 2780 4628 Jerusalem,
2820 4565 2904 4618 ubi
2928 4579 3086 4618 nemo
3113 4558 3415 4615 discordet!
3451 4557 3578 4612 llaec

1993 4663 2134 4714 enim
2163 4659 2338 4712 omnia
2363 4658 2536 4712 ofﬁcia
2567 4657 2943 4711 necessitatum
2968 4664 3109 4709 sunt.
3143 4651 3290 4707 Tolle
3318 4651 3577 4713 miseros;

1993 4753 2277 4806 cessabunt
2314 4765 2474 4820 opera
2517 4748 2917 4803 misericordim.
2973 4747 3144 4817 Opera
3197 4742 3578 4798 misericordia:

1993 4845 2315 4910 cessabunt;
2354 4843 2605 4914 numquid
2659 4843 2818 4897 ardor
2852 4841 3124 4897 charitatis
3168 4836 3576 4910 exstinguetur?

1997 4939 2312 4994 Gcrmanius
2353 4951 2499 4991 amas
2539 4936 2749 4992 felicem
2808 4935 3095 4998 hominem,
3143 4932 3229 4986 cui
3267 4947 3370 4984 non
3417 4930 3580 4984 habes

1997 5031 2137 5101 quod
2170 5039 2416 5099 praestes;
2446 5029 2627 5098 purior
2651 5029 2738 5082 ille
2764 5041 2914 5084 amor
2938 5025 3058 5088 erit,
3090 5025 3357 5092 multoque
3406 5022 3586 5075 since-

1997 5125 2128 5178 rior.
2153 5122 2282 5176 Nam
2306 5123 2347 5175 si
2373 5120 2682 5191 praestiteris
2714 5119 2907 5171 misero
2926 5157 2941 5180 ,
2975 5114 3214 5168 fortassis
3243 5112 3502 5167 extollere
3533 5119 3585 5166 te

1999 5217 2148 5285 cupis
2173 5214 2427 5268 adversus
2458 5228 2601 5277 eum,
2648 5219 2700 5264 et
2723 5225 2842 5263 eum
2869 5207 2959 5261 tibi
2993 5208 3070 5260 vis
3099 5220 3218 5259 esse
3247 5203 3542 5273 subjectum
3567 5245 3582 5272 ,

2000 5309 2089 5380 qui
2119 5317 2304 5362 auctor
2331 5317 2410 5361 est
2438 5307 2510 5360 tui
2537 5302 2779 5359 beneﬁcii
2811 5301 2850 5353 ³.
2891 5301 2983 5355 Ille
3011 5299 3249 5368 indiguit,
3299 5307 3353 5351 tu
3383 5297 3584 5368 imper-

2004 5401 2124 5455 titus
2140 5415 2234 5465 es;
2260 5400 2407 5470 quasi
2438 5397 2606 5467 major
2636 5394 2830 5450 videris
2860 5395 2982 5465 quia
3014 5402 3067 5447 tu
3095 5391 3402 5463 praestitisti,
3427 5405 3585 5462 quam

2067 5582 2085 5611 ί
2111 5587 2209 5636 Er.,
2245 5573 2476 5627 transibit.
2543 5577 2599 5619 Μ.
2907 5630 2919 5641 ,
3517 5624 3530 5636 .
3615 5590 3620 5598 ν

2068 5645 2088 5676 ²
2111 5651 2182 5691 Er.
2204 5639 2351 5704 Lugd.
2377 5646 2495 5688 ven.
2520 5641 2651 5695 bov.,
2669 5631 2753 5685 sed
2775 5630 2987 5684 ωηῡαιόα
3004 5627 3217 5694 quadam
3239 5626 3594 5690 benevolum

2005 5712 2092 5801 ω’*
2114 5711 2308 5828 signem
2324 5757 2592 5833 nisshquia
2612 5765 2776 5810 auctor
2798 5769 2849 5809 es
2871 5755 2943 5810 tui
3227 5749 3314 5802 Am
3336 5757 3462 5814 1³⁵88»
3479 5763 3596 5815 quia

2008 5821 2246 5893 auctores
2267 5833 2320 5880 tu
2332 5821 2567 5888 beneﬁcii.
