4076 6524
439 346 584 406 2039

442 464 534 519 ille
558 464 645 521 cui
669 463 965 536 praestitum
989 469 1092 520 est.
1123 463 1259 534 Opta
1287 462 1566 534 aequalem,
1607 469 1668 516 ut
1718 459 1879 515 ambo
1926 458 2028 515 sub

439 571 546 610 uno
568 556 688 612 sitis
712 555 799 612 cui
830 557 962 612 nihil
987 555 1232 628 praestari
1259 563 1453 626 potest.

513 647 566 704 6.
608 647 740 704 Nam
784 649 838 704 in
859 647 962 704 hoc
990 649 1219 705 excessit
1247 647 1464 702 modum
1486 645 1713 717 superba
1741 645 1938 713 anima,
1975 653 2031 699 et

435 742 852 816 quodammodo,
884 757 1042 797 avara
1063 740 1191 807 fuit;
1215 739 1336 810 quia
1359 737 1508 792 radix
1531 739 1755 792 omnium
1781 736 2030 792 malorum

437 836 654 892 avaritia
703 833 860 910 (Tim.
907 850 979 899 γι,
1040 832 1151 903 10).
1190 831 1258 886 Et
1287 833 1412 886 item
1452 831 1650 886 dictum
1683 838 1784 896 est,
1817 827 2030 884 Initium

438 932 604 988 omnis
633 929 823 1001 peccati
851 928 1086 997 superbia
1118 924 1304 999 (Eccli.
1331 943 1386 994 x,
1409 926 1593 995 i5).Et
1613 924 1902 996 quaerimus
1927 923 2026 978 ali-

444 1025 652 1097 quando
672 1023 938 1095 quomodo
954 1021 1052 1076 sibi
1081 1020 1407 1076 concordent
1434 1019 1549 1075 istae
1566 1018 1684 1074 duae
1713 1017 2025 1072 sententiae:

441 1119 612 1174 Radix
650 1117 874 1170 omnium
913 1115 1161 1169 malorum
1204 1114 1422 1168 avaritia
1443 1128 1463 1176 ;
1495 1120 1566 1178 et,
1616 1109 1831 1165 Initium
1867 1111 2042 1183 omnis.

436 1211 630 1283 peccati
675 1208 927 1276 superbia.
961 1206 1016 1263 Si
1061 1207 1266 1262 initium
1308 1205 1484 1262 omnis
1513 1205 1712 1276 peccati
1744 1203 2024 1274 superbia,

437 1302 585 1357 radix
634 1300 870 1355 omnium
914 1299 1176 1354 malorum
1231 1297 1476 1368 superbia
1528 1303 1628 1352 est.
1671 1297 1830 1353 Certe
1875 1294 2028 1351 radix
2055 1317 2096 1343 ιο

434 1393 670 1447 υιηηίυιη
711 1392 976 1446 malorum
1017 1391 1235 1445 avaritia
1273 1398 1390 1445 est:
1423 1389 1722 1444 invenimus
1775 1395 1828 1442 et
1853 1387 1906 1442 in
1932 1401 2024 1442 su-

432 1485 615 1555 perbia
645 1483 920 1539 avaritiam
965 1499 1115 1550 esse;
1157 1483 1385 1538 excessit
1420 1482 1562 1537 enim
1594 1480 1810 1536 modum
1844 1480 2021 1535 homo.

435 1579 569 1648 Quid
601 1587 684 1634 est
729 1594 948 1634 avarum
986 1579 1148 1634 esse?
1179 1576 1434 1647 Progredi
1461 1576 1598 1630 ultra
1620 1589 1779 1646 quam
1805 1572 2023 1630 sufficit.

433 1675 601 1728 Adam
631 1674 877 1743 superbia
902 1671 1125 1728 cecidit:
1151 1671 1364 1725 Initium
1381 1670 1542 1724 omnis
1564 1667 1753 1740 peccati
1768 1666 2024 1738 superbia,

434 1767 623 1837 inquit.
655 1766 922 1837 Numquid
944 1766 1200 1819 avaritia?
1227 1763 1362 1834 Quid
1395 1763 1605 1818 avarius
1628 1761 1740 1827 illo,
1772 1760 1857 1815 cui
1886 1760 2028 1814 Deus
2059 1786 2078 1792 ~

434 1859 682 1914 sufficere
726 1875 831 1914 non
874 1858 1081 1928 potuit?
1113 1858 1253 1927 Ergo
1273 1899 1287 1921 ,
1321 1856 1514 1911 fratres
1534 1897 1549 1921 ,
1579 1853 1809 1924 legimus
1836 1867 2027 1923 quem-

438 1950 725 2004 admodum
761 1951 926 2004 lactus
957 1949 1027 2004 sit
1061 1950 1220 2002 homo
1246 1948 1311 2002 ad
1341 1947 1624 2018 imaginem
1646 1955 1702 2001 et
1726 1944 2030 2001 similitudi-

442 2058 590 2096 nem.
629 2042 720 2096 Dei
753 2061 765 2096 :
794 2051 847 2097 et
866 2042 990 2112 quid
1025 2042 1093 2096 de
1122 2041 1210 2095 illo
1237 2040 1371 2095 dixit
1398 2040 1575 2094 Deus?
1597 2038 1664 2092 Et
1685 2037 1865 2092 habeat
1891 2049 2029 2107 pote-

434 2145 612 2191 statem
635 2137 848 2207 piscium
871 2137 1044 2203 maris,
1072 2144 1118 2189 et
1148 2136 1424 2190 volatilium
1469 2133 1601 2202 caeli,
1631 2143 1676 2189 et
1699 2135 1923 2189 omnium
1943 2151 2030 2206 pe-

435 2243 610 2281 corum
633 2244 744 2299 quae
763 2238 943 2300 repunt
963 2244 1114 2297 super
1137 2237 1322 2280 terram
1346 2225 1501 2300 (Gen.
1528 2244 1564 2293 ι,
1595 2225 1712 2297 26).
1762 2224 2028 2296 Numquid
2053 2247 2068 2275 :

434 2321 587 2387 dixit,
638 2320 838 2376 llabeat
880 2328 1194 2390 potestatem
1227 2318 1542 2372 hominum?
1594 2317 1793 2372 Habeat
1822 2327 2032 2388 potesta-

434 2423 554 2474 tem,
580 2414 655 2466 ait
684 2430 696 2464 :
725 2412 871 2466 dedit
925 2421 1242 2482 potestatem
1285 2411 1604 2466 naturalem.
1651 2410 1889 2480 Quorum
1935 2410 2029 2464 ha~

434 2506 561 2560 beat
609 2505 975 2575 potestatem?
1023 2503 1250 2558 Piscium
1280 2505 1455 2568 maris,
1488 2502 1768 2557 votatilium
1797 2503 1908 2558 caeli
1932 2545 1946 2568 ,
1981 2511 2031 2557 et

437 2599 664 2652 omnium
689 2599 966 2670 repentium
1010 2613 1124 2668 qua:
1163 2606 1343 2668 repunt
1397 2613 1547 2667 super
1596 2605 1801 2651 terram.
1856 2595 2033 2665 Quare

437 2689 555 2744 haec
579 2698 661 2745 est
689 2689 945 2744 naturalis
967 2696 1203 2758 potestas
1228 2687 1458 2742 hominis
1486 2687 1537 2742 in
1566 2687 1846 2756 isla?Quia
1873 2687 2034 2742 homo

435 2796 504 2836 ex
533 2796 598 2836 eo
625 2781 784 2835 habet
810 2790 1147 2850 potestatem,
1196 2794 1262 2835 ex
1309 2795 1414 2850 quo
1443 2778 1614 2834 factus
1645 2787 1729 2834 est
1756 2779 1823 2833 ad
1851 2779 2036 2849 imagi-

435 2890 558 2931 nem
582 2875 696 2931 Dei.
713 2873 814 2931 Ubi
833 2883 1010 2929 autem
1038 2873 1209 2929 factus
1229 2883 1312 2928 est
1329 2873 1395 2928 ad
1412 2873 1698 2944 imaginem
1717 2873 1854 2928 Dei?
1873 2872 1930 2927 In
1954 2873 2038 2928 in-

437 2967 678 3035 tellecta,
717 2968 770 3021 in
808 2977 1008 3031 mente,
1054 2967 1107 3020 in
1161 2966 1414 3021 interiore
1443 2966 1687 3035 homine;
1718 2967 1775 3022 in
1801 2982 1866 3023 eo
1891 2965 2036 3037 quod

436 3059 686 3131 intelligit
734 3059 1034 3122 veritatem,
1065 3058 1317 3130 dijudicat
1336 3060 1594 3130 justitiam
1623 3070 1676 3116 et
1701 3061 2033 3132 iniustitiam,

438 3152 588 3206 novit
611 3167 640 3206 a
679 3168 784 3222 quo
815 3151 983 3207 factus
1012 3160 1127 3217 est,
1180 3160 1355 3222 potest
1388 3153 1684 3224 intelligere
1740 3163 2037 3210 creatorem
2061 3163 2106 3200 3<~

439 3259 616 3308 suum,
635 3244 851 3299 laudare
872 3255 1166 3299 creatorem
1190 3260 1363 3299 suum.
1382 3245 1551 3300 llabet
1575 3245 1714 3301 hanc
1734 3247 2031 3318 intelligen-

439 3337 590 3404 tiam,
619 3337 711 3408 qui
733 3337 892 3393 habet
913 3339 1264 3409 prudentiam.
1292 3338 1417 3394 Ideo
1438 3339 1589 3393 multi
1615 3355 1735 3395 cum
1767 3357 1863 3411 per
1885 3343 2038 3412 cupi-

439 3432 630 3488 ditates
656 3434 820 3492 malas
844 3433 1149 3488 detererent
1175 3434 1228 3487 in
1257 3447 1315 3489 se
1345 3433 1628 3504 imaginem
1659 3434 1774 3502 Dei,
1795 3444 1848 3490 et
1869 3435 2038 3505 ipsam

440 3525 832 3596 quodammodo
858 3525 1123 3580 ﬂammam
1151 3526 1510 3597 intelligentia:
1542 3529 1887 3597 perversitate
1920 3543 2039 3584 mo-

438 3633 558 3673 rum
597 3619 1023 3691 exstinguerent;
1056 3619 1320 3674 clamabat
1366 3619 1471 3674 illis
1523 3619 1816 3691 Scriptura,
1867 3621 2090 3678 Nolite~

439 3713 554 3782 ﬁeri
607 3712 735 3768 sicut
783 3729 937 3782 equus
975 3721 1023 3766 et
1072 3713 1261 3778 mulus,
1285 3713 1464 3782 quibus
1490 3730 1592 3768 non
1635 3723 1713 3786 est
1759 3714 2040 3769 intellectus

443 3804 617 3874 (Psal.
653 3821 806 3872 χχιιι,
841 3805 920 3877 9).
951 3805 1064 3862 Hoc
1087 3815 1171 3862 est
1197 3805 1377 3862 dicere
1396 3849 1411 3875 ,
1442 3807 1714 3880 Praeposui
1735 3816 1788 3864 te
1823 3825 1962 3881 equo
1985 3817 2042 3866 et

438 3898 625 3965 mulo;
659 3907 711 3954 te
731 3898 798 3954 ad
828 3899 1113 3970 imaginem
1141 3914 1314 3954 meam
1336 3900 1455 3965 l'eci,
1486 3909 1802 3971 potestatem
1828 3903 1924 3957 tibi
1945 3917 2039 3957 su-

438 4005 538 4061 per
559 3991 660 4045 ista
683 3991 826 4046 dedi.
842 3991 1194 4060 Quare?Quia
1221 4007 1328 4046 non
1347 3990 1546 4046 habent
1579 3991 1707 4047 ferae
1728 3993 2039 4049 rationalem

440 4089 680 4137 mentem
713 4098 727 4136 :
761 4090 816 4136 tu
855 4091 1032 4136 autem
1072 4083 1318 4137 rationali
1345 4090 1523 4138 mente
1549 4083 1696 4153 capis
1736 4084 2037 4152 veritatem,
2057 4108 2102 4130 ιιι

441 4174 696 4244 intelligis
715 4175 855 4245 quod
878 4190 1037 4245 supra
1065 4184 1117 4232 te
1135 4185 1238 4244 est;
1257 4175 1483 4232 subdere
1505 4176 1555 4233 ei
1570 4177 1661 4248 qui
1680 4192 1839 4248 supra
1861 4186 1914 4234 te
1935 4187 2038 4246 est,

441 4276 497 4323 et
524 4267 661 4324 infra
686 4277 740 4325 te
765 4278 920 4325 erunt
945 4269 1032 4325 illa
1058 4271 1249 4342 quibus
1289 4271 1605 4343 praepositus
1644 4284 1724 4326 es.
1755 4269 1887 4340 Quia
1913 4286 2042 4328 vero

444 4378 542 4434 per
562 4372 836 4434 peccatum
864 4363 1024 4419 homo
1053 4363 1283 4419 deseruit
1302 4378 1421 4420 eum
1441 4363 1538 4418 sub
1558 4378 1665 4435 quo
1688 4377 1809 4419 esse
1835 4363 2037 4432 debuit,

393 4488 414 4530 3
441 4456 689 4515 subditur
713 4458 792 4515 eis
820 4473 976 4530 supra
1017 4474 1135 4530 qua:
1156 4473 1276 4514 esse
1301 4457 1505 4514 debuit.

520 4551 573 4605 7.
628 4549 892 4607 lntendite
933 4550 1061 4621 quid
1111 4550 1286 4606 dicam
1315 4569 1328 4606 :
1359 4551 1535 4618 Deus,
1573 4548 1758 4617 homo,
1797 4562 1990 4620 pecora
2024 4567 2039 4606 :

445 4643 597 4700 verbi
618 4645 810 4715 gratia,
835 4659 997 4715 supra
1027 4651 1079 4699 te
1108 4643 1284 4711 Deus;
1310 4643 1448 4698 infra
1475 4652 1529 4700 te
1553 4657 1767 4716 pecora.
1797 4643 2042 4715 Agnosce

397 4797 400 4799 λ
447 4751 570 4795 eum
615 4737 894 4808 qui’supra
941 4745 994 4793 te
1041 4746 1143 4803 est,
1171 4747 1232 4792 ut
1275 4747 1564 4807 agnoscant
1606 4746 1659 4795 te
1683 4753 1802 4809 qua:
1828 4737 1962 4793 infra
1989 4747 2043 4794 te

449 4836 596 4886 sunt.
627 4825 862 4899 ideoque
886 4843 1007 4883 cum
1035 4828 1219 4884 Daniel
1247 4829 1549 4898 agnovisset
1573 4845 1732 4901 supra
1757 4846 1816 4887 se
1837 4831 2002 4884 Deum
2022 4871 2038 4896 ,

449 4931 783 4996 agnoverunt.
810 4922 960 4977 illum
989 4936 1149 4992 supra
1196 4937 1254 4977 se
1281 4922 1466 4978 leones
1506 4921 1668 4995 (Dan.
1695 4939 1769 4992 vn,
1814 4922 1928 4995 22).
1985 4922 2041 4978 Si

452 5025 631 5072 autem
662 5029 768 5070 non
799 5016 1046 5085 agnoscis
1087 5015 1233 5068 illum
1265 5018 1354 5085 qui
1381 5029 1540 5084 supra
1581 5024 1632 5072 te
1677 5025 1777 5082 est,
1800 5014 2069 5086 superior

451 5125 565 5166 rem
587 5109 906 5176 contemnis,
957 5107 1201 5174 subderis
1225 5107 1485 5164 inferiori.
1517 5109 1805 5180 Propterea
1850 5123 2039 5180 super-

449 5203 536 5259 bia
565 5201 942 5275 Egyptiorum
965 5201 1106 5256 unde
1133 5201 1334 5256 domita
1355 5202 1477 5256 est?
1502 5201 1578 5258 De
1607 5202 1750 5258 ranis
1769 5209 1824 5257 et
1847 5201 2042 5257 muscis

452 5295 650 5368 (Exod.
673 5292 811 5370 vin).
836 5295 1047 5350 Poterat
1065 5295 1207 5350 Deus
1227 5302 1281 5350 et
1300 5295 1482 5350 leones
1494 5295 1724 5360 mittere,
1739 5293 1834 5350 sed
1854 5293 2044 5364 aliquis

443 5404 672 5460 magnus
690 5389 845 5445 leone
864 5386 1143 5443 terrendus
1159 5394 1256 5442 est.
1277 5386 1483 5456 Quanto
1504 5385 1581 5440 illi
1601 5393 1752 5440 erant
1771 5385 2047 5456 superbio-

443 5497 555 5550 res,
598 5489 746 5536 tanto
769 5480 836 5536 de
863 5480 1024 5535 rebus
1052 5478 1537 5549 contemptibilibus
1557 5487 1611 5533 et
1635 5477 1852 5548 abiectis
1880 5475 2046 5532 fracta
2067 5511 2080 5517 -

445 5583 530 5630 est
575 5587 763 5630 eorum
813 5572 998 5629 cervix
1044 5571 1205 5626 mala.
1254 5571 1360 5627 Sed
1406 5572 1676 5628 Danielem
1718 5579 2049 5643 agn0verunt

445 5666 653 5734 leones,
674 5659 797 5738 quia
818 5665 908 5721 ille
937 5665 1178 5721 subditus
1198 5665 1308 5721 Deo
1328 5677 1460 5721 erat.
1484 5665 1655 5734 Quid?
1675 5676 1934 5738 martyres
1959 5668 2049 5737 qui

445 5760 516 5816 ad
544 5763 742 5818 bestias
785 5769 1166 5832 pugnaverunt,
1192 5769 1248 5817 et
1271 5761 1498 5816 ferarum
1521 5761 1786 5816 morsibus
1835 5760 2050 5832 lacerati

445 5865 594 5920 sunt,
618 5869 721 5910 non
743 5863 896 5911 erant
913 5853 1012 5910 sub
1035 5854 1144 5910 Deo
1162 5853 1188 5910 ‘l
1206 5853 1314 5910 Aut
1336 5863 1491 5912 erant
1514 5853 1654 5912 servi
1679 5854 1775 5911 Dei
1797 5863 1907 5912 tres
1924 5855 2048 5923 viri,

1141 347 1211 405 IN
1247 345 1634 405 EPISTOLAM
1671 342 1950 405 JOANNIS
1984 345 2081 402 AD
2119 343 2457 415 PARTHOS,
2497 345 2554 403 S.
2595 347 2963 406 AUGUSTINI

2141 467 2196 515 et
2215 473 2321 515 non
2341 467 2497 515 erant
2515 461 2658 516 servi
2683 461 2779 518 Dei
2797 462 3124 520 Macbabzei?
3148 465 3378 538 Agnovit
3395 467 3534 540 ignis
3557 483 3739 528 servos

2137 550 2233 606 Dei
2264 560 2373 607 tres
2389 553 2554 621 viros,
2579 568 2712 624 quos
2737 569 2842 610 non
2867 555 3020 623 ussit,
3048 573 3276 628 quorum
3306 575 3407 616 nec
3422 561 3739 617 vestimenta

2137 643 2372 712 corrupit
2402 643 2560 717 (Dan.
2604 661 2682 710 ιιι,
2715 645 2839 718 50);
2868 655 2923 702 et
2966 665 3069 703 non
3106 651 3321 720 agnovit
3357 651 3741 708 Macbabreos?

2139 737 2367 805 Agnovit
2394 737 2755 807 Machabmos;
2789 742 3021 812 agnovit,
3059 741 3249 800 fratres
3278 753 3332 800 et
3365 746 3497 801 istos
3518 747 3588 817 (ll
3624 746 3740 801 Ha-

2137 827 2286 883 chab.
2319 828 2434 901 vn).
2486 829 2593 886 Sed
2635 847 2770 902 cpus
2824 842 2939 888 erat
2988 835 3215 905 quodam
3247 836 3476 908 ﬂagello,
3521 839 3742 908 permit-

2138 930 2283 979 tente
2303 924 2547 990 Domino,
2579 925 2667 996 qui
2697 920 2831 981 dixit
2850 927 2902 981 in
2930 926 3222 998 Scriptura,
3253 930 3509 1001 Flagettat
3538 949 3741 986 omnem

2140 1014 2308 1083 ﬁlium
2349 1030 2495 1086 quem
2535 1017 2712 1086 recipit
2746 1016 2927 1090 (Hebr.
2960 1035 3056 1084 xu,
3093 1019 3168 1089 6).
3214 1020 3419 1076 Putatis
3443 1022 3612 1087 enim,
3636 1021 3743 1076 fra-

2139 1115 2265 1174 tres,
2291 1109 2413 1178 quia
2436 1107 2634 1164 ferrum
2662 1112 3117 1168 transverberaret
3146 1113 3349 1168 viscera
3372 1114 3604 1177 Domini,
3639 1114 3737 1168 nisi

2137 1199 2253 1269 ipse
2282 1201 2649 1269 permitteret;
2701 1212 2793 1258 aut
2839 1203 3069 1259 haereret
3105 1205 3156 1260 in
3182 1205 3348 1276 ligno,
3381 1205 3480 1260 nisi
3503 1206 3621 1276 ipse
3643 1219 3739 1260 vo-

2137 1289 2360 1345 luisset?
2380 1291 2497 1347 Non
2515 1309 2636 1348 eum
2667 1296 2881 1366 agnovit
2907 1304 3150 1351 creatura
3167 1298 3300 1352 sua?
3331 1299 3411 1352 An
3433 1297 3740 1368 exemplum

2136 1383 2408 1456 patientiae
2438 1387 2716 1456 proposuit
2766 1388 3012 1444 fidelibus
3056 1389 3212 1444 suis?
3259 1389 3383 1445 Ideo
3413 1391 3551 1446 Deus
3575 1405 3740 1460 quos-

2137 1481 2260 1536 dam
2287 1482 2530 1538 liberavit
2564 1481 2868 1550 visibiliter,
2898 1483 3157 1552 quosdam
3197 1499 3304 1538 non
3333 1483 3575 1538 liberavit
3609 1482 3740 1536 visi-

2135 1573 2349 1629 biliter:
2383 1589 2571 1630 omnes
2595 1582 2775 1630 tamen
2803 1575 3148 1646 spiritualiter
3177 1574 3457 1641 liberavit,
3484 1575 3740 1644 spiritua-

2135 1667 2260 1722 liter
2290 1669 2559 1724 neminem
2591 1667 2844 1722 deseruit.
2872 1668 3162 1723 Visibiliter
3185 1668 3440 1738 quosdam
3486 1669 3631 1724 visus
3658 1678 3740 1723 est

2137 1757 2460 1826 deseruisse,
2506 1759 2765 1830 quosdam
2813 1761 2960 1815 visus
3003 1769 3087 1816 est
3112 1762 3392 1831 eripuisse.
3423 1759 3550 1816 Ideo
3579 1774 3737 1832 quos.

2136 1851 2257 1907 dam
2284 1854 2500 1923 eripuit,
2557 1869 2626 1910 ne
2670 1863 2825 1924 putes
2878 1855 3024 1910 illum
3065 1870 3172 1910 non
3222 1856 3458 1926 potuisse
3501 1857 3735 1928 eripere.

2141 1945 2528 2002 Testimonium
2575 1948 2724 2003 dedit
2770 1949 2893 2020 quia
2946 1955 3142 2020 poteSt,
3190 1957 3249 2004 ut
3291 1950 3381 2006 ubi
3435 1965 3540 2005 non
3588 1950 3733 2020 facit,

2143 2042 2491 2096 secretiorem
2554 2041 2820 2112 intelligas
2871 2042 3233 2108 voluntatem,
3299 2057 3406 2097 non
3450 2044 3738 2113 suspiceris

2138 2131 2526 2186 difficultatem.
2573 2131 2680 2188 Sed
2731 2132 2878 2204 quid,
2928 2132 3166 2188 fratres?
3220 2133 3352 2188 Cum
3403 2135 3735 2190 evaserimus

2087 2250 2094 2272 '.
2138 2240 2326 2282 omnes
2353 2227 2482 2282 istos
2505 2228 2841 2282 mortalitatis
2863 2228 3099 2299 laqueos,
3117 2243 3244 2299 cum
3275 2230 3586 2285 transierint
3605 2237 3739 2284 tem-

2139 2333 2270 2387 pora
2301 2319 2629 2388 tentationis,
2660 2334 2782 2374 cum
2807 2321 2987 2375 saeculi
3015 2320 3174 2390 hujus
3198 2321 3390 2376 ﬂuvius
3412 2322 3737 2377 decucurre-

2139 2410 2213 2465 rit
2257 2419 2311 2464 et
2332 2411 2700 2481 receperimus
2728 2413 2872 2466 illam
2915 2413 3104 2467 stolam
3134 2414 3382 2483 primam,
3420 2414 3741 2469 immortali-

2141 2510 2302 2557 tatem
2327 2502 2468 2556 illam
2488 2518 2647 2573 quam
2669 2503 2939 2574 peccando
2961 2503 3308 2574 perdidimus,
3331 2520 3452 2559 cum
3475 2505 3740 2575 corrupti-

2139 2592 2247 2649 bile
2288 2593 2389 2649 hoc
2444 2594 2678 2650 induerit
2727 2596 3203 2667 incorruptionem,
3252 2596 3305 2651 id
3345 2605 3449 2665 est,
3487 2589 3740 2653 caroista

2141 2687 2375 2742 induerit
2426 2688 2910 2758 incorruptionem,
2975 2698 3029 2743 et
3067 2689 3302 2744 mortale
3351 2689 3454 2744 hoc
3510 2689 3742 2745 induerit

2141 2779 2595 2836 immortalitatem
2618 2780 2661 2854 (Ι
2684 2778 2801 2835 Cor.
2827 2796 2914 2845 xv,
2943 2781 3030 2848 55,
3050 2780 3140 2853 54)
3158 2780 3296 2850 {jam
3313 2780 3578 2851 perfectos
3604 2781 3741 2836 ﬁlios

2141 2871 2261 2940 Dei,
2293 2871 2382 2927 ubi
2407 2887 2515 2927 non
2541 2887 2676 2943 opus
2700 2879 2782 2928 est
2812 2873 3028 2950 tentari,
3055 2887 3154 2927 nec
3182 2871 3456 2941 ﬂagellari,
3485 2881 3740 2944 agnoscet

2143 2964 2319 3020 omnis
2358 2973 2605 3020 creatura
2635 2964 2883 3020 :subdita
2930 2964 3087 3020 nobis
3131 2973 3289 3019 erunt
3317 2964 3517 3033 omnia,
3564 2965 3609 3019 si
3640 2979 3739 3020 nos

2142 3060 2232 3118 hic
2259 3060 2456 3118 subditi
2484 3076 2670 3116 sumus
2689 3061 2820 3116 Deo.

2183 3229 2185 3231 ι
2215 3154 2269 3212 8.
2299 3154 2388 3211 Sic
2409 3169 2538 3226 ergo
2565 3154 2726 3211 debet
2746 3168 2867 3211 esse
2903 3153 3247 3222 christianus,
3274 3160 3331 3208 ut
3355 3167 3462 3208 non
3481 3135 3741 3223 glorietur

2144 3265 2306 3320 super
2334 3250 2466 3304 alios
2493 3249 2758 3304 homines.
2784 3248 2939 3304 Dedit
2967 3248 3109 3304 enim
3152 3247 3242 3302 tibi
3266 3247 3406 3302 Deus
3439 3262 3560 3301 esse
3579 3260 3740 3316 super

2143 3344 2363 3411 bestias,
2388 3343 2441 3398 id
2466 3351 2566 3410 est,
2597 3343 2875 3400 meliorem
2891 3357 3010 3399 esse
3028 3359 3185 3414 quam
3207 3342 3422 3397 bestias.
3447 3341 3559 3396 Hoc
3578 3351 3742 3396 natu-

2143 3438 2256 3493 rale
2281 3437 2476 3504 habes;
2526 3453 2739 3508 semper
2773 3437 2965 3494 melior
3013 3437 3120 3492 eris
3149 3452 3308 3508 quam
3352 3436 3544 3492 bestia.
3572 3435 3630 3491 Si
3655 3435 3739 3491 vis

2145 3532 2338 3587 melior
2363 3547 2482 3588 esse
2503 3547 2660 3603 quam
2687 3533 2824 3588 alius
2846 3531 3023 3599 homo,
3050 3531 3312 3587 invidebis
3327 3530 3378 3587 ei
3397 3531 3613 3602 quando
3640 3530 3740 3586 tibi

2147 3639 2268 3680 esse
2312 3624 2518 3679 videbis
2568 3625 2847 3695 aequalem.
2893 3625 3066 3679 Debes
3091 3624 3230 3679 velle
3273 3637 3458 3680 omnes
3495 3623 3741 3678 homines

2147 3717 2380 3788 aequales
2410 3717 2503 3772 tibi
2531 3732 2685 3783 esse;
2741 3725 2796 3772 et
2821 3717 2865 3772 si
2904 3716 3098 3772 viceris
3122 3717 3350 3786 aliquem
3381 3731 3476 3786 per
3503 3714 3740 3786 pruden-

2149 3810 2296 3876 tiam,
2328 3819 2515 3880 optare
2561 3809 2727 3865 debes
2753 3817 2812 3864 ut
2844 3809 2915 3864 sit
2957 3816 3011 3864 et
3050 3808 3166 3879 ipse
3192 3806 3446 3880 prudens.
3476 3805 3744 3876 Quamdiu

2145 3903 2331 3960 tardus
2357 3912 2458 3970 est,
2491 3902 2650 3959 discit
2677 3917 2708 3957 a
2741 3911 2825 3969 te;
2854 3901 3106 3974 quamdiu
3145 3900 3390 3956 indoctus
3404 3907 3507 3964 est,
3539 3897 3744 3968 indiget

2147 3997 2258 4062 tui;
2287 4005 2342 4052 et
2370 4004 2426 4050 tu
2457 3995 2653 4051 videris
2677 3994 2886 4061 doctor,
2912 3993 3002 4049 ille
3029 4003 3210 4049 autem
3249 3991 3461 4049 discens
3486 4007 3500 4044 :
3530 3999 3587 4044 tu
3610 4004 3740 4062 ergo

2146 4088 2410 4159 superior,
2443 4087 2564 4158 quia
2596 4085 2784 4142 doctor
2812 4101 2907 4153 es;
2955 4085 3047 4141 ille
3077 4083 3318 4151 inferior,
3352 4083 3476 4154 quia
3498 4081 3736 4137 discens.

2144 4181 2256 4238 Nisi
2281 4181 2431 4238 illum
2462 4189 2614 4252 optes
2641 4180 2924 4252 aequalem,
2952 4193 3169 4248 semper
3195 4178 3276 4232 vis
3298 4175 3498 4232 habere
3522 4175 3738 4232 discen-

2147 4285 2275 4334 tem.
2306 4276 2362 4333 Si
2388 4285 2566 4331 autem
2601 4275 2681 4329 vis
2710 4289 2923 4344 semper
2958 4273 3154 4328 habere
3178 4270 3495 4337 discentem,
3528 4268 3739 4324 invidus

2146 4370 2254 4428 eris
2271 4371 2477 4426 doctor.
2501 4368 2559 4426 Si
2584 4367 2798 4423 invidus
2839 4367 3060 4432 doctor,
3089 4362 3356 4435 quomodo
3376 4363 3485 4418 eris
3511 4360 3700 4419 doctor
3715 4361 3742 4415 ?

2145 4465 2296 4535 Rogo
2317 4474 2386 4531 te,
2436 4463 2542 4518 noli
2583 4461 2778 4517 docere
2817 4461 2992 4531 ipsum
3041 4456 3383 4514 invidentiam
3406 4464 3570 4510 tuam.
3600 4453 3740 4509 Audi

2147 4557 2462 4628 Apostolum
2491 4555 2757 4611 dicentem
2777 4553 2845 4609 de
2868 4551 3161 4608 visceribus
3198 4548 3471 4605 charitatis
3496 4566 3508 4602 :
3549 4545 3740 4600 Vellem
3767 4565 3770 4567 λ

2148 4666 2318 4705 omnes
2344 4648 2571 4704 homines
2595 4663 2701 4702 esse
2754 4647 2880 4701 sicut
2922 4646 3166 4717 meipsum
3192 4644 3211 4714 (
3239 4641 3328 4698 Id.
3362 4659 3453 4707 vn,
3479 4640 3557 4710 7).
3587 4641 3738 4709 Quo.

2147 4742 2308 4798 modo
2332 4741 2544 4797 volebat
2567 4753 2755 4795 omnes
2795 4752 2915 4794 esse
2940 4735 3218 4808 aequales?
3256 4734 3384 4790 Ideo
3421 4741 3536 4789 erat
3560 4734 3740 4786 omni-

2149 4835 2250 4892 bus
2277 4834 2543 4906 superior,
2575 4834 2696 4904 quia
2725 4831 2986 4888 ebaritate
3021 4829 3240 4901 optabat
3272 4842 3462 4883 omnes
3481 4824 3738 4896 aequales.

2147 4928 2394 4986 Excessit
2422 4941 2550 4998 ergo
2570 4925 2732 4981 homo
2759 4923 3014 4990 modum;
3055 4922 3265 4977 avarior
3317 4919 3484 4974 voluit
3511 4931 3654 4985 esse,
3683 4924 3742 4971 ut

2148 5036 2309 5092 supra
2336 5019 2582 5076 homines
2602 5024 2764 5085 esset,
2795 5016 2889 5088 qui
2909 5030 3068 5087 supra
3092 5029 3290 5087 pecora
3312 5011 3485 5068 factus
3525 5019 3610 5068 est
3635 5027 3650 5066 :
3685 5017 3742 5066 et

2149 5115 2264 5186 ipsa
2284 5121 2368 5169 est
2389 5111 2657 5183 superbia.

2220 5205 2273 5260 9.
2316 5205 2383 5260 Et
2409 5203 2586 5259 videte
2627 5210 2823 5274 quanta
2851 5215 3012 5272 opera
3043 5200 3200 5257 faciat
3243 5198 3525 5270 superbia;
3557 5196 3744 5267 ponite

2149 5298 2204 5354 in
2233 5296 2395 5353 corde
2423 5312 2582 5368 quam
2623 5295 2816 5350 similia
2860 5293 3006 5362 facit,
3033 5303 3088 5350 et
3115 5293 3267 5364 quasi
3297 5293 3445 5364 paria
3469 5289 3739 5347 charitati.

2152 5387 2328 5444 Pascit
2351 5388 2673 5443 esurientem
2701 5386 2954 5453 charitas,
2975 5386 3140 5456 pascit
3171 5394 3224 5440 et
3249 5383 3497 5456 superbia
3524 5401 3537 5414 ·
3558 5381 3745 5437 chari-

2152 5490 2256 5549 tas,
2297 5489 2356 5535 ut
2400 5479 2541 5535 Deus
2593 5478 2869 5545 laudetur;
2915 5477 3183 5548 superbia,
3224 5486 3282 5531 ut
3321 5477 3435 5546 ipsa
3474 5474 3740 5531 laudetur.

2153 5574 2328 5632 Vcstit
2373 5573 2573 5629 nudum
2617 5573 2867 5637 charitas,
2913 5572 3073 5627 vestit
3117 5579 3170 5624 et
3219 5568 3502 5638 superbia;
3537 5567 3749 5637 jejunat

2156 5667 2405 5736 charitas,
2430 5665 2637 5736 jejunat
2662 5673 2717 5720 et
2745 5663 3031 5734 superbia;
3072 5661 3260 5732 sepelit
3299 5668 3534 5715 mortuos
3567 5656 3748 5712 chari-

2157 5769 2258 5826 tas,
2295 5758 2484 5830 sepelit
2521 5767 2574 5813 et
2612 5755 2879 5828 superbia.
2907 5755 3095 5811 Omnia
3122 5768 3284 5825 opera
3315 5752 3452 5808 bona
3481 5766 3602 5822 qua:
3630 5749 3746 5804 vult

2159 5853 2339 5910 facere
2353 5851 2584 5908 charitas
2597 5862 2653 5910 et
2674 5849 2817 5920 facit,
2835 5849 3001 5922 agitat
3024 5855 3210 5907 contra
3235 5844 3503 5918 superbia,
3520 5853 3578 5901 et
3591 5841 3751 5917 quasi
