4028 6480
243 377 377 437 9041

242 501 386 561 ducit
409 508 579 570 equos
607 505 753 549 suos.
774 485 880 546 Sed
916 483 1138 541 interior
1170 489 1253 541 est
1283 476 1552 570 charitas‘:
1580 474 1718 529 tollit
1738 475 1823 570 to:

245 610 365 652 cum
408 562 550 646 male
588 586 798 657 agitatae
836 576 1129 648 superbiae;
1160 588 1264 627 non
1295 570 1434 625 male
1459 566 1696 638 agitanti,
1735 562 1829 618 sed

242 691 382 751 male
421 686 644 757 agitatae.
675 679 768 732 Vm
807 672 1009 730 homini
1054 668 1206 738 cujus
1244 665 1421 733 auriga
1454 660 1698 730 superbia
1727 666 1823 757 est,

245 751 481 844 necesse
507 789 591 837 est
636 775 777 832 enim
811 779 869 825 ut
907 781 1130 847 preceps
1155 769 1260 816 eat.
1283 758 1353 814 Ut
1394 766 1568 810 autem
1612 768 1718 807 non
1763 751 1833 805 sit

245 876 494 951 superbia
517 886 638 943 qute
659 867 820 938 agitet
846 861 981 917 facta
1002 843 1160 920 bona,
1182 852 1300 924 quis
1324 846 1637 951 novitiquis
1654 843 1830 951 videt?

387 979 471 1026 est
526 936 664 1019 hoc?
700 936 879 1029 Opera
927 944 1400 1016 videmuszpascit
1445 936 1828 1001 misericordia,

244 1064 415 1138 pascit
464 1069 518 1115 et
563 1053 845 1126 superbia;
879 1047 1139 1115 hospitem
1188 1038 1407 1107 suscipit
1448 1030 1827 1097 misericordia,

246 1127 511 1226 hospitem
538 1146 759 1217 suscipit
787 1151 841 1196 et
868 1136 1144 1211 superbia;
1174 1127 1452 1226 intercedit
1464 1140 1574 1226 pro
1603 1136 1833 1226 paupere

246 1217 635 1308 misericordia,
662 1236 941 1295 intercedit
968 1242 1023 1287 ct
1047 1226 1311 1299 superbia.
1344 1222 1480 1291 Quid
1510 1228 1593 1276 est
1620 1217 1754 1273 hoc?
1778 1217 1831 1270 In

244 1343 498 1413 aperibus
538 1353 641 1391 non
674 1328 1045 1387 discernimus.
1076 1320 1260 1377 Audeo
1290 1314 1486 1387 aliquid
1516 1313 1711 1413 dicere,
1739 1309 1833 1364 sed
1856 1324 1903 1353 νο

246 1403 347 1492 "In.
377 1448 507 1502 ego;
538 1426 733 1483 Paulus
752 1422 882 1477 dixit
911 1438 923 1472 :
953 1416 1177 1470 moritur
1201 1410 1453 1473 charitas,
1479 1405 1528 1460 id
1551 1412 1652 1502 est,
1673 1403 1833 1502 homo

247 1493 447 1582 habens
488 1520 825 1580 charitatem,
873 1510 1155 1566 conﬁtetur
1194 1518 1388 1559 nomen
1426 1496 1644 1561 Christi,
1690 1493 1836 1547 ducit

245 1616 589 1689 martyrium;
618 1610 900 1665 confitetur
942 1611 995 1657 et
1033 1597 1299 1670 superbia,
1338 1592 1483 1649 ducit
1532 1599 1585 1643 et
1632 1594 1832 1655 marty~

246 1683 400 1769 rium:
442 1710 536 1764 Ille
582 1706 739 1760 habet
783 1699 1114 1759 charitatem,
1145 1693 1231 1748 ille
1262 1706 1368 1745 non
1409 1688 1569 1743 habet
1601 1683 1831 1739 charita-

248 1820 373 1863 tem.
401 1804 510 1860 Sed
542 1800 723 1856 audiat
743 1796 810 1850 ab
831 1791 1087 1863 Apostolo
1112 1788 1199 1843 ille
1228 1784 1315 1856 qui
1344 1797 1447 1837 non
1475 1780 1637 1833 habet
1660 1776 1835 1831 chari-
1858 1810 1879 1813 ι

246 1912 409 1956 tatem
438 1917 451 1951 :
485 1896 546 1952 Si
575 1892 873 1947 distribuere
899 1886 1068 1939 omnia
1090 1898 1200 1935 mea
1228 1876 1544 1949 pauperibus,
1577 1881 1621 1926 et
1646 1872 1689 1927 si
1727 1880 1836 1923 tra-

245 1993 418 2047 didero
440 2003 620 2057 corpus
640 1999 803 2039 meum
824 1988 877 2034 ut
889 1977 1113 2038 ardeant,
1128 1973 1422 2028 charitatem
1443 1977 1727 2020 autemnon
1748 1963 1840 2015 ha-

245 2086 419 2150 buero,
440 2080 569 2134 nihil
596 2076 718 2130 mihi
746 2072 945 2146 prodest
969 2069 1010 2141 (ι
1035 2067 1153 2123 Cor.
1176 2081 1290 2130 xm,
1310 2064 1386 2136 5).
1406 2062 1545 2129 Ergo
1566 2057 1837 2150 Scriptura

245 2146 426 2232 divina
476 2173 615 2227 intro
646 2183 741 2222 nos
766 2172 981 2221 revocat
1014 2177 1043 2214 a
1074 2157 1360 2230 jactatione
1396 2153 1551 2222 hujus
1580 2148 1729 2204 faciei
1762 2146 1841 2200 fo—

244 2270 525 2329 rinsecus;
555 2271 608 2317 et
636 2260 703 2315 ab
732 2261 832 2313 ista
874 2253 1154 2327 superficie
1183 2265 1299 2319 qua:
1326 2248 1555 2318 jactatur
1586 2249 1710 2296 ante
1739 2239 1839 2293 ho-
1858 2246 1909 2283 2v

248 2363 442 2423 mines,
475 2364 687 2411 revocat
706 2368 804 2408 nos
832 2352 992 2405 intro.
1017 2345 1150 2400 Redi
1181 2343 1246 2397 ad
1267 2338 1649 2396 conscientiam
1670 2345 1837 2399 tuam,

246 2458 417 2526 ipsam
472 2451 760 2517 interroga.
800 2443 917 2498 Noli
968 2438 1241 2494 attendere
1289 2432 1428 2504 quod
1481 2428 1837 2526 floret-foris,

245 2519 337 2599 sed
385 2558 505 2612 qua:
544 2537 695 2593 radix
742 2543 823 2589 est
861 2534 911 2587 in
958 2541 1117 2585 terra.
1154 2527 1404 2581 Radicata
1436 2532 1519 2577 est
1546 2519 1842 2591 cupiditas?

245 2636 454 2707 species
500 2639 674 2701 potest
716 2642 834 2683 esse
882 2625 1142 2678 bonorum
1196 2619 1479 2682 factorum,
1512 2630 1637 2668 vere
1679 2628 1841 2682 opera

244 2706 385 2784 bona
415 2740 537 2781 esse
562 2736 666 2777 non
690 2726 931 2791 possunt.
953 2714 1204 2770 Radicata
1230 2720 1311 2766 est
1333 2706 1603 2765 Charitas?
1624 2718 1843 2759 securus

244 2832 385 2888 esto,
411 2819 547 2875 nihil
575 2816 699 2871 mali
729 2811 1019 2885 procedere
1043 2816 1236 2878 potest.
1262 2803 1536 2859 Blanditur
1560 2799 1839 2869 superbus,

246 2915 402 2972 smvit
428 2927 598 2966 amor.
628 2910 719 2963 Ille
745 2906 932 2970 vestit,
960 2903 1047 2957 ille
1076 2900 1250 2955 caedit.
1274 2898 1367 2952 Ille
1398 2895 1538 2950 enim
1570 2891 1723 2946 vestit
1746 2890 1763 2921 ¹
1789 2897 1845 2944 ιιι

247 3008 461 3077 placeat
504 3000 808 3057 hominibus
834 3017 845 3053 :
871 2997 962 3050 ille
1002 2993 1161 3048 caedit
1194 2999 1253 3046 ut
1286 2988 1514 3059 corrigat
1542 2984 1840 3053 disciplina.

247 3099 528 3169 Accipitur
573 3094 739 3164 magis
785 3093 935 3162 plaga
985 3085 1283 3150 charitatis,
1311 3098 1469 3153 quam
1503 3080 1843 3147 eleemosyna

246 3193 539 3264 superbiae.
566 3188 754 3243 Redite
788 3200 914 3254 ergo
956 3183 1115 3245 intro,
1155 3179 1375 3241 fratres;
1410 3185 1463 3230 ct
1506 3174 1556 3228 in
1598 3172 1845 3226 omnibus

248 3299 606 3358 quaecumque
646 3280 853 3340 facitis,
886 3273 1163 3330 intuemini
1195 3279 1383 3325 testem
1411 3269 1600 3323 Deum.
1634 3265 1841 3331 Videte,

246 3381 291 3435 si
336 3381 433 3434 ille
477 3376 641 3440 videt,
670 3390 774 3445 quo
803 3371 982 3425 animo
1010 3366 1231 3421 faciatis.
1257 3362 1312 3419 Si
1347 3377 1439 3416 cor
1467 3370 1703 3415 vestrum
1740 3372 1845 3411 non

246 3488 340 3527 vos
376 3476 616 3532 accusat,
661 3466 780 3536 quia
824 3460 1089 3533 iactantia:
1134 3471 1291 3512 causa
1337 3453 1536 3516 facitis;
1571 3452 1846 3517 bene,'se-

246 3567 361 3621 euri
392 3572 587 3619 estote.
617 3560 792 3614 Nolite
818 3564 995 3610 autem
1027 3555 1213 3607 timere
1243 3547 1453 3619 quando
1478 3545 1651 3599 facitis
1678 3544 1843 3609 bene,

249 3674 315 3713 ne
343 3655 528 3710 videat
557 3652 712 3706 alter.
736 3649 889 3704 Time
919 3661 986 3699 ne
1026 3653 1307 3714 prepterea
1350 3638 1532 3703 facias,
1562 3645 1617 3689 ut
1647 3643 1700 3688 tu
1732 3636 1847 3687 lau-

250 3750 398 3806 deris
425 3768 439 3802 :
465 3761 590 3800 nam
632 3743 811 3798 videat
853 3740 1004 3802 alter,
1050 3746 1105 3791 ut
1144 3735 1285 3789 Deus
1335 3730 1595 3785 laudetur.
1622 3728 1677 3783 Si
1705 3727 1849 3781 enim

248 3838 549 3897 abscondis
578 3835 645 3889 ab
674 3833 840 3889 oculis
868 3829 1125 3892 hominis;
1155 3822 1438 3880 abscondis
1467 3820 1534 3874 ab
1558 3818 1851 3873 imitatione

248 3932 515 3997 hominis,
540 3928 747 3983 laudem
770 3923 1038 3980 subtrahis
1062 3922 1193 3975 Deo.
1222 3918 1338 3972 Duo
1360 3922 1483 3969 sunt
1502 3914 1689 3984 quibus
1710 3911 1852 3966 eice-

246 4038 541 4098 mosynam
571 4020 697 4075 facis
725 4038 737 4074 :
763 4018 869 4073 duo
899 4015 1172 4076 esuriunt;
1202 4025 1336 4064 unus
1368 4022 1575 4078 panem,
1607 4005 1741 4058 alter
1762 4003 1849 4072 ju-

247 4122 481 4176 stitiam.
514 4117 658 4170 Inter
696 4112 829 4167 duos
870 4110 1000 4163 istos
1040 4104 1332 4169 famelicos,
1361 4101 1482 4171 quia
1518 4099 1714 4153 dictum
1746 4100 1909 4162 est,“

249 4212 399 4266 Beati
430 4209 524 4281 qui
550 4207 773 4261 esm'iunt
802 4213 846 4256 et
877 4201 1049 4255 sitiunt
1079 4199 1352 4269 justitiam,
1380 4194 1616 4265 quoniam
1642 4192 1739 4263 ipsi
1766 4209 1852 4245 sa-

250 4304 569 4361 turabuntur
604 4296 813 4371 (Matth.
847 4311 899 4357 v,
929 4294 982 4363 6)
1014 4310 1025 4345 :
1062 4293 1198 4345 inter
1229 4288 1361 4342 duos
1395 4287 1525 4341 istos
1560 4284 1850 4350 famelicos,

252 4399 436 4453 bonus
464 4400 717 4462 operator
738 4387 1056 4444 constitutus
1084 4398 1169 4447 es;
1194 4382 1239 4436 si
1266 4379 1496 4435 eharitas
1522 4378 1588 4433 de
1617 4378 1708 4432 illo
1727 4392 1857 4448 ape-

250 4501 427 4555 ratur,
459 4487 650 4541 ambos
681 4484 983 4545 miseratur,
1011 4477 1268 4532 ambobus
1295 4474 1407 4528 vult
1434 4473 1736 4528 subvenire.
1760 4471 1857 4526 Ille

249 4588 396 4641 enim
428 4579 628 4653 quatrit
666 4576 808 4648 quod
838 4573 1136 4637 manducet,
1164 4571 1251 4625 ille
1281 4567 1468 4639 qumrit
1495 4566 1637 4637 quod
1676 4565 1856 4620 imite-

249 4688 356 4732 tur.
390 4674 582 4731 Pascis
630 4672 807 4735 istum,
862 4665 1041 4737 praebe
1068 4666 1087 4696 ³
1114 4673 1165 4719 ιε
1214 4663 1298 4718 isti
1332 4679 1346 4728 ;
1377 4661 1634 4715 ambobus
1665 4658 1857 4714 dedisti

248 4775 668 4840 eleemosynam
708 4784 722 4819 :
762 4763 913 4819 illum
962 4760 1128 4815 fecisti
1177 4756 1557 4828 gratulatorem
1607 4754 1671 4809 de
1721 4753 1859 4808 fame

250 4864 586 4929 interfecta;
613 4860 754 4914 hunc
793 4855 964 4912 fecisti
1006 4853 1326 4908 imitatorem
1354 4850 1421 4905 de
1447 4849 1693 4920 exemplo
1732 4864 1857 4918 pro-

250 4961 460 5032 posito.

326 5052 425 5109 ιο.
470 5044 800 5104 Miseremini
845 5056 971 5112 ergo
1013 5050 1259 5109 tanquam
1290 5032 1693 5095 misericordes;
1739 5031 1897 5101 quia“

249 5150 304 5204 in
333 5162 409 5202 eo
438 5142 608 5199 etiam
632 5136 770 5208 quod
792 5133 1007 5205 diligitis
1028 5131 1288 5194 inimicos,
1313 5126 1505 5182 fratres
1527 5124 1762 5195 diligitis.
1784 5122 1861 5178 Ne

253 5238 470 5312 putetis
486 5232 746 5289 Joannem
765 5227 892 5281 nihil
910 5225 975 5279 de
998 5222 1278 5278 dilectione
1300 5218 1495 5273 inimici
1517 5216 1860 5286 praecepisse;

252 5310 383 5406 quia
415 5330 494 5385 de
526 5326 760 5381 fraterna
797 5320 1057 5376 charitate
1088 5332 1192 5371 non
1235 5314 1398 5369 tacuit
1428 5331 1439 5366 :
1471 5312 1659 5366 fratres
1688 5310 1865 5379 diligi-

252 5404 346 5482 tis.
422 5418 740 5491 Quomodo,
803 5414 1019 5485 inquis,
1078 5410 1272 5465 fratres
1319 5405 1621 5475 diligimus?
1677 5404 1868 5469 Quer

252 5532 439 5590 quare
469 5511 663 5582 diligas
688 5508 958 5563 inimicum
982 5522 995 5559 :
1015 5518 1179 5574 quare
1208 5500 1354 5555 illum
1383 5497 1589 5585 diligis?
1611 5494 1681 5550 Ut
1708 5510 1869 5550 sanus

255 5588 330 5670 sit
365 5612 424 5666 in
454 5609 559 5662 hac
582 5604 723 5658 vita?
744 5600 890 5672 quid,
914 5600 957 5652 si
986 5612 1090 5651 non
1122 5595 1193 5649 illi
1223 5591 1469 5662 expedit?
1496 5589 1564 5646 Ut
1588 5588 1735 5643 dives
1765 5588 1870 5641 sit?

255 5707 423 5783 quid,
457 5704 504 5759 si
539 5699 669 5770 ipsis
697 5696 896 5751 divitiis
925 5688 1311 5748 excaecabitur?
1339 5686 1405 5741 Ut
1434 5699 1652 5739 uxorem
1673 5682 1871 5738 ducat?

327 5824 345 5855 ι
372 5827 460 5869 Er.
489 5814 637 5885 Lugd.
662 5820 781 5885 ven.
808 5808 1014 5885 [θηρία
1039 5804 1288 5885 e'v'liibgit
1299 5798 1609 5885 hunc'loc‘um
1633 5810 1646 5846 :
1679 5793 1875 5847 Blandi-

258 5898 345 5940 ιιιν
371 5864 693 5945 ama...
712 5866 1143 5945 amputandae
1163 5864 1291 5945 aliis:
1308 5864 1458 5915 vestit.
1524 5867 1564 5909 ii

329 5952 351 5982 ι
371 5927 468 5995 θ’.
483 5927 646 6003 ὶιιςό.
672 5945 789 5989 Ven.
807 5941 935 5996 ωιτη
960 5927 1161 5995 prwbes.
1228 5934 1285 5975 tit.

1391 356 1799 418 TRAC’I‘A'I‘US
1823 354 1964 416 VIII.
2004 354 2231 420 CAPUT
2268 359 2361 417 IV.

3376 365 3520 422 2042

1942 472 2089 543 quid,
2114 474 2159 529 si
2190 488 2423 528 amaram
2440 474 2600 529 vitam
2630 474 2751 530 inde
2775 475 3123 546 patieturYUt
3140 476 3279 534 filios
3295 477 3521 535 habeat?

1939 566 2085 635 quid,
2118 566 2164 620 si
2194 568 2316 622 mali
2341 568 2537 623 erunt?
2562 569 2766 623 Incerta
2794 579 2917 625 sunt
2943 586 3070 641 ergo
3097 572 3198 627 ista
3229 587 3345 642 qua:
3370 573 3519 629 vide-

1938 658 2013 712 ris
2040 668 2222 728 aptare
2248 660 2461 715 inimico
2493 670 2602 726 tuo,
2628 662 2746 732 quia
2773 662 2946 732 diligis
2965 679 3116 729 eum;
3148 664 3347 719 incerta
3376 676 3519 720 sunt.

1940 747 2072 818 Opta
2102 750 2175 804 illi
2207 760 2264 804 ut
2289 751 2480 806 habeat
2501 762 2673 807 tecum
2700 754 2862 808 vitam
2893 763 3178 820 teternam;
3211 766 3333 825 opta
3364 757 3438 810 illi
3468 767 3525 813 ut

1880 870 1893 873 —
1938 840 2009 894 sit
2035 839 2201 895 frater
2229 850 2364 896 tuus.
2390 842 2444 897 Si
2466 858 2591 914 ergo
2617 844 2718 898 hoc
2738 855 2908 914 optas,
2936 845 3204 916 diligendo
3223 847 3517 914 inimicum,

1941 940 1999 986 ut
2039 933 2108 987 sit
2153 933 2315 987 frater
2356 944 2504 1001 tuus;
2539 952 2658 990 cum
2688 952 2808 991 eum
2848 937 3043 1009 diligis,
3077 939 3292 994 fratrem
3323 941 3519 1009 diligis.

1937 1024 2055 1079 Non
2077 1026 2215 1080 enim
2242 1042 2389 1081 amas
2418 1028 2470 1081 in
2513 1028 2603 1083 illo
2630 1030 2769 1099 quod
2799 1041 2913 1096 est;
2944 1030 3037 1085 sed
3068 1032 3207 1100 quod
3235 1034 3313 1087 vis
3345 1042 3399 1086 ut
3432 1034 3520 1087 sit.

1939 1116 2187 1171 Dixeram
2215 1118 2498 1188 aliquando
2532 1118 2788 1175 Charitati
2813 1131 3025 1187 vestrm,
3059 1122 3161 1176 nisi
3193 1123 3343 1177 fallor
3370 1142 3382 1178 :
3414 1124 3521 1177 lio-

1939 1208 2039 1264 bur
2067 1218 2148 1264 est
2176 1210 2301 1280 ligni
2322 1212 2552 1281 positum
2579 1221 2699 1265 ante
2723 1213 2938 1279 oculos;
2965 1214 3112 1269 faber
3137 1214 3368 1283 Optimus
3393 1214 3523 1268 vidit

1941 1304 2137 1375 lignum
2185 1321 2289 1359 non
2338 1305 2593 1369 dolatum,
2622 1307 2689 1362 de
2725 1308 2854 1361 silva
2893 1309 3189 1377 prtecisum,
3213 1307 3517 1362 adamavit:

1940 1396 2121 1451 nescio
2141 1397 2266 1468 quid
2293 1398 2413 1452 inde
2439 1399 2547 1453 vult
2566 1401 2760 1454 facere.
2784 1399 2897 1453 Non
2919 1400 3059 1453 enim
3081 1400 3147 1454 ad
3175 1400 3275 1454 hoc
3303 1400 3518 1463 amavit,

1940 1497 1996 1543 ut
2021 1496 2232 1559 semper
2256 1490 2331 1544 sic
2356 1499 2586 1545 maneat.
2611 1488 2666 1544 In
2697 1497 2809 1545 arte
2832 1489 2963 1543 vidit
2989 1490 3128 1559 quod
3153 1490 3383 1544 futurum
3416 1500 3520 1555 est,

1938 1596 2045 1636 non
2076 1582 2127 1636 in
2159 1598 2341 1638 amore
2361 1582 2503 1654 quod
2528 1592 2638 1649 est;
2666 1592 2719 1637 et
2747 1584 2942 1637 amavit
2964 1582 3104 1653 quod
3134 1582 3257 1637 inde
3286 1581 3522 1637 facturus

1940 1684 2040 1736 est,
2074 1691 2177 1729 non
2210 1676 2339 1730 illud
2364 1676 2503 1746 quod
2528 1685 2628 1731 est.
2651 1676 2739 1731 Sic
2763 1687 2817 1730 et
2840 1692 2938 1730 nos
2959 1676 3101 1731 Deus
3120 1675 3317 1729 amavit
3337 1689 3527 1744 pecca-

1941 1778 2101 1822 tores.
2146 1768 2379 1823 Dicimus
2428 1769 2550 1839 quia
2598 1769 2737 1823 Deus
2790 1768 2986 1822 amavit
3034 1776 3340 1837 peccatores
3388 1784 3402 1819 :
3452 1767 3529 1821 ait

1941 1860 2104 1924 enim,
2134 1858 2253 1914 Non
2281 1870 2355 1915 est
2385 1878 2509 1930 opus
2534 1862 2671 1913 sanis
2698 1861 2938 1926 medicus,
2967 1859 3054 1913 sed
3078 1860 3209 1919 male
3236 1858 3528 1912 habentibus

1944 1952 1961 2021 (
1990 1951 2175 2005 Matth.
2211 1968 2284 2017 ix,
2311 1952 2435 2023 12).
2465 1952 2728 2022 Numquid
2759 1953 2822 2006 ad
2856 1952 2957 2007 hoc
2983 1952 3175 2005 amavit
3202 1961 3525 2019 peccatores,

1942 2052 2001 2096 ut
2041 2052 2348 2113 peccatores
2377 2046 2813 2100 remaneremus?
2843 2044 3001 2112 Quasi
3052 2044 3250 2113 lignum
3290 2043 3358 2099 de
3398 2042 3530 2097 silva

1943 2135 2074 2189 vidit
2111 2152 2206 2190 nos
2249 2137 2411 2200 faber,
2441 2147 2493 2192 et
2518 2138 2768 2208 cogitavit
2807 2138 3086 2193 aedificium
3125 2137 3265 2207 quod
3296 2136 3419 2192 inde
3448 2135 3528 2190 fa-

1944 2234 2126 2279 cturus
2174 2235 2276 2293 est,
2319 2243 2420 2280 non
2464 2228 2650 2281 silvam
2687 2228 2828 2297 quod
2856 2237 2991 2283 erat.
3025 2227 3113 2282 Sic
3140 2236 3195 2283 et
3224 2236 3277 2281 tu
3308 2227 3532 2296 respicis

1946 2316 2216 2370 inimicum
2248 2326 2396 2372 tuum
2423 2318 2815 2381 adversantem,
2846 2319 3173 2384 saivientem,
3201 2317 3533 2372 mordentem

1945 2408 2141 2471 verbis,
2169 2417 2571 2478 exasperantem
2599 2409 2955 2472 contumeliis,
2986 2409 3337 2463 insectantem
3365 2407 3531 2474 odiis;

1948 2501 2180 2554 attendis
2212 2500 2282 2554 ibi
2311 2502 2431 2570 quia
2462 2501 2623 2555 homo
2655 2509 2754 2555 εει.
2782 2500 2941 2555 Vides
2968 2501 3064 2555 ista
3086 2500 3266 2554 omnia
3295 2514 3412 2569 quae
3441 2498 3536 2553 ad-

1952 2607 2103 2646 versa
2135 2602 2256 2645 sunt
2280 2593 2346 2647 ab
2374 2592 2591 2648 homine
2620 2593 2788 2659 facta;
2817 2602 2871 2647 et
2896 2592 3045 2647 vides
3090 2593 3145 2646 in
3192 2592 3286 2646 illo
3325 2590 3465 2661 quod
3504 2605 3536 2646 a

1896 2716 1899 2717 ν
1948 2684 2057 2736 Ι)εο
2098 2682 2267 2737 factus
2297 2693 2397 2737 est.
2433 2684 2586 2750 Quod
2625 2693 2804 2738 autem
2844 2684 3003 2737 homo
3044 2682 3213 2737 factus
3240 2690 3341 2745 est,
3370 2697 3401 2735 a
3426 2682 3537 2737 Deo

1948 2773 2116 2827 factus
2149 2781 2248 2828 est.
2281 2773 2431 2841 Quod
2458 2782 2633 2829 autem
2660 2783 2712 2829 te
2740 2775 2870 2839 odit,
2900 2774 3013 2843 ipse
3041 2773 3201 2839 fecit;
3232 2774 3373 2842 quod
3404 2773 3538 2827 invi-

1946 2866 2056 2932 det,
2090 2866 2202 2934 ipse
2234 2866 2376 2919 fecit.
2411 2865 2479 2919 Et
2516 2865 2644 2936 quid
2672 2865 2805 2919 dicis
2836 2866 2887 2920 in
2918 2867 3096 2919 animo
3136 2864 3260 2919 tuo?
3288 2864 3531 2930 Domine,

1948 2958 2210 3029 propitius
2239 2958 2312 3011 illi
2344 2968 2479 3019 esto,
2509 2957 2716 3012 dimitte
2747 2958 2821 3013 illi
2844 2966 3093 3029 peccata;
3126 2957 3302 3011 incute
3330 2956 3407 3010 illi
3435 2964 3538 3010 ter-

1947 3066 2146 3117 rorem,
2176 3058 2321 3104 muta
2360 3051 2529 3103 illum.
2567 3048 2686 3104 Non
2728 3064 2876 3104 amas
2924 3050 2976 3103 in
3023 3049 3114 3103 illo
3147 3047 3286 3119 quod
3317 3057 3419 3113 est,
3444 3046 3538 3101 sed

1868 3174 1907 3197 ιι
1949 3142 2089 3213 quod
2125 3142 2206 3196 vis
2248 3150 2305 3196 ut
2345 3142 2433 3196 sit.
2464 3142 2605 3211 Ergo
2642 3157 2762 3195 cum
2808 3142 3080 3195 inimicum
3123 3155 3291 3206 amas,
3320 3138 3538 3194 fratrem

1950 3251 2120 3289 amas.
2150 3235 2486 3305 Quapropter
2522 3233 2757 3304 perfecta
2798 3234 3033 3299 dilectio,
3066 3242 3149 3287 est
3178 3232 3375 3287 inimici
3403 3230 3540 3286 dile-

1950 3327 2056 3381 ctio
2092 3344 2103 3379 :
2134 3343 2251 3395 quae
2280 3326 2515 3396 perfecta
2544 3326 2761 3380 dilectio
2787 3332 2871 3379 est
2900 3325 2951 3378 in
2977 3323 3259 3378 dilectione
3287 3321 3537 3376 fraterna.

1952 3417 2019 3472 Et
2051 3432 2209 3471 nemo
2230 3416 2369 3471 dicat
2398 3417 2521 3486 quia
2544 3416 2738 3485 aliquid
2762 3416 2938 3469 minus
2964 3430 3061 3469 nos
3089 3414 3292 3468 monuit
3312 3412 3543 3468 Joannes

1951 3511 2244 3581 apostolus,
2297 3518 2350 3564 et
2402 3509 2518 3578 plus
2566 3523 2664 3563 nos
2719 3508 2925 3562 monuit
2966 3507 3220 3560 Dominus
3256 3504 3540 3560 Christus:

1952 3602 2186 3655 Joannes
2210 3615 2305 3654 nos
2326 3601 2528 3654 monuit
2556 3609 2615 3653 ut
2642 3599 2829 3653 fratres
2856 3599 3165 3667 diligamus;
3185 3596 3426 3652 Christus
3448 3610 3545 3650 nos

1955 3692 2228 3746 admonuit
2255 3702 2312 3745 ut
2342 3692 2499 3745 etiam
2529 3691 2773 3744 inimicos
2793 3690 3073 3759 diligamus
3099 3688 3206 3758 (Id.
3233 3705 3288 3755 ν,
3314 3688 3427 3759 44).
3450 3688 3546 3741 At-

1956 3782 2115 3837 tende
2139 3798 2303 3852 quare
2334 3790 2383 3836 te
2415 3782 2619 3835 monuit
2652 3780 2900 3835 Christus
2938 3788 2997 3834 ut
3036 3780 3223 3850 diligas
3277 3778 3547 3832 inimicos.

1954 3873 2224 3944 Numquid
2256 3882 2311 3927 ut
2337 3888 2549 3943 semper
2579 3880 2891 3927 remaneant
2924 3870 3160 3925 inimici?
3180 3870 3234 3924 Si
3269 3869 3335 3923 ad
3368 3868 3467 3922 hoc
3495 3875 3545 3922 te

1956 3968 2163 4022 monuit
2192 3975 2249 4021 ut
2287 3966 2487 4021 inimici
2522 3972 2862 4031 remaneant,
2890 3963 3006 4019 odis
3038 4004 3053 4029 ,
3090 3977 3195 4018 non
3226 3961 3419 4032 diligis.
3448 3960 3545 4015 At-

1959 4060 2120 4115 tende
2164 4058 2431 4129 quomodo
2482 4058 2596 4128 ipse
2633 4055 2841 4123 dilexit,
2879 4056 2932 4110 id
2963 4065 3061 4118 est,
3090 4055 3212 4124 quia
3241 4052 3454 4107 nolebat
3490 4058 3548 4106 ut

1959 4153 2038 4208 sic
2064 4158 2406 4207 remanerent
2433 4157 2833 4220 persecutores;
2857 4148 2951 4212 ait,
2982 4145 3157 4209 Pater,
3186 4146 3384 4216 ignosce
3412 4142 3512 4196 illis
3530 4182 3546 4208 ,

1958 4245 2077 4316 quia
2095 4244 2322 4297 nesciunt
2337 4242 2458 4313 quid
2485 4242 2677 4313 faciunt
2700 4238 2845 4310 (Luc.
2865 4255 3014 4302 mu,
3033 4237 3145 4309 54).
3163 4238 3365 4306 Quibus
3384 4234 3552 4289 voluit

1961 4334 2184 4406 ignosci,
2228 4334 2421 4388 mutari
2474 4333 2594 4387 illos
2634 4331 2800 4385 voluit
2842 4348 2854 4384 :
2894 4344 3028 4401 quos
3054 4330 3218 4384 voluit
3245 4328 3456 4393 mutari,
3484 4341 3551 4383 ex

1961 4427 2189 4482 inimicis
2232 4426 2421 4480 fratres
2456 4424 2635 4479 facere
2664 4423 2911 4495 dignatus
2936 4432 3038 4489 est,
3063 4431 3119 4479 et
3142 4437 3269 4477 vere
3297 4422 3374 4475 sic
3404 4420 3547 4475 fecit.

1902 4564 1905 4565 ν
1962 4518 2182 4573 Occisus
2208 4525 2310 4581 est,
2337 4517 2575 4586 sepultus
2601 4525 2704 4581 est,
2730 4515 3043 4579 resurrexit,
3070 4514 3121 4568 in
3148 4513 3340 4567 coelum
3365 4524 3552 4564 ascen-

1963 4612 2076 4679 dit,
2120 4611 2374 4680 Spiritum
2424 4617 2667 4663 sanctum
2722 4609 2868 4662 misit
2917 4608 3224 4677 discipulis;
3275 4613 3553 4674 cmperunt

1964 4720 2083 4760 cum
2114 4703 2303 4757 fiducia
2337 4701 2625 4772 prmdicare
2652 4716 2847 4756 nomen
2879 4701 3063 4771 ipsius,
3094 4698 3347 4753 miracula
3388 4696 3552 4752 facie-

1966 4796 2095 4851 bant
2126 4796 2181 4848 in
2212 4796 2426 4847 nomine
2447 4792 2684 4847 crucifixi
2711 4802 2765 4847 et
2788 4793 2950 4847 occisi
2981 4810 2992 4844 :
3019 4790 3262 4844 viderunt
3291 4787 3362 4841 illi
3390 4787 3551 4841 inter-

1966 4891 2194 4944 fectores
2220 4886 2457 4951 Domini;
2486 4898 2539 4940 et
2566 4887 2655 4956 qui
2681 4887 2988 4957 sanguinem
3017 4883 3132 4953 ejus
3170 4878 3438 4936 saeviendo
3467 4880 3551 4935 fu-

1916 5024 1917 5027 η
1967 4982 2178 5045 derunt,
2209 4977 2481 5033 credendo
2509 4978 2777 5033 biberunt.

2041 5075 2129 5129 II.
2170 5072 2297 5127 Haec
2332 5070 2463 5139 dixi,
2502 5070 2713 5138 fratres,
2752 5078 2806 5125 et
2842 5067 3167 5138 longiuscule
3192 5084 3205 5120 :
3229 5073 3405 5120 tamen
3433 5064 3555 5135 quia

1975 5166 2338 5224 vehementius
2366 5164 2791 5220 commendanda
2818 5163 2914 5216 fuit
2936 5161 3193 5216 Charitati
3222 5168 3414 5215 vestrm
3442 5160 3557 5229 ipsa

1971 5262 2224 5327 Charitas,
2258 5260 2377 5315 ideo
2416 5256 2837 5314 commendanda
2864 5257 2941 5310 sic
2972 5264 3105 5309 crat.
3131 5255 3185 5309 Si
3215 5254 3355 5309 enim
3383 5252 3560 5308 chari-

1972 5356 2101 5409 ritas
2126 5353 2268 5407 nulla
2298 5360 2381 5407 est
2410 5351 2461 5404 in
2492 5351 2662 5415 vobis,
2690 5348 2817 5403 nihil
2840 5342 3087 5402 diximus.
3112 5347 3167 5401 Si
3196 5354 3373 5400 autem
3398 5353 3481 5400 est
3504 5345 3559 5400 in

1974 5446 2155 5511 vobis,
2196 5453 2445 5514 tanquam
2488 5442 2664 5495 oleum
2709 5439 2760 5493 in
2807 5438 3047 5493 flammas
3075 5438 3399 5508 adjecimus;
3426 5446 3479 5492 et
3508 5434 3562 5491 in

1975 5555 2079 5609 quo
2111 5552 2215 5591 non
2251 5544 2385 5599 erat,
2429 5534 2564 5588 forte
2594 5531 2774 5587 verbis
2809 5546 3033 5587 accensa
3060 5540 3162 5586 est.
3188 5531 3242 5587 In
3273 5531 3375 5586 alio
3398 5530 3567 5585 crevit

1976 5630 2118 5701 quod
2158 5637 2303 5693 erat;
2334 5628 2385 5681 in
2414 5626 2519 5679 alio
2552 5624 2714 5694 carpit
2737 5639 2857 5680 esse
2885 5624 3025 5694 quod
3055 5638 3161 5677 non
3195 5631 3329 5677 erat.
3358 5622 3437 5677 Ad
3466 5622 3567 5677 hoc

1980 5739 2108 5793 ergo
2157 5722 2255 5775 ista
2304 5718 2553 5783 diximus,
2601 5733 2670 5773 ne
2714 5716 2848 5788 pigri
2893 5716 3007 5771 sitis
3044 5716 3261 5787 diligere
3303 5715 3566 5774 inimicos.

1982 5814 2144 5871 Sievit
2175 5813 2225 5866 in
2258 5821 2308 5866 te
2331 5810 2527 5864 homo?
2551 5809 2642 5865 ille
2672 5810 2843 5876 saevit,
2868 5818 2924 5865 tu
2956 5824 3202 5881 precare;
3235 5808 3322 5863 ille
3349 5806 3482 5874 odit,
3515 5819 3570 5863 tu

1988 5905 2262 5961 miserere.
2285 5901 2471 5959 Febris
2495 5902 2689 5959 animae
2726 5901 2892 5973 ipsius
2919 5911 2970 5959 te
2992 5901 3105 5960 odit
3132 5920 3145 5959 :
3175 5915 3337 5960 sanus
3364 5901 3489 5968 erit,
3517 5909 3571 5957 et
