4076 6506
473 483 669 554 gratias
696 478 791 541 tibi
820 486 964 552 aget.
987 475 1264 550 Quomodo
1306 473 1496 529 medici
1536 471 1762 541 diligunt
1787 467 2054 539 πιςτοιωῖ

474 574 738 647 Numquid
780 582 1008 646 (egrotos
1045 568 1307 640 diligunt?
1334 566 1390 623 Si
1416 574 1643 636 aegrotos
1671 563 1923 634 diligunt,
1953 576 2053 616 vo-

476 669 591 727 lunt
611 676 671 724 ut
691 682 902 738 semper
919 670 1196 736 aegrotent.
1218 659 1296 714 Ad
1318 659 1421 715 hoc
1438 657 1663 727 diligunt
1680 663 1929 725 aegrotos,
1947 668 2056 707 non

476 770 531 815 ut
564 760 746 831 aegroti
774 765 1102 821 remaneant,
1131 752 1223 808 sed
1255 759 1311 806 ut
1335 766 1402 805 ex
1428 749 1641 819 aegrotis
1668 748 1781 803 sani
1814 744 1961 801 ﬁant.
1990 744 2056 799 Et

477 860 671 921 quanta
717 851 1025 923 plerumque
1074 847 1341 916 patiuntur
1389 859 1421 898 a
1467 838 1832 912 phreneticis?
1871 838 2055 909 quales
2088 862 2113 871 ν

477 944 823 1000 contumelias
854 938 1167 995 verborum?
1210 937 1526 1006 Plerumque
1568 941 1623 990 et
1666 932 2051 1004 percutiuntur.

479 1036 819 1104 Persequitur
846 1034 931 1087 ille
960 1016 1178 1094 febrem,
1214 1029 1438 1101 ignoscit
1473 1027 1675 1081 homini
1702 1044 1715 1081 :
1740 1035 1793 1079 et
1821 1024 1943 1094 quid
1969 1024 2054 1077 di-

479 1141 619 1191 cam,
653 1124 874 1179 fratres?
900 1130 1043 1176 amat
1073 1122 1342 1176 inimicum
1382 1118 1572 1172 suum?
1599 1119 1708 1172 lmo
1737 1116 1848 1171 odit
1882 1115 2076 1175 inimi-r

478 1234 598 1274 cum
630 1234 782 1273 suum
812 1217 1086 1281 morbum;
1118 1218 1287 1285 ipsum
1319 1215 1461 1269 enim
1488 1212 1617 1281 odit,
1643 1220 1697 1265 et
1719 1217 1862 1265 amat
1884 1208 2058 1263 homi-

477 1326 599 1365 nem
635 1325 665 1365 a
689 1325 794 1380 quo
821 1310 1144 1378 percutitur:
1174 1307 1283 1362 odit
1315 1306 1534 1360 febrem.
1562 1306 1602 1359 Α
1629 1319 1732 1373 quo
1762 1302 1903 1357 enim
1933 1315 2056 1370 per-
2081 1302 2125 1343 ὀ

478 1402 708 1458 cutitur?
733 1402 777 1456 A
798 1403 1010 1466 morbo,
1034 1400 1101 1453 ab
1129 1399 1492 1469 aegrotatione,
1516 1412 1543 1449 a
1576 1394 1742 1450 febre.
1758 1392 1893 1448 lllnd
1924 1391 2059 1446 tollit

478 1493 617 1563 qUod
646 1493 716 1546 illi
747 1492 1085 1557 adversatur,
1120 1500 1173 1545 ut
1207 1498 1478 1544 remaneat
1508 1488 1634 1544 illud
1662 1487 1801 1541 unde
1829 1485 2058 1555 gratule-

481 1591 582 1638 tur.
615 1585 702 1638 Sic
725 1593 779 1637 et
811 1593 861 1639 tu
893 1601 905 1636 :
937 1584 982 1637 si
1013 1583 1123 1637 odit
1153 1592 1205 1637 te
1236 1582 1479 1636 inimicus
1518 1590 1654 1644 tuus,
1693 1587 1748 1634 et
1788 1577 1978 1647 injuste
2010 1584 2060 1630 te

480 1678 619 1742 odit;
642 1677 853 1731 noveris
878 1678 997 1747 quia
1027 1676 1288 1745 cupiditas
1316 1674 1495 1731 szecnli
1522 1674 1573 1727 in
1599 1672 1690 1727 illo
1711 1679 1914 1741 regnat,
1938 1684 2060 1739 pro-

480 1778 660 1840 pterea
687 1778 736 1824 te
758 1768 885 1821 odit.
911 1769 963 1823 Si
992 1768 1147 1822 odisti
1177 1770 1320 1822 illum
1349 1776 1401 1821 et
1428 1778 1503 1833 tu,
1532 1773 1715 1820 contra
1742 1764 1920 1819 reddis
1944 1778 2058 1816 ma—

478 1861 587 1915 lum
616 1876 712 1930 pro
746 1862 907 1915 malo.
931 1862 1065 1930 Quid
1094 1860 1221 1916 facit
1248 1860 1470 1915 reddere
1499 1859 1692 1912 malum
1722 1872 1821 1927 pro
1846 1856 1986 1910 malo
2016 1855 2060 1909 ‘?

484 1952 655 2007 Unum
684 1962 938 2020 aegrotum
963 1952 1173 2015 ﬂebam,
1197 1953 1283 2021 qui
1307 1960 1359 2006 te
1385 1951 1598 2015 oderat;
1619 1950 1729 2019 jam
1759 1949 1892 2002 duos
1914 1948 2062 2017 plan—

478 2063 567 2117 go,
605 2047 649 2102 si
688 2057 741 2101 et
785 2056 836 2099 tu
874 2046 1051 2099 odisti.
1081 2043 1187 2098 Sed
1220 2042 1551 2112 persequitur
1577 2057 1687 2095 rem
1716 2050 1894 2104 tuam;
1927 2039 2062 2094 tollit

482 2140 573 2194 tibi
606 2140 784 2193 nescio
814 2154 952 2208 quae,
976 2151 1094 2205 quae
1124 2133 1290 2189 habes
1321 2134 1372 2187 in
1413 2143 1551 2187 terra
1581 2151 1593 2184 :
1628 2131 1745 2187 ideo
1772 2132 1916 2187 illum
1941 2130 2060 2184 odi-

479 2230 568 2294 sti,
592 2231 715 2301 quia
747 2231 1016 2301 angustias
1054 2227 1144 2281 tibi
1175 2224 1304 2280 facit
1336 2225 1388 2279 in
1430 2232 1590 2279 terra.
1612 2223 1730 2279 Noli
1756 2223 1865 2293 pali
1897 2238 2064 2292 angu-
2089 2244 2145 2280 2t-

477 2320 640 2388 stias,
669 2319 835 2390 migra
877 2320 928 2373 in
967 2316 1160 2373 cadum
1202 2330 1414 2370 sursum
1444 2332 1457 2367 :
1487 2329 1581 2368 cor
1612 2314 1680 2369 ibi
1716 2312 1936 2368 habebis
1972 2313 2061 2367 ubi

482 2411 701 2467 latitudo
735 2420 837 2478 est,
870 2420 928 2465 ut
959 2410 1129 2464 nullas
1164 2409 1435 2479 angustias
1471 2408 1689 2477 patiaris
1724 2408 1775 2462 in
1814 2423 1910 2477 spe
1942 2407 2061 2461 vitae

482 2514 715 2560 aeternae.
735 2503 962 2559 Attende
988 2518 1106 2573 quae
1134 2503 1226 2557 tibi
1257 2502 1392 2556 tollit
1414 2520 1426 2555 :
1450 2516 1551 2555 nec
1576 2502 1685 2570 ipsa
1712 2501 1801 2555 tibi
1830 2501 2059 2566 tolleret,

479 2595 581 2653 nisi
613 2596 698 2649 ille
726 2594 1053 2664 permitteret
1080 2593 1169 2662 qui
1209 2592 1437 2664 ﬂagellat
1476 2609 1673 2646 omnem
1710 2592 1873 2660 lilium
1915 2609 2063 2663 quem

479 2685 656 2753 recipit
690 2682 873 2752 (llebr.
907 2700 999 2748 xu,
1023 2682 1099 2753 6).
1121 2682 1525 2750 Quodammodo
1554 2682 1933 2737 ferramentum
1968 2684 2060 2738 Dei

481 2782 559 2829 est
599 2788 704 2842 quo
747 2775 980 2839 saneris,
1021 2775 1134 2842 ipse
1176 2772 1420 2827 inimicus
1460 2783 1602 2827 tuus.
1643 2772 1698 2828 Si
1747 2774 1891 2829 novit
1919 2774 2061 2830 Deus

482 2865 611 2919 utile
642 2864 735 2918 tibi
756 2880 880 2919 esse
908 2875 963 2919 ut
984 2866 1243 2935 esspoliet
1268 2873 1338 2930 te,
1360 2865 1619 2935 permittit
1646 2866 1821 2932 illum;
1843 2867 1888 2921 si
1915 2868 2063 2923 novit

483 2953 577 3009 tibi
605 2954 730 3032 utile
758 2969 878 3010 esse
904 2964 962 3009 ut
987 2955 1225 3025 vapules,
1250 2956 1507 3026 permittit
1528 2956 1695 3022 illum,
1717 2967 1777 3012 ιιι
1800 2958 2056 3015 οωιιιιιθίεε

479 3047 547 3103 de
569 3048 659 3102 illo
687 3055 736 3102 te
763 3055 931 3114 curat,
954 3056 1077 3116 cpta
1104 3057 1161 3101 ut
1182 3049 1268 3103 ille
1284 3059 1528 3111 sanetur.

553 3137 640 3193 12.
682 3136 844 3192 Deum
874 3154 1017 3191 nemo
1038 3138 1158 3192 vidit
1181 3155 1421 3206 unquam.
1455 3138 1661 3207 Videte,
1690 3140 2056 3197 dilectissimi:
2088 3152 2127 3183 λε

482 3227 543 3284 Si
567 3228 836 3300 diligamus
862 3228 1091 3293 invicem,
1119 3228 1252 3282 Deus
1280 3230 1331 3283 in
1356 3229 1497 3284 nobis
1527 3230 1761 3297 manebit,
1788 3242 1834 3285 et
1862 3232 2061 3289 dilectio

481 3320 588 3390 ejus
624 3321 715 3375 erit
755 3324 977 3392 perfecta
1000 3321 1054 3374 in
1080 3320 1240 3381 nobis.
1270 3322 1447 3392 Incipe
1475 3322 1714 3393 diligere,
1746 3324 2057 3394 perlicieris.

479 3410 699 3483 Coepisti
741 3413 999 3485 diligere?
1034 3414 1197 3483 cmpit
1240 3413 1292 3467 in
1341 3422 1393 3470 te
1442 3416 1578 3470 Deus
1621 3415 1894 3482 habitare;
1943 3431 2061 3475 ama

481 3524 601 3564 eum
619 3510 708 3578 qui
736 3510 786 3565 in
815 3520 865 3565 te
883 3510 1045 3579 coepit
1066 3509 1322 3574 habitare,
1336 3518 1393 3564 ut
1408 3510 1694 3581 perlectius
1716 3512 2060 3569 inhabitando

482 3599 637 3655 faciat
678 3609 728 3653 te
776 3599 1084 3669 perfectum.
1113 3598 1181 3654 In
1208 3599 1302 3655 hoc
1339 3603 1682 3670 cognoscimus
1710 3603 1830 3671 quia
1858 3604 1910 3658 in
1949 3605 2059 3673 ipso
2096 3624 2115 3632 ν

481 3704 762 3756 nmnemus,
790 3699 833 3742 et
875 3690 983 3760 ipse
1028 3706 1081 3745 ιη
1120 3689 1281 3754 nobis,
1318 3692 1435 3761 quia
1478 3691 1541 3745 de
1567 3691 1765 3759 Spiritu
1803 3709 1894 3749 suo
1920 3694 2059 3749 dedit

479 3780 639 3835 nobis.
670 3782 832 3846 Bene,
874 3781 987 3837 Deo
1024 3785 1245 3852 gratias.
1281 3783 1663 3852 Cugnoscimus
1691 3787 1813 3854 quia
1860 3785 2060 3842 habitat

482 3874 533 3928 in
562 3875 733 3928 nobis.
759 3874 827 3929 Et
854 3875 958 3931 hoc
1001 3875 1172 3946 ipsum
1216 3876 1356 3931 unde
1397 3878 1786 3947 cognoscimus,
1812 3880 1934 3948 quia
1968 3896 2060 3935 co-

477 3967 758 4037 gnovimus
785 3969 904 4037 quia
935 3969 1135 4023 habitat
1164 3969 1216 4024 in
1246 3968 1434 4025 nobis?
1460 3970 1592 4038 Quia
1623 3971 1723 4026 hoc
1753 3973 1865 4042 ipse
1893 3973 2058 4027 Joan-

476 4072 575 4111 nes
594 4057 725 4111 dixit
749 4079 763 4114 :
790 4059 920 4126 Quia
938 4063 1000 4113 de
1023 4061 1222 4129 Spiritu
1241 4078 1333 4116 suo
1352 4061 1489 4115 dedit
1507 4063 1666 4116 nobis.
1687 4062 1838 4119 Unde
1861 4065 2058 4121 scimus
2088 4078 2123 4105 ιιι

478 4147 595 4211 quia
623 4148 684 4199 de
709 4148 909 4216 Spiritu
952 4166 1042 4203 suo
1085 4151 1219 4205 dedit
1264 4150 1441 4206 nobis?
1462 4152 1573 4206 Hoc
1618 4152 1809 4221 ipsum,
1841 4154 1961 4223 quia
1990 4155 2058 4211 de

476 4234 674 4307 Spiritu
720 4252 815 4291 suo
858 4239 1002 4292 dedit
1033 4241 1144 4306 tibi,
1177 4242 1316 4307 unde
1343 4242 1656 4312 cognoscis?
1685 4245 1952 4315 Interroga
1980 4247 2059 4300 vi-

476 4344 626 4385 scera
671 4338 757 4384 tua
791 4348 803 4384 :
834 4331 877 4385 si
922 4332 1075 4402 plena
1123 4344 1245 4389 sunt
1285 4333 1565 4399 charitate,
1608 4335 1772 4391 habes
1802 4337 2056 4408 Spiritum

480 4418 595 4475 Dei.
629 4419 776 4477 Unde
804 4425 1174 4493 cognoscimus
1203 4426 1323 4495 quia
1355 4425 1477 4480 inde
1511 4427 1786 4495 cognoscis
1816 4426 2056 4486 habitare

476 4510 531 4568 in
581 4521 631 4569 te
672 4510 926 4584 Spiritum
976 4515 1102 4570 Dei?
1133 4517 1349 4571 Paulum
1400 4517 1667 4588 interroga
1715 4520 2052 4588 apostolum:
2086 4550 2127 4557 -μ

480 4601 727 4669 Quoniam
756 4604 975 4660 Charitas
997 4606 1094 4681 Dei
1118 4606 1304 4673 dilfusa
1329 4616 1404 4662 est
1429 4608 1479 4661 in
1505 4608 1738 4663 cordibus
1763 4610 1945 4664 nostris
1969 4627 2059 4680 per

477 4693 729 4766 Spiritum
756 4708 985 4752 sanctum
1010 4700 1093 4767 qui
1123 4700 1271 4755 datus
1299 4710 1372 4755 est
1399 4700 1539 4756 nobis
1565 4700 1737 4773 (Rom.
1769 4719 1820 4770 v,

548 4786 631 4841 15.
662 4787 731 4841 Et
751 4805 841 4843 nos
866 4789 1099 4855 vidimus,
1129 4800 1173 4844 et
1202 4800 1346 4845 testes
1373 4809 1566 4854 sumus,
1592 4795 1710 4865 quia
1743 4793 1894 4850 Pater
1921 4797 2056 4853 misit

474 4872 666 4930 Filium
719 4894 865 4932 suum
916 4878 1232 4935 Sulvatorem
1280 4881 1473 4936 mundi.
1521 4883 1705 4939 Securi
1756 4894 1925 4942 estote
1963 4887 2054 4957 qui

471 4972 737 5036 aegrotatis
771 4987 785 5021 :
818 4970 938 5024 talis
964 4972 1202 5025 medicus
1231 4974 1394 5037 venit,
1427 4982 1480 5028 et
1517 4974 1853 5044 desperatis?
1879 4977 2054 5048 Magni
2089 4986 2131 5021 51

441 5101 453 5111 .
469 5066 622 5133 erant
645 5059 836 5127 morbi,
858 5061 1162 5118 insanabilia
1194 5071 1347 5119 erant
1372 5065 1615 5132 vulnera,
1639 5067 1919 5138 chperata
1938 5080 2055 5125 erat

470 5152 747 5220 tegritudo.
772 5152 1181 5224 Magnitudinem
1203 5156 1328 5210 mali
1352 5157 1426 5212 tui
1446 5158 1693 5225 attendis,
1714 5160 2051 5233 omnipoten-

471 5241 595 5295 tiam
627 5243 818 5298 medici
849 5260 952 5300 non
983 5245 1244 5302 attendis?
1273 5246 1350 5301 Tn
1388 5247 1697 5319 desperatus
1722 5265 1813 5316 es;
1842 5251 1935 5307 sed
1966 5254 2054 5309 ille

468 5333 807 5403 omnipotens
836 5342 921 5391 est
948 5352 961 5390 :
993 5336 1142 5406 cujus
1171 5344 1331 5391 testes
1370 5337 1453 5393 isti
1487 5348 1610 5393 sunt
1637 5341 1722 5411 qui
1765 5342 1935 5413 primo
1961 5357 2050 5398 sa-

468 5423 577 5478 nati
602 5464 619 5493 ,
664 5435 718 5481 et
757 5428 1132 5486 annuntiantes
1178 5431 1478 5500 medicum;
1516 5441 1571 5489 et
1600 5433 1699 5506 ipsi
1730 5442 1906 5491 tamen
1935 5437 2053 5508 plus
2090 5468 2103 5473 -

532 5642 735 5728 1.“:9'1;
1470 5668 1563 5721 ρτο
1587 5655 1885 5728 Motuum

412 5782 415 5785 -
464 5708 742 5787 istm}?
760 5708 985 5787 esse,
1008 5717 1183 5787 uasat
1222 5708 1886 5787 urbanissime.
1910 5708 2051 5774 cum:

463 5769 611 5835 Lugd.
640 5777 693 5823 et
710 5779 827 5824 Ven.
852 5773 991 5825 tineis
1010 5775 1336 5831 includuntur.
1376 5769 1456 5832 Sili.

1269 360 1339 418 TN
1378 354 1753 416 EPISTOLAM
1780 350 2061 411 JOANNIS
2086 350 2186 409 AD
2220 351 2559 419 HRWOS,
2585 352 2643 410 S.
2687 354 3054 412 AUGUSTINI

3598 361 3741 423 seu

2161 480 2257 536 spe
2294 467 2465 522 sanati
2496 481 2657 538 quam
2694 483 2773 522 re.
2811 467 2940 523 Nam
2982 470 3060 525 sic
3094 468 3229 525 dicit
3269 468 3555 540 Apostolus
3589 490 3601 526 :
3635 474 3745 544 Spe

2160 560 2292 614 enim
2319 560 2446 617 salvi
2472 562 2593 633 facti
2621 577 2792 616 “mus
2816 562 2991 634 (Rom.
3023 578 3113 619 vui
3132 602 3151 629 ,
3180 561 3294 637 24).
3325 565 3597 635 Cepimus
3615 583 3746 640 ergo

2159 654 2335 710 sanari
2388 655 2438 709 in
2483 655 2588 711 lide
2619 672 2633 708 :
2667 655 2969 725 perﬁcietur
2992 664 3168 711 autem
3194 657 3342 715 salus
3373 668 3552 715 nostra
3572 702 3587 725 ,
3620 676 3745 717 eum

2158 747 2503 818 eorruptibile
2530 746 2635 803 hoc
2657 746 2890 803 induerit
2928 748 3402 819 incorruptionem,
3433 759 3485 806 et
3518 753 3748 808 mortale

2159 838 2264 895 hoc
2291 838 2518 894 induerit
2542 840 2993 897 immortalitatem
3025 839 3065 911 (Ι
3089 839 3208 895 Cor.
3234 858 3319 906 sv,
3349 842 3437 906 53,
3468 843 3580 914 54).
3618 844 3749 901 [hoc

2160 944 2283 1000 Spes
2310 941 2412 995 est,
2443 932 2675 987 nondum
2702 948 2810 988 res.
2842 933 2945 988 Sed
2971 933 3064 1002 qui
3101 934 3293 1005 gaudet
3322 935 3374 989 in
3402 950 3520 1005 spe,
3543 936 3749 992 tenebit

2161 1031 2337 1076 etrem
2360 1023 2662 1092 :quiautem
2683 1038 2831 1092 spem
2848 1039 2955 1078 non
2981 1023 3172 1090 habet,
3198 1024 3263 1079 ad
3282 1040 3394 1081 rem
3421 1042 3524 1081 non
3548 1027 3750 1097 poterit

2162 1115 2458 1183 pervenire.

2234 1208 2321 1262 14.
2352 1207 2666 1278 Quicumque
2689 1207 2946 1279 confessus
2972 1210 3125 1280 fuerit
3154 1208 3289 1277 quod
3311 1207 3461 1263 Jesus
3488 1219 3558 1264 est
3577 1207 3752 1262 Filius

2160 1298 2276 1363 Dei,
2308 1298 2443 1353 Deus
2465 1300 2517 1354 in
2538 1302 2651 1368 ipso
2671 1308 2856 1362 manet,
2878 1308 2922 1355 et
2951 1301 3130 1369 ipsein
3152 1299 3274 1355 Deo.
3299 1300 3414 1354 Jam
3436 1315 3542 1354 non
3564 1300 3752 1356 multis

2161 1392 2399 1447 dicamus
2427 1410 2439 1444 :
2472 1392 2570 1460 Qui
2593 1393 2850 1463 confessus
2877 1394 3049 1465 fuerit,
3084 1408 3190 1448 non
3219 1394 3405 1458 verbo,
3437 1393 3530 1448 sed
3565 1394 3704 1448 tacto
3730 1410 3748 1459 ;

2160 1501 2271 1541 non
2302 1486 2476 1555 lingua
2500 1526 2514 1550 ,
2542 1486 2637 1541 sed
2663 1487 2788 1541 vita.
2824 1487 2957 1541 Nam
2987 1486 3136 1541 multi
3176 1486 3491 1541 confitentur
3520 1486 3701 1541 verbis
3729 1527 3749 1554 ,

2163 1579 2256 1634 sed
2288 1580 2436 1633 factis
2466 1588 2676 1650 negant.
2712 1579 2777 1634 Et
2820 1596 2909 1634 nos
2935 1580 3279 1650 regnavimus,
3314 1587 3361 1632 et
3401 1579 3710 1637 credidimus
3730 1621 3748 1647 ,

2162 1690 2313 1745 quam
2338 1673 2650 1728 dilectionem
2686 1672 2826 1728 Deus
2851 1672 2995 1727 habet
3020 1673 3071 1727 in
3101 1673 3262 1727 nobis.
3296 1673 3361 1727 Et
3390 1672 3579 1726 iterum
3608 1672 3753 1727 unde

2163 1764 2498 1834 cognovisti?
2528 1763 2663 1819 Deus
2680 1765 2883 1819 dilectio
2913 1773 3005 1819 est.
3036 1763 3151 1820 Jam
3168 1764 3306 1819 dixit
3330 1764 3455 1818 illud
3479 1764 3749 1833 superius,

2165 1871 2291 1912 ecce
2330 1856 2519 1910 iterum
2560 1856 2707 1911 dicit.
2749 1856 2988 1927 Amplius
3041 1855 3133 1911 tibi
3184 1870 3290 1910 non
3333 1855 3501 1927 potuit
3530 1854 3752 1909 dilectio

2164 1946 2523 2002 commendari
2552 1988 2569 2013 ,
2615 1962 2772 2017 quam
2801 1955 2857 2002 ut
2884 1948 3149 2005 diceretur
3176 1947 3331 2001 Deus.
3365 1946 3524 2000 Forte
3554 1961 3752 2001 munus

2167 2039 2258 2092 Dei
2301 2046 2702 2108 contempturus
2744 2052 2882 2092 eras.
2914 2037 2985 2093 Et
3023 2037 3187 2095 Deum
3224 2036 3563 2093 contemnis?
3610 2034 3753 2091 Deus

2165 2127 2363 2183 dilectio
2398 2140 2491 2183 est.
2524 2129 2589 2184 Et
2613 2130 2698 2199 qui
2718 2139 2885 2185 manet
2910 2130 2962 2183 in
2992 2129 3276 2192 dilectione,
3317 2130 3371 2183 in
3400 2127 3511 2182 Deo
3538 2136 3708 2182 manet
3730 2167 3750 2195 ,

2165 2232 2211 2275 et
2235 2221 2373 2277 Deus
2398 2223 2449 2276 in
2477 2239 2534 2278 eo
2562 2233 2749 2277 manet.
2778 2222 3024 2278 Vicissim
3053 2223 3106 2278 in
3134 2238 3191 2279 se
3218 2223 3475 2287 habitant,
3503 2224 3593 2295 qui
3619 2238 3753 2279 eon-

2168 2313 2297 2369 tinet
2322 2324 2375 2370 et
2398 2314 2486 2385 qui
2524 2314 2847 2370 continetur.
2885 2313 3104 2369 Habitus
3134 2315 3185 2368 in
3221 2306 3349 2382 Deo,
3391 2313 3486 2370 sed
3522 2324 3579 2369 ut
3616 2329 3751 2368 con-

2168 2408 2384 2463 tinearis
2413 2427 2428 2464 :
2462 2408 2663 2463 habitat
2708 2407 2762 2463 in
2803 2417 2854 2463 te
2890 2409 3048 2474 Deus,
3077 2407 3171 2464 sed
3202 2417 3258 2461 ut
3280 2417 3331 2465 te
3361 2410 3651 2477 contineat,
3682 2424 3754 2465 ne

2165 2501 2343 2555 cadas.
2373 2501 2449 2555 Ne
2477 2501 2611 2557 forte
2637 2501 2714 2557 sic
2756 2509 2807 2556 te
2847 2509 2996 2571 putes
3038 2501 3255 2556 domum
3307 2502 3400 2557 Dei
3436 2502 3580 2569 ﬁeri,
3611 2516 3752 2572 quo-

2166 2592 2326 2647 modo
2345 2592 2535 2648 domus
2565 2602 2650 2647 tua
2678 2600 2853 2664 portat
2873 2608 3085 2648 carnem
3112 2602 3257 2648 tuam
3282 2611 3295 2646 :
3326 2594 3368 2648 si
3391 2594 3667 2649 subtrahat
3692 2610 3755 2650 se

2165 2683 2353 2739 domus
2400 2685 2451 2739 in
2495 2700 2598 2756 qua
2635 2700 2725 2750 es,
2768 2685 2944 2750 cadis;
2985 2684 3029 2739 si
3059 2693 3235 2739 autem
3265 2693 3319 2740 tu
3350 2694 3399 2740 le
3427 2685 3709 2741 subtrahas
3732 2724 3751 2755 ,

2167 2791 2272 2831 non
2299 2775 2439 2831 cadit
2468 2777 2628 2831 Deus.
2663 2776 2870 2847 Integer
2894 2784 2995 2843 est,
3026 2790 3147 2830 cum
3170 2791 3292 2831 eum
3333 2775 3574 2842 deseris;
3609 2777 3754 2832 inte-

2165 2882 2280 2938 ger,
2308 2882 2428 2921 cum
2458 2867 2523 2921 ad
2553 2867 2697 2921 illum
2726 2866 2966 2921 redieris.
2986 2866 3063 2921 Τιι
3079 2867 3301 2933 sanaris,
3322 2882 3425 2920 non
3453 2865 3529 2945 illi
3552 2863 3753 2939 aliquid

2167 2960 2471 3029 prrstabis;
2501 2970 2556 3015 tu
2586 2959 2858 3015 mundaris
2877 3000 2891 3023 ,
2922 2966 2977 3014 tu
3015 2958 3255 3015 reticeris
3276 2998 3292 3025 ,
3348 2968 3402 3011 tn
3439 2961 3750 3029 corrigeris.

2166 3049 2258 3107 Ille
2294 3052 2741 3107 medicamentum
2782 3059 2864 3106 est
2897 3066 2999 3104 non
3044 3065 3192 3114 sano,
3233 3050 3412 3120 regula
3440 3058 3521 3104 est
3551 3065 3751 3120 pravo,

2166 3143 2249 3196 lux
2296 3151 2380 3198 est
2424 3142 2718 3208 tenebrato,
2753 3140 3007 3196 habitatio
3033 3148 3116 3195 est
3142 3141 3373 3196 deserto.
3408 3129 3603 3197 Onmia
3620 3157 3753 3213 ergo

2169 3233 2257 3286 tibi
2285 3232 2648 3288 conferuntur.
2683 3232 2813 3288 Vide
2838 3248 2904 3286 ne
2936 3239 3087 3302 putes
3115 3231 3224 3286 Deo
3255 3228 3447 3303 aliquid
3477 3231 3750 3300 conferri,

2165 3324 2377 3392 quando
2403 3324 2550 3377 venis
2576 3323 2641 3378 ad
2667 3338 2824 3388 eum;
2865 3337 2962 3377 nec
3005 3323 3327 3392 mancipium
3365 3323 3573 3378 saltem.
3606 3323 3752 3395 Ergo

2166 3430 2269 3481 non
2302 3413 2519 3470 habebit
2549 3415 2690 3468 Deus
2716 3429 2924 3481 servos,
2957 3416 2999 3468 si
3031 3422 3084 3467 tu
3116 3413 3368 3478 nolueris,
3397 3422 3451 3469 et
3477 3410 3519 3467 si
3560 3429 3753 3470 omnes

2168 3504 2465 3559 noluerint?
2504 3505 2646 3560 Deus
2674 3502 2780 3559 non
2825 3504 3025 3575 indiget
3072 3506 3260 3571 servis,
3302 3505 3395 3561 sed
3424 3506 3561 3561 servi
3595 3507 3703 3561 Deo
3730 3523 3749 3560 :

2166 3597 2285 3653 ideo
2326 3598 2459 3653 dicit
2503 3598 2765 3661 Psalmus,
2802 3597 2920 3652 Dixi
2948 3596 3190 3666 Domino,
3219 3597 3358 3652 Deus
3385 3616 3522 3653 meus
3568 3616 3618 3654 es
3670 3609 3746 3654 tu.

2165 3689 2280 3760 Ipse
2323 3700 2404 3744 est
2430 3705 2586 3744 verus
2613 3690 2883 3745 Dominus.
2916 3692 2981 3744 Et
3006 3689 3131 3762 quid
3167 3690 3280 3743 ait?
3310 3689 3561 3758 Quoniam
3587 3690 3749 3744 bono-

2162 3799 2277 3836 rum
2315 3799 2538 3836 mcorum
2587 3799 2688 3836 non
2729 3800 2840 3854 eges
2885 3781 3054 3855 (Psal.
3095 3799 3201 3849 xv,
3234 3782 3309 3854 2).
3343 3778 3421 3836 Τιι
3452 3797 3577 3855 eges
3606 3780 3752 3837 bono

2164 3875 2301 3929 servi
2332 3876 2422 3929 tui.
2448 3875 2580 3945 Eget
2606 3891 2792 3930 servus
2812 3874 2953 3928 bono
2982 3883 3092 3938 tuo,
3122 3882 3177 3928 ut
3198 3888 3383 3944 pascas
3410 3872 3558 3930 illum
3585 3890 3597 3925 :
3621 3888 3751 3945 eges

2163 3976 2218 4022 et
2263 3977 2317 4021 tu
2360 3967 2501 4021 bono
2543 3969 2678 4021 servi
2730 3968 2839 4035 tui,
2889 3974 2946 4021 ut
2985 3966 3199 4037 adjuvet
3227 3974 3297 4021 te.
3329 3965 3441 4021 Non
3472 3967 3561 4021 tibi
3595 3976 3750 4038 potes

2163 4078 2350 4133 aquam
2379 4062 2617 4132 implere,
2651 4078 2755 4116 non
2784 4062 2875 4117 tibi
2906 4071 3056 4132 potes
3081 4076 3330 4131 coquere,
3356 4076 3462 4114 non
3486 4060 3574 4115 tibi
3594 4068 3750 4131 potes

2163 4162 2284 4207 ante
2328 4169 2521 4221 equum
2564 4167 2779 4207 currere
2801 4194 2814 4217 ,
2840 4151 3137 4223 jumentum
3168 4160 3313 4206 tuum
3342 4167 3447 4205 non
3474 4160 3625 4221 potes
3653 4167 3750 4206 eu-

2164 4260 2300 4299 rare.
2326 4244 2485 4298 Vides
2510 4244 2629 4313 quia
2659 4242 2859 4313 indiges
2881 4242 3021 4297 bono
3046 4243 3183 4298 servi
3214 4244 3307 4310 tui,
3327 4242 3584 4313 obsequio
3607 4243 3746 4297 illius

2162 4334 2384 4406 indiges.
2417 4334 2529 4390 Non
2570 4351 2628 4391 es
2657 4351 2783 4406 ergo
2807 4350 2963 4390 verus
2987 4334 3252 4399 dominus,
3290 4335 3501 4406 quando
3540 4335 3747 4406 indiges

2163 4427 2434 4484 inferiore.
2482 4427 2574 4482 ille
2617 4437 2698 4482 est
2742 4442 2899 4482 verus
2932 4427 3185 4483 Dominus
3218 4427 3304 4498 qui
3349 4426 3479 4481 nihil
3510 4443 3539 4481 a
3590 4427 3746 4482 nobis

2160 4520 2377 4589 qumrit;
2410 4528 2463 4573 et
2492 4535 2568 4572 vae
2599 4517 2776 4582 nobis,
2814 4519 2857 4571 si
2897 4533 3015 4573 eum
3062 4534 3164 4572 non
3197 4534 3517 4591 qtneramus.
3545 4517 3686 4573 Nihil
3712 4534 3746 4574 a
3828 4586 3837 4593 .

2161 4611 2314 4666 nobis
2352 4611 2574 4681 quaerit;
2600 4619 2653 4664 et
2679 4611 2921 4680 qumsivit
2951 4626 3068 4678 nos,
3100 4627 3219 4665 cum
3247 4628 3366 4666 eum
3393 4627 3497 4667 non
3538 4627 3746 4687 quaere-

2160 4717 2358 4756 remus.
2390 4700 2516 4755 Ovis
2540 4708 2644 4755 ‘una
2671 4710 2977 4767 erraverat;
3012 4702 3212 4756 invenit
3245 4718 3383 4770 eam,
3424 4703 3661 4774 gaudens
3690 4705 3743 4760 in

2160 4793 2399 4850 humeris
2441 4794 2550 4848 suis
2588 4796 2876 4867 reportavit
2903 4792 3051 4868 (Luc.
3086 4813 3176 4863 xv,
3204 4799 3255 4861 .i,
3287 4794 3361 4868 5).
3395 4790 3462 4852 Et
3488 4797 3741 4869 numquid
3782 4850 3803 4859 ,

2159 4888 2416 4943 ovis.erat
2442 4887 2639 4956 pastori
2668 4888 2966 4941 necessaria
2995 4930 3008 4951 ,
3037 4897 3091 4942 et
3118 4904 3220 4942 non
3252 4889 3334 4942 mi
3364 4891 3538 4958 potius
3564 4899 3746 4961 pastor

2161 4980 2493 5035 necessarius
2530 4980 2678 5034 erat?
2714 4979 2923 5047 Quanto
2960 4979 3207 5034 libentius
3244 4981 3311 5037 de
3355 4981 3614 5037 eharitate
3660 4982 3744 5037 lo-

2158 5087 2293 5142 quor
2312 5113 2327 5139 ,
2357 5080 2502 5125 tanto
2532 5071 2705 5124 minus
2733 5071 2857 5125 volo
2887 5069 3022 5124 finiri
3063 5072 3348 5140 Epistulam
3380 5073 3554 5127 istam.
3588 5073 3742 5128 Nulla

2159 5171 2240 5217 est
2286 5162 2553 5216 ardentior
2598 5161 2663 5215 ad
2713 5161 3187 5217 commendandam
3224 5161 3555 5218 charitatem.
3599 5162 3743 5218 Nihil

2159 5253 2307 5308 vobis
2344 5250 2549 5308 dulcius
2578 5252 2917 5323 praedicatur,
2946 5250 3074 5306 nihil
3099 5250 3363 5307 salubrius
3390 5252 3622 5308 bibitur:
3647 5253 3743 5308 sed

2160 5345 2203 5398 si
2230 5344 2364 5399 bene
2389 5344 2615 5399 vivendo
2645 5342 2972 5399 conﬁrmetis
3012 5343 3065 5398 in
3103 5344 3253 5398 vobis
3288 5358 3479 5399 munus
3508 5345 3620 5398 Dei.
3661 5344 3739 5400 Ne

2160 5437 2275 5492 sitis
2328 5437 2519 5509 ingrati
2572 5446 2731 5491 tanta:
2775 5437 2957 5509 gratia;
3000 5436 3167 5501 illius,
3218 5438 3468 5506 quicum
3523 5438 3741 5493 haberet

2160 5526 2407 5593 Unicum,
2442 5528 2609 5582 noluit
2637 5528 2780 5583 illum
2808 5542 2927 5584 esse
2964 5543 3125 5582 unum
3154 5544 3169 5595 ;
3207 5529 3301 5584 sed
3334 5534 3393 5583 ut
3421 5524 3615 5584 fratres
3643 5527 3739 5582 ha.

2159 5621 2329 5688 heret,
2356 5622 2625 5693 adeptavit
2661 5620 2764 5689 illi,
2806 5622 2897 5693 qui
2938 5636 3060 5678 cum
3089 5621 3179 5677 illo
3206 5621 3538 5692 possiderent
3575 5621 3738 5679 vitari.

2159 5722 2411 5769 aeternam
