4076 6502
264 405 404 462 2M5

781 519 1188 579 TRACTATU‘S
1227 523 1317 577 IX.

263 618 344 673 De
379 633 441 673 eo
485 616 620 688 quod
657 617 884 688 seqititur
907 660 920 683 ,
964 616 1020 670 In
1059 614 1162 671 hoc
1188 615 1421 687 perfecta
1448 624 1529 671 est
1559 613 1768 671 dilectio
1796 615 1849 670 in

333 709 524 774 nobis;
555 723 714 778 Itaque
739 709 806 760 ad
827 708 900 773 id,
928 709 994 762 Et
1021 707 1121 761 hoc
1160 708 1463 762 mandatum
1495 707 1750 762 habemus
1779 707 1847 761 ab

335 801 476 871 ipso,
511 810 564 854 ut
587 801 676 870 qui
705 801 874 871 diligit
902 801 1086 867 Deum,
1119 800 1303 870 diligat
1331 809 1382 854 et
1414 798 1629 854 fratrem
1671 813 1844 853 suum.

333 895 464 965 Cap.
497 909 569 961 tv,
615 895 689 962 γ,
723 894 908 948 iret.

332 991 384 1043 Ι.
435 988 674 1043 Meminit
697 987 942 1041 Charitas
971 995 1184 1054 vestra,
1234 1002 1301 1041 ex
1347 985 1582 1057 Epistola
1630 984 1847 1040 Joannis

261 1082 488 1152 apostoli
529 1082 767 1135 ultimam
819 1089 1020 1149 partem
1059 1088 1259 1133 restare
1301 1079 1452 1132 nobis
1494 1077 1842 1142 tractandam,

261 1183 314 1230 et
343 1173 709 1244 exponendam
737 1174 920 1237 vobis,
959 1182 1211 1241 quantum
1245 1172 1494 1224 Dominus
1525 1172 1702 1224 donat.
1741 1170 1847 1222 llu-

257 1267 344 1336 jus
372 1280 500 1334 ergo
529 1265 694 1319 debiti
735 1276 832 1318 nos
860 1277 1129 1319 memores
1157 1277 1339 1316 sumus
1371 1280 1384 1314 :
1417 1262 1707 1316 exactionis
1747 1275 1844 1313 au-

261 1368 363 1413 tem
391 1374 489 1412 vos
518 1371 781 1410 memores
809 1371 931 1410 esse
969 1355 1193 1409 debetis.
1235 1354 1434 1408 Eadem
1485 1355 1678 1423 quippe
1715 1353 1844 1405 cha-

258 1451 384 1504 ritas
421 1465 542 1518 qnze
581 1464 632 1501 m
682 1448 793 1515 ipsa
842 1447 1076 1515 Epistola
1139 1447 1369 1499 maxime
1411 1454 1459 1499 et
1517 1460 1682 1515 prope
1733 1445 1842 1499 sola

259 1539 682 1604 commendatur,
716 1547 770 1592 et
799 1554 894 1592 nos
927 1538 1048 1592 facit
1091 1537 1426 1591 ﬁdelissimos
1462 1537 1762 1602 debitores,
1792 1543 1846 1590 et

258 1645 352 1685 vos
384 1630 722 1685 dulcissimos
748 1638 1039 1684 exactores.
1072 1629 1194 1683 Ideo
1225 1629 1332 1682 dixi
1363 1629 1695 1683 dulcissimos
1719 1643 1844 1681 exa-

256 1735 454 1788 ctores,
485 1726 605 1795 quia
627 1725 714 1778 ubi
736 1725 966 1778 Charitas
989 1739 1091 1776 non
1113 1731 1214 1788 est,
1243 1736 1452 1775 amarus
1478 1730 1695 1775 exactor
1719 1729 1800 1774 est
1824 1739 1838 1772 :

257 1819 344 1872 ubi
381 1826 562 1872 autem
592 1816 822 1872 charitas
849 1824 929 1868 est
949 1859 962 1881 ,
991 1822 1047 1869 et
1073 1815 1161 1884 qui
1192 1814 1350 1882 exigit
1380 1813 1548 1866 dulcis
1578 1820 1695 1876 est;
1731 1820 1783 1864 et
1813 1825 1840 1864 a

254 1925 358 1980 quo
413 1909 660 1977 exigitur,
715 1907 815 1961 etsi
870 1906 1096 1975 aliquem
1147 1905 1382 1958 laborem
1431 1903 1668 1971 suscipit,
1721 1901 1844 1955 facit

255 2003 506 2057 eumdem
547 2001 782 2055 laborem
831 2013 995 2069 prope
1025 1999 1226 2052 nullum
1267 2005 1318 2051 et
1357 1997 1526 2050 levem
1565 1997 1677 2064 ipsa
1717 1994 1842 2049 cha-

255 2098 402 2151 ritas.
445 2097 630 2149 Nonne
671 2095 910 2148 videmus
940 2094 1096 2148 etiam
1127 2093 1176 2146 in
1206 2090 1763 2145 tntttis'animanlibus
1791 2100 1844 2145 et

257 2189 659 2242 irrationalibus
709 2171 800 2240 ubi
845 2201 950 2239 non
999 2193 1079 2239 est
1129 2183 1412 2252 Spirilualis
1441 2182 1698 2247 Charitas,
1748 2181 1841 2235 sed

258 2279 493 2334 carnalis
536 2287 589 2332 et
629 2277 881 2331 naturalis
905 2317 920 2342 ,
952 2275 1088 2343 exigi
1119 2281 1298 2327 tamen
1344 2287 1534 2338 magno
1560 2272 1747 2325 aﬁ‘ectu
1774 2270 1878 2325 dea

263 2371 517 2425 uberibus
555 2369 740 2423 matris
787 2369 867 2422 lac
906 2383 934 2420 a
976 2366 1210 2436 parvulis
1227 2364 1338 2433 ἳΕι
1367 2363 1608 2434 quamvis
1648 2377 1843 2431 sugens

260 2465 520 2532 impetum
571 2460 726 2515 faciat
764 2460 816 2513 in
857 2459 1053 2522 ubera;
1093 2457 1280 2511 melius
1330 2463 1411 2509 est
1458 2463 1634 2508 tamen
1683 2453 1844 2508 matri

258 2570 415 2626 quam
448 2555 624 2610 sinon
653 2561 823 2622 sugat,
857 2567 954 2606 nec
979 2551 1162 2620 exigat
1199 2548 1339 2619 quod
1375 2548 1635 2602 charitate
1679 2547 1843 2600 debe-

258 2656 361 2701 tur.
406 2647 561 2716 Saepe
601 2644 843 2699 videmus
889 2643 1052 2696 ubera
1094 2655 1373 2695 vaccarum
1414 2640 1574 2693 etiam
1617 2651 1644 2690 a
1687 2652 1844 2707 gran-

258 2739 516 2794 diuscnlis
546 2739 721 2793 vitulis
748 2737 922 2806 capite
948 2735 1174 2805 percuti,
1205 2743 1260 2789 et
1285 2748 1452 2804 prepe
1481 2732 1598 2800 ipso
1645 2731 1843 2800 impetu
1869 2765 1890 2770 --

259 2831 424 2887 levari
452 2840 678 2884 matrum
706 2842 952 2897 corpora,
984 2841 1084 2880 nec
1110 2840 1202 2880 eos
1231 2835 1405 2878 tamen
1443 2823 1586 2876 calce
1616 2821 1797 2890 repelli
1826 2836 1841 2885 ;

260 2923 354 2980 sed
379 2933 434 2978 et
460 2924 505 2976 si
542 2921 682 2976 desit
701 2922 836 2974 ﬁlius
861 2923 949 2990 qui
975 2925 1129 2989 sugat
1147 2961 1159 2981 ,
1187 2918 1391 2987 mugitu
1413 2915 1590 2970 vocari
1619 2914 1684 2967 ad
1712 2913 1843 2967 ube-

261 3031 340 3072 ra.
381 3015 440 3071 Si
478 3029 604 3085 ergo
643 3023 726 3068 est
765 3014 819 3066 in
855 3013 1010 3066 nobis
1049 3012 1138 3065 illa
1163 3010 1393 3064 charitas
1431 3007 1748 3077 Spiritualis,
1777 3006 1846 3060 de

169 3099 184 3119 ⁸
262 3121 361 3179 qua
413 3105 697 3175 Apostolus
739 3104 887 3166 dicit,
941 3103 1130 3157 Factus
1171 3117 1280 3155 sum
1311 3099 1550 3172 parvulus
1589 3100 1642 3152 in
1682 3099 1846 3151 medio

261 3208 496 3264 oestrum,
518 3208 753 3267 tanquam
776 3195 948 3249 nutrix
974 3195 1144 3263 fovens
1163 3193 1296 3260 ﬁlios
1317 3209 1431 3245 suos
1450 3191 1489 3261 (Ι
1512 3189 1686 3244 Thess.
1703 3187 1842 3259 11,7);

264 3303 388 3348 tunc
426 3307 521 3346 vos
557 3292 825 3361 diligimus
849 3288 1061 3359 quando
1087 3287 1316 3357 exigitis.
1349 3286 1532 3355 Pigros
1567 3299 1670 3338 non
1699 3298 1845 3336 ama-

262 3399 416 3449 mus;
459 3383 582 3454 quia
626 3380 992 3450 languentibus
1017 3361 1394 3432 formidamus.
1429 3375 1848 3429 Intercesserunt

260 3485 459 3541 autem,
505 3483 564 3528 ut
607 3472 1076 3527 intermitteretnus
1121 3478 1323 3524 textum
1361 3467 1515 3536 hujus
1559 3467 1841 3534 Epistolas,

258 3567 506 3638 quaedam
562 3581 660 3636 pro
725 3565 916 3619 diebus
981 3563 1126 3616 festis
1198 3561 1455 3615 solemnia
1511 3560 1796 3613 lectionum
1825 3599 1840 3623 ,

258 3675 374 3730 qua:
405 3674 511 3714 non
543 3666 825 3728 potuerunt
853 3657 952 3711 nisi
989 3656 1126 3725 legi,
1175 3662 1230 3708 et
1269 3653 1380 3722 ipsa
1423 3653 1654 3706 tractari.
1697 3652 1845 3706 Nunc
1877 3683 1896 3688 ιλ

258 3765 386 3821 ergo
423 3750 493 3805 ad
533 3747 948 3820 pmtermissum
983 3746 1226 3800 ordinem
1265 3743 1578 3808 redeamus;
1620 3752 1676 3797 et
1723 3755 1846 3811 quae

257 3850 482 3908 restant,
511 3841 711 3913 intente
724 3840 946 3909 accipiat
964 3839 1227 3893 Sanctitas
1243 3845 1438 3890 vestra.
1455 3835 1642 3890 Nescio
1666 3843 1843 3889 utrum

257 3933 684 4004 magniﬁcentius
736 3931 888 3985 nobis
931 3929 1165 3985 charitas
1201 3925 1567 3982 commendari
1619 3933 1842 3995 posset,

256 4040 414 4096 quam
444 4035 505 4080 ιιι
526 4024 813 4089 diceretur,
846 4021 984 4076 Deus
1013 4021 1233 4074 charitas
1261 4028 1352 4074 est.
1387 4020 1569 4073 Brevis
1609 4019 1724 4072 laus
1743 4057 1758 4085 ,
1791 4026 1847 4073 et

256 4134 450 4189 magna
498 4118 611 4171 laus
643 4133 656 4168 :
689 4115 864 4169 brevis
895 4114 950 4168 in
985 4128 1262 4174 sermone,
1292 4120 1347 4167 et
1369 4126 1559 4181 magna
1587 4111 1638 4165 in
1681 4111 1920 4168 intel-w

256 4214 418 4268 lectu.
467 4205 789 4278 Quam'cito
833 4207 1044 4271 dicitur,
1086 4204 1226 4261 Deus
1269 4205 1470 4260 dilectio
1503 4205 1608 4259 est!
1651 4204 1717 4258 Et
1745 4204 1846 4259 hoc

255 4304 418 4360 breve
443 4311 528 4356 est
556 4319 567 4353 :
599 4301 644 4354 si
672 4315 938 4364 numeres,
965 4314 1124 4352 unum
1147 4309 1258 4362 est;
1285 4298 1330 4352 si
1358 4298 1648 4369 appendas,
1673 4311 1844 4368 quan-

255 4403 367 4450 tum
413 4395 529 4447 est!
579 4391 718 4446 Deus
768 4391 968 4444 dilectio
1005 4399 1095 4446 est.
1130 4389 1196 4444 Et
1221 4391 1308 4458 qui
1337 4401 1523 4454 manet,
1560 4391 1745 4460 inquit,
1789 4392 1844 4444 in

254 4487 542 4552 dilectione,
572 4484 625 4538 in
651 4482 758 4537 Deo
784 4491 949 4537 manet
978 4490 1025 4536 et
1054 4481 1191 4536 Deus
1213 4483 1267 4538 in
1291 4483 1380 4536 illo
1403 4492 1566 4536 manet
1596 4482 1618 4552 (
1635 4482 1652 4534 l
1679 4483 1839 4537 Joan.

255 4595 326 4645 tv,
383 4577 495 4650 16).
547 4577 627 4632 Sit
668 4576 761 4630 tibi
795 4576 986 4632 domus
1025 4576 1185 4642 Deus,
1226 4583 1281 4630 et
1317 4583 1435 4631 esto
1478 4576 1668 4630 domus
1709 4577 1838 4644 Dei;

256 4687 414 4728 mane
443 4673 495 4725 in
522 4670 650 4736 Deo,
671 4677 960 4724 etmaneat
985 4669 1038 4722 in
1068 4678 1119 4724 te
1148 4669 1302 4724 Deus.
1333 4669 1505 4723 Manet
1534 4670 1585 4723 in
1606 4679 1657 4723 te
1678 4670 1836 4737 Deus,

253 4777 305 4822 ut
341 4776 393 4820 te
420 4765 690 4820 contineat
720 4781 733 4816 :
761 4777 947 4816 manes
968 4761 1018 4816 in
1050 4762 1188 4824 Deo,
1215 4776 1282 4815 ne
1310 4761 1470 4816 cadas
1490 4779 1503 4826 ;
1526 4763 1647 4832 quia
1667 4762 1744 4817 sic
1773 4762 1842 4818 de

256 4861 368 4929 ipsa
393 4857 650 4912 charitate
677 4855 803 4908 dicit
829 4853 1136 4922 Apostolus,
1166 4852 1399 4907 Charitas
1424 4870 1680 4920 nunquam
1705 4854 1840 4908 cadit

257 4951 313 5022 (ι
341 4948 466 5004 Cor.
501 4963 616 5011 χιιι,
641 4946 716 5016 8).
740 4944 1017 5014 Quomodo
1045 4943 1186 4998 cadit
1210 4959 1366 5014 quem
1399 4946 1635 4999 continet
1661 4945 1840 5000 Deus?

324 5047 379 5100 2.
407 5045 477 5101 In
507 5047 601 5102 hoc
631 5050 849 5116 perfecta
886 5055 957 5100 est
983 5046 1182 5099 dilectio
1211 5046 1262 5098 in
1289 5044 1430 5100 nobis
1455 5086 1470 5108 ,
1513 5053 1566 5096 ut
1601 5044 1840 5112 ﬁduciam

257 5138 529 5194 habeamus
552 5140 604 5194 in
629 5139 712 5192 die
726 5137 912 5209 judicii
934 5155 951 5193 :
971 5138 1090 5208 quia
1107 5137 1235 5190 sicut
1261 5136 1349 5190 ille
1367 5145 1460 5201 est,
1488 5145 1534 5188 ct
1558 5153 1649 5188 nos
1669 5152 1840 5190 sumus

252 5229 306 5284 in
329 5231 427 5284 hoc
456 5229 664 5282 mundo.
698 5227 830 5284 Dicit
854 5227 1122 5298 quomodo
1151 5242 1210 5280 se
1241 5228 1426 5296 probet
1451 5227 1834 5296 unusquisque,

253 5332 512 5392 quantum
542 5323 595 5378 in
627 5323 718 5378 illo
747 5321 1033 5392 profecerit
1061 5321 1292 5375 cltaritas
1317 5337 1330 5374 :
1359 5319 1440 5373 vel
1471 5319 1641 5388 potius
1666 5333 1835 5388 quan-

253 5424 364 5471 tum
395 5417 512 5486 ipse
541 5422 592 5472 in
621 5410 877 5472 charitate
898 5415 1200 5486 profecerit.
1227 5413 1357 5468 Nam
1377 5413 1420 5467 si
1447 5413 1678 5468 charitas
1701 5413 1838 5467 Deus

255 5517 335 5562 est
359 5549 376 5575 ,
431 5523 530 5563 nec
561 5507 767 5577 proﬁcit
795 5523 893 5562 nec
929 5505 1110 5562 deﬁcit
1137 5506 1276 5560 Deus
1308 5522 1320 5559 :
1349 5504 1424 5558 sic
1449 5503 1644 5558 dicitur
1674 5503 1837 5573 proli-
1869 5533 1882 5538 --

253 5615 379 5656 cere
409 5602 463 5656 in
491 5608 545 5656 te
574 5599 825 5666 charitas,
851 5599 973 5670 quia
1017 5609 1072 5653 ιιι
1119 5599 1169 5653 in
1215 5613 1276 5652 ea
1306 5596 1535 5668 proﬁcis.
1568 5596 1838 5666 Interroga

254 5708 384 5763 ergo
433 5701 684 5763 quantum
733 5693 784 5746 in
831 5690 1089 5746 cltaritate
1143 5688 1452 5759 profeceris,
1492 5697 1546 5742 et
1591 5687 1712 5757 quid
1743 5688 1835 5742 tibi

255 5786 579 5862 respondeat
601 5799 693 5842 cor
720 5793 885 5851 tuum,
920 5795 976 5840 ut
1003 5785 1213 5840 noveris
1239 5797 1544 5838 mensuram
1572 5781 1838 5853 profectus

255 5878 352 5934 tui.
385 5879 634 5938 Promisit
658 5878 799 5934 enim
827 5876 1109 5935 ostendere
1150 5875 1303 5933 nobis
1327 5875 1381 5931 in
1401 5887 1514 5945 quo
1538 5887 1832 5946 cognoscan-

1445 397 1852 461 TRACTATUS
1887 397 1978 458 tx.
2012 399 2236 468 CAPUT
2271 409 2359 468 IV.

3389 428 3528 485 2046

1957 542 2077 583 mus
2101 543 2250 599 eum,
2279 540 2333 587 et
2358 533 2450 602 ait,
2481 533 2548 588 In
2591 536 2684 589 hoc
2723 541 2942 607 perfecta
2965 547 3037 592 est
3062 554 3113 593 ut
3141 540 3282 596 nobis
3309 543 3526 600 dilectio.

1957 618 2166 688 Qumre,
2196 624 2249 677 in
2279 626 2422 694 quo?
2451 626 2515 681 Ut
2541 628 2780 696 ﬁduciam
2817 629 3086 685 habeamus
3126 633 3178 686 in
3215 634 3298 687 die
3324 636 3528 703 judicii.

1956 711 2204 781 Quisquis
2231 714 2472 769 fiduciam
2502 717 2657 772 habet
2689 720 2738 773 in
2766 719 2852 774 die
2875 721 3080 791 jndicii,
3113 723 3345 792 perfecta
3375 728 3528 782 estin

1955 802 2043 855 illo
2067 803 2313 860 Charitas.
2347 807 2480 875 Quid
2512 817 2590 863 est
2621 810 2813 866 habere
2842 812 3085 867 ﬁduciam
3115 815 3170 868 in
3198 815 3283 870 die
3307 815 3532 885 judicii?

1955 895 2066 948 Non
2095 897 2281 952 timere
2309 915 2376 952 ne
2402 901 2576 954 veniat
2615 902 2726 958 dies
2766 905 2967 973 judicii.
3009 904 3144 960 Sunt
3173 908 3416 964 homines
3438 911 3529 981 qui

1954 1002 2058 1040 non
2091 989 2311 1042 credunt
2336 989 2474 1044 diem
2500 992 2709 1061 judicii;
2754 995 2841 1049 isti
2888 997 3130 1051 fiduciam
3171 1013 3275 1052 non
3307 1005 3529 1069 possunt

1955 1080 2149 1137 habere
2173 1084 2226 1137 in
2255 1084 2338 1137 die
2366 1099 2518 1153 quam
2548 1097 2820 1141 venturam
2848 1104 2964 1143 esse
2991 1107 3094 1145 non
3121 1093 3360 1148 credunt.
3386 1095 3529 1150 Prte-

1955 1172 2304 1227 termittamus
2335 1160 2464 1229 istos
2496 1193 2507 1228 :
2537 1178 2729 1230 excitet
2768 1178 2889 1233 illos
2928 1181 3085 1246 Deus,
3119 1191 3176 1234 ut
3203 1182 3418 1248 vivant;
3462 1183 3530 1239 de

1953 1265 2171 1317 mortuis
2200 1266 2380 1335 tttqttid
2409 1267 2706 1337 loquimur?
2735 1270 2846 1323 Non
2869 1271 3090 1325 credunt
3118 1272 3346 1327 futurum
3384 1275 3525 1329 diem

1948 1357 2149 1425 judicii,
2180 1373 2275 1411 nec
2305 1360 2509 1420 timent,
2538 1375 2637 1415 nec
2659 1362 3117 1434 desit‘lerantquod
3148 1379 3249 1419 non
3281 1367 3522 1422 credunt.

1949 1447 2120 1517 Cmpit
2148 1449 2336 1518 aliquis
2367 1453 2584 1505 credere
2611 1452 2750 1505 diem
2776 1453 2953 1522 judicii
2987 1474 2998 1508 :
3022 1455 3068 1507 si
3095 1457 3253 1524 ccepi!
3282 1458 3523 1523 credere,

1949 1541 2108 1608 coepit
2137 1552 2187 1596 et
2217 1543 2420 1597 limere.
2452 1543 2554 1597 Sed
2575 1545 2691 1613 quia
2713 1547 2861 1599 timet
2887 1546 3076 1611 adhuc,
3110 1549 3338 1602 nondum
3365 1551 3524 1604 habet

1950 1633 2193 1686 ﬁduciam
2228 1635 2277 1687 iu
2310 1631 2619 1703 diejudicii,
2649 1637 2880 1689 nondum
2923 1648 3003 1689 est
3051 1639 3102 1691 in
3154 1639 3248 1692 illo
3294 1641 3522 1708 perlecta

1948 1724 2198 1778 Charitas.
2249 1723 2508 1794 Numquid
2558 1735 2732 1780 tamen
2780 1727 3166 1796 desperandum
3195 1729 3310 1783 est?
3337 1731 3390 1784 In
3422 1747 3526 1801 quo

1947 1816 2092 1871 vides
2116 1818 2341 1884 initium,
2363 1834 2456 1872 cur
2474 1819 2723 1888 desperas
2744 1819 2899 1872 ﬁnem
2913 1819 2936 1872 ?
2951 1820 3100 1887 Quod
3125 1822 3326 1875 initium
3347 1823 3521 1889 video,

1947 1908 2160 1978 inquis?
2199 1908 2370 1978 Ipsum
2413 1911 2673 1963 timorem.
2709 1909 2841 1963 Audi
2890 1911 3211 1980 Scripturam
3255 1930 3268 1965 :
3319 1912 3526 1965 Initium

1945 2003 2204 2071 sapientia:
2235 2003 2381 2054 timor
2411 2003 2615 2055 Domini
2646 2003 2830 2072 (Eccli.
2866 2019 2903 2065 1,
2940 2003 3047 2072 16).
3081 2002 3254 2073 Coepit
3297 2019 3422 2074 ergo
3463 2005 3529 2058 ti-

1948 2107 2094 2148 mere
2121 2095 2257 2148 diem
2281 2095 2461 2162 judicii
2497 2111 2509 2147 :
2544 2095 2778 2149 timendo
2813 2095 3040 2163 con-igat
3081 2112 3166 2160 se;
3215 2097 3389 2164 vigilet
3436 2097 3528 2149 ad-

1947 2199 2133 2241 versus
2177 2185 2358 2242 hostes
2409 2203 2568 2254 suos,
2611 2187 2662 2241 id
2711 2197 2811 2251 est,
2864 2187 3117 2242 adversus
3148 2197 3358 2256 peccata
3390 2205 3521 2250 sua;

1895 2300 1916 2325 ι·
1948 2279 2164 2347 incipiat
2203 2279 2518 2332 reviviscere
2549 2279 2790 2343 interius,
2833 2288 2884 2332 et
2934 2280 3248 2332 mortiﬁcare
3288 2279 3525 2334 membra

1948 2385 2039 2426 sua
2069 2385 2188 2441 qua:
2217 2378 2339 2424 sunt
2379 2384 2540 2439 super
2576 2376 2770 2423 terram
2792 2410 2806 2435 ,
2851 2368 2988 2422 sicut
3027 2370 3311 2437 Apostolus
3352 2369 3479 2424 dicit
3508 2412 3522 2435 ,

1950 2465 2254 2532 Mortiﬁcate
2281 2463 2500 2517 membra
2529 2472 2689 2516 vestra
2714 2477 2826 2533 qua?
2849 2470 2963 2516 sunt
2989 2478 3140 2529 super
3167 2470 3370 2514 terram.
3399 2461 3524 2531 Spi-

1948 2558 2154 2611 ritualia
2187 2557 2434 2626 nequitiae
2463 2555 2591 2610 dicit
2637 2555 2874 2608 membra
2923 2569 3082 2623 super
3133 2561 3329 2608 terram
3361 2573 3374 2608 :
3405 2569 3526 2608 nam

1949 2647 2185 2719 sequitur
2210 2657 2264 2702 et
2293 2647 2528 2718 exponit,
2563 2647 2836 2699 Avaritiam
2862 2687 2876 2711 ,
2909 2646 3280 2699 immunditiam
3309 2644 3526 2717 (Coloss.

1948 2757 2022 2805 ιιι,
2049 2738 2124 2809 5),
2155 2748 2208 2793 et
2227 2747 2420 2793 etetcra
2443 2753 2560 2806 quae
2583 2737 2689 2790 illic
2717 2737 3038 2806 exsequitur.
3063 2736 3326 2804 Quantum
3354 2745 3528 2790 autem

1949 2830 2235 2888 tnortiﬁcat
2259 2831 2379 2896 iste,
2400 2830 2485 2899 qui
2505 2829 2691 2883 timere
2717 2828 2876 2897 coepit
2898 2827 3036 2880 diem
3059 2827 3262 2896 judicii,
3291 2828 3528 2882 membra

1949 2940 2040 2978 sua
2073 2937 2230 2993 super
2261 2931 2479 2986 terram,
2514 2926 2716 2973 tantum
2749 2929 2970 2988 surgunt
3014 2927 3066 2971 et
3119 2918 3532 2973 corroborantur

1949 3014 2187 3070 membra
2235 3013 2493 3068 coelestia.
2542 3011 2773 3064 Membra
2813 3020 2986 3064 autem
3026 3010 3297 3073 caelestia,
3351 3009 3529 3064 omnia

1949 3123 2108 3178 opera
2136 3107 2294 3160 bona.
2326 3103 2678 3175 Surgentibus
2703 3103 3010 3158 coelestibus
3041 3102 3314 3168 membris,
3347 3102 3532 3172 incipit

1950 3200 2256 3254 desiderare
2285 3196 2423 3266 quod
2466 3195 2700 3249 timebat.
2734 3193 2977 3248 Timebat
3023 3193 3164 3246 enim
3213 3207 3280 3246 ne
3323 3193 3532 3247 veniret

1951 3291 2214 3355 Christus,
2242 3295 2295 3342 et
2321 3287 2579 3341 inveniret
2609 3283 2828 3354 impium
2857 3297 3012 3353 quem
3048 3282 3356 3361 damnaret;
3385 3282 3529 3336 desi-

1951 3385 2102 3439 derat
2131 3389 2188 3435 ut
2215 3380 2410 3443 veniat,
2441 3377 2564 3448 quia
2595 3377 2904 3430 inventurus
2931 3383 3012 3428 est
3057 3373 3199 3442 pium
3243 3387 3400 3442 quem
3441 3386 3532 3427 co-

1950 3488 2122 3534 ronet.
2153 3477 2268 3532 Jam
2297 3489 2415 3530 cum
2444 3472 2666 3542 coeperit
2699 3469 3004 3524 desiderare
3029 3467 3329 3522 venientem
3370 3465 3532 3522 Chri-

1949 3579 2088 3626 stum
2119 3576 2262 3623 casta
2292 3567 2488 3629 anima,
2521 3578 2639 3634 qua:
2679 3561 2946 3615 desiderat
2983 3560 3257 3629 amplexus
3309 3561 3487 3628 sponsi
3515 3600 3530 3622 ,

1948 3663 2218 3718 renuntiat
2242 3660 2510 3721 adultero;
2545 3657 2602 3709 ﬁt
2628 3656 2774 3724 virgo
2808 3654 3027 3707 interius
3053 3653 3164 3721 ipsa
3193 3651 3312 3714 ﬁde,
3342 3665 3452 3719 spe,
3478 3658 3534 3706 et

1949 3755 2224 3810 charitate.
2277 3751 2444 3805 Habet
2477 3749 2584 3818 jam
2633 3746 2877 3800 ﬁduciam
2925 3746 2977 3799 in
3025 3744 3111 3799 die
3151 3742 3333 3814 judicii
3377 3757 3528 3797 :non

1950 3855 2132 3901 contra
2175 3859 2230 3898 se
2277 3851 2471 3912 pugnat
2513 3838 2723 3910 quando
2748 3845 2896 3901 orat,
2925 3843 2978 3889 et
3003 3835 3147 3901 dicit,
3176 3834 3417 3888 Adveniat
3445 3826 3529 3888 re?

1948 3955 2099 4011 gnum
2129 3947 2269 3990 tuum
2295 3934 2504 4004 (Matth.
2532 3947 2582 3985 vt
2602 3972 2616 3997 ,
2649 3931 2764 3999 10).
2789 3929 2886 3998 Qui
2911 3928 3052 3982 enim
3083 3928 3230 3980 timet
3261 3942 3324 3979 ne
3353 3927 3532 3982 veniat

1948 4044 2168 4100 regnum
2196 4027 2311 4092 Dei,
2343 4025 2496 4080 timet
2522 4039 2587 4077 ne
2608 4021 2937 4076 exaudiatur.
2969 4016 3253 4086 Quomodo
3273 4026 3409 4082 orat,
3438 4016 3527 4086 qui

1949 4123 2100 4176 timet
2125 4134 2189 4173 ne
2210 4114 2558 4171 exaudiatur?
2577 4113 2676 4179 Qui
2701 4117 2876 4164 autem
2899 4116 3014 4162 orat
3035 4122 3153 4162 cum
3183 4106 3375 4160 ﬁducia
3401 4106 3528 4160 cha-

1948 4212 2139 4276 ritatis,
2169 4218 2314 4280 optat
2341 4209 2446 4276 jam
2476 4215 2533 4259 ut
2554 4205 2749 4259 veniat.
2785 4203 2858 4256 De
2887 4202 3002 4270 ipso
3030 4199 3295 4254 desiderio
3318 4198 3530 4253 dicebat

1947 4306 2159 4378 quidam
2181 4305 2237 4357 in
2265 4303 2497 4365 Psalmo,
2531 4299 2595 4352 Et
2624 4307 2698 4363 tu,
2732 4295 2964 4360 Domine,
2995 4293 3283 4362 usquequo?
3311 4291 3528 4344 Conver-

1948 4409 2068 4465 tere,
2099 4396 2329 4459 Domine,
2359 4403 2404 4447 et
2429 4407 2546 4460 erue
2585 4390 2804 4443 animam
2851 4403 3009 4439 meam
3047 4384 3223 4452 (Psal.
3254 4399 3324 4449 Vl,
3355 4385 3405 4442 4.
3438 4383 3525 4453 5).

1947 4489 2204 4544 Gemebat
2232 4501 2289 4539 se
2317 4482 2537 4537 differri.
2568 4480 2702 4536 Sunt
2728 4479 2866 4532 cnim
2900 4477 3141 4531 homines
3164 4475 3250 4544 qui
3277 4490 3395 4527 cum
3433 4489 3528 4543 pa-

1947 4581 2128 4635 tientia
2180 4578 2478 4632 moriuntur
2504 4591 2517 4626 :
2547 4581 2671 4644 sunt
2700 4578 2875 4625 autem
2918 4568 3130 4638 quidam
3176 4565 3397 4635 perfecti
3440 4566 3528 4634 qui

1945 4687 2063 4726 cum
2095 4668 2344 4739 patientia
2373 4666 2576 4718 vivunt.
2609 4661 2743 4729 Quid
2770 4660 2878 4714 divi
2898 4661 2922 4714 ?
2941 4660 3040 4724 Qui
3069 4658 3238 4712 adhuc
3260 4655 3528 4709 desiderat

1945 4766 2097 4819 istam
2125 4763 2307 4826 vitam,
2336 4757 2546 4828 quando
2575 4755 2647 4808 illi
2671 4753 2874 4808 venerit
2901 4753 3015 4806 dies
3037 4751 3240 4814 mortis,
3265 4749 3526 4818 patienter

1943 4860 2138 4914 tolerat
2179 4861 2402 4908 mortem
2439 4851 2706 4903 :luetatnr
2746 4847 3023 4902 adversum
3065 4858 3153 4906 se,
3189 4852 3242 4896 ιιι
3275 4850 3525 4908 sequatur

1943 4951 2266 5003 voluntatem
2297 4943 2428 5010 Dei;
2459 4942 2634 4997 ethoc
2656 4941 2832 5010 potius
2853 4939 2957 5009 agit
2989 4938 3181 4997 animo,
3213 4934 3353 5004 quod
3380 4933 3524 5003 eligit

1863 5057 1874 5066 ‘
1898 5071 1900 5074 ν
1945 5043 2104 5100 Deus,
2131 5053 2233 5092 non
2256 5035 2394 5106 quod
2417 5034 2566 5104 eligit
2582 5033 2823 5086 voluntas
2851 5031 3078 5083 humana
3107 5044 3118 5078 :
3145 5036 3197 5079 et
3223 5040 3284 5078 ex
3314 5023 3522 5077 deside-

1943 5133 2023 5187 rio
2065 5131 2188 5185 vitm
2215 5127 2492 5199 praesentis
2539 5126 2597 5180 ﬁt
2640 5127 2775 5178 lucta
2811 5139 2930 5178 cum
2963 5128 3158 5182 morte;
3213 5126 3265 5172 et
3309 5117 3526 5169 adhibet

1942 5222 2245 5294 patientiam
2267 5228 2319 5274 et
2339 5217 2717 5278 fortitudinem,
2750 5223 2809 5268 ut
2837 5226 2989 5281 aequo
3026 5210 3202 5263 animo
3232 5208 3521 5261 moriatur:

1942 5315 2040 5369 iste
2090 5313 2351 5382 patienter
2403 5309 2648 5362 moritur.
2690 5305 2788 5372 Qui
2823 5313 2994 5356 autem
3034 5301 3341 5366 desiderat,
3389 5300 3524 5352 sicut

1941 5404 2068 5460 dicit
2094 5401 2410 5472 Apostolus,
2455 5398 2659 5452 dissolvi
2684 5407 2729 5448 et
2758 5409 2862 5449 esse
2883 5410 2996 5447 cum
3023 5393 3251 5458 Christo,
3280 5403 3384 5444 non
3427 5405 3521 5459 pa-

1943 5498 2133 5551 tienter
2157 5494 2411 5558 moritur;
2443 5490 2537 5544 sed
2565 5488 2823 5558 patienter
2842 5486 2988 5548 vivit,
3008 5483 3391 5538 delectabiliter
3409 5495 3513 5534 mo.

1941 5590 2091 5645 ritur.
2111 5587 2248 5641 Vide
2269 5581 2578 5654 Apostolum
2603 5578 2862 5648 patienter
2887 5577 3171 5638 viventem,
3196 5573 3248 5627 id
3272 5581 3374 5636 est,
3396 5587 3518 5626 cum

1942 5681 2190 5753 patientia
2216 5679 2300 5733 hic
2326 5691 2433 5731 non
2458 5687 2639 5728 amare
2666 5673 2848 5734 vitam,
2877 5671 2970 5725 sed
3000 5671 3246 5724 tolerare.
3279 5666 3515 5729 Dissolvi,

1942 5777 2128 5846 inquit,
2159 5783 2206 5826 et
2228 5787 2335 5826 esse
2355 5784 2468 5822 cum
2492 5765 2691 5821 Christo
2718 5765 2873 5818 multo
2898 5763 3057 5834 magis
3087 5763 3328 5831 optimum
3398 5775 3540 5812 σκαι-

1941 5885 2056 5928 nere
2081 5875 2249 5923 autem
2273 5865 2325 5920 in
2341 5879 2492 5920 carne
2515 5862 2845 5919 necessarium
2863 5865 3064 5931 propter
3080 5853 3442 5926 νοείριὶιικρ.
3471 5870 3514 5922 ι.
