4028 6522
455 399 597 459 ΞΟΠ

454 514 549 578 2'5,
577 508 693 581 24).
722 505 887 576 Ergo,
917 477 1126 564 fratres,
1169 493 1289 551 date
1331 501 1545 581 operam
1570 481 1760 581 ,Ai-ntus
1785 475 1926 547 agite
1951 487 2044 581 vo-

458 573 684 664 biscum,
717 607 773 653 ut
802 573 1115 652 desideretis
1143 587 1284 641 diem
1328 578 1532 651 judicii.
1580 573 1751 668 Aliter
1779 584 1883 668 non
1918 579 2048 668 pro-

461 659 618 750 batur
633 659 864 762 perfecta
885 683 1137 745 charitas,
1163 675 1263 732 nisi
1286 687 1405 728 cum
1422 666 1651 762 cmperit
1670 664 1758 762 ille
1778 659 2052 762 dies-desi-

468 751 664 842 derari.
689 782 780 837 Ille
795 787 970 834 autem
989 788 1109 829 eum
1128 766 1418 830 desiderat,
1431 762 1521 833 qui
1550 758 1794 815 ﬁduciam
1826 754 1983 808 habet
1999 751 2053 805 in

1285 375 1352 435 IN
1389 357 1778 432 Eprs'romu
1814 353 2096 419 JOANNIS
2119 352 2211 411 an
2247 352 2584 424 PARTHOS,
2623 355 2681 413 s.
2722 351 3087 412 AUGUSTINI

3603 348 3745 410 2048

2153 466 2350 538 aliquid
2385 469 2589 537 suitur;
2629 479 2742 527 seta
2771 471 2917 542 prius
2942 473 3137 541 intrat,
3168 473 3262 530 sed
3291 474 3392 531 nisi
3418 486 3612 544 exeat,
3641 494 3747 534 non

2154 562 2391 617 succedit
2434 562 2603 618 linum
2654 581 2668 618 :
2718 563 2798 619 sic
2840 564 2998 619 timor
3022 565 3193 635 primo
3223 577 3446 639 occupat
3474 580 3749 638 mentem,

2156 669 2262 709 non
2303 663 2478 708 autem
2521 655 2591 710 ibi
2623 667 2860 711 remanet
2889 657 3074 725 timor,
3104 661 3226 730 quia
3255 660 3375 716 ideo
3405 662 3664 731 intravit,
3699 677 3751 720 ut

2159 748 2520 804 introduceret
2559 749 2894 804 charitatem.
2928 751 3045 806 Jam
3075 751 3210 808 facta
3240 757 3523 812 securitate
3553 757 3605 811 in
3635 758 3754 812 ani-

465 878 584 935 tllo:
606 876 693 932 ille
721 880 896 928 autem
939 864 1182 923 ﬁduciam
1213 859 1373 914 habet
1393 857 1444 911 in
1469 855 1582 920 illo,
1605 851 1755 920 cujus
1778 846 2054 904 conscien-
2093 865 2127 874 -έ
2160 855 2278 900 mo.
2309 842 2466 935 quale
2494 842 2741 912 gaudium
2770 843 2922 898 nobis
2946 853 3029 899 est
3053 846 3136 900 vel
3163 846 3214 900 in
3240 847 3363 914 hoc,
3392 849 3474 903 vel
3499 851 3550 904 in
3575 850 3756 905 futuro

469 969 545 1026 tia
572 983 678 1024 non
703 962 933 1034 trepidat
961 960 1014 1014 in
1053 954 1311 1012 charitate
1352 947 1600 1020 perfecta.
1621 951 1780 1012 atque
1826 939 2052 1034 sincera.

539 1063 592 1119 ε.
627 1080 647 1113 ι
680 1059 737 1115 ln
767 1031 866 1112 hoc
895 1053 1122 1124 perfecta
1142 1058 1218 1105 est
1248 1044 1461 1102 dilectio
1482 1041 1596 1111 ejus
1617 1039 1670 1094 in
1697 1035 1878 1099 nobis,
1911 1041 1968 1087 ut
1995 1031 2059 1085 u-

467 1153 676 1210 duciam
725 1149 1014 1203 habeamus
1065 1144 1117 1197 in
1145 1141 1232 1196 die
1253 1135 1458 1209 judicii.
1499 1153 1517 1186 ι
1551 1132 1725 1200 Quare
1752 1126 2062 1182 habebimus

471 1243 762 1302 ﬁduciam?
795 1260 814 1293 ‹
864 1239 997 1308 Quia
1037 1237 1174 1291 sicut
1210 1233 1295 1287 ille
1325 1239 1440 1295 est,
1471 1234 1525 1282 et
1553 1238 1650 1280 nos
1676 1234 1857 1277 sumus
1883 1220 1936 1273 in
1963 1218 2067 1274 hoc

473 1337 724 1395 mundo.)
760 1331 966 1388 Audisti
997 1341 1208 1384 causam
1238 1322 1442 1378 ﬁduciae
1463 1327 1600 1374 tuae:
1624 1334 1641 1368 ι
1662 1314 1794 1385 Quia
1820 1311 1956 1366 sicut
1978 1308 2067 1364 ille

474 1439 560 1485 est
582 1471 597 1494 ,
625 1427 827 1498 inquit,
855 1433 910 1479 et
930 1437 1030 1478 nos
1057 1433 1239 1476 sumus
1271 1417 1320 1470 in
1348 1415 1451 1469 hoc
1475 1409 1690 1466 mundo.
1729 1426 1746 1459 ι
1777 1404 1966 1460 Nonne
1983 1401 2067 1456 vi-

475 1522 630 1577 detur
653 1517 848 1588 aliquid
880 1511 1210 1585 impossibile
1235 1506 1475 1565 dixisse?
1503 1499 1770 1573 Numquid
1799 1498 1940 1554 enim
1966 1509 2067 1588 po-

478 1620 582 1667 test
627 1586 754 1665 esse
792 1607 954 1662 homo
995 1604 1135 1660 sicut
1173 1599 1351 1656 Deus?
1379 1597 1496 1654 Jam
1524 1594 1674 1650 vobis
1702 1589 1921 1661 exposui
1949 1586 2070 1657 quia

478 1719 588 1760 non
627 1716 839 1771 semper
875 1698 942 1753 ad
982 1695 1335 1767 aequalitatem
1371 1691 1601 1754 dicitur,
1633 1687 1796 1748 sicut;
1823 1681 1916 1737 sed
1943 1679 2075 1735 diei-

481 1801 569 1849 tur
597 1793 663 1847 ad
692 1790 974 1862 quamdam
1005 1784 1423 1842 similitudinem.
1454 1777 1733 1848 Quomodo
1755 1775 1895 1830 enim
1917 1771 2070 1838 dicis,

485 1886 636 1942 Sicut
660 1899 818 1939 aures
842 1883 1041 1946 habeo,
1071 1879 1141 1933 ita
1167 1877 1326 1932 habet
1352 1881 1408 1930 et
1435 1870 1644 1942 imago?
1672 1864 1935 1936 Numquid
1961 1879 2076 1918 om.

484 1977 613 2033 nino
647 1977 760 2031 sic?
788 1973 892 2030 Sed
925 1981 1101 2027 tamen
1128 1969 1260 2024 dicis
1281 2009 1295 2033 ,
1327 1968 1472 2022 sicut.
1505 1965 1562 2020 Si
1590 1978 1716 2032 ergo
1747 1960 1869 2014 facti
1895 1971 2078 2012 sumus

485 2068 554 2124 ad
583 2067 865 2138 imaginem
898 2065 1020 2131 Dei,
1051 2077 1214 2131 quare
1241 2074 1344 2114 non
1377 2059 1513 2113 sicut
1540 2057 1682 2111 Deus
1710 2053 1932 2108 sumus?
1960 2049 2080 2105 Non

486 2159 554 2213 ad
581 2156 935 2227 aequalitatem
956 2195 970 2219 ,
1006 2152 1098 2208 sed
1126 2168 1222 2222 pro
1252 2150 1410 2205 modo
1435 2158 1637 2203 nostro.
1660 2144 1814 2202 Unde
1833 2158 1960 2214 ergo
1980 2156 2079 2196 no-

489 2250 574 2306 bis
609 2250 765 2304 datur
802 2247 991 2302 ﬁducia
1020 2246 1072 2300 in
1101 2244 1186 2299 die
1209 2242 1436 2313 judicii?
1470 2241 1603 2308 Quia
1631 2240 1759 2294 sicut
1788 2238 1874 2292 ille
1897 2244 2006 2302 est,
2038 2241 2084 2290 et
2121 2251 2152 2275 -ε

490 2356 583 2396 nos
619 2355 792 2395 sumus
828 2337 882 2391 in
920 2336 1013 2390 hoc
1060 2334 1268 2388 mundo.
1318 2332 1584 2387 Debemus
1629 2331 1729 2384 hoc
1773 2329 1975 2383 referre
2017 2325 2085 2382 ad

493 2430 663 2501 ipsam
692 2428 1002 2484 charitatem
1030 2468 1045 2493 ,
1077 2434 1132 2480 et
1163 2423 1457 2492 intelligere
1485 2420 1612 2492 quid
1638 2420 1836 2474 dictum
1867 2419 1953 2472 sit.
1983 2419 2088 2473 Do-

497 2521 670 2575 minus
699 2520 752 2573 in
777 2517 1062 2588 Evangelio
1082 2515 1211 2570 dicit
1231 2556 1244 2580 ,
1281 2533 1299 2566 ι
1333 2513 1389 2570 Si
1412 2513 1629 2583 diligitis
1658 2526 1751 2567 eos
1780 2510 1870 2580 qui
1893 2524 1988 2564 vos
2007 2509 2090 2564 di-

496 2611 695 2681 ligunt,
739 2624 896 2683 quam
943 2607 1242 2663 mercedem
1288 2603 1593 2660 habebitis?
1633 2618 1809 2658 nonne
1835 2609 1888 2656 et
1912 2599 2088 2671 publi-

498 2702 616 2756 cani
642 2701 742 2755 hoc
771 2700 970 2754 faciunt
989 2701 1042 2752 Υ»
1075 2697 1213 2766 Quid
1242 2712 1366 2767 ergo
1398 2697 1509 2750 vult
1535 2710 1632 2750 nos
1657 2695 1701 2748 ‘?
1727 2713 1746 2746 ι
1783 2694 1894 2764 Ego
1914 2701 2091 2747 autem

499 2795 620 2850 dico
665 2794 853 2860 vobis,
903 2792 1101 2863 diligite
1151 2790 1393 2844 inimicos
1435 2795 1676 2855 vestros,
1729 2796 1781 2842 et
1819 2794 1967 2841 orate
1996 2800 2094 2855 pro

501 2883 942 2955 persequentibus
985 2895 1100 2936 vos.
1136 2899 1154 2932 ›
1200 2880 1256 2935 Si
1286 2894 1412 2950 ergo
1436 2878 1589 2950 jubet
1617 2893 1716 2933 nos
1745 2877 1964 2947 diligere
1995 2876 2097 2931 ini-

503 2976 673 3032 micos
714 2983 963 3041 nostros,
1008 2972 1146 3028 unde
1190 2971 1342 3026 nobis
1386 2970 1476 3025 dat
1503 2968 1848 3036 exemplum?
1875 2969 1951 3022 De
1980 2968 2097 3037 ipso

505 3069 620 3125 Deo
653 3087 666 3123 :
699 3068 774 3124 ait
797 3068 938 3124 enim
959 3085 1005 3133 ,ι
1038 3066 1107 3121 Ut
1128 3065 1242 3119 sitis
1274 3064 1363 3118 ﬁlii
1385 3063 1556 3118 Patris
1578 3061 1737 3116 vestri
1760 3061 1846 3116 oui
1871 3059 1924 3114 in
1946 3060 2098 3115 caelis

506 3173 606 3217 est.
639 3181 658 3214 ι
683 3159 959 3230 Quomodo
983 3158 1110 3214 illud
1129 3157 1252 3213 facit
1274 3157 1411 3211 Deus
1433 3156 1456 3209 ?
1480 3154 1655 3224 Diligit
1683 3154 1928 3208 inimicos
1948 3167 2095 3220 suos,
2115 3164 2160 3204 ’ἐκ

514 3272 535 3307 ι
569 3253 659 3324 qui
683 3251 809 3307 facit
833 3253 1000 3306 solem
1027 3265 1179 3305 suum
1211 3249 1335 3304 oriri
1364 3262 1525 3318 super
1544 3247 1714 3300 bonos
1738 3253 1792 3299 et
1816 3246 1984 3300 malos
2004 3286 2019 3311 ,
2047 3252 2102 3299 et

511 3347 646 3419 pluit
689 3361 850 3416 super
888 3344 1060 3416 justos
1088 3355 1139 3399 et
1161 3344 1418 3412 iniustos»
1455 3339 1667 3410 (Matth.
1707 3353 1774 3404 v,
1807 3336 2019 3407 44-46).
2045 3336 2103 3394 Si

514 3453 644 3509 ergo
669 3437 734 3491 ad
756 3437 892 3492 hanc
916 3435 1296 3506 perfectionem
1323 3448 1420 3488 nos
1444 3433 1629 3486 invitat
1649 3431 1809 3495 Deus,
1833 3439 1892 3485 ut
1911 3430 2102 3501 diliga-

515 3546 638 3586 mus
661 3529 901 3584 inimicos
925 3537 1136 3584 nostros
1163 3528 1300 3582 sicut
1323 3533 1379 3582 et
1397 3525 1510 3594 ipse
1533 3524 1717 3579 dilexit
1737 3538 1864 3579 suos
1886 3539 1901 3588 ;
1923 3538 1986 3578 ea
2009 3537 2109 3578 no-

515 3622 599 3678 bis
637 3621 827 3678 ﬁducia
863 3629 945 3677 est
973 3621 1024 3674 in
1051 3621 1137 3676 die
1159 3619 1344 3691 judicii
1363 3659 1379 3686 ,
1405 3617 1525 3688 quia
1551 3617 1680 3672 sicut
1708 3616 1795 3670 ille
1818 3625 1918 3681 est,
1941 3624 1988 3671 et
2013 3631 2106 3670 nos

513 3733 688 3772 sumus
729 3716 783 3770 in
821 3716 914 3770 hoc
954 3715 1142 3769 mundo
1185 3730 1202 3767 :
1241 3713 1362 3784 quia
1389 3711 1526 3767 sicut
1550 3711 1639 3765 ille
1667 3708 1836 3781 diligit
1863 3709 2108 3765 inimicos

515 3824 641 3866 suos
659 3850 674 3876 ,
707 3809 951 3865 faciendo
979 3807 1145 3864 solem
1175 3822 1330 3862 suum
1359 3805 1485 3860 oriri
1519 3820 1678 3876 super
1707 3806 1878 3860 bonos
1903 3812 1959 3859 et
1987 3818 2106 3860 ma-

515 3901 596 3958 los
621 3944 637 3970 ,
669 3909 724 3957 et
752 3900 984 3971 pluendo
1011 3915 1173 3970 super
1193 3899 1366 3970 justos
1391 3907 1445 3953 et
1469 3897 1693 3968 injustos
1717 3914 1730 3962 ;
1763 3897 1834 3950 ita
1860 3911 1958 3951 nos
1987 3895 2109 3966 quia

520 3993 749 4049 inimicis
779 3992 973 4048 nostris
1003 4007 1108 4046 non
1140 4005 1423 4061 possumus
1451 3999 1701 4060 praestare
1726 3989 1893 4042 solem
1919 3996 1972 4042 et
1995 3979 2118 4057 plu-4

518 4084 660 4138 viam
681 4124 696 4149 ,
725 4092 1036 4152 prmstamus
1058 4083 1320 4153 lacrymas
1338 4122 1354 4148 ,
1383 4095 1504 4136 cum
1531 4095 1627 4149 pro
1654 4080 1757 4134 illis
1777 4091 2010 4133 oramus.

593 4175 649 4227 4.
678 4173 793 4227 Jam
818 4187 944 4241 ergo
973 4171 1042 4226 de
1072 4173 1181 4240 ipsa
1214 4171 1404 4225 ﬁducia
1430 4171 1605 4226 videte
1630 4170 1754 4241 quid
1776 4170 1933 4224 dicat.
1961 4169 2112 4226 Unde

527 4262 837 4331 intelligitur
879 4261 1112 4331 perfecta
1155 4260 1428 4315 charitas?
1457 4259 1631 4314 Timor
1657 4277 1758 4314 non
1779 4260 1920 4314 estin
1940 4261 2110 4314 chari-

524 4361 643 4407 tate.
670 4353 809 4421 Quid
837 4368 965 4424 ergo
992 4353 1214 4407 dicimus
1237 4351 1305 4406 de
1333 4351 1425 4405 illo
1453 4351 1542 4422 qui
1569 4351 1731 4420 coepit
1759 4352 1948 4407 timere
1973 4351 2114 4408 diem

529 4446 838 4516 judicii?Si
880 4445 1117 4518 perfecta
1160 4446 1212 4501 in
1251 4444 1340 4500 illo
1368 4451 1510 4501 esset
1535 4443 1798 4512 charitas,
1831 4460 1934 4500 non
1963 4444 2116 4502 time-

527 4549 629 4595 ret.
679 4537 918 4595 Perfecta
963 4539 1107 4594 enim
1148 4537 1379 4593 charitas
1414 4535 1614 4594 faceret
1650 4539 1933 4609 perfectam
1953 4538 2115 4608 justi-

528 4634 689 4701 tiam,
737 4641 792 4688 et
839 4648 942 4688 non
993 4631 1211 4687 haberet
1252 4645 1415 4701 quare
1458 4631 1670 4688 timeret
1709 4650 1724 4686 :
1763 4631 1870 4686 imo
1899 4630 2120 4688 haberet

529 4740 692 4796 quare
732 4724 1060 4780 desideraret
1088 4731 1146 4778 ut
1174 4730 1408 4778 transeat
1434 4724 1712 4794 iniquitas,
1743 4734 1796 4778 et
1825 4723 2001 4778 veniat
2029 4739 2117 4780 re-

481 4840 485 4844 ·
529 4832 690 4887 gnum
722 4816 835 4872 Dei.
869 4817 1011 4887 Ergo
1038 4817 1185 4869 timor
1214 4831 1314 4868 non
1345 4825 1416 4869 est
1442 4815 1493 4868 in
1519 4815 1780 4868 charitate.
1805 4813 1909 4869 Sed
1937 4815 1989 4868 in
2018 4828 2121 4884 qua

531 4909 831 4965 charitate?
857 4909 971 4964 Non
1002 4909 1052 4964 in
1075 4907 1341 4964 inchoata.
1370 4907 1426 4963 In
1446 4922 1548 4978 qua
1569 4905 1739 4977 ergo?
1761 4904 1866 4962 Sed
1882 4908 2122 4976 perfecta,

536 5001 740 5072 inquit,
771 5001 990 5055 charitas
1019 5005 1155 5072 foras
1181 4999 1329 5054 mittit
1357 4999 1605 5052 timorem.
1634 4997 1778 5066 Ergo
1807 4997 2024 5067 incipiat
2053 4996 2123 5051 ti-

535 5109 702 5153 mor;
749 5093 868 5163 quia
916 5092 1111 5144 initium
1162 5090 1425 5161 sapientite
1474 5090 1622 5143 timor
1670 5087 1895 5143 Domini.
1943 5089 2126 5144 Timor

535 5186 686 5256 quasi
728 5184 901 5238 locum
943 5193 1202 5251 praeparat
1235 5181 1500 5236 charitati.
1542 5180 1675 5236 Cum
1702 5190 1880 5236 autem
1905 5179 2128 5250 coeperit

538 5281 768 5336 charitas
793 5278 1032 5334 habitare
1051 5319 1064 5340 ,
1095 5277 1306 5347 pellitur
1332 5277 1490 5331 timor
1517 5277 1606 5346 qui
1635 5276 1683 5330 ei
1707 5275 2020 5346 praeparavit
2044 5273 2128 5329 lo-

539 5388 681 5428 cum.
725 5371 989 5441 Quantum
1030 5369 1171 5424 enim
1216 5369 1304 5424 illa
1349 5367 1578 5433 crescit,
1625 5367 1717 5422 ille
1753 5366 2048 5431 decrescit;
2076 5374 2132 5421 et

541 5475 794 5536 quantum
839 5466 925 5520 illa
971 5465 1028 5519 ﬁt
1061 5463 1315 5528 interior,
1352 5465 1510 5517 timor
1535 5461 1748 5532 pellitur
1774 5459 1934 5516 foras.
1961 5457 2131 5529 Major

550 5557 782 5614 charitas
800 5597 816 5623 ,
841 5557 1012 5611 minor
1042 5557 1240 5620 timor;
1271 5553 1444 5609 minor
1467 5553 1698 5609 charitas
1717 5595 1733 5619 ,
1762 5553 1929 5622 major
1949 5552 2126 5606 timor.

544 5651 598 5706 Si
645 5657 822 5706 autem
866 5649 1040 5704 nullus
1083 5649 1271 5712 timor,
1313 5662 1418 5702 nou
1449 5656 1528 5702 est
1557 5661 1661 5716 qua
1689 5644 1851 5701 intret
1876 5644 2128 5700 charitas.

544 5743 691 5801 Sicut
731 5719 967 5804 videmus
1011 5757 1103 5814 per
1147 5750 1317 5798 setam
1361 5738 1624 5798 introduci
1666 5738 1868 5807 linum,
1920 5735 2132 5811 quando

611 5859 631 5891 ⁸
653 5865 772 5910 Ven.
795 5857 942 5921 addit,
964 5854 1183 5922 diligere.
1243 5862 1303 5908 Ι.

2164 934 2402 989 szeeulo?
2449 935 2514 989 Et
2556 935 2608 989 in
2655 934 2756 989 hoc
2801 936 2996 990 saeculo
3021 937 3138 1006 quis
3164 938 3317 992 nobis
3343 941 3558 996 nocebit
3583 942 3756 1011 plenis

2165 1027 2464 1082 charitate?
2492 1027 2676 1083 Videte
2700 1028 2968 1096 quomodo
2992 1031 3220 1085 exsultet
3241 1033 3526 1101 Apostolus
3547 1035 3618 1090 de
3647 1035 3759 1104 ipsa

2168 1119 2442 1176 charitate.
2478 1139 2496 1171 ι
2530 1120 2658 1188 Quis
2683 1135 2809 1186 nos,
2841 1141 2860 1174 ι
2894 1122 3093 1192 inquit,
3122 1141 3140 1174 ι
3171 1127 3433 1194 separabit
3453 1127 3760 1186 acharitate

2171 1213 2410 1270 Christi?
2450 1214 2762 1270 tribulatio?
2797 1231 2863 1270 an
2911 1218 3196 1285 angustia?
3223 1235 3287 1273 an
3321 1223 3669 1290 persecutio?
3695 1238 3761 1278 an

2123 1345 2130 1350 -
2174 1305 2383 1361 fames?
2411 1321 2476 1359 an
2506 1307 2712 1360 nudilas
2731 1307 2753 1360 ἶ)
2774 1323 2840 1362 an
2870 1310 3163 1379 periculum
3185 1310 3209 1364 ?
3234 1327 3298 1367 an
3319 1313 3553 1383 gladius»
3582 1314 3762 1384 (Rom.

2173 1414 2262 1453 vnl
2280 1397 2401 1468 ,35)
2423 1399 2527 1453 ?Et
2555 1399 2745 1454 Petrus
2773 1399 2902 1455 dicit
2934 1419 2946 1455 :
2985 1421 3003 1454 ι
3031 1403 3094 1457 Ει
3121 1404 3239 1473 quis
3268 1405 3416 1460 vobis
3445 1422 3643 1460 nocere
3675 1423 3768 1476 po-

2176 1497 2298 1557 test,
2319 1505 2363 1544 51
2388 1491 2864 1547 honiazmulalores
2891 1492 3338 1565 fueritis»(lPetr.
3373 1513 3461 1564 ιιι,
3487 1497 3617 1569 i5)?
3652 1500 3769 1553 «Ti-

2177 1597 2295 1636 mor
2320 1598 2424 1638 non
2455 1593 2539 1638 est
2567 1584 2619 1638 in
2650 1583 2933 1641 dilectione
2961 1603 2974 1639 :
3002 1587 3093 1642 sed
3120 1588 3351 1657 perfecta
3382 1589 3600 1644 dilectio
3627 1591 3770 1646 foras

2179 1673 2345 1727 mittit
2384 1673 2626 1729 timorem
2652 1693 2664 1739 ;
2689 1679 2810 1746 quia
2841 1678 3000 1733 timor
3031 1687 3350 1735 tormentum
3379 1681 3597 1738 habet.»
3630 1683 3768 1739 Tor-

2179 1775 2305 1835 quet
2345 1782 2438 1820 cor
2477 1768 2800 1822 conscientia
2849 1779 3220 1839 peccatorum,
3259 1773 3492 1829 nondum
3520 1775 3665 1830 facta
3693 1786 3774 1832 est

2177 1856 2508 1926 justilicatio.
2553 1857 2649 1913 Est
2693 1858 2765 1913 ibi
2806 1860 2945 1928 quod
2986 1862 3196 1927 titillet,
3224 1864 3363 1934 quod
3395 1875 3614 1936 pungat.
3650 1866 3774 1924 Ideo

2183 1948 2235 2002 in
2287 1949 2496 2003 Psalmo
2543 1949 2610 2004 de
2653 1951 2764 2018 ipsa
2809 1953 3133 2020 perfectione
3172 1954 3390 2022 justiti:e
3430 1957 3557 2025 quid
3600 1959 3775 2013 dicit?

2191 2059 2209 2092 ι
2247 2041 2566 2096 Convertisti
2599 2041 2796 2097 luctum
2825 2058 3003 2098 meum
3030 2045 3083 2098 in
3113 2046 3362 2116 gaudium
3388 2049 3518 2104 mihi
3554 2068 3568 2102 :
3597 2051 3777 2105 conci-

2187 2133 2309 2191 disti
2349 2151 2561 2192 saccum
2590 2152 2765 2192 meum
2786 2179 2802 2204 ,
2830 2147 2884 2194 et
2911 2139 3121 2194 cinxiin
3153 2157 3238 2196 me
3265 2141 3485 2210 laetitia;
3519 2155 3579 2199 ut
3604 2155 3780 2201 cantet

2191 2229 2279 2284 tibi
2307 2230 2469 2298 gloria
2495 2245 2631 2293 mea,
2647 2239 2700 2285 et
2721 2245 2827 2286 non
2839 2233 3376 2303 compungarn(Psal.
3397 2237 3642 2303 xxix,12,
3666 2239 3776 2308 i5).

2189 2321 2325 2389 Quid
2336 2332 2438 2388 est,
2463 2337 2597 2376 «non
2618 2326 2996 2394 eompungar?»
3025 2325 3140 2380 Non
3161 2326 3383 2397 sitquod
3401 2329 3639 2383 stimulet
3659 2344 3783 2384 con-

2193 2415 2464 2469 scientiam
2509 2432 2702 2470 meam.
2752 2417 3002 2472 Stimulat
3043 2420 3245 2474 timor:
3277 2421 3368 2475 sed
3410 2421 3518 2475 noli
3554 2423 3780 2488 timere;

2194 2506 2354 2560 intrat
2383 2508 2614 2562 charitas
2643 2524 2759 2578 qute
2788 2519 2939 2565 sanat
2967 2511 3106 2580 quod
3131 2512 3372 2566 vulnerat
3396 2516 3574 2566 timor.
3600 2513 3786 2568 Timor

2198 2598 2292 2653 Dei
2317 2600 2394 2653 sic
2418 2599 2692 2666 vulnerat,
2721 2603 2988 2672 quomodo
3009 2603 3200 2660 medici
3228 2604 3608 2660 ferramentum
3636 2622 3652 2670 ;
3688 2623 3786 2676 pu-

2201 2690 2462 2746 tredinem
2493 2693 2626 2747 tollit
2645 2735 2659 2759 ,
2691 2702 2746 2747 et
2773 2695 2925 2764 quasi
2955 2695 3164 2750 videtur
3190 2697 3378 2751 vulnus
3401 2712 3616 2767 augere.
3651 2697 3791 2754 Ecce

2201 2785 2430 2855 putredo
2466 2786 2678 2855 quando
2704 2795 2818 2842 erat
2847 2788 2898 2842 in
2928 2803 3151 2858 corpore
3169 2833 3184 2857 ,
3213 2791 3390 2845 minus
3417 2801 3530 2845 erat
3559 2792 3754 2848 vulnus
3773 2835 3788 2858 ,

2201 2878 2299 2932 sed
2344 2879 2698 2948 periculosum
2734 2898 2747 2933 :
2781 2880 2988 2935 accedit
3019 2883 3396 2937 ferramentum
3425 2884 3660 2951 medici;
3695 2885 3795 2940 mi-

2203 2985 2304 3024 nus
2348 2970 2560 3025 dolebat
2604 2971 2731 3026 illud
2759 2972 2980 3038 vulnus,
3013 2989 3168 3043 quam
3198 2974 3343 3029 dolet
3370 2974 3530 3029 modo
3552 2990 3674 3029 cum
3707 2991 3795 3031 se~

2203 3070 2373 3117 catur.
2399 3062 2524 3118 Plus
2543 3063 2688 3119 dolet
2712 3079 2835 3118 cum
2855 3073 3086 3132 curatur,
3112 3082 3268 3135 quam
3295 3067 3338 3121 si
3361 3082 3466 3122 non
3488 3079 3794 3136 curaretur;
3882 3059 3899 3079 ⁸

2147 3177 2174 3204 ς-
2205 3156 2305 3219 εθά
2337 3157 2458 3213 ideo
2491 3158 2610 3227 plus
2636 3157 2778 3213 dolet
2805 3159 3090 3215 accedente
3116 3161 3374 3215 medicina
3396 3203 3410 3227 ,
3443 3170 3502 3215 ut
3526 3177 3799 3232 nunquam

2207 3248 2386 3304 doleat
2425 3251 2743 3306 succedente
2783 3252 2971 3306 salute.
3015 3253 3250 3323 Occupet
3283 3269 3410 3324 ergo
3433 3269 3528 3309 cor
3554 3263 3702 3308 tuum
3728 3255 3800 3308 ti-

2208 3355 2326 3394 mor
2348 3381 2362 3404 ,
2402 3350 2461 3396 ut
2502 3341 2718 3398 inducat
2743 3331 3094 3410 charitalem;
3127 3346 3377 3400 succedat
3402 3347 3618 3400 cicatrix
3645 3347 3661 3376 ¹
3695 3345 3806 3400 fcr-

2210 3442 2454 3488 ramento
2476 3435 2688 3490 medici.
2713 3436 2859 3492 Talis
2883 3446 2965 3492 est
2993 3439 3231 3494 medicus
3253 3481 3268 3506 ,
3302 3448 3359 3493 ut
3385 3455 3488 3493 nec
3514 3440 3802 3495 cicatrices

2209 3535 2503 3595 appareant
2547 3547 2562 3584 :
2603 3536 2660 3584 tu
2684 3535 2890 3585 tantum
2919 3530 3086 3586 subde
3115 3540 3168 3585 te
3194 3530 3426 3587 dextera:
3450 3531 3633 3600 ipsius.
3668 3529 3805 3585 Nam

2212 3618 2256 3672 si
2300 3618 2416 3675 sine
2452 3621 2642 3674 timore
2697 3636 2756 3676 es
2778 3661 2792 3686 ,
2834 3636 2940 3677 non
2978 3623 3175 3692 poteris
3199 3624 3497 3692 justilicari.
3526 3623 3805 3680 Sententia

2213 3709 2352 3766 dicta
2391 3718 2474 3766 est
2509 3710 2577 3765 de
2615 3711 2903 3782 Scripturis
2935 3731 2948 3766 :
2980 3713 3118 3767 Nam
3138 3716 3225 3784 qui
3250 3716 3358 3770 sine
3377 3717 3552 3770 timore
3572 3727 3679 3783 est,
3707 3734 3810 3772 non

2215 3805 2394 3876 poterit
2415 3805 2694 3876 justiﬁcari
2723 3803 2907 3878 (Eccti.
2937 3823 2975 3873 ι,
3002 3807 3113 3879 28).
3145 3809 3290 3877 Opus
3314 3817 3541 3876 estergo
3567 3819 3623 3864 ut
3644 3810 3810 3865 intret

2216 3896 2375 3952 timor
2404 3897 2578 3967 primo
2597 3941 2611 3965 ,
2647 3914 2740 3969 per
2765 3915 2922 3970 quem
2953 3901 3132 3955 veniat
3155 3903 3403 3956 charitas.
3429 3902 3612 3957 Timor
3639 3903 3812 3958 medi-

2215 3999 2518 4047 camenlum
2540 4033 2554 4057 ,
2583 3991 2814 4048 charitas
2835 3994 3050 4048 sanitas.
3085 4013 3104 4044 ι
3143 3993 3242 4061 Qui
3270 4004 3444 4049 autem
3478 3996 3662 4061 timet,
3697 4011 3808 4051 non

2119 4098 2138 4126 ἰ
2216 4092 2294 4138 est
2321 4083 2588 4155 perfectus
2615 4086 2666 4139 in
2691 4084 2994 4140 dilectione.
3031 4105 3050 4137 ι
3071 4085 3281 4153 Quare?
3301 4106 3318 4136 ι
3353 4086 3484 4154 Quia
3514 4087 3674 4142 timor
3703 4101 3813 4144 tor-

2217 4187 2457 4233 mentum
2487 4179 2678 4246 habet,
2710 4197 2729 4232 ι
2765 4179 3031 4251 quomodo
3057 4183 3222 4236 sectio
3260 4180 3451 4236 medici
3485 4192 3812 4238 tormentum

2217 4272 2408 4329 habet.’

2291 4369 2344 4423 5'.
2380 4369 2474 4424 Est
2497 4380 2673 4425 autem
2701 4370 2802 4424 alia
2833 4370 3130 4436 sententia,
3161 4386 3278 4442 qua:
3304 4370 3512 4426 videtur
3539 4371 3663 4427 huic
3697 4387 3817 4428 esse
3859 4359 3861 4362 ﬁ

2221 4461 2484 4516 contraria
2504 4504 2517 4527 ,
2542 4463 2587 4518 si
2619 4479 2726 4517 non
2759 4461 2950 4518 habeat
2988 4463 3368 4518 intellectorem
3405 4482 3420 4518 :
3450 4463 3645 4518 dicitur
3669 4464 3818 4520 enim
3857 4449 3863 4464 ’

2221 4557 2452 4629 quodam
2498 4558 2614 4611 loco
2664 4557 2715 4612 in
2751 4557 2994 4622 Psalmo,
3026 4556 3203 4612 Timor
3224 4557 3430 4612 Domini
3459 4570 3628 4614 castus
3650 4603 3663 4625 ,
3701 4577 3819 4630 ραν-
3849 4555 3866 4626 Ξ

2223 4665 2430 4704 manens
2460 4650 2511 4702 in
2536 4650 2774 4703 swculum
2799 4651 2972 4705 circuli
3001 4649 3151 4723 (Psal
3199 4667 3355 4719 xvnu,
3387 4651 3494 4722 l0).
3531 4651 3819 4708 {Eternum
3857 4631 3867 4646 ’

2225 4741 2506 4812 quemdam
2538 4741 2784 4797 timorem
2814 4743 2968 4798 nobis
2995 4743 3259 4808 ostendit,
3289 4744 3383 4799 sed
3414 4753 3644 4797 castum.
3667 4743 3820 4810 Quod

2227 4835 2270 4886 si
2295 4834 2382 4888 ille
2405 4843 2663 4889 aeternum
2687 4837 2838 4890 nobis
2861 4838 3104 4892 timorem
3129 4837 3388 4902 ostendit,
3412 4837 3672 4906 numquid
3695 4853 3822 4892 con-

2227 4925 2438 4980 tradicit
2483 4926 2555 4980 illi
2598 4926 2734 4981 forte
2773 4928 2871 4982 ista
2909 4929 3144 4999 Epistula
3175 4945 3292 4999 qum
3321 4928 3484 4996 dicit,
3520 4928 3696 4983 Timor
3724 4945 3823 4984 non

2230 5026 2302 5072 est
2339 5019 2392 5072 in
2420 5019 2690 5083 charitate,
2718 5019 2807 5074 sed
2832 5025 3052 5092 perfecta
3077 5022 3297 5075 charitas
3324 5022 3463 5090 foras
3489 5021 3642 5074 mittit
3672 5023 3823 5075 timo-

2231 5112 2382 5167 rem?
2409 5109 2802 5182 Interrogemus
2839 5111 2995 5167 ambo
3032 5113 3239 5183 eloquia
3280 5113 3395 5168 Dei.
3429 5112 3662 5182 Spiritus
3689 5127 3823 5168 unus

2232 5213 2348 5272 est,
2401 5203 2503 5259 etsi
2549 5203 2759 5259 codices
2805 5203 2948 5270 duo,
2998 5204 3098 5259 etsi
3151 5219 3242 5259 ora
3289 5204 3426 5270 duo,
3476 5204 3579 5260 etsi
3632 5205 3827 5273 lingua:

2234 5297 2372 5352 dum.
2421 5297 2534 5351 Hoc
2569 5301 2710 5350 clum
2750 5297 2948 5350 dictum
2991 5305 3071 5350 est
3121 5313 3214 5366 per
3261 5297 3555 5363 Joannem,
3587 5296 3721 5350 illud
3749 5295 3826 5350 di-

2235 5399 2376 5446 ctnm
2398 5400 2480 5444 est
2504 5405 2600 5460 per
2622 5389 2784 5445 David
2809 5407 2823 5450 ;
2857 5390 2951 5445 sed
2973 5389 3140 5446 nolite
3165 5400 3352 5460 putare
3379 5390 3543 5444 alium
3566 5404 3690 5444 esse
3722 5389 3828 5460 spi-

2236 5485 2416 5540 ritum.
2457 5483 2512 5538 Si
2551 5499 2686 5538 unus
2724 5483 2880 5538 flatus
2917 5482 3064 5538 inﬂat
3099 5483 3232 5538 duas
3269 5483 3458 5550 tibias,
3500 5498 3606 5537 non
3647 5489 3827 5553 potest

2237 5597 2374 5637 unus
2414 5578 2640 5651 Spiritus
2689 5579 2910 5650 implere
2951 5579 3057 5634 duo
3093 5579 3253 5633 corda
3276 5619 3290 5644 ,
3332 5579 3535 5648 agitare
3561 5578 3694 5633 duas
3728 5578 3829 5632 lin-

2302 5724 2319 5755 ι
2345 5722 2476 5777 Editi.
2511 5719 2667 5781 timor,
2694 5726 2739 5769 ct
2753 5719 2949 5771 mducta
2971 5717 3203 5769 charitate
3220 5715 3444 5769 succedat
3461 5714 3827 5781 cicatri1._llss.

2241 5794 2360 5838 tres,
2383 5791 2430 5832 ut
2447 5785 2641 5833 inducat
2656 5777 2946 5834 charitatem
2959 5794 2979 5846 ;
3001 5781 3242 5835 succedat.
3285 5781 3372 5830 Alli
3410 5782 3527 5842 duo,
3553 5786 3604 5830 ut
3627 5777 3830 5830 indm

2241 5845 2541 5900 ctam-itam
2556 5851 2604 5900 et
2623 5843 2865 5900 succedat.
