4076 6470
250 357 395 418 2049

250 509 387 567 guas
412 494 436 548 ?
477 490 585 550 Sed
627 489 673 546 si
711 488 898 559 spiritu
924 501 1063 555 uno,
1094 486 1144 541 id
1175 494 1256 543 est
1285 499 1390 542 uno
1416 484 1545 541 ﬂatu
1565 527 1580 553 ,
1615 485 1848 555 impletae

251 588 374 643 duae
398 585 540 641 tibia:
560 589 884 646 consonant;
910 581 1139 651 impletae
1159 579 1279 635 duae
1302 580 1491 649 linguze
1513 577 1712 647 Spiritu
1730 575 1842 641 Dei,

251 678 536 733 dissonare
560 673 824 746 possunt?
855 672 953 727 Est
972 688 1098 743 ergo
1118 671 1190 726 ibi
1211 671 1452 741 quaedam
1480 666 1846 731 consonantia,

250 780 336 826 est
363 770 608 842 quaedam
628 766 911 822 concordia
931 805 947 831 ,
969 764 1063 820 sed
1085 764 1381 819 auditorem
1402 761 1686 817 desiderat.
1710 760 1851 815 Ecce

254 864 538 935 inSpiravit
560 872 613 918 et
638 860 874 932 implevit
900 859 1006 914 duo
1035 857 1195 913 corda
1215 898 1229 923 ,
1260 856 1366 911 duo
1387 870 1480 910 ora
1497 895 1511 922 ,
1535 853 1700 908 movit
1719 852 1851 907 duas
1886 878 1909 885 -

254 956 466 1029 linguas
495 954 723 1025 Spiritus
748 952 840 1007 Dei
872 960 957 1005 :et
977 949 1273 1005 audivimus
1293 962 1356 1002 ex
1384 961 1486 1001 una
1508 947 1701 1016 lingua,
1733 943 1854 997 (Ti-

256 1064 379 1104 mor
408 1064 518 1103 non
549 1055 634 1103 est
663 1047 715 1100 in
746 1045 1005 1101 charitate
1027 1088 1041 1110 ,
1074 1042 1168 1098 sed
1199 1042 1427 1112 perfecta
1453 1038 1683 1095 charitas
1714 1038 1853 1092 foras

258 1141 423 1196 mittit
449 1141 731 1203 timorem;
766 1155 785 1189 ι
815 1136 1111 1190 audivimus
1132 1149 1198 1187 ex
1226 1133 1359 1199 alia,
1390 1150 1408 1184 ‹
1440 1131 1621 1186 Timor
1645 1128 1854 1185 Domini

257 1242 461 1299 castus,
490 1245 808 1301 permanens
834 1229 885 1283 in
916 1228 1167 1283 saeculum
1192 1224 1424 1280 Saeculia
1465 1220 1854 1291 Quidesthoc?

260 1325 416 1394 quasi
458 1321 772 1378 dissonant?
812 1320 924 1375 Non
955 1338 969 1375 :
1009 1327 1198 1375 excute
1226 1332 1382 1373 aures
1401 1358 1416 1381 ,
1448 1315 1662 1371 intende
1690 1313 1855 1368 melo—
1880 1334 1909 1359 κ

190 1406 219 1431 ’⁴
261 1417 430 1471 diam.
458 1415 574 1471 Non
600 1415 717 1469 sine
741 1428 898 1468 causa
919 1412 1006 1466 hic
1025 1409 1263 1473 addidit,
1287 1416 1475 1472 castus,
1504 1406 1609 1461 illic
1634 1422 1740 1460 non
1761 1404 1855 1459 ad-

261 1508 401 1563 didit
426 1526 440 1561 :
474 1507 574 1562 nisi
600 1506 720 1576 quia
750 1514 831 1560 est
857 1505 1015 1558 timor
1039 1504 1174 1556 alius
1200 1501 1287 1571 qui
1311 1500 1504 1555 dicitur
1531 1508 1739 1561 castus,
1773 1503 1857 1551 est

263 1608 445 1655 autem
474 1600 607 1653 alius
630 1598 718 1669 qui
749 1612 852 1651 non
879 1596 1073 1651 dicitur
1092 1602 1289 1649 castus.
1319 1593 1697 1647 Diseeruamus
1726 1590 1857 1644 istos

263 1693 403 1748 duos
426 1694 644 1747 timores
669 1733 683 1760 ,
708 1700 761 1746 ct
782 1690 1137 1760 intelligamus
1156 1686 1559 1742 consonantiam
1584 1684 1853 1738 tibiarum.

263 1783 546 1852 Quomodo
589 1782 931 1852 intelligimus
956 1821 970 1845 ,
1012 1779 1096 1835 vel
1140 1776 1407 1848 quomodo
1461 1771 1858 1830 discernimus?

262 1875 519 1930 Attendat
544 1873 788 1929 Charitas
812 1880 1005 1927 vestra.
1032 1870 1167 1926 Sunt
1190 1868 1434 1923 homines
1461 1866 1551 1937 qui
1578 1873 1859 1935 propterea

265 1969 458 2022 timent
480 1967 643 2021 Deum
665 2008 678 2031 ,
705 1980 773 2020 ne
794 1964 1069 2018 mittantur
1096 1962 1148 2016 in
1174 1960 1492 2031 gehennam,
1524 1973 1590 2012 ne
1612 1956 1747 2011 forte
1768 1971 1859 2010 ar-

260 2061 426 2115 deant
468 2075 589 2114 cum
618 2058 827 2113 diabolo
858 2058 910 2111 in
938 2057 1058 2126 igne
1086 2063 1308 2109 :eterno.
1340 2052 1456 2123 ipse
1478 2059 1559 2108 est
1586 2051 1743 2105 timor
1770 2049 1860 2104 ille

261 2153 353 2222 qui
396 2150 684 2206 introducit
721 2148 1031 2204 charitatem
1067 2162 1081 2198 :
1119 2145 1212 2201 sed
1238 2145 1315 2200 sic
1342 2144 1485 2199 venit
1513 2152 1571 2197 ut
1600 2150 1769 2197 exeat.
1803 2140 1861 2198 Si

260 2243 407 2297 enim
428 2241 605 2296 adhuc
620 2248 837 2311 propter
860 2252 1044 2307 pmnas
1062 2236 1216 2290 times
1240 2236 1426 2301 Deum,
1450 2233 1683 2288 nondum
1711 2246 1859 2285 amas
1890 2246 1923 2269 γι

261 2350 425 2405 quem
456 2334 535 2389 sic
563 2333 737 2387 times.
766 2330 884 2385 Non
904 2331 1041 2385 bona
1066 2327 1339 2383 desideras
1359 2368 1374 2393 ,
1404 2326 1498 2381 sed
1520 2325 1658 2379 mala
1678 2338 1857 2378 caves.

263 2427 370 2481 Sed
398 2443 461 2481 ex
490 2442 553 2481 eo
575 2425 716 2496 quod
738 2424 874 2477 mala
893 2438 1070 2488 caves,
1091 2420 1313 2490 corrigis
1338 2428 1409 2486 te,
1435 2427 1491 2474 et
1512 2418 1701 2487 incipis
1724 2417 1862 2471 bona

261 2519 592 2574 desiderare.
633 2518 764 2572 Cum
797 2516 930 2571 bona
963 2514 1267 2569 desiderare
1294 2512 1522 2581 coeperis
1545 2552 1559 2576 ,
1593 2511 1696 2565 erit
1724 2510 1778 2564 in
1813 2518 1865 2564 te

265 2610 428 2664 timor
466 2616 663 2664 castus.
700 2606 828 2675 Quis
856 2614 939 2661 est
966 2604 1123 2659 timor
1148 2612 1324 2659 castus
1347 2602 1371 2656 ?
1393 2602 1471 2657 Ne
1502 2602 1715 2654 amittas
1743 2601 1856 2668 ipsa

261 2703 428 2757 bona.
464 2700 745 2756 lntendite.
777 2697 934 2753 Aliud
963 2707 1044 2752 est
1072 2697 1258 2751 timere
1290 2695 1455 2749 Deum
1477 2734 1493 2759 ,
1525 2708 1591 2747 ne
1621 2692 1794 2745 mittat
1814 2699 1864 2746 te
1892 2722 1895 2725 λ

264 2795 318 2848 in
339 2794 641 2863 gehennam
670 2807 789 2847 cum
817 2790 1026 2845 diabolo
1052 2806 1065 2854 ;
1093 2788 1233 2842 aliud
1257 2796 1338 2841 est
1364 2788 1551 2841 timere
1584 2786 1771 2846 Deum,
1799 2798 1866 2837 ne

265 2885 487 2942 recedat
504 2874 535 2938 a
560 2893 631 2939 te.
657 2884 750 2938 llle
778 2883 936 2936 timor
956 2896 1062 2951 quo
1084 2881 1240 2934 times
1263 2894 1329 2932 ne
1352 2878 1401 2930 in
1426 2876 1723 2947 gehennam
1747 2873 1868 2927 mit-

268 2980 399 3033 taris
424 2993 547 3032 eum
574 2976 789 3031 diabolo
808 3016 822 3041 ,
850 2972 1085 3029 nondum
1115 2980 1196 3026 est
1220 2980 1399 3025 castus
1424 2985 1439 3034 ;
1478 2984 1580 3022 non
1606 2968 1745 3022 enim
1776 2982 1868 3021 ve-

268 3070 349 3125 nit
386 3085 457 3124 ex
487 3082 668 3129 amore
696 3066 823 3131 Dei,
855 3064 949 3120 sed
976 3081 1040 3118 ex
1069 3064 1258 3117 timore
1288 3076 1456 3130 poenae
1487 3077 1500 3113 :
1532 3074 1652 3113 cum
1678 3068 1858 3112 autem

272 3168 427 3221 times
452 3166 616 3219 Deum
646 3204 660 3229 ,
690 3178 756 3216 ne
783 3160 997 3216 deserat
1023 3167 1074 3212 te
1094 3156 1375 3227 praesentia
1402 3154 1553 3225 ejus;
1580 3152 1897 3222 amplecte-A

270 3258 343 3313 ris
366 3272 490 3312 eum
511 3298 526 3323 ,
556 3255 674 3325 ipso
700 3252 802 3307 frui
826 3250 1120 3307 desideras.

340 3371 395 3425 6.
437 3367 555 3424 Non
601 3374 774 3437 potest
810 3364 1000 3420 melius
1037 3359 1312 3431 explanari
1339 3357 1465 3429 quid
1494 3356 1703 3411 intersit
1732 3354 1871 3409 inter

273 3465 409 3520 duos
433 3463 566 3517 istos
596 3462 811 3515 timores
829 3498 845 3525 ,
878 3472 1040 3512 unum
1070 3470 1227 3526 quem
1256 3452 1400 3507 foras
1421 3450 1582 3509 mittit
1604 3446 1862 3513 charitas,

274 3559 502 3613 alterum
524 3559 730 3608 castum
752 3550 841 3622 qui
865 3555 1138 3620 permanet
1164 3548 1217 3601 in
1239 3543 1494 3601 saeculum
1521 3540 1700 3596 saeculi
1722 3580 1737 3605 ,
1768 3537 1871 3593 nisi

275 3664 446 3722 ponas
475 3647 607 3702 duas
627 3644 876 3699 mulieres
901 3637 1197 3705 maritatas,
1221 3652 1444 3708 quarum
1468 3650 1626 3688 unam
1649 3632 1719 3687 ita
1737 3646 1869 3686 con-
1912 3656 1919 3661 η

277 3744 466 3797 stituas
503 3740 768 3793 volentem
808 3735 983 3789 facere
1008 3730 1331 3786 adulterium
1354 3771 1368 3795 ,
1400 3724 1653 3782 delectari
1684 3722 1870 3792 nequi-

278 3834 369 3899 tia,
400 3831 498 3887 sed
520 3830 706 3885 timere
732 3842 797 3882 ne
823 3825 1148 3880 damuetura
1165 3820 1378 3875 marito.
1402 3817 1579 3872 Timet
1596 3814 1868 3881 maritum,

280 3927 375 3983 sed
403 3926 527 3997 quia
550 3924 723 3978 adhuc
742 3928 885 3974 amat
905 3917 1194 3988 nequitiam
1215 3957 1228 3982 ,
1263 3913 1381 3968 ideo
1406 3912 1556 3966 timet
1582 3909 1829 3963 maritum
1856 3922 1870 3961 :

280 4021 405 4076 huic
433 4033 538 4073 non
566 4025 715 4087 grata
733 4054 748 4077 ,
777 4012 870 4067 sed
897 4025 1123 4065 onerosa
1150 4016 1232 4062 est
1261 4004 1435 4059 mariti
1467 4001 1749 4073 przesentia
1776 4017 1791 4065 ;
1820 4007 1876 4055 et

282 4215 404 4259 sunt
449 4202 539 4273 qui
590 4202 776 4255 timent
823 4213 890 4252 ne
934 4195 1112 4250 veniat
1139 4193 1254 4248 dies
1280 4190 1483 4261 judicii.
1518 4188 1625 4243 Fac
1653 4187 1872 4242 alteram

283 4311 468 4351 amare
506 4294 712 4357 virum,
754 4289 950 4344 debere
986 4286 1063 4340 illi
1098 4292 1275 4339 castos
1306 4282 1614 4351 amplexus,
1654 4277 1795 4332 nulla
1818 4291 1876 4331 se

283 4386 528 4441 adulterii
547 4380 876 4437 immunditia
900 4378 1165 4433 maculare
1188 4391 1203 4440 ;
1227 4381 1375 4444 Optat
1402 4370 1734 4441 praesentiam
1756 4368 1873 4423 viri.

287 4480 356 4533 Et
375 4475 644 4549 quomodo
670 4474 1045 4529 discernuntur
1066 4468 1172 4522 duo
1200 4466 1282 4520 isti
1306 4454 1562 4517 timor'es?
1593 4462 1742 4515 timet
1768 4460 1874 4525 illa,

290 4572 440 4624 timet
477 4576 531 4622 et
557 4567 663 4621 illa.
692 4565 994 4633 Interroga;
1023 4558 1171 4629 quasi
1201 4572 1360 4611 unum
1391 4553 1482 4607 tibi
1512 4551 1831 4621 respondent
1861 4565 1875 4603 :

289 4663 556 4728 interroga
606 4658 784 4723 illam,
839 4654 1017 4707 Times
1065 4646 1279 4703 virum?
1323 4642 1638 4714 respondet,
1672 4642 1875 4695 Timeo.

290 4755 562 4821 interroga
588 4760 644 4805 et
668 4749 811 4802 illam
834 4747 879 4800 si
903 4738 1084 4799 timeat
1107 4742 1274 4796 virum
1303 4756 1317 4804 ;
1345 4735 1650 4807 respondet,
1672 4733 1879 4789 Timeo.

291 4846 408 4901 Una
437 4860 537 4897 vox
568 4848 679 4904 est,
707 4839 800 4894 sed
828 4839 1069 4892 diversus
1096 4834 1325 4887 animus.
1356 4829 1470 4885 Jam
1499 4842 1626 4898 ergo
1657 4826 1879 4880 interro-

288 4948 511 5009 gentur,
552 4932 768 5003 Quare?
812 4931 901 4985 illa
946 4929 1105 4991 dicit,
1150 4926 1337 4981 Timeo
1366 4922 1537 4977 virum
1569 4936 1635 4976 ne
1658 4920 1836 4974 veniat
1866 4936 1880 4973 :

292 5032 383 5085 ilia
412 5030 561 5095 dicit,
590 5028 777 5082 Timeo
806 5025 976 5079 virum
1008 5038 1075 5076 ne
1103 5018 1363 5075 discedat.
1397 5016 1490 5070 Illa
1518 5015 1665 5081 dicit,
1696 5013 1885 5068 Timeo
1912 5018 1921 5037 λη

292 5141 363 5181 ne
410 5125 633 5179 damner
663 5139 675 5175 :
720 5120 808 5174 illa
853 5118 1012 5183 dicit,
1042 5116 1226 5170 Timeo
1255 5128 1321 5167 ne
1346 5111 1581 5166 deserar.
1610 5109 1755 5163 Pone
1785 5106 1887 5161 hoc

294 5222 349 5275 in
391 5220 571 5275 animo
608 5215 1059 5278 Christianorum,
1100 5219 1153 5265 et
1184 5207 1389 5263 invenis
1412 5206 1429 5236 ί
1462 5205 1704 5259 timorem
1729 5217 1886 5272 quem

295 5314 439 5368 foras
462 5311 623 5365 mittit
647 5307 878 5363 charitas
898 5348 913 5373 ,
934 5313 989 5361 et
1007 5304 1165 5358 alium
1190 5303 1430 5356 timorem
1453 5307 1655 5354 castum
1678 5310 1889 5367 perma-

298 5415 518 5459 nentem
548 5417 601 5455 tn
630 5398 883 5454 saeculum
911 5394 1112 5451 saeculi.

374 5518 427 5572 7.
457 5516 759 5587 Loquamur
786 5525 912 5581 ergo
934 5509 1015 5562 his
1046 5506 1217 5577 primo
1247 5502 1337 5575 qui
1366 5503 1444 5557 sic
1469 5502 1658 5556 timent
1686 5500 1883 5566 Deum,

301 5598 585 5681 quomodo
616 5607 703 5660 illa
745 5605 934 5659 mulier
975 5616 1132 5671 quam
1161 5599 1386 5653 delectat
1430 5596 1699 5666 nequitia;
1742 5596 1893 5650 timet

303 5703 451 5760 enim
468 5702 642 5758 virum
658 5715 724 5754 ne
739 5698 957 5754 damnet
985 5696 1127 5751 illam
1152 5712 1162 5747 :
1194 5692 1385 5747 talibus
1404 5693 1574 5762 primo
1590 5691 1888 5762 loquamur.

420 5856 664 5921 1mm,
679 5858 821 5923 juxta
840 5862 913 5909 Er.
932 5854 1080 5920 Lugd.
1103 5861 1223 5907 ven.
1246 5857 1355 5906 Lov.
1419 5857 1478 5901 ιι.

1482 346 1895 408 TRACTATUS
1928 347 2027 409 IX.
2054 350 2289 412 CAPUT
2329 354 2419 414 IV.

1958 462 2003 518 0
2043 466 2219 522 anima
2250 484 2365 539 quae
2401 471 2478 527 sic
2505 471 2659 531 times
2687 474 2889 541 Deum,
2932 490 3002 532 ne
3035 476 3253 535 damnet
3279 488 3333 538 te
3356 481 3531 553 Deus,

1956 557 2223 622 quomodo
2253 559 2401 615 timet
2426 563 2618 620 mulier
2640 581 2801 636 quam
2829 566 3058 624 delectat
3092 571 3358 641 nequitia;
3386 574 3537 629 timet

1957 647 2128 703 virum
2150 691 2163 715 ,
2208 668 2275 707 ne
2302 653 2581 713 damnetur
2606 674 2636 713 a
2667 660 2782 715 viro
2815 679 2828 715 :
2862 662 3126 732 quomodo
3162 663 3257 718 tibi
3295 664 3537 735 displicet

1957 736 2048 791 illa
2089 742 2312 810 mulier,
2354 746 2574 818 displice
2601 758 2655 805 et
2696 760 2749 805 tu
2789 752 2904 808 tibi.
2937 752 2994 808 Si
3036 753 3175 809 forte
3215 754 3375 811 habes
3402 771 3537 811 uxo-

1958 846 2071 887 rem
2093 874 2109 900 ,
2154 838 2404 907 numquid
2434 841 2514 895 vis
2543 851 2603 897 ut
2622 843 2698 898 sic
2723 826 2920 921 tﬂmeat
2957 854 3007 901 te
3046 862 3179 902 uxor
3208 858 3315 912 tua,
3345 864 3413 904 ne
3440 848 3537 903 da-

1959 932 2174 980 mnetur
2188 926 2281 983 abs
2304 936 2354 984 te
2374 946 2388 995 ;
2408 939 2462 985 ut
2484 932 2711 989 delectet
2733 936 2874 991 illam
2892 938 3147 1007 nequitia,
3180 939 3274 993 sed
3306 939 3539 1009 pondere

1960 1016 2167 1072 timoris
2200 1020 2273 1074 tui
2307 1024 2659 1091 reprimatur,
2682 1044 2788 1083 non
2829 1029 3167 1086 damnatione
3205 1031 3540 1102 iniquitatis?

1959 1106 2168 1164 Castam
2185 1126 2301 1166 eam
2319 1114 2422 1180 vis,
2443 1125 2501 1169 ut
2531 1127 2582 1171 te
2611 1117 2813 1189 diligat,
2833 1135 2937 1175 non
2966 1132 3023 1175 ut
3045 1123 3310 1178 tetimeat.
3334 1123 3541 1179 Exhibe

1962 1207 2014 1255 te
2031 1200 2187 1257 talem
2204 1203 2334 1271 Deo,
2352 1208 2562 1276 qualem
2584 1208 2663 1262 vis
2680 1208 2874 1266 habere
2890 1227 3137 1267 uxorem.
3160 1214 3221 1267 Et
3239 1214 3282 1267 si
3304 1213 3539 1268 nondum

1961 1289 2141 1357 habes,
2166 1303 2221 1348 et
2261 1294 2458 1352 habere
2511 1299 2887 1364 vis;ta1emvis
2915 1301 3127 1358 habere.
3162 1303 3228 1357 Et
3249 1303 3377 1374 quid
3410 1304 3543 1358 dici-

1959 1396 2109 1446 mus,
2140 1382 2368 1441 fratres?
2400 1387 2489 1441 llla
2527 1389 2720 1445 mulier
2759 1407 2876 1462 qua:
2910 1392 3030 1447 ideo
3068 1394 3215 1448 timet
3244 1395 3448 1460 virum,
3473 1410 3542 1449 ne

1960 1472 2238 1529 damnetur
2273 1492 2303 1530 a
2344 1480 2456 1534 viro
2475 1520 2489 1546 ,
2523 1479 2658 1536 forte
2685 1497 2788 1536 non
2817 1483 2941 1537 facit
2966 1484 3284 1539 adulterium
3307 1527 3321 1549 ,
3348 1502 3418 1540 ne
3446 1486 3546 1539 ali-

1962 1579 2068 1633 quo
2113 1567 2273 1622 modo
2317 1572 2592 1637 perveniat
2626 1572 2693 1627 ad
2729 1574 2938 1642 virum,
2980 1584 3036 1630 et
3073 1578 3224 1631 tollat
3262 1577 3338 1630 illi
3370 1577 3545 1631 lucem

1962 1655 2117 1711 istam
2164 1664 2529 1731 temporalem.
2589 1664 2771 1720 Potest
2813 1675 2989 1720 autem
3036 1667 3117 1721 vir
3164 1668 3253 1721 ille
3299 1677 3353 1722 et
3396 1668 3543 1729 falli;

1892 1782 1915 1791 μ
1963 1746 2123 1805 homo
2152 1762 2233 1807 est
2253 1758 2416 1817 enim,
2448 1756 2585 1811 sicut
2604 1766 2658 1811 et
2685 1757 2772 1812 illa
2797 1774 2915 1828 quae
2946 1768 3120 1829 potest
3142 1761 3343 1816 fallere.
3370 1761 3549 1816 Timet

1965 1841 2052 1897 illa
2072 1859 2193 1899 eum
2215 1888 2229 1912 ,
2275 1857 2422 1902 extra
2464 1850 2614 1919 cujus
2639 1851 2825 1905 oculos
2867 1859 3041 1921 potest
3070 1867 3188 1907 esse
3222 1870 3233 1905 :
3266 1862 3318 1906 tu
3345 1868 3449 1906 non
3479 1853 3546 1907 tio

1964 1951 2080 1991 mes
2118 1953 2331 2010 semper
2358 1941 2548 1998 faciem
2592 1960 2753 2014 supra
2780 1953 2831 2000 te
2864 1944 2963 1999 viri
3007 1947 3118 2000 tui?
3166 1945 3346 2000 Vultus
3381 1957 3550 2001 autem

1970 2025 2175 2083 Domini
2200 2048 2351 2100 super
2370 2034 2608 2103 facientes
2630 2036 2764 2089 mala
2792 2035 2974 2105 (Psal.
2993 2052 3189 2102 χχχιιι,
3219 2036 3339 2108 17).
3365 2038 3551 2107 Captat

1970 2119 2055 2173 illa
2092 2121 2382 2178 absentiam
2410 2126 2507 2180 viri
2539 2128 2654 2190 sui,
2687 2135 2742 2181 et
2769 2127 3018 2181 incitatur
3044 2128 3176 2183 forte
3200 2128 3551 2184 delectatione

1969 2213 2246 2279 adulterii;
2279 2225 2333 2271 ct
2376 2217 2501 2272 dicit
2536 2220 2634 2273 sibi
2663 2229 2834 2273 tamen
2858 2262 2872 2287 ,
2902 2220 3018 2275 Non
3073 2220 3263 2275 faciam
3307 2240 3320 2275 :
3358 2223 3551 2276 absens

1969 2314 2053 2361 est
2079 2307 2293 2376 quidem
2325 2309 2418 2364 ille
2438 2352 2453 2375 ,
2479 2310 2573 2364 sed
2599 2310 2812 2365 difficile
2839 2321 2921 2365 est
2944 2321 3001 2365 ut
3026 2328 3130 2366 non
3158 2312 3225 2365 ad
3253 2313 3399 2365 illum
3421 2327 3555 2381 quo-

1969 2400 2259 2469 quomodo
2302 2403 2600 2471 perveniat.
2646 2404 2943 2473 Temperat
2970 2419 3028 2458 se
3067 2419 3135 2457 ne
3180 2404 3449 2473 perveniat
3487 2403 3554 2458 ad

1972 2491 2268 2558 hominem,
2293 2494 2380 2564 qui
2404 2503 2581 2564 potest
2600 2504 2650 2549 ct
2672 2495 2901 2558 nescire.
2926 2494 3014 2564 qui
3040 2503 3215 2565 potest
3234 2503 3288 2548 et
3308 2495 3434 2560 falli,
3463 2494 3555 2563 qui

1971 2592 2145 2653 potest
2173 2593 2223 2638 et
2257 2584 2447 2640 bonam
2476 2588 2732 2656 suspicari
2762 2587 2918 2641 etiam
2940 2587 3165 2653 malam,
3196 2588 3281 2657 qui
3316 2595 3488 2656 potest
3504 2595 3558 2642 et

1971 2686 2168 2730 castam
2201 2676 2457 2745 suspicari
2486 2694 2601 2746 qua)
2625 2678 2862 2733 adultera
2889 2688 2969 2732 est
3002 2697 3013 2731 :
3041 2689 3093 2732 tu
3124 2694 3225 2733 non
3252 2679 3406 2733 times
3430 2693 3558 2733 ocuo

1972 2766 2052 2820 los
2078 2766 2194 2835 ejus
2223 2782 2379 2837 quem
2412 2768 2596 2823 fallere
2620 2784 2780 2823 nemo
2810 2768 3018 2837 potest?
3042 2778 3097 2823 tu
3127 2786 3229 2823 non
3259 2770 3413 2823 times
3440 2769 3556 2837 ejus

1975 2858 2333 2926 praesentiam,
2365 2860 2453 2929 qui
2495 2860 2663 2914 averti
2689 2872 2792 2913 ate
2823 2875 2928 2914 non
2959 2861 3173 2931 potest?
3215 2861 3359 2929 Roga
3390 2860 3557 2914 Deum
3614 2846 3617 2849 γ

1974 2957 2030 3001 ιιι
2064 2949 2332 3004 intueatur
2374 2958 2463 3017 te,
2506 2959 2561 3005 et
2600 2960 2802 3005 avertat
2840 2950 3032 3005 faciem
3074 2966 3103 3004 a
3146 2951 3376 3019 peccatis
3408 2952 3555 3005 tuis:

1974 3043 2152 3096 Averte
2187 3045 2365 3115 faciem
2394 3053 2530 3097 tuam
2560 3061 2590 3096 a
2617 3044 2832 3114 peccatis
2862 3044 3002 3097 meis.
3032 3043 3137 3098 Sed
3166 3044 3304 3097 unde
3336 3042 3558 3097 mereris

1975 3144 2032 3189 ut
2058 3134 2148 3187 ille
2170 3135 2357 3189 faciem
2380 3149 2530 3189 suam
2555 3142 2763 3189 avertat
2790 3146 2818 3187 a
2853 3134 3083 3204 peccatis
3110 3135 3244 3188 tuis?
3270 3134 3325 3188 Si
3361 3144 3414 3187 lu
3452 3148 3560 3186 non

1975 3235 2185 3281 avertas
2218 3226 2409 3282 faciem
2452 3236 2594 3282 tuam
2631 3243 2662 3281 a
2692 3229 2923 3297 peccatis
2964 3227 3085 3282 luis.
3123 3227 3239 3297 Ipsa
3281 3227 3422 3281 enim
3456 3241 3561 3281 vox

1975 3318 2101 3373 dicit
2113 3319 2163 3371 in
2180 3317 2390 3373 Psalmo
2411 3336 2423 3371 :
2438 3319 2688 3385 Quoniam
2699 3319 3012 3388 iniquitatem
3036 3336 3197 3373 meam
3215 3336 3303 3390 ego
3318 3334 3557 3389 agnosco,

1974 3419 2022 3465 et
2043 3422 2301 3482 peccatum
2327 3426 2491 3463 meum
2516 3427 2685 3464 coram
2708 3426 2786 3464 me
2806 3419 3086 3481 estsemper
3107 3408 3275 3483 (Psal.
3297 3425 3348 3477 L,
3374 3409 3462 3476 M,
3482 3408 3559 3479 5).

1976 3502 2056 3559 Tu
2087 3519 2337 3575 agnosce,
2368 3511 2424 3558 et
2454 3503 2540 3558 ille
2568 3503 2811 3574 ignoscit.

2046 3597 2101 3652 8.
2130 3596 2356 3651 Alloculi
2393 3611 2576 3651 sumus
2605 3612 2721 3651 eam
2752 3612 2871 3666 quae
2912 3595 3068 3651 habet
3107 3595 3281 3651 adhuc
3312 3596 3559 3652 timorem

1976 3704 2082 3744 non
2116 3698 2514 3759 permanentem
2543 3689 2594 3743 in
2623 3689 2875 3745 saeculum
2899 3690 3077 3743 sazculi
3095 3731 3109 3756 ,
3141 3690 3232 3744 sed
3257 3706 3414 3760 quem
3437 3690 3564 3744 chao

1977 3780 2107 3834 ritas
2131 3780 2364 3834 excludit
2390 3789 2443 3834 et
2466 3778 2607 3834 foras
2625 3780 2819 3845 mittit;
2844 3780 3177 3848 alloquamur
3200 3789 3255 3835 et
3284 3781 3425 3836 illam
3443 3796 3562 3852 quae

1978 3870 2137 3927 habet
2159 3872 2269 3941 jam
2308 3873 2552 3927 timorem
2584 3880 2820 3937 castum,
2856 3882 3256 3941 permanentem
3299 3874 3351 3927 in
3388 3889 3561 3929 saecu-

1980 3964 2088 4018 lum
2112 3964 2306 4019 saeculi.
2329 3964 2599 4031 Putamus,
2625 3964 2924 4020 invenimus
2954 3965 3123 4030 illam,
3155 3973 3211 4019 ut
3233 3965 3565 4036 alloquamur

281 4054 405 4076 nu...
435 4054 538 4073 ..υη
566 4054 748 4087 θυμω,
777 4054 870 4067 ην..
899 4054 1123 4065 ww“-
1152 4054 1231 4062 ν--
1685 4054 1694 4055 ,
1778 4054 1790 4065 ,

281 4115 325 4169 si
351 4112 492 4167 forte
516 4110 645 4164 vivit
665 4108 940 4178 nequiter,
967 4105 1116 4158 timet
1137 4100 1386 4154 maritum
1412 4114 1478 4152 ne
1501 4095 1695 4152 veniat.
1720 4094 1871 4148 Tales

1979 4054 2159 4109 illam?
2191 4063 2374 4125 putas,
2407 4064 2489 4110 est
2525 4054 2580 4109 in
2622 4055 2724 4109 hoc
2768 4056 2994 4125 populo?
3020 4066 3209 4125 putas,
3257 4067 3339 4111 est
3377 4056 3429 4111 in
3467 4056 3566 4111 ista

1980 4145 2213 4178 ονΔιΙ-σιιῖ
2242 4156 2391 4178 ηηιηο
2434 4156 2509 4178 nol
2540 4147 2590 4178 ιιι
2621 4147 2719 4178 ιὶηη
2746 4148 2921 4178 unum?
2948 4146 3061 4178 Νηη
3091 4157 3261 4178 -υιιηοο
3294 4148 3392 4178 ..ξος
3424 4164 3541 4178 ιιι-οη

1980 4145 2213 4201 exedra?
2242 4156 2411 4217 putas,
2434 4156 2515 4201 est
2540 4147 2593 4201 in
2621 4147 2721 4201 hac
2746 4148 2921 4201 terra?
2948 4146 3062 4201 Non
3091 4157 3266 4217 potest
3294 4148 3394 4203 nisi
3423 4164 3563 4216 esse,

1981 4237 2075 4292 sed
2093 4237 2237 4292 latet.
2262 4236 2442 4291 Hiems
2467 4246 2568 4303 est,
2592 4238 2731 4291 intus
2760 4245 2841 4291 est
2859 4237 3094 4292 viriditas
3117 4238 3167 4292 in
3190 4240 3387 4295 radice.
3408 4238 3569 4295 Forte
3648 4288 3651 4293 .

1983 4327 2285 4384 invenimus
2315 4344 2471 4383 aures
2498 4330 2513 4359 ί
2541 4328 2703 4383 illius.
2731 4328 2835 4384 Sed
2860 4329 3176 4400 ubicumque
3214 4339 3297 4385 est
3334 4331 3421 4384 illa
3452 4330 3568 4385 ani-

1983 4435 2095 4486 ma,
2118 4420 2316 4475 utinam
2346 4421 2486 4474 illam
2510 4420 2808 4475 invenirem
2832 4462 2847 4486 ,
2874 4429 2928 4475 et
2954 4437 3059 4475 non
3090 4437 3247 4476 aures
3276 4437 3400 4476 suas
3430 4438 3570 4491 prae-

1918 4560 1921 4561 .
1983 4510 2136 4565 beret
2169 4509 2296 4564 mihi
2324 4552 2338 4577 ,
2370 4509 2463 4564 sed
2487 4525 2584 4580 ego
2618 4525 2763 4565 meas
2792 4526 2946 4565 aures
2981 4511 3089 4567 illi!
3123 4512 3215 4565 llla
3241 4528 3326 4566 me
3353 4512 3573 4566 doceret

1985 4600 2185 4670 aliquid
2228 4601 2424 4669 potius,
2453 4616 2611 4669 qnam
2651 4616 2680 4654 a
2720 4616 2806 4655 me
2836 4600 3085 4655 disceret.
3112 4601 3301 4656 Anima
3329 4600 3570 4671 quaedam

1988 4702 2169 4747 sancta
2189 4733 2203 4757 ,
2234 4693 2385 4762 ignea
2406 4735 2421 4758 ,
2451 4699 2506 4747 et
2534 4692 2843 4747 desiderans
2869 4709 3094 4764 regnum
3127 4694 3219 4748 Dei
3251 4711 3263 4747 :
3293 4694 3426 4747 hanc
3464 4708 3573 4748 non

1988 4800 2086 4855 ego
2112 4785 2387 4854 alloquor,
2424 4783 2516 4838 sed
2554 4785 2693 4839 Deus
2724 4785 2842 4855 ipse
2866 4826 2880 4851 ,
2918 4795 2980 4840 et
3017 4785 3277 4855 patienter
3307 4785 3571 4840 viventem

1989 4877 2041 4931 in
2074 4877 2173 4931 hac
2203 4885 2342 4931 terra
2384 4877 2452 4930 ita
2490 4877 2800 4932 consolatur
2830 4895 2844 4930 :
2876 4876 2995 4932 Jam
3021 4878 3099 4931 vis
3124 4877 3330 4931 veniam
3352 4917 3366 4942 ,
3396 4884 3451 4931 et
3474 4891 3573 4947 ego

1994 4969 2113 5025 novi
2139 4969 2261 5040 quia
2292 4969 2401 5037 jam
2435 4969 2513 5023 vis
2538 4978 2594 5023 ut
2622 4970 2829 5024 veniam
2863 4987 2876 5023 :
2915 4970 3035 5023 novi
3075 4968 3246 5039 qualis
3281 4984 3370 5035 es,
3400 4977 3459 5023 ut
3483 4983 3574 5022 se-

1991 5078 2116 5118 cura
2158 5070 2436 5131 exspectes
2465 5061 2746 5117 adventum
2779 5077 2994 5127 meum;
3027 5062 3146 5116 novi
3184 5061 3305 5131 quia
3331 5060 3575 5115 molestia

1992 5162 2076 5211 est
2106 5154 2198 5209 tibi
2229 5171 2241 5207 :
2274 5153 2371 5209 sed
2407 5155 2573 5223 magis
2611 5162 2861 5224 exspecta
2884 5195 2898 5220 ,
2931 5154 3138 5217 tolera;
3173 5156 3358 5220 venio,
3387 5162 3440 5208 et
3468 5153 3575 5208 cito

1992 5246 2167 5302 venio.
2201 5244 2308 5300 Sed
2336 5244 2535 5299 amanti
2566 5244 2772 5299 tardum
2812 5252 2913 5299 est.
2952 5244 3088 5299 Audi
3123 5259 3241 5299 eam
3271 5252 3574 5299 cantantem

1995 5346 2245 5409 tanquam
2272 5336 2441 5391 lilium
2482 5336 2550 5391 de
2586 5336 2762 5391 medio
2790 5335 3063 5404 spinarum
3097 5353 3109 5389 :
3141 5335 3265 5390 audi
3302 5335 3576 5406 suspiran-

1997 5441 2102 5487 tem
2123 5472 2138 5498 ,
2163 5441 2216 5487 et
2243 5430 2507 5487 dicentem
2524 5473 2539 5497 ,
2574 5428 2807 5484 Psallam
2831 5439 2876 5483 et
2898 5429 3175 5501 intelligam
3199 5430 3253 5483 in
3284 5430 3364 5483 via
3394 5430 3579 5482 imma-

1996 5524 2162 5579 culata
2178 5542 2199 5591 ;
2218 5524 2417 5595 quando
2434 5523 2595 5577 venies
2628 5521 2695 5574 ad
2721 5537 2799 5575 me
2818 5520 2987 5592 (Psal.
3020 5522 3102 5586 c,i
3127 5562 3142 5586 ,
3168 5520 3225 5591 2)
3242 5519 3382 5576 ?Sed
3411 5520 3464 5574 in
3496 5517 3581 5573 via

1998 5616 2334 5671 immaculata
2363 5614 2553 5668 merito
2593 5628 2698 5667 non
2731 5613 2913 5679 timet;
2943 5612 3062 5683 quia
3102 5617 3323 5684 perfecta
3363 5610 3583 5665 charitas

1999 5706 2140 5777 foras
2154 5706 2301 5760 mittil
2319 5706 2563 5759 timorem.
2583 5703 2787 5761 Etcum
2806 5702 3014 5760 venerit
3037 5703 3106 5761 ad
3124 5703 3241 5776 ejus
3256 5701 3581 5774 amplexum,

2065 5837 2164 5893 ιιι·
2201 5842 2350 5907 Lugd.
2375 5849 2514 5908 \-’en.,
2538 5848 2583 5896 et
2605 5854 2766 5894 aures.
2829 5847 2890 5896 Ι.
