4076 6526
486 395 620 454 Μὶ

484 513 666 576 timet,
697 506 796 563 sed
829 505 1109 563 securiter.
1134 499 1271 567 Quid
1296 496 1480 552 timet?
1507 491 1762 558 Cavebit,
1795 498 1850 546 et
1878 489 2062 544 obser-

483 606 627 660 vabit
654 618 714 658 se
733 602 800 658 ab
838 600 1114 669 iniquitate
1137 609 1230 649 sua
1252 633 1266 657 ,
1295 607 1362 646 ne
1393 590 1586 644 iterum
1610 594 1791 656 peccet
1822 601 1835 637 :
1861 598 1964 637 non
1994 596 2062 636 ne

485 700 724 754 mittatur
759 695 815 749 in
842 695 1013 763 ignem
1037 731 1052 755 ,
1082 688 1178 745 sed
1207 701 1275 739 ne
1309 683 1377 738 ab
1408 682 1502 737 illo
1529 681 1824 736 deseratur.
1865 677 1932 730 Et
1965 677 2065 730 erit

483 792 538 847 in
567 793 675 852 illa,
707 787 870 858 quid?
900 784 1069 838 Timor
1098 788 1281 840 castus,
1303 788 1602 846 permanens
1629 772 1681 824 in
1701 769 1939 824 swculum
1963 781 2060 821 sa:-

485 885 608 938 cuti.
653 879 962 936 Andivimus
1002 875 1132 928 duas
1173 871 1329 924 tibias
1367 874 1739 922 consonantes.
1779 861 1867 915 Illa
1895 860 1962 914 de
1995 859 2061 912 ti-

485 990 637 1032 more
661 974 784 1028 dicit
809 1011 825 1037 ,
849 978 903 1025 et
921 967 1009 1022 illa
1028 966 1096 1020 de
1125 963 1316 1018 timore
1348 977 1360 1014 :
1394 959 1490 1016 sed
1525 959 1616 1012 illa
1653 957 1720 1012 de
1743 956 1928 1009 timore
1958 967 2064 1022 quo

495 1071 644 1124 timet
681 1065 856 1118 anima
894 1075 959 1113 ne
1001 1058 1314 1118 damnetur,
1346 1053 1433 1106 illa
1457 1051 1524 1105 de
1555 1050 1743 1103 timore
1770 1061 1874 1116 quo
1916 1045 2066 1098 timet

499 1160 672 1213 anima
701 1170 767 1209 ne
795 1153 1092 1206 deseratur.
1115 1146 1209 1202 Ille
1239 1153 1319 1199 est
1344 1143 1502 1197 timor
1529 1153 1688 1210 quem
1713 1137 1943 1191 charitas
1973 1149 2065 1188 ex-

493 1251 660 1307 cludit
689 1267 702 1302 :
732 1247 820 1301 ille
867 1253 951 1300 est
984 1242 1144 1296 timor
1174 1251 1491 1308 permanens
1517 1234 1570 1289 iu
1592 1232 1844 1288 saeculum
1863 1227 2060 1284 saeculi.

556 1345 608 1399 9.
643 1341 756 1395 Nos
794 1339 1066 1409 diligamus
1090 1375 1103 1402 ,
1135 1333 1253 1404 quia
1279 1332 1388 1400 ipse
1415 1330 1552 1398 prior
1577 1342 1669 1380 nos
1709 1323 1902 1378 dilexit.
1934 1321 2062 1375 Nam

485 1436 627 1492 unde
651 1434 994 1502 diligeremus
1014 1469 1028 1494 ,
1067 1425 1167 1480 nisi
1196 1425 1288 1478 ille
1313 1421 1461 1491 prior
1489 1417 1761 1474 dilexisset
1801 1413 1936 1467 nos?
1971 1411 2062 1465 Di—

481 1525 698 1598 ligendo
724 1522 880 1577 amici
910 1519 1034 1574 facti
1063 1529 1286 1577 sumus;
1329 1511 1421 1567 sed
1451 1508 1693 1564 inimicos
1723 1506 1812 1559 ille
1847 1502 2059 1598 dilexit,

484 1595 544 1676 ut
585 1617 740 1674 amici
782 1615 1133 1670 efficeremur.
1167 1607 1318 1662 Prior
1351 1603 1536 1659 dilexit
1583 1616 1715 1665 nos,
1761 1606 1815 1653 et
1853 1595 2065 1650 donavit

484 1710 639 1765 nobis
663 1717 721 1763 ut
744 1706 1086 1774 diligeremus
1106 1715 1246 1754 eum.
1274 1695 1516 1750 Nondum
1538 1691 1886 1762 diligebamus
1909 1701 2060 1752 eum;

481 1799 752 1871 diligendo
777 1795 982 1867 pulchri
1009 1791 1289 1848 elﬁcimur.
1312 1786 1450 1855 Quid
1475 1785 1598 1838 facit
1627 1783 1785 1837 homo
1810 1777 2064 1835 deformis

482 1903 537 1949 et
565 1893 783 1946 distorta
823 1887 987 1950 facie,
1033 1884 1076 1938 si
1121 1891 1262 1936 amet
1294 1876 1614 1949 pulchram?
1648 1875 1753 1930 Aut
1780 1872 1904 1943 quid
1943 1872 2067 1926 facit

481 1985 678 2038 femina
723 1978 977 2034 deformis
1011 1984 1066 2032 et
1110 1974 1330 2029 distorta
1359 1979 1413 2026 et
1441 1970 1589 2039 nigra
1616 2010 1630 2034 ,
1684 1967 1726 2022 si
1767 1974 1907 2020 amet
1946 1963 2064 2034 pul-

480 2074 708 2130 chrum?
737 2069 999 2139 Numquid
1025 2064 1254 2120 amando
1276 2063 1468 2133 poterit
1487 2075 1608 2116 esse
1629 2058 1879 2128 pulchra?
1904 2055 2064 2110 Num-

479 2165 606 2236 quid
637 2174 690 2219 et
721 2164 809 2217 ille
836 2159 1064 2215 amando
1091 2157 1284 2228 poterit
1302 2170 1423 2211 esse
1448 2151 1749 2207 formosus?
1771 2151 1925 2204 Amat
1946 2147 2064 2218 pul-

1197 383 1266 443 IN
1303 379 1686 441 EPISTOLAM
1725 373 2004 434 JOANNIS
2042 373 2137 430 AD
2171 373 2503 443 PARTIIOS,
2545 381 2602 434 S.
2644 380 3006 441 AUGUSTINI

2098 1804 2128 1814 ι..

481 2259 700 2322 chrum;
750 2264 804 2310 et
852 2252 1064 2324 quando
1107 2266 1166 2306 se
1205 2251 1256 2303 in
1301 2248 1519 2318 speculo
1568 2245 1755 2310 videt,
1802 2242 2067 2298 erubescit
2088 2259 2110 2282 ’λ

481 2347 671 2403 faciem
714 2360 865 2400 suam
907 2345 1084 2397 levare
1121 2340 1186 2394 ad
1225 2339 1368 2392 illam
1413 2337 1701 2390 formosam
1733 2349 1880 2388 suam
1908 2347 2064 2402 quam

481 2447 643 2495 amat.
679 2435 813 2503 Quid
858 2432 1015 2486 faciet
1043 2440 1101 2486 ut
1137 2430 1357 2498 pulcher
1391 2427 1501 2482 sit?
1536 2426 1822 2496 Exspectat
1879 2431 1936 2478 ut
1963 2437 2060 2477 ve-

489 2531 604 2586 niat
643 2525 1019 2598 pulchritudo?
1078 2523 1188 2577 lmo
1225 2517 1582 2588 exspectando
1625 2524 1874 2570 senectus
1919 2513 2068 2568 addi-

488 2630 612 2689 tur,
658 2628 714 2675 et
756 2617 1048 2686 turpiorem
1085 2613 1230 2666 facit.
1263 2611 1381 2666 Non
1425 2618 1506 2664 est
1551 2622 1679 2678 ergo
1707 2605 1831 2677 quid
1871 2619 2064 2675 agere,

489 2727 598 2767 non
626 2719 708 2765 est
735 2706 1000 2779 quomodo
1030 2705 1103 2758 illi
1128 2704 1223 2757 des
1261 2701 1540 2755 consilium
1568 2740 1580 2762 ,
1625 2698 1726 2751 uisi
1752 2706 1809 2751 ut
1848 2711 2064 2764 compe-
2101 2717 2114 2725 κ

484 2811 599 2859 seat
624 2817 702 2866 se,
736 2809 790 2855 et
810 2813 916 2852 non
944 2796 1138 2851 audeat
1165 2809 1344 2847 amare
1375 2792 1548 2860 impar
1572 2790 1829 2860 imparem
1862 2805 1875 2842 :
1907 2795 2000 2841 aut
2022 2787 2068 2840 si

484 2895 620 2949 forte
640 2900 783 2946 amat
808 2900 862 2944 et
882 2889 1076 2942 ducere
1103 2900 1322 2940 uxorem
1356 2892 1504 2952 optat
1528 2922 1543 2948 ,
1572 2881 1625 2936 in
1653 2881 1742 2935 illa
1767 2880 2066 2935 castitatem

483 2992 648 3048 amet,
679 2996 786 3036 non
813 2980 988 3034 carnis
1013 2976 1224 3030 faciem.
1250 2973 1442 3028 Anima
1470 2987 1601 3027 vero
1634 2980 1814 3025 nostra
1833 3011 1847 3038 ,
1879 2970 2069 3023 fratres

485 3079 593 3134 mei
618 3119 632 3143 ,
671 3074 811 3131 fteda
841 3080 924 3127 est
969 3086 1062 3141 per
1092 3068 1421 3138 iniquitatem
1458 3084 1471 3119 :
1500 3063 1729 3118 amando
1757 3063 1920 3117 Deum
1953 3061 2082 3131 pul-'

485 3171 613 3227 chra
660 3168 906 3223 efficitur.
955 3163 1139 3230 Qualis
1169 3175 1318 3215 amor
1357 3157 1553 3226 estqui
1593 3156 1766 3211 reddit
1793 3154 2067 3224 pulchram

485 3257 796 3316 amantem?
841 3256 980 3310 Deus
1016 3259 1193 3306 autem
1232 3263 1444 3317 semper
1474 3248 1694 3317 pulcher
1759 3253 1880 3311 est,
1929 3259 2068 3298 nun-

485 3369 644 3424 quam
667 3349 925 3405 deformis
945 3385 959 3410 ,
990 3357 1257 3412 nunquam
1284 3338 1699 3394 commutabilis.
1736 3337 1943 3390 Amavit
1973 3351 2069 3389 nos

485 3443 631 3515 prior
671 3441 761 3511 qui
806 3452 1017 3506 semper
1057 3443 1140 3490 est
1181 3432 1444 3503 pulcher;
1512 3439 1566 3486 et
1609 3429 1794 3498 quales
1829 3429 2064 3494 amavit,

485 3536 588 3591 nisi
616 3533 786 3589 fcedos
814 3541 867 3586 et
895 3527 1192 3584 deformes?
1216 3525 1329 3579 Non
1361 3525 1478 3577 ideo
1507 3533 1683 3576 tamen
1706 3531 1761 3575 ut
1791 3520 1964 3576 foedos
1983 3519 2068 3573 di-

485 3627 756 3689 mitteret;
788 3623 883 3677 sed
911 3629 969 3674 ut
994 3627 1258 3682 mutaret,
1289 3625 1344 3670 et
1369 3632 1438 3669 ex
1462 3613 1790 3668 deformibus
1819 3611 2070 3682 pulchros

486 3718 706 3774 faceret.
737 3711 1017 3784 Quomodo
1047 3711 1246 3765 erimus
1274 3705 1525 3777 pulchri?
1557 3703 1800 3759 Amando
1835 3720 1956 3757 eum
1983 3703 2071 3772 qui

485 3822 699 3877 semper
744 3814 826 3861 est
866 3801 1103 3874 pulcher.
1149 3800 1411 3868 Quantum
1458 3797 1512 3850 in
1553 3807 1603 3850 te
1651 3795 1843 3850 crescit
1879 3808 2068 3859 aliter,

489 3910 694 3956 tantum
721 3896 912 3953 crescit
938 3892 1293 3965 pulchritudo;
1324 3892 1446 3961 quia
1474 3891 1586 3959 ipsa
1607 3889 1837 3943 charitas
1860 3896 1942 3942 est
1961 3888 2074 3941 aui-

491 4009 592 4048 mte
624 3989 976 4061 pulchritudo.
1029 3985 1140 4039 Nos
1183 3986 1451 4054 diligamus
1476 4023 1492 4048 ,
1538 3983 1654 4051 quia
1685 3983 1790 4051 ipse
1832 3983 1968 4049 prior
1997 3981 2074 4034 di-

492 4085 750 4154 (exilitas.
798 4080 936 4134 Audi
985 4078 1285 4148 apostolum
1328 4075 1548 4128 Paulum
1594 4093 1605 4127 :
1641 4075 1867 4128 Ostendit
1910 4083 2072 4127 autem
2100 4096 2124 4120 ςι

491 4173 630 4230 Deus
659 4173 974 4226 dilectionem
995 4185 1140 4222 suam
1177 4169 1230 4220 in
1259 4166 1399 4218 nobis
1423 4206 1437 4230 ,
1479 4165 1716 4234 quoniam
1759 4181 1872 4217 cum
1911 4165 2076 4216 adhuc

497 4275 783 4336 peccatores
827 4277 1084 4324 essemus,
1134 4257 1360 4314 Christus
1411 4273 1502 4326 pro
1550 4257 1689 4309 nobis
1730 4264 1956 4308 mortuus
2001 4263 2077 4308 est

495 4359 667 4430 (Rom.
694 4374 747 4421 v,
776 4357 827 4417 8,
858 4353 1125 4427 9),justus
1155 4368 1248 4420 pro
1280 4349 1507 4417 injustis,
1535 4348 1748 4417 pulcher
1777 4362 1871 4416 pro
1900 4346 2073 4400 laedis.

494 4449 774 4520 Quomodo
799 4446 1098 4500 invenimus
1120 4441 1397 4512 pulchrum
1420 4438 1642 4493 .lesutn?
1669 4437 1938 4507 Speciosus
1953 4441 2076 4506 for-

495 4558 578 4598 ma
609 4556 714 4613 prae
739 4540 857 4608 ﬁliis
883 4537 1143 4590 hominum
1167 4574 1179 4595 ,
1228 4531 1416 4598 di/fusa
1439 4539 1509 4583 est
1537 4529 1702 4598 gratia
1729 4529 1782 4580 in
1809 4528 1954 4581 labiis
1979 4528 2077 4579 tuis

497 4633 668 4703 (Psal.
700 4645 848 4695 xuv,
883 4628 960 4698 3).
991 4625 1183 4681 Unde?
1215 4624 1343 4677 Item
1370 4621 1543 4675 videte
1571 4619 1709 4674 unde
1739 4619 1805 4671 sit
1835 4619 2073 4687 pulcher,

498 4723 772 4794 Speciosus
802 4720 966 4788 {arma
997 4731 1101 4785 pra:
1128 4715 1246 4783 ﬁliis
1277 4713 1574 4774 hominum;
1601 4710 1722 4779 quia
1752 4710 1804 4762 in
1831 4709 2078 4778 principio

498 4825 602 4873 erat
637 4813 872 4876 Verbum,
907 4819 955 4862 et
991 4806 1206 4861 Verbum
1231 4815 1336 4858 erat
1361 4803 1501 4872 apud
1533 4802 1718 4867 Deum,
1743 4813 1785 4853 et
1810 4800 1946 4853 Deus
1972 4809 2079 4852 erat

509 4907 726 4963 Verbum
765 4902 960 4975 (Joan.
991 4917 1046 4966 ι,
1079 4901 1102 4952 1
1130 4899 1169 4969 ).
1218 4897 1350 4964 Quia
1391 4911 1519 4949 vero
1559 4909 1774 4948 carnem
1805 4892 2075 4960 suscepit,

501 5000 654 5072 quasi
681 4996 970 5053 futditatetn
1004 5003 1143 5046 tuam
1176 4989 1438 5058 suscepit,
1480 4987 1532 5040 id
1559 4997 1672 5048 est,
1703 4985 2078 5040 mortalitatem
2105 4994 2124 5030 ~:-‘

502 5101 665 5154 tuam,
691 5099 747 5144 ut
774 5094 979 5157 aptaret
1003 5099 1060 5138 se
1090 5081 1212 5149 tibi,
1238 5089 1293 5134 et
1321 5087 1637 5148 congrueret
1658 5077 1772 5142 tibi,
1801 5086 1854 5131 et
1884 5077 2083 5129 excita-

501 5192 586 5240 ret
621 5192 672 5236 le
716 5179 784 5234 ad
811 5176 1089 5232 amaudam
1120 5174 1262 5226 intus
1290 5168 1752 5241 pulchritudinem.
1785 5167 1934 5222 Unde
1955 5181 2084 5236 ergo

502 5275 805 5332 invenimus
845 5270 965 5340 quia
1009 5265 1182 5322 fmdus
1211 5272 1266 5319 et
1306 5261 1560 5318 deformis
1593 5268 1677 5314 est
1715 5260 1903 5326 Jcsus,
1946 5259 2084 5314 sicut

501 5367 802 5422 invenimus
830 5362 951 5430 quia
997 5358 1216 5428 pulcher
1244 5364 1298 5411 et
1333 5354 1604 5424 speciosus
1630 5352 1798 5406 forma
1823 5368 1930 5421 prae
1961 5353 2084 5406 filiis

503 5455 822 5514 hominum?
851 5453 1003 5510 Unde
1029 5451 1326 5506 invenimus
1347 5448 1468 5519 quia
1490 5455 1546 5501 et
1572 5445 1826 5501 deformis
1845 5446 1869 5500 ?
1894 5445 2082 5500 Isaiam

504 5548 776 5617 interroga
803 5563 817 5600 :
847 5544 911 5598 Et
940 5543 1158 5598 vidimus
1195 5556 1344 5605 eum,
1385 5548 1556 5593 etnon
1596 5537 1806 5591 habebat
1838 5537 2082 5608 speciem,

504 5655 664 5710 neque
689 5637 916 5692 decorem
950 5632 1104 5705 (Isai.
1157 5649 1282 5701 un,
1327 5631 1362 5685 2
1388 5629 1429 5704 ).
1467 5629 1574 5686 Illae
1613 5639 1735 5684 sunt
1781 5628 1899 5684 duae
1946 5629 2086 5683 tibia:

507 5729 659 5798 quasi
684 5728 898 5786 diverse
931 5732 1215 5788 sonantes;
1257 5723 1351 5778 sed
1380 5737 1514 5777 unus
1538 5721 1765 5790 Spiritus
1793 5718 1977 5774 ambas
1999 5720 2084 5773 in-

508 5827 620 5891 ﬂat.
642 5827 751 5883 [Iac
773 5825 985 5889 dicitur,
1020 5820 1290 5891 Speciosus
1311 5822 1475 5889 forma
1497 5830 1602 5887 prce
1641 5813 1764 5884 [iliis
1785 5812 2043 5870 hominum
2064 5829 2083 5867 :

3606 395 3719 451 205
3732 393 3770 448 2

2168 490 2268 546 hac
2286 491 2479 548 dicitur
2508 494 2562 548 in
2583 493 2713 550 Isaia
2733 539 2746 563 ,
2789 496 3020 553 Vidimus
3043 515 3174 566 eum,
3208 511 3255 554 et
3276 519 3376 555 non
3397 501 3605 557 habebat
3632 520 3763 573 spe-

2167 582 2314 648 ciem,
2343 600 2500 656 neque
2529 587 2776 642 decorem.
2806 588 2926 645 Uno
2953 590 3152 660 Spiritu
3179 593 3465 662 implentur
3491 595 3658 650 amba:
3688 597 3762 650 ti-

2167 673 2300 740 biae,
2333 692 2436 730 non
2464 679 2762 735 dissultant.
2800 681 2918 737 Noli
2948 699 3101 740 aures
3131 695 3370 742 avertere
3391 732 3406 756 ,
3435 690 3631 746 adhibe
3653 691 3748 746 in-

2166 768 2454 824 tellectum.
2475 771 2863 844 lntert‘ogemus
2876 777 3092 832 Paulum
3119 783 3437 850 apostolum,
3454 793 3507 838 ct
3521 794 3760 856 exponat

2166 861 2321 916 nobis
2345 867 2745 920 consonantiam
2772 868 2995 923 duarum
3039 871 3303 927 tibiarum.
3353 874 3516 931 Sonet
3556 878 3714 931 nobis
3741 919 3760 944 ,

2169 953 2440 1025 Speciosus
2467 962 2629 1028 [arma
2656 976 2763 1030 prce
2791 962 2911 1030 ﬁliis
2943 963 3200 1017 hominum
3235 983 3254 1019 :
3284 967 3384 1033 Qui
3417 984 3531 1021 cum
3558 971 3609 1022 in
3641 971 3763 1037 [or—

2165 1061 2252 1098 ma
2277 1045 2371 1100 Dei
2397 1059 2556 1114 esset,
2599 1065 2700 1104 non
2725 1053 2958 1121 rapinam
2985 1055 3258 1109 arbitratus
3301 1068 3373 1110 est
3404 1075 3508 1112 esse
3539 1058 3762 1130 (aqualis

2171 1135 2294 1190 Deo.
2339 1138 2476 1192 Ecce
2503 1143 2753 1209 speciosus
2799 1146 2963 1212 forma
2995 1161 3102 1214 pra:
3133 1147 3254 1214 ﬁliis
3281 1147 3560 1202 hominum.
3588 1151 3764 1206 Sonet

2166 1228 2319 1282 nobis
2347 1231 2504 1284 etiam
2525 1273 2540 1298 ,
2574 1230 2801 1287 Vidimus
2821 1249 2955 1299 eum,
2990 1245 3037 1289 et
3062 1253 3161 1289 non
3190 1238 3399 1291 [iubebat
3418 1242 3630 1310 speciem
3665 1258 3762 1295 ne-

2165 1336 2260 1390 que
2289 1322 2518 1375 decorem
2548 1338 2566 1375 :
2601 1323 2935 1395 Semetipsum
2963 1329 3233 1381 exinanivit
3265 1330 3478 1397 formam
3504 1332 3635 1385 servi
3666 1348 3764 1385 ac-
3802 1333 3828 1362 ⁸⁷

2165 1414 2374 1484 cipiens,
2406 1415 2458 1467 in
2489 1415 2817 1470 similitudine
2842 1417 3100 1471 hominum
3124 1424 3302 1490 factus,
3330 1430 3373 1474 et
3395 1422 3563 1474 habitu
3583 1424 3764 1476 inven-

2167 1517 2247 1561 tus
2270 1517 2322 1560 ut
2352 1508 2499 1562 honto
2529 1508 2791 1580 (Philipp.
2842 1525 2907 1577 n,
2936 1512 2995 1577 6,
3031 1513 3108 1581 7).
3140 1511 3262 1566 Νοη
3293 1513 3504 1568 habebat
3529 1519 3760 1584 speciem

2167 1616 2322 1670 neque
2366 1600 2632 1665 decorem,
2678 1609 2736 1654 ut
2777 1591 2870 1655 tibi
2903 1601 3056 1657 daret
3102 1605 3335 1672 speciem
3386 1613 3440 1660 et
3481 1605 3761 1662 decorem.

2167 1691 2334 1760 Quam
2363 1691 2594 1760 speciem
2617 1692 2641 1745 ?
2668 1707 2826 1761 quem
2853 1692 3142 1747 decorem?
3191 1694 3536 1749 Dilectionem
3573 1696 3759 1750 chari-

2169 1783 2326 1847 tatis;
2359 1791 2416 1836 ut
2474 1796 2660 1837 amans
2705 1798 2922 1850 curras,
2951 1798 3174 1840 currens
3217 1801 3384 1841 antes.
3427 1785 3656 1842 PuIcher
3694 1802 3760 1842 es

2165 1874 2272 1944 jam
2305 1893 2318 1928 :
2347 1874 2439 1929 sed
2460 1876 2562 1930 noli
2593 1885 2644 1930 te
2669 1876 2964 1941 attendere,
2997 1892 3065 1932 ne
3087 1877 3278 1947 perdas
3298 1876 3438 1948 quod
3465 1879 3713 1948 accepisti
3738 1896 3755 1945 ;

2168 1965 2312 2019 illum
2342 1965 2574 2030 attende,
2611 1981 2636 2019 a
2665 1982 2772 2036 quo
2797 1968 2963 2023 factus
2998 1984 3056 2024 es
3083 1969 3321 2040 pulcher.
3370 1969 3493 2025 Ideo
3533 1971 3606 2026 sis
3637 1972 3762 2040 pul-

2167 2056 2298 2111 cher
2322 2097 2336 2121 ,
2388 2065 2446 2110 ttt
2490 2058 2579 2113 ille
2621 2065 2674 2112 te
2719 2067 2880 2115 amet.
2912 2060 2988 2114 Tu
3016 2069 3192 2116 autem
3223 2069 3385 2115 totam
3409 2062 3758 2116 intentionem

2169 2151 2312 2203 tuam
2339 2149 2392 2201 in
2424 2149 2570 2202 illum
2597 2149 2764 2219 dirige
2789 2193 2801 2215 ,
2831 2151 2897 2204 ad
2924 2151 3069 2205 illum
3106 2166 3264 2207 curre
3283 2193 3296 2215 ,
3329 2154 3445 2221 ejus
3471 2152 3756 2222 amplexus

2145 2249 2309 2311 pete,
2334 2240 2402 2294 ab
2426 2240 2516 2294 illo
2539 2241 2667 2294 time
2691 2241 2967 2297 discedere
2992 2259 3007 2308 ;
3038 2252 3094 2297 ut
3113 2245 3182 2298 sit
3211 2245 3264 2298 in
3285 2253 3337 2300 te
3363 2245 3524 2299 timor
3543 2255 3750 2314 castus,

2169 2347 2488 2402 permanens
2525 2334 2576 2386 in
2619 2335 2872 2388 saeculum
2917 2335 3118 2390 saeculi.
3149 2335 3263 2390 Nos
3302 2337 3604 2408 diligamus,
3635 2337 3759 2407 quia

2168 2423 2276 2493 ipse
2302 2426 2440 2496 prior
2462 2425 2637 2479 dilexit
2657 2442 2767 2479 nos.

2241 2516 2328 2571 I0.
2361 2517 2422 2571 Si
2451 2518 2560 2586 quis
2598 2518 2819 2586 dixerit,
2870 2517 3042 2590 Diligo
3081 2519 3261 2574 Deum.
3303 2520 3472 2587 Quem
3511 2521 3764 2577 Deum‘?

2169 2605 2344 2673 Quare
2373 2607 2677 2677 diligimus?
2701 2609 2832 2675 Quia
2860 2610 2967 2680 ipse
3013 2611 3152 2678 prior
3205 2612 3379 2665 dileait
3404 2629 3526 2680 nos,
3557 2623 3610 2668 et
3647 2613 3748 2668 do-

2169 2697 2314 2751 navit
2337 2697 2490 2752 nobis
2531 2697 2770 2768 diligere.
2803 2699 2994 2754 Dilexit
3025 2701 3216 2770 impios
3241 2741 3256 2766 ,
3291 2710 3346 2756 ut
3372 2703 3570 2758 faceret
3600 2704 3754 2774 pios;

2169 2787 2352 2843 dilexit
2380 2789 2624 2858 injustas,
2653 2800 2712 2844 ut
2739 2791 2940 2845 faceret
2959 2791 3134 2860 justus
3159 2810 3171 2856 ;
3201 2793 3386 2848 dilexit
3415 2804 3670 2865 aigrotos,
3700 2805 3762 2852 ut

2169 2879 2369 2935 faceret
2397 2896 2575 2935 sanos.
2605 2882 2743 2951 Ergo
2778 2891 2833 2936 et
2871 2898 2962 2936 nos
2991 2881 3262 2954 diligamus
3286 2924 3301 2950 ,
3332 2886 3450 2955 quia
3478 2887 3588 2956 ipse
3613 2889 3761 2956 prior

2171 2972 2346 3026 dilexit
2416 2989 2526 3026 nos.
2578 2974 2848 3044 Interroga
2892 2990 3324 3046 unumquemque
3349 3019 3361 3042 ,
3405 2978 3546 3033 dicat
3575 2979 3668 3034 tibi
3711 2980 3759 3034 si

2171 3064 2356 3135 diligat
2384 3065 2567 3119 Deum.
2605 3065 2849 3132 Clamat,
2881 3069 3166 3123 confitetur
3187 3110 3202 3134 ,
3235 3068 3407 3140 Diligo
3433 3113 3447 3138 ,
3494 3071 3606 3141 ipse
3633 3071 3757 3128 scit.

2172 3157 2270 3212 Est
2291 3157 2434 3212 aliud
2464 3157 2605 3212 unde
2648 3159 3023 3229 interrogetur.
3057 3160 3119 3214 Si
3155 3161 3265 3232 quis
3292 3162 3476 3215 dixerit
3497 3206 3510 3228 ,
3549 3163 3757 3233 inquit,

2172 3247 2344 3320 Diligo
2373 3248 2567 3316 Deum,
2601 3258 2645 3302 et
2675 3254 2885 3320 fratrem
2912 3267 3060 3304 suum
3089 3253 3215 3319 odit,
3248 3253 3467 3307 utendas
3492 3263 3584 3308 est.
3610 3255 3765 3310 Unde

2172 3342 2367 3412 probas
2397 3342 2518 3412 quia
2548 3343 2777 3397 mendax
2803 3353 2885 3398 est
2905 3343 2932 3412 2,
2953 3344 3090 3399 Audi
3115 3361 3127 3395 :
3165 3345 3263 3412 Qui
3293 3347 3428 3400 enim
3467 3364 3573 3401 non
3596 3349 3764 3417 diligit

2173 3435 2384 3504 fratrem
2406 3451 2552 3487 suum
2587 3451 2734 3504 quem
2769 3435 2899 3490 videt
2918 3476 2934 3501 ,
2965 3434 3129 3488 Deum
3158 3452 3304 3501 quem
3326 3454 3427 3491 non
3447 3438 3610 3506 videt,
3641 3455 3767 3508 quo-

2173 3527 2322 3584 modo
2354 3536 2515 3594 potest
2542 3527 2751 3596 diligere
2774 3527 2799 3579 Ρ
2825 3526 2962 3592 Quid
2993 3528 3162 3595 ergo?
3191 3527 3283 3596 qui
3307 3528 3479 3598 diligit
3505 3529 3766 3596 fratrem,

2173 3619 2342 3689 diligit
2371 3630 2424 3673 et
2448 3619 2654 3673 Deum?
2681 3619 2912 3673 Necesse
2941 3630 3023 3676 est
3053 3629 3109 3675 ut
3127 3621 3306 3690 diligat
3337 3622 3520 3686 Deum,
3545 3636 3768 3677 necesse

2175 3720 2260 3766 est
2282 3719 2338 3765 ut
2365 3711 2550 3781 diligat
2573 3713 2741 3782 ipsam
2764 3712 3126 3769 dilectionem.
3155 3713 3422 3783 Numquid
3445 3723 3618 3783 potest
3639 3714 3764 3768 dili-

2175 3819 2301 3876 gere
2343 3804 2563 3859 fratrem
2593 3846 2606 3868 ,
2652 3814 2705 3858 et
2750 3822 2854 3858 non
2885 3806 3105 3875 diligere
3129 3807 3510 3862 dilectionem?
3537 3807 3770 3862 Necesse

2176 3905 2257 3950 est
2282 3906 2336 3950 ut
2361 3895 2543 3964 diligat
2567 3895 2924 3951 dilectionem.
2956 3897 3092 3964 Quid
3115 3913 3241 3967 ergo
3265 3939 3278 3960 ,
3310 3900 3399 3967 qui
3447 3898 3769 3967 diligitdile-

2178 3989 2435 4052 ctionem,
2463 3988 2584 4042 ideo
2606 3988 2776 4057 diligit
2802 3989 2994 4042 Deum?
3015 3988 3206 4058 Utique
3228 3989 3364 4043 ideo.
3389 3989 3664 4060 Diligendo
3687 3989 3769 4044 ὧ-

2137 4103 2154 4116 ’-
2178 4082 2459 4136 lectionem
2486 4121 2501 4146 ,
2550 4082 2716 4135 Deum
2761 4081 2950 4151 diligit.
2995 4083 3078 4136 Att
3110 4083 3304 4136 oblitus
3337 4097 3398 4137 es
3426 4083 3566 4153 quod
3611 4083 3770 4150 paulo

2177 4183 2301 4228 ante
2327 4174 2543 4238 dixisti,
2581 4173 2720 4228 Deus
2760 4175 2963 4228 dilectio
3000 4184 3072 4230 est
3121 4174 3306 4246 (Joan.
3335 4191 3408 4241 iv,
3439 4176 3506 4241 8,
3543 4175 3673 4243 ιδῃ
3712 4176 3768 4230 Si

2180 4266 2320 4320 Deus
2339 4265 2550 4319 dilectio
2569 4307 2581 4331 ,
2611 4266 2851 4335 quisquis
2876 4267 3048 4336 diligit
3073 4266 3414 4321 dilectionem
3442 4307 3456 4332 ,
3488 4268 3650 4321 Deum
3680 4267 3765 4320 di-
3830 4288 3842 4328 ε

2179 4357 2309 4426 ligit.
2341 4357 2505 4426 Dilige
2531 4373 2659 4426 ergo
2685 4356 2898 4412 fratrem
2920 4399 2933 4422 ,
2964 4367 3018 4413 et
3048 4374 3271 4412 securus
3297 4371 3434 4414 esto.
3477 4359 3588 4412 Non
3616 4367 3769 4427 potes

2180 4447 2380 4506 dicere.
2399 4449 2568 4518 Diligo
2587 4444 2826 4515 fratrem,
2853 4449 2948 4503 sed
2982 4465 3085 4503 non
3109 4451 3271 4518 diligo
3292 4451 3474 4504 Deum.
3495 4449 3769 4516 Quomodo

2180 4542 2423 4595 mentiris
2453 4542 2496 4594 si
2520 4543 2701 4605 dicas,
2743 4542 2910 4612 Diligo
2951 4542 3160 4605 Deum,
3201 4541 3412 4612 quando
3454 4557 3560 4596 non
3597 4541 3769 4611 diligis

2182 4631 2402 4685 fratrem
2429 4650 2442 4695 ;
2473 4633 2549 4686 sic
2579 4631 2800 4694 falleris,
2827 4633 3041 4701 quando
3067 4633 3222 4698 dicis,
3256 4633 3426 4702 Diligo
3452 4632 3694 4697 fratrem,
3722 4629 3768 4684 si

2186 4733 2344 4791 putes
2373 4723 2493 4791 quia
2524 4739 2628 4776 non
2654 4723 2829 4791 diligis
2870 4725 3060 4778 Deum.
3099 4724 3327 4779 Necesse
3352 4734 3438 4779 est
3471 4725 3559 4793 qui
3600 4725 3772 4794 diligis

2183 4814 2434 4879 fratrem,
2481 4813 2671 4882 diligas
2720 4815 2886 4883 ipsum
2936 4815 3318 4880 dilectionem;
3353 4815 3552 4869 dilectio
3593 4825 3771 4870 autent

2183 4904 2322 4960 Deus
2349 4915 2419 4959 est
2447 4921 2465 4958 :
2494 4921 2712 4960 necesse
2751 4917 2833 4960 est
2867 4920 2994 4976 ergo
3029 4916 3083 4960 ut
3114 4907 3279 4961 Deum
3312 4906 3497 4974 diligat
3536 4906 3774 4976 quisquis

2186 4998 2358 5067 diligit
2379 4996 2621 5052 fratrem.
2654 4997 2708 5051 Si
2743 5007 2918 5051 autem
2943 5013 3048 5051 non
3075 4997 3249 5067 diligis
3274 4997 3490 5054 fratrem
3514 5013 3670 5064 quem
3703 4997 3776 5050 δὶ-

2186 5090 2281 5144 des
2304 5132 2316 5152 ,
2362 5090 2525 5143 Deum
2554 5105 2712 5158 quem
2737 5105 2839 5143 non
2874 5089 3020 5144 vides
3041 5090 3310 5160 quomodo
3337 5098 3488 5157 potes
3512 5089 3777 5158 diligere?

2187 5181 2360 5250 Quare
2391 5198 2492 5235 non
2520 5181 2663 5236 videt
2691 5183 2895 5236 Deum?
2951 5183 3080 5248 Quia
3113 5199 3218 5236 non
3249 5182 3409 5236 habet
3449 5183 3615 5250 ipsam
3643 5183 3779 5238 dile-

2187 5275 2437 5330 ctionem.
2468 5273 2590 5328 Ideo
2614 5290 2717 5327 non
2749 5274 2892 5328 videt
2913 5275 3104 5338 Deum,
3126 5275 3248 5344 quia
3301 5290 3407 5330 non
3454 5273 3612 5333 habet
3641 5275 3779 5328 dile-

2187 5367 2451 5429 ctionem;
2482 5366 2599 5418 ideo
2626 5381 2730 5418 non
2762 5366 2921 5420 habet
2940 5365 3298 5431 dilectionem,
3323 5366 3446 5436 quia
3470 5381 3576 5422 non
3609 5367 3782 5435 diligit

2188 5459 2403 5513 fratrem
2436 5467 2758 5527 :propterea
2795 5473 2920 5530 ergo
2960 5474 3066 5512 non
3108 5458 3249 5512 videt
3285 5458 3450 5512 Deum
3477 5499 3490 5523 ,
3517 5457 3640 5528 quia
3674 5471 3782 5512 non

2190 5549 2349 5604 habet
2369 5549 2729 5603 dilectionem.
2758 5548 2890 5606 Nam
2923 5551 2966 5602 si
2997 5549 3193 5606 habeat
3221 5550 3582 5617 dilectionau,
3613 5550 3781 5606 Deum

2190 5641 2367 5706 videt;
2411 5641 2529 5710 quia
2559 5639 2695 5694 Deus
2721 5639 2921 5694 dilectio
2951 5651 3020 5696 est
3055 5658 3072 5696 :
3101 5652 3154 5697 et
3185 5652 3442 5713 purgatur
3466 5643 3556 5699 ille
3587 5643 3776 5706 oculos

2190 5735 2358 5804 magis
2383 5734 2654 5803 magisque
2687 5733 2992 5801 dilectione,
3028 5744 3082 5790 ut
3108 5735 3281 5792 videat
3315 5736 3458 5791 illam
3481 5734 3776 5793 incommu-

2257 5848 2442 5897 ’ωιε
2471 5845 2657 5907 Quem?
2683 5856 2850 5898 Deum.
2920 5855 2976 5898 nl.
