4076 6476
330 348 474 411 2053

331 456 551 522 tabilem
592 467 983 541 substantiam;
1021 467 1173 539 cujus
1210 469 1491 547 priesentia
1534 484 1743 540 semper
1781 486 1910 540 gau-

330 559 473 626 deat,
508 577 611 632 qua
640 561 941 632 perfruatur
976 562 1027 617 in
1052 572 1306 618 aeternum
1334 561 1647 633 conjunctus
1672 563 1905 634 Angelis.

331 652 437 709 Sed
466 665 645 709 currat
669 654 848 722 modo,
879 664 936 710 ut
962 654 1246 726 aliquando
1269 656 1320 709 in
1349 656 1515 726 patria
1545 658 1766 711 laetetur.
1792 654 1906 711 Non

330 755 475 801 amet
504 747 985 818 peregrinationem
1006 787 1020 811 ,
1052 763 1155 801 non
1181 757 1323 802 amet
1350 746 1489 800 viam
1519 765 1532 800 :
1560 756 1728 801 totum
1759 762 1905 803 ama-

1490 347 1895 415 TRACTATUS
1930 344 2005 415 X.
2040 350 2264 413 CAPUT
2302 352 2386 411 iV.

3440 368 3583 427 9054

2006 468 2139 525 dine
2164 470 2449 527 videamus.
2469 471 2646 529 (lamis
2661 475 2746 543 qui
2758 478 2916 533 credit
2940 479 3075 550 quod
3084 481 3235 541 hstis
3248 484 3313 541 sit
3326 482 3576 555 Christus,

2015 575 2077 613 ea:
2101 559 2207 615 Deo
2232 573 2380 617 natus
2405 572 2521 619 est..
2537 564 2664 632 Quis
2704 568 2905 637 estqui
2933 584 3037 624 non
3062 572 3233 633 credit
3256 574 3398 645 quod
3423 574 3581 632 Jesus

2013 650 2082 703 sit
2126 651 2402 708 Christus?
2455 654 2556 723 Qui
2602 672 2707 712 non
2751 659 2827 715 sic
2854 661 2982 715 vivit
3021 664 3289 734 quomodo
3334 668 3584 737 pratcepit

2012 740 2271 797 Christus.
2304 745 2446 799 Multi
2496 762 2641 803 enim
2681 749 2889 816 dicunt,
2920 750 3122 819 Credo;
3151 754 3246 813 sed
3288 758 3422 819 lines
3464 759 3582 813 sine

331 856 449 894 rum
476 842 581 908 sit,
627 853 821 913 pra-ter
840 840 988 895 illum
1013 841 1103 911 qui
1143 850 1324 906 vocat,
1354 855 1627 911 quousque
1650 839 1965 895 inhmreau
2014 835 2261 904 operibus
2291 852 2394 891 non
2425 840 2609 894 salvat.
2656 842 2800 912 Opus
2843 854 3020 901 autem
3063 845 3185 903 ﬁdei
3366 848 3579 909 dilectio

330 947 451 988 mus
470 931 568 997 illi,
598 940 652 987 et
680 932 919 988 dicamus
949 931 1088 1003 quod
1117 931 1313 993 dictum
1342 939 1422 985 est
1447 931 1497 984 in
1525 930 1754 995 Psalmo,
1782 929 1908 984 Per-

330 1023 506 1078 didisti
542 1041 713 1078 omnes
739 1023 858 1094 quia
884 1022 1199 1091 fornicamur
1218 1020 1305 1075 abs
1334 1031 1399 1085 te.
1427 1021 1491 1076 Et
1529 1020 1619 1091 qui
1658 1027 1785 1075 sunt
1820 1019 1908 1088 qui

330 1113 709 1168 fornicamur?
752 1112 852 1182 Qui
889 1112 1203 1177 discedunt,
1235 1121 1286 1165 et
1310 1121 1491 1166 amant
1523 1109 1799 1166 mundum.
1828 1109 1909 1163 Tu

330 1214 509 1259 autem
551 1204 715 1275 quid?
754 1204 1005 1275 Sequitur
1032 1215 1086 1260 et
1118 1203 1245 1259 dicit
1271 1220 1285 1256 :
1318 1202 1448 1257 Mihi
1474 1212 1638 1256 autem
1666 1201 1911 1255 inhaerere

328 1293 438 1350 Deo
459 1294 644 1350 bonum
670 1306 741 1351 est
780 1293 959 1369 (Psal.
992 1310 1133 1349 Lxxn
1154 1334 1169 1360 ,
1202 1293 1291 1360 27,
1322 1291 1454 1364 28).
1494 1293 1683 1347 Totum
1711 1290 1909 1351 bonum
1936 1311 1979 1339 ιι

329 1402 509 1442 meum
536 1395 636 1453 est,
662 1382 771 1441 Deo
792 1384 1053 1447 iulia-rere
1072 1386 1252 1455 gratis.
1283 1384 1416 1440 Nam
1441 1384 1486 1440 si
1514 1385 1827 1452 interroges,
1856 1390 1910 1436 et

329 1476 476 1532 dicas
497 1520 514 1544 ,
540 1477 718 1547 Quare
747 1477 976 1531 inhaeres
1016 1476 1162 1531 Deo?
1194 1475 1258 1531 Et
1277 1476 1417 1533 dicat
1436 1516 1452 1542 ,
1480 1475 1548 1532 Ut
1570 1475 1732 1530 donet
1753 1470 1902 1527 mihi.

327 1568 466 1639 Quid
490 1570 583 1625 tibi
615 1568 809 1627 donet?
834 1567 1040 1623 leum
1073 1567 1185 1637 ipse
1202 1554 1358 1633 iecit,
1387 1576 1581 1622 terram
1612 1567 1723 1637 ipse
1750 1563 1903 1619 fecit:

328 1662 455 1733 quid
478 1660 574 1716 tibi
597 1661 889 1717 donaturus
911 1659 1155 1730 eSt?jam
1187 1659 1416 1714 inhaeres
1444 1658 1556 1714 illi:
1585 1654 1762 1712 inveni
1790 1669 1905 1710 me-

327 1754 456 1823 lius,
489 1763 544 1810 et
572 1754 736 1809 donat
758 1754 868 1810 tibi.
1924 1775 1951 1782 —

399 1847 489 1900 ll.
536 1845 636 1915 Qui
663 1846 794 1900 enim
830 1862 929 1899 non
968 1843 1131 1914 diligit
1161 1846 1366 1915 fratrem
1392 1858 1540 1896 suum
1566 1855 1713 1911 quem
1741 1837 1905 1904 videt,

328 1936 497 1993 Deum
515 1953 662 2007 quem
685 1953 785 1990 non
812 1936 969 1999 videt,
990 1935 1240 2005 quomodo
1270 1942 1428 2005 potest
1449 1930 1696 2004 diligere?
1726 1929 1789 1983 Et
1816 1930 1909 1983 hoc

327 2028 626 2083 mandatum
655 2025 891 2082 habemus
911 2025 971 2080 ab
993 2027 1102 2098 ipso
1120 2068 1135 2092 ,
1181 2036 1235 2080 ut
1263 2026 1349 2097 qui
1378 2025 1541 2095 diligit
1567 2021 1733 2077 Deum
1753 2064 1767 2087 ,
1790 2021 1908 2076 dili-

327 2130 415 2194 gat
442 2131 489 2176 et
520 2121 727 2191 fratrem
757 2138 922 2175 suum.
948 2119 1223 2192 Magnifice
1252 2117 1493 2183 dicebas,
1518 2116 1686 2189 Diligo
1708 2115 1909 2178 Deum;

329 2222 384 2270 et
402 2213 522 2269 odis
551 2213 794 2268 fratrem!
824 2212 868 2268 Ο
897 2210 1191 2279 homicida,
1220 2211 1485 2282 quomodo
1505 2209 1680 2280 diligis
1709 2207 1985 2263 Deum‘i-to

329 2303 447 2359 Non
490 2303 683 2358 audisti
713 2303 956 2374 superius
984 2305 1033 2356 in
1083 2303 1193 2372 ipsa
1222 2301 1457 2371 Epistola
1477 2343 1492 2368 ,
1541 2300 1642 2369 Qui
1666 2299 1770 2353 odit
1800 2298 1913 2368 [ra-

331 2404 457 2448 trem
480 2411 660 2459 suum,
705 2390 957 2448 homicida
995 2393 1109 2448 est?
1138 2392 1241 2448 Sed
1268 2406 1487 2464 prorsus
1514 2390 1676 2464 diligo
1706 2390 1868 2445 Deum
1893 2429 1910 2456 ,

331 2484 575 2555 quamvis
617 2484 819 2541 oderim
867 2483 1082 2541 fratrem
1111 2500 1309 2539 meum.
1343 2483 1570 2539 Prorsus
1597 2497 1702 2537 non
1740 2478 1914 2551 diligis

331 2576 536 2643 Deum,
596 2578 640 2631 si
667 2577 784 2632 odis
811 2578 1049 2632 fratrem.
1112 2578 1177 2632 Et
1218 2575 1376 2635 modo
1425 2576 1589 2646 probo
1618 2575 1724 2630 alio
1749 2573 1913 2628 docu-

332 2682 539 2725 mento.
572 2670 687 2738 Ipse
702 2668 854 2736 dixit,
880 2668 1027 2722 Dedit
1053 2668 1194 2723 nobis
1215 2678 1539 2739 praeceptum,
1573 2676 1629 2721 ut
1647 2667 1916 2738 diligamus
1950 2694 1975 2699 η

332 2759 547 2814 invicem
589 2759 632 2833 (l
652 2759 806 2815 Joan.
831 2777 906 2826 ιιι,
942 2761 1009 2816 15
1029 2802 1043 2824 ,
1074 2759 1180 2831 25)
1213 2777 1224 2813 :
1273 2757 1539 2829 quomodo
1560 2757 1735 2828 diligis
1758 2772 1878 2811 cum
1899 2797 1914 2823 ,

334 2851 489 2922 cujus
515 2851 674 2907 odisti
722 2851 1087 2925 prmceptum?
1119 2851 1248 2918 Quis
1274 2859 1357 2905 est
1386 2849 1475 2921 qui
1513 2848 1692 2913 dicat,
1748 2847 1918 2918 Diligo

335 2942 749 3013 imperatorem,
800 2942 894 2999 sed
942 2944 1027 2999 odi
1059 2943 1204 3016 leges
1247 2943 1403 3013 ejus?
1446 2940 1500 2997 In
1549 2942 1649 2996 hoc
1679 2941 1922 3013 intelligit

337 3034 631 3106 imperator
658 3036 703 3090 si
744 3034 919 3107 diligis
959 3053 1112 3103 etttn,
1162 3035 1207 3090 si
1255 3036 1604 3090 observentur
1633 3033 1777 3103 leges
1806 3032 1921 3102 ejus

338 3143 441 3199 per
465 3128 785 3197 provincias.
827 3127 934 3182 Lex
962 3124 1297 3196 imperatoris
1319 3143 1437 3196 quae
1472 3125 1594 3180 est?
1623 3123 1921 3177 Mandatum
1948 3140 1989 3169 ίυ

338 3236 526 3275 novum
554 3219 621 3274 do
645 3220 780 3274 vobis
803 3262 817 3288 ,
851 3229 906 3274 ut
934 3236 1021 3273 vos
1047 3218 1256 3273 invicem
1294 3216 1521 3287 diligatis
1573 3215 1757 3288 (Joau.
1791 3231 1921 3281 xm,

339 3311 458 3382 34).
491 3310 633 3365 Dicis
676 3327 802 3382 ergo
831 3320 882 3365 te
920 3310 1138 3381 diligere
1175 3308 1477 3373 Christum;
1510 3323 1664 3363 serva
1707 3306 1917 3361 manda-

342 3410 454 3457 tum
500 3401 650 3473 ejus,
679 3408 735 3456 et
780 3402 996 3456 fratrem
1027 3400 1206 3470 dilige.
1251 3398 1307 3454 Si
1334 3408 1512 3455 autem
1557 3396 1775 3451 fratrem
1820 3411 1925 3451 non

342 3494 559 3565 diligis;
588 3492 857 3564 quomodo
884 3508 1005 3548 eum
1045 3491 1247 3564 diligis,
1276 3491 1427 3561 cujus
1469 3488 1772 3543 mandatum
1794 3503 1921 3543 con-

343 3586 579 3644 temnis?
610 3587 823 3643 Fratres
848 3628 862 3653 ,
909 3602 1007 3657 ego
1035 3602 1140 3640 non
1184 3585 1346 3639 satior
1369 3580 1633 3652 loquendo
1660 3580 1726 3635 de
1753 3579 1929 3635 chari-
1960 3606 1991 3614 υ

344 3688 455 3735 tate
480 3680 534 3734 in
567 3679 781 3735 nomine
809 3677 1023 3733 Christi.
1050 3678 1313 3747 Quantum
1347 3684 1399 3730 et
1418 3690 1514 3731 vos
1540 3672 1744 3728 habetis
1776 3669 1926 3738 hujus

344 3771 427 3827 rei
451 3772 729 3826 avaritiam
749 3813 766 3840 ,
795 3780 996 3827 tantum
1030 3784 1312 3840 speramus
1333 3768 1454 3838 quia
1481 3766 1671 3822 crescit
1698 3765 1748 3819 in
1779 3762 1928 3816 vobis

345 3862 464 3934 ipsa
485 3904 501 3929 ,
531 3870 586 3918 et
610 3862 751 3918 foras
778 3864 937 3918 mittit
965 3863 1206 3917 timorem
1228 3902 1244 3928 ,
1277 3867 1335 3914 ut
1360 3867 1629 3914 remaneat
1652 3856 1741 3911 ille
1774 3856 1929 3909 timor

347 3964 531 4012 castus
576 3972 892 4026 permanens
938 3956 990 4010 in
1049 3954 1302 4009 sarculum
1357 3951 1560 4007 saeculi.
1618 3949 1930 4005 Tnlcremus

347 4044 640 4113 mundum,
691 4045 977 4101 toleremus
1018 4043 1382 4099 tribulatioues
1403 4082 1418 4108 ,
1468 4040 1751 4096 toleremus
1776 4052 1930 4092 scan-
1950 4059 1993 4081 ιο-

348 4139 472 4195 dala
503 4145 875 4196 tentationum.
923 4138 1041 4194 Non
1074 4136 1387 4194 recedamus
1415 4150 1445 4189 a
1493 4132 1610 4199 via;
1659 4140 1931 4186 teneamus

348 4231 612 4287 unitatem
660 4232 942 4298 Ecclesiae,
1002 4241 1276 4286 teneamus
1323 4227 1625 4290 Christum,
1657 4232 1935 4278 teneamus

350 4323 688 4382 charitatem.
709 4324 827 4380 Non
853 4322 1166 4378 divellamur
1188 4337 1219 4377 a
1246 4316 1499 4376 membris
1520 4331 1727 4387 sponsa:
1747 4314 1930 4385 ipsius,

351 4432 464 4472 non
508 4415 823 4472 divellauiur
860 4430 890 4469 a
923 4414 1064 4482 ﬁde,
1115 4421 1174 4467 ut
1217 4410 1507 4485 gloriemur
1551 4409 1602 4462 in
1654 4405 1935 4477 praesentia

352 4510 527 4581 ipsius
555 4528 570 4565 :
599 4518 655 4564 et
674 4508 845 4565 securi
873 4505 1205 4562 manebimus
1234 4506 1288 4558 in
1309 4518 1374 4558 eo
1395 4542 1408 4566 ,
1438 4499 1597 4554 modo
1621 4514 1715 4569 per
1742 4496 1898 4551 ﬁdem
1919 4536 1933 4561 ,
1970 4517 1985 4523 ρ

355 4613 486 4661 tunc
530 4620 626 4677 per
650 4604 880 4676 speciem
903 4645 918 4670 ,
949 4602 1102 4671 cujus
1137 4606 1309 4655 tantas
1333 4594 1518 4651 arrhas
1560 4590 1814 4647 habemus
1840 4587 1936 4643 do-

354 4715 487 4756 num
516 4699 745 4770 Spiritus
764 4696 949 4754 sancti.

890 4781 1299 4842 TRACTATUS
1336 4779 1406 4835 X.

248 4900 253 4907 '
354 4881 440 4938 De
459 4898 520 4938 ea
540 4879 679 4957 quod
699 4876 923 4933 Joannes
950 4875 1138 4939 scribit,
1171 4870 1356 4927 Omnis
1379 4870 1469 4941 qui
1491 4866 1660 4922 credit
1684 4863 1822 4935 quod
1847 4861 1939 4957 Je-

430 4990 524 5032 sus
555 4955 641 5029 rsit
679 4973 923 5029 Christus
944 5013 958 5037 ,
1006 4986 1068 5025 ex
1101 4968 1212 5023 Deo
1251 4974 1406 5020 natus
1430 4970 1550 5027 est;
1579 4975 1733 5029 usque
1759 4957 1826 5010 ad
1852 4955 1935 5021 id,
1954 4957 1997 4993 4+

431 5068 560 5127 Hzes
587 5074 669 5123 est
698 5066 840 5120 enim
865 5060 1078 5118 dilectio
1123 5058 1215 5114 Dei
1236 5097 1253 5126 ,
1298 5065 1357 5112 ut
1397 5061 1657 5125 przcccpla
1684 5048 1799 5119 ejus
1824 5062 1939 5101 ser-

334 5222 345 5227 ,
433 5174 639 5216 vemus.
668 5156 794 5228 Cap.
821 5172 875 5222 v,
919 5156 955 5227 Ῠ
979 5193 993 5208 .
1037 5153 1184 5207 1-15.

434 5253 487 5309 1.
528 5248 830 5311 Meminisse
857 5262 952 5302 vos
977 5244 1157 5310 credo,
1182 5243 1269 5313 qui
1299 5236 1540 5295 adfuistis
1562 5234 1815 5291 hesterno
1835 5229 1939 5296 die,

358 5343 430 5399 ad
480 5357 640 5413 quem
669 5340 843 5395 locum
876 5339 927 5393 in
958 5350 1241 5408 progressu
1271 5331 1427 5401 hujus
1456 5328 1709 5397 Epistolae
1753 5337 1941 5413 perve-

357 5405 517 5483 nerit.
544 5434 726 5480 nostra
770 5405 1014 5479 tractatio
1047 5438 1061 5475 :
1098 5419 1150 5473 id
1190 5426 1311 5489 est,
1342 5414 1443 5481 Qui
1476 5413 1607 5466 enim
1641 5426 1742 5463 non
1779 5405 1945 5475 diligit
1984 5436 2013 5443 ν

360 5520 577 5589 fratrem
600 5533 748 5589 Quum
773 5532 924 5587 quem
945 5513 1111 5578 videt,
1159 5509 1323 5564 Deum
1358 5522 1505 5579 quem
1529 5521 1630 5558 non
1660 5502 1789 5556 videt
1814 5514 1942 5589 quof

360 5581 516 5664 modo
555 5581 719 5680 ptitest
759 5581 1008 5678 diligere?
1052 5601 1120 5658 Et
1164 5600 1256 5655 hoc
1279 5596 1573 5659 mandatum
1599 5591 1836 5647 habemus
1881 5587 1945 5643 ab

358 5701 511 5772 ipso,
564 5710 620 5755 ut
650 5697 933 5773 quidiligit
981 5693 1183 5761 Datum
1222 5690 1405 5762 diligat
1442 5696 1491 5744 et
1537 5686 1744 5757 fratrem
1772 5696 1939 5738 suum.

356 5792 477 5854 Huc
498 5806 667 5851 usaue
680 5792 1003 5860 disputatum
1019 5796 1152 5846 erat.
1168 5784 1298 5853 Quae
1315 5788 1608 5851 sequuntur
1626 5790 1756 5847 ergo
1767 5789 1833 5833 ex
1851 5788 1939 5831 or-

2011 936 2095 982 cst
2115 968 2128 991 ,
2161 926 2372 984 dicente
2400 929 2561 987 Paulo
2585 934 2844 1002 apostolo,
2876 934 2941 989 Et
2961 937 3087 1007 ﬁdes
3239 956 3330 1010 per
3350 940 3568 999 dilectio-

2014 1035 2126 1072 nem
2145 1029 2382 1090 operatur
2404 1019 2596 1093 (Galat.
2624 1039 2678 1090 v,
2710 1024 2784 1094 ϐ).
2807 1025 2981 1096 Opera
3003 1028 3213 1098 quidem
3238 1038 3327 1085 tua
3356 1041 3577 1102 prteterr

2012 1108 2083 1165 ita
2105 1151 2120 1175 ,
2147 1119 2426 1181 antequam
2451 1112 2722 1178 crederes,
2749 1116 2833 1171 vel
2882 1118 3024 1172 nulla
3049 1122 3231 1186 erant;
3261 1121 3347 1178 vel
3369 1123 3419 1178 si
3438 1122 3575 1179 bona

2010 1198 2359 1267 videbantur,
2414 1204 2588 1258 inania
2616 1216 2786 1261 erant.
2828 1207 2885 1262 Si
2922 1209 3064 1265 enim
3097 1212 3238 1269 nulla
3282 1223 3471 1279 erant;
3504 1215 3580 1270 sic

2013 1303 2131 1344 eras
2161 1291 2310 1360 quasi
2341 1290 2502 1348 homo
2535 1293 2654 1349 sine
2702 1296 2956 1365 pedibus,
2986 1308 3078 1354 aut
3119 1302 3319 1357 vexatis
3360 1302 3581 1374 pedibus

2011 1381 2281 1439 ambulare
2309 1398 2412 1439 non
2439 1387 2656 1442 valens:
2684 1388 2727 1442 si
2754 1399 2929 1444 autem
2950 1391 3089 1447 bona
3109 1393 3453 1462 videbantur;
3481 1412 3576 1451 au-

2013 1481 2223 1541 tequam
2251 1473 2532 1543 crederes,
2562 1477 2812 1534 currebas
2836 1479 3070 1550 quidem,
3101 1482 3193 1537 sed
3222 1494 3413 1553 praeter
3438 1485 3575 1540 viam

2011 1564 2293 1634 currendo,
2321 1567 2538 1622 errabas
2561 1570 2732 1639 potius
2756 1586 2912 1641 quam
2939 1573 3301 1641 perveniebas.
3336 1574 3432 1629 Est
3452 1592 3578 1647 ergo

2012 1656 2163 1712 nobis
2189 1668 2241 1713 et
2264 1659 2618 1727 currendum,
2646 1670 2701 1717 et
2730 1663 2782 1716 in
2818 1662 2899 1717 via
2925 1665 3269 1720 currendum.
3313 1664 3416 1735 Qui
3445 1683 3579 1737 pra:-

2010 1754 2094 1802 ter
2119 1748 2257 1802 viam
2308 1750 2507 1816 currit,
2562 1752 2788 1808 inaniter
2834 1755 3038 1808 currit:
3086 1755 3193 1810 imo
3236 1755 3302 1812 ad
3340 1755 3576 1813 laborem

2010 1837 2193 1893 currit.
2224 1838 2392 1895 Tanto
2419 1841 2534 1911 plus
2559 1852 2735 1911 errat,
2776 1856 2971 1915 quanto
2999 1855 3192 1915 prmter
3217 1846 3353 1900 viam
3381 1849 3572 1903 currit.

2011 1927 2139 1997 Qua:
2166 1937 2249 1985 est
2272 1931 2353 1984 via
2389 1946 2483 2001 per
2504 1949 2660 2002 quam
2689 1934 2988 1989 currimus?
3012 1934 3252 1990 Christus
3277 1935 3441 2002 dixit,
3474 1935 3585 2010 Ego

2012 2037 2121 2075 sum
2147 2021 2246 2075 via.
2280 2022 2408 2090 Quae
2435 2025 2600 2093 patria
2622 2066 2639 2093 ,
2683 2041 2787 2095 quo
2813 2025 3111 2081 currimus?
3136 2026 3378 2082 Christus
3405 2027 3539 2082 dixit
3565 2069 3580 2093 ,

2012 2111 2123 2182 Ego
2149 2129 2261 2167 sum
2288 2114 2464 2169 veritas
2492 2112 2669 2186 (Joan.
2710 2132 2819 2181 xw,
2849 2116 2927 2187 6).
2954 2116 3057 2172 Per
3082 2116 3227 2172 illum
3268 2115 3465 2184 curris,
3512 2117 3580 2174 ad

2015 2205 2161 2258 illum
2192 2206 2390 2273 curris,
2440 2207 2491 2262 in
2521 2207 2635 2278 ipso
2681 2210 2984 2279 requiescis.
3013 2211 3116 2266 Sed
3162 2221 3219 2266 ut
3253 2228 3586 2268 curreremus

2016 2312 2111 2367 per
2134 2297 2282 2353 illum
2301 2339 2317 2365 ,
2345 2300 2581 2355 extendit
2601 2315 2659 2356 se
2684 2317 2848 2371 usque
2872 2303 2938 2357 ad
2961 2318 3057 2357 nos
3082 2321 3094 2357 :
3126 2303 3280 2376 longe
3308 2306 3451 2361 enim
3473 2321 3587 2361 era-

2017 2404 2155 2457 mus,
2187 2395 2242 2443 et
2264 2388 2419 2461 longe
2438 2391 2929 2462 percgrinahamur.
2963 2392 3155 2448 Parum
3181 2404 3262 2449 est
3286 2395 3407 2466 quia
3432 2395 3585 2469 longe

2020 2481 2522 2550 peregrinabantur;
2570 2492 2625 2538 et
2661 2481 2891 2554 languidi
2924 2498 3022 2539 nos
3062 2498 3276 2539 movere
3302 2500 3407 2540 non
3438 2494 3590 2561 pote-

2018 2586 2217 2625 ramus.
2252 2570 2480 2627 Mcdicus
2522 2573 2668 2627 venit
2714 2573 2778 2628 ad
2805 2582 3032 2646 aegrotos
3056 2615 3073 2641 ,
3116 2575 3196 2629 via
3228 2586 3469 2645 porrecta
3508 2588 3592 2634 est

2019 2659 2085 2716 ad
2116 2664 2441 2732 peregrinos.
2474 2662 2751 2719 Salvemur
2795 2664 2862 2720 ab
2914 2665 3069 2736 ipso,
3119 2664 3455 2723 ambulemus
3499 2684 3593 2738 per

2020 2754 2211 2823 ipsum.
2242 2753 2351 2807 Hoc
2371 2762 2453 2808 est
2478 2755 2695 2810 credere
2724 2754 2844 2824 quia
2873 2754 3028 2809 Jesus
3056 2755 3298 2811 Christus
3321 2766 3430 2824 est,
3463 2775 3595 2828 quo-

2023 2845 2181 2902 modo
2205 2845 2425 2903 credunt
2452 2846 2752 2911 christiani,
2780 2848 2867 2917 qui
2900 2863 3004 2902 non
3044 2847 3159 2902 solo
3201 2849 3416 2904 nomine
3448 2849 3593 2904 chri-

2023 2938 2179 2993 SIiani
2211 2948 2369 3003 sunt,
2400 2938 2492 2994 sed
2515 2948 2569 2994 et
2595 2939 2742 2994 factis
2771 2949 2823 2993 et
2862 2940 2967 2994 vita
2994 2957 3007 2993 :
3039 2954 3143 2995 non
3171 2941 3436 3010 quomodo
3474 2957 3592 2998 cre-

2024 3028 2154 3084 dunt
2190 3029 2479 3084 dunnoncs.
2523 3028 2653 3083 Nam
2698 3040 2744 3084 et
2772 3030 3022 3085 dit-mones
3062 3030 3290 3098 credunt,
3326 3041 3370 3084 et
3399 3041 3593 3086 contre-

2025 3121 2272 3188 miscunt,
2324 3121 2460 3175 sicut
2506 3120 2633 3175 dicit
2680 3120 2949 3191 Scriptura
2977 3118 3176 3191 (Jacobi
3204 3137 3272 3187 ll,
3305 3122 3416 3193 l9).
3460 3122 3597 3193 Quid

2025 3220 2310 3280 potuerunt
2335 3212 2450 3281 plus
2475 3210 2694 3267 credere
2720 3209 2990 3288 daemones
3010 3253 3024 3276 ,
3055 3227 3212 3282 quam
3241 3222 3298 3266 ut
3318 3212 3557 3269 dicerent
3578 3255 3594 3281 ,

2029 3300 2231 3357 Scimus
2258 3303 2343 3372 qui
2371 3302 2439 3356 sis
2456 3343 2477 3368 ,
2502 3298 2664 3355 Filius
2686 3299 2823 3355 Dei?
2845 3300 2996 3370 Quod
3024 3301 3270 3357 dixerunt
3296 3298 3562 3359 dazmones
3579 3344 3595 3371 ,

2029 3393 2132 3448 hoc
2156 3393 2289 3448 dixit
2322 3402 2377 3448 et
2415 3393 2625 3448 Pctrus.
2658 3392 2786 3447 Cum
2815 3392 3069 3447 Dominus
3094 3402 3353 3463 qua-reret
3372 3393 3489 3464 quis
3515 3409 3599 3449 es-

2030 3492 2145 3550 set,
2192 3493 2245 3538 et
2273 3499 2429 3553 quem
2462 3480 2609 3538 illum
2650 3482 2889 3538 dicerent
2917 3481 3187 3547 homines,
3216 3484 3600 3553 responderunt

2030 3573 2104 3626 illi
2132 3573 2370 3643 discipuli
2402 3590 2416 3628 :
2446 3572 2549 3626 Alii
2587 3574 2761 3626 dicunt
2801 3582 2848 3626 te
2882 3570 3132 3626 Joannem
3166 3571 3444 3642 Baptistam
3468 3615 3483 3639 ,
3510 3574 3602 3628 alii

2032 3662 2223 3729 Etiam,
2257 3663 2347 3717 alii
2373 3662 2666 3716 Jeremiam.
2690 3672 2776 3714 aut
2802 3678 2955 3714 unum
2982 3677 3045 3715 ea:
3068 3659 3354 3731 Prop/ictis.
3387 3661 3454 3716 Et
3475 3662 3597 3720 ille:

2044 3751 2144 3808 Vos
2173 3762 2340 3807 autem
2368 3769 2514 3823 quem
2543 3769 2619 3807 me
2640 3768 2747 3806 esse
2783 3748 2947 3804 dicitis
2972 3751 2998 3804 .9
3038 3750 3331 3819 RCSpOIltiil
3376 3750 3562 3807 Petrus
3581 3796 3596 3821 ,
3620 3774 3629 3779 -

2033 3853 2086 3899 et
2124 3844 2231 3898 ait:
2260 3841 2338 3897 Tu
2360 3860 2409 3897 es
2431 3841 2651 3897 Christus
2685 3841 2843 3895 Filius
2865 3838 2962 3893 Dei
2986 3840 3098 3894 vivi.
3131 3836 3194 3894 Et
3224 3840 3422 3895 audivit
3444 3856 3474 3895 a
3500 3843 3603 3897 Do-

2033 3933 2179 3988 mino
2205 3950 2217 3987 :
2242 3932 2428 3986 Beatus
2455 3949 2503 3985 es
2524 3973 2537 3993 ,
2571 3930 2747 3985 Simon
2770 3928 2874 3982 Bar
2899 3928 3065 3996 Joaa,
3095 3930 3214 4000 quia
3244 3945 3343 3983 non
3372 3933 3603 3986 revelavit

2037 4025 2125 4079 tibi
2153 4040 2271 4078 caro
2316 4033 2360 4077 et
2399 4022 2635 4093 sanguis.
2666 4021 2752 4076 sed
2786 4018 2937 4074 Pater
2969 4036 3106 4074 meus
3133 4020 3215 4091 qui
3265 4031 3336 4075 est
3364 4022 3416 4075 in
3444 4007 3622 4077 caelis.

2035 4116 2223 4171 Videte
2251 4132 2367 4186 quae
2394 4115 2576 4169 laudes
2609 4120 2994 4182 prosequantur
3019 4113 3154 4166 hanc
3196 4111 3393 4166 ﬁdem:
3436 4112 3515 4165 Tu
3554 4130 3605 4167 es

2038 4207 2255 4273 Petrus,
2311 4216 2356 4260 et
2389 4218 2538 4276 super
2582 4206 2711 4257 hanc
2761 4213 2948 4273 petram
3000 4201 3259 4270 wdiﬁcabo
3310 4200 3588 4257 Ecclesium

2037 4318 2200 4356 meam
2242 4297 2449 4371 (Matth.
2480 4312 2589 4357 xvi,
2620 4295 2825 4365 15-18).
2856 4292 2990 4361 Quid
3012 4302 3120 4357 est,
3153 4310 3303 4363 super
3337 4292 3468 4347 hanc
3516 4311 3604 4364 pe-

2040 4402 2168 4447 tram
2197 4389 2456 4458 mdiﬁcabo
2488 4386 2765 4441 Ecclesium
2801 4385 3005 4438 meam?
3032 4384 3202 4452 Super
3250 4384 3385 4438 hanc
3414 4384 3569 4437 fidem
3590 4426 3609 4449 ,

2041 4503 2202 4557 super
2227 4486 2275 4539 id
2303 4484 2442 4555 quod
2471 4481 2666 4537 dictum
2695 4489 2775 4534 est
2799 4519 2814 4545 ,
2849 4477 2927 4532 Tu
2961 4495 3013 4532 es
3053 4475 3279 4533 Christus
3321 4475 3485 4529 Filius
3516 4476 3613 4528 De.-

2042 4578 2156 4632 vivi.
2201 4577 2369 4646 Super
2411 4576 2541 4627 hanc
2583 4580 2806 4642 petram,
2839 4568 3036 4638 inquit,
3082 4566 3302 4636 [undaba
3330 4563 3608 4618 Ecclesium

2043 4685 2221 4723 meum.
2258 4667 2439 4735 Magna
2462 4662 2608 4717 laus!
2642 4662 2779 4731 Ergo
2804 4659 2934 4715 dicit
2961 4659 3168 4722 Petrus,
3187 4656 3265 4711 Tu
3294 4672 3344 4710 es
3380 4654 3611 4710 Christus

2044 4758 2213 4814 Filius
2244 4756 2338 4810 Dei
2364 4755 2458 4809 vivi
2485 4768 2504 4808 :
2534 4753 2717 4807 dicunt
2753 4758 2807 4805 et
2832 4748 3131 4815 dwmones,
3163 4746 3360 4802 Scimus
3388 4745 3474 4816 qui
3501 4745 3569 4796 sis
3592 4782 3607 4807 ,
3689 4816 3701 4823 ἱ

2045 4849 2214 4904 Filius
2243 4846 2366 4914 Dei,
2399 4853 2602 4900 sanctus
2639 4841 2748 4895 Dei.
2787 4838 2897 4894 Hoc
2924 4838 3145 4902 Petrus,
3193 4834 3290 4888 hoc
3335 4842 3389 4889 et
3416 4832 3614 4888 dauno-
3638 4863 3652 4871 -

2046 4956 2143 4997 nes
2170 4959 2184 4994 :
2216 4937 2398 4993 eadem
2430 4936 2589 4989 verba
2611 4974 2626 5000 ,
2662 4947 2766 4986 non
2789 4929 2927 4985 idem
2966 4926 3188 4981 animus.
3229 4924 3297 4979 Et
3322 4923 3460 4978 unde
3483 4936 3614 4977 con-

2047 5042 2151 5089 stat
2175 5032 2295 5101 quia
2318 5027 2417 5082 hoc
2444 5026 2631 5080 Petrus
2654 5036 2774 5078 cum
2805 5018 3089 5075 dilectione
3110 5013 3355 5070 diccbat?
3377 5012 3509 5083 Quia
3554 5010 3615 5065 li-

2048 5125 2143 5180 des
2193 5117 2465 5177 christiani
2509 5130 2629 5171 cum
2658 5112 2943 5169 dilectione
2989 5116 3107 5172 est;
3152 5104 3408 5160 damonis
3436 5111 3617 5158 autem

2048 5216 2164 5270 sine
2192 5209 2490 5268 dilectione.
2512 5204 2788 5276 Quomodo
2810 5204 2924 5257 sine
2945 5196 3263 5254 dilectione?
3280 5195 3391 5250 lloc
3408 5193 3616 5251 dicebat

2048 5306 2280 5371 Petrus,
2308 5310 2366 5358 ut
2411 5301 2680 5356 Christum
2725 5292 3132 5363 amplecteretur
3159 5304 3183 5347 ες
3228 5284 3328 5340 hoc
3373 5284 3621 5340 ᾱίίιοικιηι

2049 5399 2350 5458 daemones,
2382 5399 2441 5446 ut
2470 5389 2714 5445 Christus
2736 5384 2805 5439 ab
2831 5383 2911 5438 cis
2949 5378 3243 5435 recederet.
3291 5374 3431 5431 Num
3470 5384 3622 5430 anto-

2049 5504 2210 5562 quam
2258 5487 2537 5548 dicerent,
2582 5477 2781 5534 Scimus
2817 5472 2903 5544 qui
2939 5472 3011 5525 sis
3023 5484 3047 5562 ξ
3090 5479 3147 5562 tu
3184 5463 3443 5562 «filius
3485 5463 3624 5519 Dei:

2055 5556 2190 5652 Quid
2215 5576 2358 5634 nobis
2380 5582 2431 5631 et
2458 5572 2545 5628 tibi
2572 5578 2664 5633 est,
2693 5563 2974 5621 dixerunt?
3160 5556 3469 5652 venistiante

2050 5643 2150 5747 pus
2166 5669 2375 5742 perdere
2398 5679 2489 5719 nos
2510 5659 2724 5731 (Matth.
2749 5669 2864 5720 vui,
2895 5653 2986 5719 29,
3009 5661 3056 5706 et
3083 5649 3253 5704 ﬂare.
3276 5646 3453 5747 1,34)?
3470 5643 3633 5747 utiuti

2051 5737 2288 5834 estergo
2334 5753 2574 5816 confiteri
2622 5749 2931 5816 Christum,
2982 5753 3042 5807 ιιι
3085 5751 3271 5800 teneas
3313 5737 3633 5808 Christum,
