4076 6488
511 490 656 546 aliud
683 487 924 544 conﬁteri
951 485 1223 544 Christum
1245 528 1258 553 ,
1287 495 1345 540 ut
1372 485 1600 554 repellas
1643 500 1671 538 a
1723 497 1772 540 te
1801 485 2088 542 Christum.

463 611 466 614 -
511 585 650 656 Ergo
693 581 887 638 videtis
934 580 1056 651 quia
1095 576 1362 650 quomodo
1392 577 1478 631 hic
1527 575 1692 644 dicit,
1743 577 1844 644 Qui
1899 579 2087 644 credit,

511 678 720 748 propria
743 675 984 748 quaedam
1017 674 1149 728 ﬁdes
1177 684 1256 728 est
1278 689 1294 740 ;
1317 688 1423 726 non
1453 673 1720 742 quomodo
1739 687 1858 726 cum
1889 672 2087 726 multis.

507 769 720 841 Itaque,
753 769 976 834 fratres,
1025 779 1181 820 nemo
1212 765 1582 819 lucretieorum
1609 763 1752 818 dicat
1795 763 1946 818 vobis
1967 805 1982 831 ,
2028 763 2094 818 Et

507 877 605 916 nos
646 860 934 916 credimus.
967 855 1090 912 Ideo
1130 856 1273 910 enim
1319 855 1388 912 de
1415 854 1747 910 daemonibus
1787 855 2090 925 exemplum

507 953 798 1027 pr0posui,
848 967 916 1005 ne
959 947 1234 1020 gaudeatis
1281 947 1348 1003 ad
1379 947 1538 1003 verba
1567 946 1900 1002 credentium
1925 989 1940 1014 ,
1995 945 2090 1002 sed

506 1046 796 1116 exploratis
823 1043 957 1098 facta
985 1041 1299 1097 viventium.

569 1141 624 1194 2.
665 1137 949 1193 Videamus
1001 1149 1126 1206 ergo
1154 1134 1280 1204 quid
1307 1141 1390 1190 est
1433 1133 1652 1190 credere
1681 1133 1736 1187 in
1778 1133 2097 1200 Christum;

501 1232 624 1302 quid
647 1274 661 1297 ,
687 1229 906 1286 credere
931 1229 1054 1300 quia
1089 1229 1244 1284 Jesus
1271 1229 1382 1298 ipse
1411 1237 1492 1282 est
1517 1227 1782 1282 Christus.
1810 1227 2082 1297 Sequitur,

503 1321 678 1376 Omnis
699 1323 783 1393 qui
813 1321 968 1374 credit
993 1320 1128 1390 quod
1156 1319 1192 1374 J
1197 1337 1309 1374 esus
1337 1319 1402 1372 sit
1425 1317 1677 1384 Christus,
1711 1335 1773 1374 ea:
1803 1317 1911 1371 Deo
1938 1329 2086 1374 natus
2113 1337 2116 1346 ί

497 1424 587 1469 est.
619 1413 724 1470 Sed
768 1413 891 1484 quid
933 1422 1015 1468 est
1043 1412 1265 1467 credere
1293 1411 1460 1486 illud?
1505 1410 1570 1462 Et
1622 1411 1780 1463 omnis
1806 1411 1889 1480 qui
1919 1410 2084 1482 diligit

495 1508 580 1576 qui
605 1506 774 1578 genuit
795 1522 928 1572 eum,
959 1505 1121 1575 diligit
1148 1520 1258 1558 eum
1283 1487 1594 1578 quiigenitus
1613 1511 1688 1556 est
1717 1503 1778 1555 ab
1803 1503 1932 1572 ipso.
1964 1503 2084 1558 Sta-

495 1601 588 1654 tim
622 1599 742 1654 ﬁdei
775 1597 1048 1669 conjunxit
1091 1596 1431 1652 dilectionem
1459 1613 1472 1660 ;
1503 1595 1626 1665 quia
1657 1595 1770 1648 sine
1797 1593 2082 1650 dilectione

443 1687 450 1692 ’
495 1693 626 1749 ﬁdes
669 1693 842 1747 inanis
869 1699 970 1747 est.
997 1689 1128 1744 Cum
1155 1689 1442 1744 dilectione
1469 1688 1599 1742 ﬁdes
1625 1687 1930 1752 christiani,
1965 1689 2081 1744 sine

492 1785 777 1840 dilectione
805 1783 936 1838 ﬁdes
982 1782 1282 1836 daemonis:
1334 1780 1421 1851 qui
1450 1791 1625 1834 autem
1663 1795 1769 1834 non
1814 1780 2076 1848 credunt,

492 1877 701 1947 pejores
730 1883 853 1930 sunt
879 1889 1038 1946 quam
1083 1873 1353 1928 dtemones
1373 1913 1386 1936 ,
1417 1879 1470 1926 et
1500 1871 1756 1925 tardiores
1781 1887 1938 1941 quam
1969 1873 2080 1928 da:-

491 1985 698 2025 mones.
743 1969 935 2023 Nescio
983 1966 1102 2036 quis
1127 1981 1234 2021 non
1269 1965 1384 2018 vult
1411 1964 1633 2020 credere
1680 1965 1731 2018 in
1763 1963 2072 2031 Christum;

489 2061 664 2116 adlmc
711 2074 812 2115 nec
859 2058 1136 2113 daemones
1163 2057 1419 2111 imitatur.
1447 2057 1564 2111 Jam
1598 2056 1767 2112 credit
1817 2058 1869 2112 in
1918 2057 2074 2112 Chri-

487 2144 632 2206 stuui
647 2194 660 2217 ,
705 2150 802 2206 sed
829 2149 943 2204 odit
968 2149 1274 2216 Christum;
1325 2148 1489 2204 habet
1529 2148 1921 2204 confessionem
1953 2151 2075 2207 ﬁdei

483 2243 536 2298 in
569 2243 758 2297 timore
784 2257 956 2312 pinnae
977 2281 993 2308 ,
1033 2257 1143 2295 non
1169 2241 1220 2295 in
1249 2256 1432 2296 amore
1481 2257 1696 2297 corona:
1723 2258 1736 2293 :
1771 2257 1893 2296 nam
1920 2251 1972 2296 et
1999 2242 2073 2297 illi

483 2335 662 2406 puniri
691 2334 967 2390 timebant.
994 2332 1145 2387 Adde
1173 2331 1296 2387 huic
1325 2333 1446 2388 fidei
1483 2333 1822 2388 dilectionem
1849 2375 1862 2400 ,
1897 2344 1954 2388 ut
1981 2335 2072 2390 ﬁat

423 2453 428 2458 ι
485 2429 620 2484 ﬁdes
645 2428 855 2498 qualem
898 2426 1027 2480 dicit
1053 2426 1342 2496 Apostolus
1369 2425 1565 2479 Paulus
1589 2465 1606 2492 ,
1635 2425 1794 2481 Fides
1833 2442 1948 2497 quia
1985 2437 2071 2495 per

480 2521 800 2576 dilectionem
829 2527 1065 2588 operatur
1094 2515 1290 2586 (Galat.
1321 2533 1373 2580 v,
1405 2517 1460 2588 6)
1492 2535 1505 2571 :
1539 2518 1786 2572 invenisti
1817 2518 2069 2572 christia—

479 2627 645 2678 num,
686 2611 933 2666 invenisti
981 2609 1152 2664 civem
1201 2607 1500 2663 Jerusalem
1527 2648 1542 2674 ,
1599 2608 1848 2664 invenisti
1895 2609 2066 2664 civem

477 2705 824 2775 Angelorum,
852 2702 1097 2757 invenisti
1121 2701 1172 2754 iu
1201 2701 1283 2754 via
1306 2705 1662 2770 suspirantem
1691 2704 2063 2772 peregrinum;
2097 2733 2104 2738 -

477 2795 705 2865 adjunge
731 2803 784 2849 te
814 2793 926 2858 illi,
953 2807 1136 2847 comes
1177 2799 1296 2844 tuus
1323 2799 1406 2846 est
1427 2833 1440 2856 ,
1472 2807 1628 2846 curre
1677 2807 1796 2845 cum
1847 2792 1968 2860 illo,
2021 2792 2066 2847 si

475 2897 654 2942 tamen
685 2895 738 2941 et
766 2895 817 2940 tu
845 2887 944 2939 hoc
969 2900 1050 2940 es.
1081 2881 1264 2938 Omnis
1287 2884 1374 2953 qui
1401 2883 1566 2953 diligit
1605 2885 1690 2953 qui
1724 2885 1894 2954 genuit
1917 2901 2060 2952 eum,

473 2979 636 3050 diligit
659 2995 774 3032 eum
799 2977 884 3044 qui
907 2977 1101 3047 genitus
1131 2985 1201 3028 est
1231 2973 1291 3027 ab
1322 2975 1450 3044 ipso.
1475 2974 1604 3042 Quis
1628 2975 1858 3044 genuit?
1882 2975 2062 3030 Pater.

471 3069 600 3138 Quis
646 3077 728 3124 est
761 3066 1007 3138 genitus?
1052 3064 1238 3119 Filius.
1286 3064 1424 3132 Quid
1463 3081 1591 3136 ergo
1618 3064 1731 3119 ait?
1757 3065 1944 3122 Omnis
1969 3068 2060 3136 qui

469 3160 640 3230 diligit
667 3159 878 3214 Patrem
901 3198 915 3223 ,
947 3156 1118 3226 diligit
1144 3155 1359 3210 Filium.

542 3253 594 3307 5.
637 3248 704 3304 In
751 3249 843 3302 hoc
891 3249 1237 3318 cognoscimus
1283 3247 1404 3318 quia
1448 3247 1709 3318 diligimus
1757 3249 1894 3319 ﬁlios
1939 3248 2056 3304 Dei.

449 3341 606 3410 Quid
633 3349 715 3394 cst
740 3339 876 3404 hoc,
907 3337 1134 3393 fratres?
1161 3339 1324 3393 Paulo
1351 3349 1475 3394 ante
1513 3339 1579 3394 de
1607 3339 1756 3394 Filio
1783 3342 1877 3396 Dei
1915 3341 2058 3396 dice-

470 3434 589 3500 bat,
641 3447 744 3486 non
776 3431 843 3486 de
874 3429 995 3485 ﬁliis
1039 3430 1130 3485 Dei
1167 3447 1179 3482 :
1232 3445 1359 3486 ecce
1383 3446 1522 3486 unus
1555 3431 1757 3500 positus
1785 3441 1866 3488 est
1893 3431 2056 3487 Chri—

470 3534 585 3580 stus
632 3522 1072 3592 contemplandus
1127 3522 1318 3590 nobis,
1371 3532 1426 3577 et
1481 3523 1682 3578 dictum
1732 3533 1814 3578 est
1866 3526 2052 3594 nobis,

471 3615 647 3670 Omnis
674 3616 758 3686 qui
785 3614 940 3669 credit
966 3613 1100 3684 quod
1145 3613 1320 3668 Jesus-
1345 3615 1409 3667 sit
1437 3613 1667 3670 Christus
1687 3656 1702 3682 ,
1743 3627 1814 3670 est
1842 3633 1904 3670 ea:
1945 3616 2054 3672 Deo

463 3718 648 3762 natus:
669 3716 715 3761 et
744 3707 905 3760 omnis
931 3706 1015 3775 qui
1039 3705 1203 3776 diligit
1238 3706 1324 3776 qui
1344 3707 1512 3776 genuit
1543 3723 1686 3774 eum,
1717 3706 1770 3760 id
1799 3717 1916 3773 est,
1951 3707 2055 3762 Pa-

466 3809 598 3855 trem
621 3841 636 3866 ,
666 3798 830 3869 diligit
859 3814 973 3851 eum
999 3799 1084 3867 qui
1106 3797 1303 3868 genitus
1333 3805 1406 3849 est
1448 3813 1509 3850 ea:
1555 3797 1664 3868 ipso
1683 3837 1698 3864 ,
1746 3796 1798 3850 id
1820 3804 1930 3862 est,
1961 3797 2052 3852 Fi-

461 3891 589 3945 lium
623 3889 904 3945 Dominum
941 3899 1182 3944 nostrum
1213 3887 1396 3943 Jesum
1441 3888 1728 3942 Christum.
1777 3889 1841 3944 Et
1871 3891 2051 3960 sequi-

463 3993 579 4050 tur,
613 3981 680 4036 In
727 3981 819 4036 hoc
868 3981 1220 4052 cognoscimus
1263 3980 1385 4049 quia
1431 3979 1690 4050 diligimus
1734 3980 1869 4050 ﬁlios
1917 3979 2050 4046 Dei;

465 4075 614 4144 quasi
646 4074 883 4128 dicturus
903 4080 1073 4138 esset,
1101 4070 1157 4124 In
1187 4070 1288 4124 hoc
1312 4071 1683 4139 cognoscimus
1721 4071 1840 4139 quia
1871 4071 2047 4142 diligi-

463 4181 580 4220 mus
623 4165 816 4219 Filium
861 4163 951 4218 Dei
985 4182 996 4216 :
1031 4163 1170 4216 ﬁlios
1219 4162 1312 4215 Dei
1338 4161 1508 4226 dixit,
1559 4161 1650 4232 qui
1707 4159 1900 4215 Filium
1953 4163 2047 4218 Dei

461 4258 617 4327 paulo
658 4267 780 4310 ante
807 4255 1048 4319 dicebat;
1097 4253 1220 4322 quia
1263 4252 1356 4304 ﬁlii
1388 4251 1486 4305 Dei
1532 4265 1728 4320 corpus
1753 4259 1877 4306 sunt
1903 4253 2048 4308 unici

464 4350 578 4402 Filii
615 4349 742 4413 Dei;
788 4357 842 4401 et
869 4361 990 4400 cum
1019 4345 1108 4398 ille
1135 4351 1326 4413 caput,
1369 4357 1466 4397 nos
1496 4343 1736 4398 membra
1757 4383 1774 4410 ,
1800 4359 1936 4398 unus
1961 4355 2044 4400 est

458 4441 622 4496 Filius
653 4440 768 4495 Dei.
798 4439 941 4509 Ergo
970 4439 1058 4508 qui
1085 4437 1255 4506 diligit
1296 4435 1434 4491 ﬁlios
1459 4437 1588 4502 Dei,
1619 4437 1814 4492 Filium
1841 4439 1935 4494 Dei
1960 4439 2042 4493 di-

457 4535 610 4604 ligit;
641 4543 693 4587 et
723 4533 810 4602 qui
841 4531 1010 4600 diligit
1038 4529 1230 4583 Filium
1263 4527 1402 4595 Dei,
1435 4527 1648 4582 Patrem
1689 4529 1902 4600 diligit:
1943 4545 2044 4612 nec
2091 4567 2096 4572 -

463 4639 638 4701 potest
665 4629 944 4698 quisquam
969 4625 1186 4694 diligere
1209 4623 1442 4689 Patrem,
1475 4623 1575 4678 nisi
1603 4621 1786 4694 diligat
1811 4623 2038 4692 Filium;

454 4731 507 4776 et
535 4722 624 4792 qui
653 4721 820 4790 diligit
852 4717 1045 4774 Filium
1067 4758 1081 4782 ,
1110 4715 1280 4784 diligit
1309 4723 1364 4770 et
1405 4714 1540 4769 ﬁlios
1573 4715 1687 4770 Dei.
1731 4715 1874 4782 Quos
1905 4717 2041 4772 ﬁlios

455 4815 589 4870 Dei?
623 4814 858 4868 Membra
889 4811 1006 4866 Filii
1029 4809 1146 4864 Dei.
1180 4808 1245 4862 Et
1270 4807 1541 4878 diligendo
1567 4807 1626 4863 ﬁt
1649 4817 1705 4863 et
1731 4809 1845 4879 ipse
1870 4825 2040 4864 mem-

453 4907 638 4971 brum,
669 4915 724 4962 et
771 4905 829 4958 ﬁt
875 4919 971 4974 per
1009 4901 1352 4958 dilectionem
1391 4901 1442 4954 in
1498 4917 1758 4972 compage
1799 4905 2038 4972 corporis

453 4999 684 5064 Christi;
729 5008 784 5052 et
807 4997 909 5052 erit
935 5009 1070 5050 unus
1100 4992 1341 5048 Christus
1386 5007 1573 5046 amans
1599 4993 1852 5063 seipsum.
1901 4993 2035 5048 Cum

452 5095 598 5147 enim
629 5105 686 5144 se
735 5089 962 5144 invicem
993 5096 1174 5142 amant
1224 5085 1464 5140 membra
1489 5125 1504 5151 ,
1556 5099 1749 5154 corpus
1775 5099 1834 5139 se
1871 5093 2032 5140 amat.

459 5182 521 5238 Et
560 5184 605 5237 si
655 5182 844 5252 patitur
885 5197 1042 5234 unum
1094 5179 1400 5244 membrum,
1451 5177 1824 5246 compatiuntur
1866 5177 2036 5230 omnia

458 5279 714 5342 membra;
745 5285 790 5331 et
816 5275 860 5331 si
902 5275 1147 5347 gloriatur
1184 5289 1343 5327 unum
1367 5272 1676 5336 membrum,
1716 5273 2036 5342 congaudent

452 5372 622 5424 omnia
647 5369 887 5423 membra.
919 5368 988 5422 Et
1020 5368 1146 5438 quid
1175 5375 1393 5422 secutus
1435 5365 1546 5420 ait?
1583 5362 1682 5417 Vos
1707 5375 1872 5418 autem
1917 5367 2032 5420 estis

451 5477 636 5532 corpus
661 5461 846 5515 Christi
871 5470 916 5515 et
938 5459 1160 5514 membra
1186 5457 1229 5533 (l
1259 5458 1376 5513 Cor.
1403 5473 1499 5524 xu,
1530 5457 1621 5522 26,
1652 5455 1764 5527 27).
1812 5457 2033 5513 Dicebat

453 5552 612 5624 paulo
640 5561 763 5606 ante
803 5550 872 5607 de
895 5550 1178 5606 dilectione
1227 5549 1491 5616 fraterna,
1541 5555 1596 5604 et
1639 5548 1746 5613 ait,
1783 5547 1882 5614 Qui
1929 5565 2030 5603 non

450 5645 617 5716 diligit
640 5647 846 5716 fratrem
871 5661 1018 5714 quem
1043 5644 1174 5698 uidet
1199 5684 1214 5710 ,
1247 5641 1411 5697 Deum
1437 5657 1582 5712 quem
1609 5656 1707 5694 non
1732 5639 1866 5694 uidet
1902 5656 2029 5710 quo-

451 5737 602 5792 modo
631 5737 811 5807 poterit
833 5736 1039 5808 diligere
1059 5734 1104 5809 (Ι
1125 5735 1282 5790 Joau.
1304 5749 1381 5801 tv,
1411 5733 1529 5806 20)?
1557 5732 1615 5788 Si
1651 5741 1828 5788 autem
1854 5730 2028 5802 diligis

447 5829 700 5896 fratrem,
741 5828 877 5886 forte
903 5828 1120 5886 fratrem
1143 5828 1320 5902 diligis
1335 5867 1352 5898 ,
1377 5833 1436 5883 et.
1455 5823 1727 5884 Christum
1768 5839 1880 5880 non
1901 5822 2024 5882 dili-

1395 5957 1448 5978 ρ...

1257 367 1324 425 ΙΝ
1352 367 1732 427 EPISTOLAM
1767 369 2044 429 JOANNIS
2077 372 2170 430 AD
2207 343 2544 447 PARTHOS,
2583 379 2643 436 S.
2683 378 3049 438 AUGUSTlNI

3649 394 3805 454 2056

2199 491 2322 561 gis?
2350 492 2657 563 Quomodo,
2686 497 2898 567 quando
2927 499 3163 555 membra
3185 501 3386 558 Christi
3415 503 3624 577 diligis?
3651 510 3800 566 Cum

2200 597 2328 652 ergo
2368 587 2604 640 membra
2631 587 2826 642 Christi
2856 589 3029 660 diligis
3053 634 3068 657 ,
3108 593 3380 648 Christum
3408 595 3580 666 diligis
3605 615 3619 663 ;
3665 616 3796 656 cum

2200 676 2466 734 Christum
2499 680 2674 752 diligis
2697 724 2710 746 ,
2745 682 2936 738 Filium
2967 685 3058 739 Dei
3083 685 3294 757 diligis;
3323 704 3443 744 cum
3476 689 3664 746 Filium
3693 695 3796 750 Dei

2197 769 2371 840 diligis
2395 813 2409 838 ,
2451 783 2502 827 et
2533 773 2745 828 Patrem
2789 775 2986 847 diligis.
3015 777 3130 834 Non
3163 789 3342 850 potest
3379 799 3507 854 ergo
3546 789 3794 856 separari

2196 861 2435 917 dilectio.
2467 864 2614 934 Elige
2643 865 2738 919 tibi
2764 867 2888 937 quid
2921 869 3138 940 diligas;
3168 886 3462 943 sequuntur
3490 886 3540 931 te
3569 889 3790 934 extera.

2197 952 2350 1008 Dicas
2373 996 2387 1019 ,
2423 954 2588 1010 Deum
2615 957 2783 1011 solum
2814 959 2974 1030 diligo
2999 1003 3013 1027 ,
3049 963 3215 1017 Deum
3248 965 3478 1021 Patrem.
3504 968 3742 1025 Mentiris
3767 988 3786 1025 :

2193 1042 2237 1096 si
2265 1043 2472 1113 diligis,
2503 1061 2606 1100 non
2635 1048 2806 1102 solum
2833 1049 3010 1120 diligis
3041 1053 3080 1117 ¹;
3111 1053 3204 1108 sed
3247 1055 3290 1108 si
3321 1056 3494 1127 diligis
3531 1059 3744 1115 Patrem
3765 1103 3786 1126 ,

2192 1133 2366 1204 diligis
2391 1145 2444 1190 et
2472 1137 2682 1194 Filium.
2715 1141 2852 1195 Ecce
2871 1183 2885 1206 ,
2919 1143 3092 1212 inquis
3114 1187 3127 1210 ,
3159 1145 3323 1217 diligo
3346 1149 3552 1204 Patrem
3577 1192 3592 1216 ,
3621 1163 3674 1206 et
3697 1153 3792 1207 di-

2191 1225 2296 1296 ligo
2327 1227 2514 1282 Filium
2549 1247 2560 1284 :
2604 1231 2696 1286 sed
2741 1231 2845 1288 hoc
2873 1234 3043 1288 solum
3069 1278 3083 1300 ,
3118 1236 3328 1293 Patrem
3377 1241 3540 1294 Deum
3587 1252 3640 1296 et
3689 1243 3782 1298 Fi-

2192 1319 2319 1373 lium
2351 1317 2517 1375 Deum
2539 1331 2592 1376 et
2611 1313 2888 1379 Dominum
2909 1339 3150 1382 nostrum
3174 1330 3354 1386 Jesum
3376 1333 3644 1388 Christum
3687 1340 3780 1406 qui

2189 1412 2428 1466 ascendit
2456 1413 2506 1467 in
2535 1415 2698 1470 caelos
2720 1459 2734 1481 ,
2765 1427 2818 1471 et
2845 1418 2999 1473 sedet
3024 1420 3088 1475 ad
3120 1421 3391 1478 dexteram
3417 1425 3587 1480 Patris
3605 1468 3619 1492 ,
3645 1427 3782 1482 illud

2189 1502 2422 1558 Verbum
2457 1521 2550 1574 per
2571 1507 2712 1576 quod
2741 1508 2880 1564 facta
2907 1520 3030 1565 sunt
3053 1515 3264 1580 omnia,
3299 1525 3352 1570 et
3383 1515 3614 1572 Verbum
3647 1534 3780 1574 caro

2187 1591 2380 1650 factum
2404 1607 2486 1652 est
2508 1641 2522 1664 ,
2553 1609 2606 1653 et
2635 1599 2892 1656 habitavit
2917 1604 2969 1657 in
3003 1605 3154 1660 nobis
3180 1605 3356 1678 (Joan.
3383 1625 3420 1675 ι,
3453 1611 3506 1674 5,
3539 1609 3649 1682 14);
3675 1611 3782 1667 hoc

2185 1685 2356 1740 solum
2386 1687 2568 1758 diligo.
2603 1691 2838 1746 hlentiris
2868 1711 2880 1746 :
2913 1694 2957 1747 si
3005 1697 3144 1750 enim
3177 1696 3354 1767 diligis
3383 1709 3569 1768 caput,
3592 1701 3775 1772 diligis

2184 1786 2239 1833 et
2267 1780 2537 1846 membra;
2571 1783 2616 1836 si
2643 1793 2820 1839 autem
2853 1787 3092 1842 membra
3111 1804 3214 1843 non
3242 1791 3448 1861 diligis,
3483 1809 3581 1848 nec
3607 1804 3772 1866 caput

2181 1869 2374 1940 diligis.
2405 1871 2518 1926 Non
2568 1879 2876 1944 expavescis
2907 1895 3090 1935 vocem
3119 1883 3308 1952 capitis
3349 1883 3416 1940 de
3461 1887 3598 1941 ctelo
3639 1888 3754 1942 cla-

2182 1971 2414 2015 mantem
2463 1979 2557 2032 pro
2588 1966 2877 2032 membris,
2912 1969 3098 2036 Saule,
3131 1971 3308 2040 Saule,
3339 1975 3462 2044 quid
3487 1993 3563 2030 me
3601 1995 3776 2046 perse-

2179 2054 2342 2121 queris
2371 2053 2506 2127 (Act.
2541 2071 2616 2122 ix,
2641 2057 2723 2127 4)?
2749 2058 3154 2116 Persecutorem
3199 2049 3354 2118 suum
3391 2069 3597 2122 vocavit
3641 2085 3772 2138 per-

2179 2154 2478 2200 secutorem
2531 2148 2892 2206 membrorum
2938 2169 3200 2209 suorum:
3247 2156 3556 2214 dilectorem
3607 2175 3766 2215 suum

2103 2259 2142 2288 ει
2177 2237 2386 2291 vocavit
2429 2238 2744 2294 dilectorem
2797 2243 3158 2299 membrorum
3191 2261 3428 2302 suorum.
3484 2250 3600 2305 Jam
3645 2268 3771 2322 qua:

2177 2338 2301 2384 sunt
2323 2331 2561 2386 membra
2592 2332 2706 2402 ejus
2725 2375 2740 2399 ,
2775 2335 2943 2390 nostis
2966 2378 2982 2404 ,
3015 2335 3236 2404 fratres;
3271 2339 3382 2409 ipsa
3419 2350 3502 2394 est
3529 2343 3768 2398 Ecclesia

2175 2420 2291 2476 Dei.
2317 2421 2382 2476 In
2408 2423 2502 2478 hoc
2531 2427 2882 2496 cognoscimus
2901 2429 3016 2498 quia
3043 2429 3300 2500 diligimus
3321 2433 3456 2500 ﬁlios
3481 2431 3613 2500 Dei,
3643 2435 3766 2505 quia

2173 2511 2340 2568 Deum
2365 2515 2642 2587 diligimus.
2697 2518 2763 2572 Et
2793 2521 3098 2588 quomodo?
3143 2521 3256 2576 Non
3303 2523 3445 2578 aliud
3495 2535 3616 2578 sunt
3669 2524 3766 2580 ﬁlii

2173 2605 2300 2672 Dei,
2349 2607 2494 2662 aliud
2543 2609 2720 2664 Deus?
2755 2609 2862 2665 Sed
2891 2613 2980 2681 qui
3033 2612 3201 2668 Deum
3246 2613 3450 2684 diligit,
3498 2627 3766 2685 praecepta

2171 2698 2288 2767 ejus
2316 2699 2510 2770 diligit.
2557 2701 2624 2754 Et
2651 2717 2767 2771 quae
2797 2712 2920 2757 sunt
2961 2715 3222 2774 praecepta
3267 2706 3404 2761 Dei?
3458 2705 3765 2761 Mandatum

2170 2807 2354 2845 novum
2384 2792 2449 2846 do
2477 2792 2640 2858 vobis,
2670 2803 2725 2846 ut
2767 2810 2852 2848 uos
2881 2796 3090 2848 invicem
3119 2797 3343 2866 diligatis
3389 2798 3406 2866 (
3431 2797 3586 2853 Joan.
3636 2815 3758 2866 xm,

2168 2883 2281 2955 54).
2312 2885 2478 2940 Nemo
2505 2901 2562 2940 se
2583 2897 2802 2942 excuset
2829 2905 2923 2958 per
2948 2889 3106 2942 aliam
3125 2889 3486 2957 dilectionem,
3517 2891 3583 2946 ad
3600 2891 3760 2947 aliam

2166 2973 2542 3042 dilectionem;
2575 2979 2794 3032 omnino
2825 2980 2903 3033 sic
2932 2995 2990 3034 se
3023 2991 3168 3035 tenet
3194 2981 3291 3036 ista
3322 2982 3539 3037 dilectio
3573 3001 3585 3037 :
3619 2999 3756 3054 quo-

2164 3065 2327 3120 modo
2349 3067 2480 3137 ipsa
2506 3070 2875 3141 compaginata
2897 3080 2980 3126 est
3005 3072 3056 3126 in
3088 3089 3252 3127 unum
3269 3114 3284 3138 ,
3313 3075 3389 3129 sic
3419 3090 3608 3138 omnes
3633 3091 3754 3146 quae

2073 3167 2118 3206 εει
2163 3171 2230 3212 ex
2273 3157 2362 3212 illa
2400 3160 2670 3228 pendent,
2703 3177 2864 3216 unum
2911 3162 3072 3230 facit,
3105 3175 3159 3218 et
3202 3167 3352 3236 quasi
3396 3165 3592 3222 conﬁat
3632 3168 3754 3226 illos

2162 3251 2319 3322 ignis.
2351 3253 2555 3308 Aurum
2585 3262 2699 3322 est,
2750 3254 3012 3310 conflatur
3044 3272 3250 3324 massa,
3277 3269 3330 3314 et
3376 3259 3434 3314 ﬁt
3463 3275 3626 3314 unum
3651 3259 3755 3314 ali-

2161 3343 2287 3414 quid
2319 3362 2330 3398 :
2359 3344 2454 3400 sed
2483 3345 2586 3400 nisi
2637 3344 2818 3401 fervor
2843 3349 3118 3404 charitatis
3143 3349 3432 3418 accendat,
3465 3368 3532 3406 ex
3569 3351 3754 3408 multis

2161 3434 2215 3490 in
2243 3452 2409 3490 unum
2440 3437 2660 3492 conﬂari
2705 3455 2814 3493 non
2859 3449 3051 3509 potest.
3084 3441 3214 3507 Quia
3243 3441 3410 3496 Deum
3450 3443 3750 3516 diligimus,

2160 3525 2278 3581 inde
2301 3529 2644 3598 cognoscimus
2673 3531 2794 3600 quia
2820 3529 3078 3602 diligimus
3105 3533 3240 3602 ﬁlios
3269 3533 3385 3587 Dei.

2230 3619 2283 3672 4.
2317 3619 2383 3672 Et
2413 3619 2552 3674 unde
2582 3621 2952 3690 cognoscimus
2981 3625 3102 3693 quia
3139 3623 3406 3695 diligimus
3435 3625 3571 3682 ﬁlios
3601 3627 3736 3685 Dei?

2163 3710 2294 3776 Quia
2329 3710 2493 3766 Deum
2519 3713 2797 3784 diligimus,
2821 3725 2866 3768 et
2893 3727 3144 3787 praecepta
3167 3719 3276 3788 ejus
3305 3719 3535 3788 facimus.
3563 3719 3744 3792 Suspi-

2157 3815 2337 3856 ramus
2383 3803 2468 3857 hic
2508 3819 2572 3858 ex
2625 3805 2934 3861 difﬁcultate
2985 3806 3208 3862 faciendi
3259 3821 3582 3880 praeceptum
3625 3813 3744 3870 Dei.

2154 3891 2292 3946 Audi
2335 3893 2460 3962 quid
2506 3905 2776 3964 sequatur.
2822 3897 3012 3964 Homo,
3043 3899 3168 3968 quid
3221 3900 3431 3956 laboras
3471 3903 3746 3961 amando?

2155 3981 2397 4038 Amando
2422 3986 2696 4040 avaritiam
2721 3988 2762 4040 ³.
2796 3985 2926 4042 Cum
2955 3989 3138 4044 labore
3165 4001 3372 4046 amatur
3399 3995 3539 4064 quod
3557 4011 3740 4050 amas:

2075 4083 2130 4116 ιιι·
2154 4073 2268 4128 sine
2299 4074 2479 4130 labore
2499 4086 2706 4131 amatur
2736 4079 2893 4132 Deus.
2919 4079 3152 4135 Avaritia
3174 4081 3386 4153 jussnra
3409 4095 3490 4140 est
3511 4086 3740 4155 labores,

2155 4167 2409 4235 pericula,
2449 4167 2682 4234 trituras,
2718 4170 3130 4238 tribulationes;
3182 4181 3236 4228 et
3273 4176 3740 4245 obtemperaturus

2151 4272 2232 4311 es.
2263 4255 2380 4324 Quo
2408 4257 2547 4312 ﬁne?
2579 4259 2642 4314 Ut
2669 4259 2865 4316 habeas
2891 4263 3033 4317 unde
3063 4263 3283 4334 impleas
3311 4281 3512 4332 arcam,
3546 4267 3741 4336 perdas

2151 4349 2508 4404 securitatem.
2539 4351 2787 4406 Securior
2831 4352 2968 4408 forte
3012 4371 3130 4409 eras
3175 4365 3460 4427 antequam
3490 4358 3737 4426 haberes,

2148 4455 2306 4508 quam
2336 4455 2455 4494 cum
2485 4439 2683 4497 habere
2725 4443 2951 4513 cmpisti.
2985 4445 3124 4499 Ecce
3157 4447 3282 4517 quid
3313 4449 3401 4502 tibi
3425 4449 3585 4518 jussit
3607 4465 3738 4504 ava—

2149 4533 2266 4586 ritia
2291 4551 2302 4584 :
2332 4533 2566 4603 implesti
2589 4533 2838 4599 domum,
2873 4537 3128 4591 timentur
3159 4539 3424 4604 latrones;
3465 4541 3738 4610 acquisisti

2147 4641 2352 4692 aurum,
2393 4626 2665 4696 perdidisti
2691 4643 2956 4682 somnum.
2997 4629 3135 4685 Ecce
3163 4631 3286 4700 quid
3317 4631 3405 4686 tibi
3427 4633 3584 4701 jussit
3611 4649 3739 4688 ava-

2145 4716 2283 4780 ritia,
2321 4715 2448 4782 Fac,
2475 4727 2527 4770 et
2555 4715 2744 4772 fecisti.
2774 4718 2910 4787 Quid
2933 4721 3024 4774 tibi
3046 4721 3198 4790 jubet
3227 4721 3405 4776 Deus?
3433 4723 3600 4794 Dilige
3625 4741 3733 4780 me.

2145 4808 2348 4862 Aurum
2393 4809 2600 4878 diligis,
2643 4811 2962 4880 quaesiturus
2999 4828 3058 4866 es
3089 4829 3312 4880 aurum,
3354 4824 3407 4870 et
3447 4814 3589 4870 forte
3627 4833 3735 4872 non

2145 4899 2459 4954 inventurus
2489 4918 2501 4953 :
2532 4901 2769 4970 quisquis
2801 4917 2885 4955 me
2913 4903 3122 4972 quzrrit,
3147 4919 3266 4958 cum
3291 4905 3379 4960 illo
3405 4922 3542 4960 sum.
3575 4909 3736 4962 Ama-

2144 4999 2296 5045 turus
2326 5007 2384 5046 es
2405 4991 2684 5058 honorem,
2709 5002 2762 5047 et
2791 4994 2923 5048 forte
2951 5009 3054 5048 non
3081 5007 3430 5066 perventurus
3457 5017 3469 5052 :
3499 4999 3618 5069 quis
3647 5017 3736 5056 me

2141 5081 2358 5146 amavit,
2404 5089 2458 5136 et
2487 5097 2595 5136 non
2636 5082 2702 5137 ad
2729 5098 2816 5138 me
2845 5087 3121 5154 pervenit?
3150 5087 3281 5142 Dicit
3311 5089 3402 5142 tibi
3435 5089 3593 5156 Deus,
3626 5091 3734 5146 Pa-

2141 5179 2352 5228 tronum
2385 5175 2478 5230 tibi
2507 5175 2588 5230 vis
2616 5175 2812 5244 facere,
2843 5186 2935 5232 aut
2958 5179 3184 5234 amicum
3225 5191 3528 5250 potentem;
3557 5183 3734 5238 ambis
3829 5231 3832 5234 .

2139 5279 2234 5334 per
2271 5265 2433 5321 alium
2463 5265 2790 5324 inferiorem.
2817 5267 2898 5324 Me
2921 5285 3040 5326 ama
3061 5311 3078 5332 .
3125 5271 3254 5326 dicit
3283 5273 3377 5328 tibi
3405 5273 3544 5330 Deus
3575 5293 3587 5328 :
3619 5289 3732 5332 non

2185 5443 2352 5512 {varie
2367 5441 2550 5507 legitur
2725 5442 2810 5495 ille
2832 5445 3148 5512 apudheditos.
3162 5448 3310 5512 lngd.
3322 5455 3376 5512 et
3387 5455 3507 5498 Ven.
3523 5451 3593 5500 sic
3613 5463 3731 5512 eum

2137 5504 2374 5572 eahibent
2397 5504 2665 5572 (mentiris.
2695 5513 2845 5556 Deum
2863 5504 3111 5572 sidiligis,
3137 5504 3414 5572 non'solum
3437 5519 3590 5562 Deum
3613 5511 3730 5563 ditt-

2135 5565 2238 5636 gis;
2261 5567 2346 5622 sed
2369 5566 2596 5636 sidiligis
2611 5573 2820 5636 [{qtrqn,
2843 5568 3006 5636 diligis
3021 5565 3072 5620 Et
3098 5565 3296 5622 'I-‘itium.
3323 5579 3422 5636 Duo
3445 5573 3552 5624 nhs.
3597 5575 3728 5636 apud

2134 5627 2539 5698 Lov.,_mentiris._'
2548 5627 2596 5678 si
2619 5627 2916 5698 diligis_._non
2932 5627 3088 5682 'solum
3115 5639 3303 5698 Patrem
3326 5634 3506 5698 diligis,
3527 5627 3722 5698 διαί-Μ.

2195 5691 2216 5720 ¹
2241 5691 2313 5740 sic
2331 5698 2440 5740 Lov.
2469 5705 2481 5740 :
2507 5691 2646 5757 homo
2661 5691 2743 5755 qui
2765 5692 2954 5757 laboras
2981 5695 3192 5757 quando
3213 5691 3478 5757 avaritiam,
3493 5691 3618 5746 cum
3649 5695 3725 5745 la-

2129 5749 2264 5863 lbzqe.
2411 5753 2556 5817 Lugd.
2589 5749 2730 5816 Veri.,
2767 5753 2907 5808 homo
2934 5755 3018 5822 qui
3047 5754 3303 5840 laborabas
3319 5790 3337 5822 ,
3370 5766 3422 5812 et
3451 5749 3633 5811 cetera
3663 5765 3726 5834 αξ
