  <div class='ocr_page' id='page_1' title='image "/cluster/home/n/w/nwhite01/storage/ocr_20150623/35/hvd.32044015706302/378.png"; bbox 0 0 4076 6476; ppageno 0'>
   <div class='ocr_carea' id='block_1_1' title="bbox 317 345 462 402">
    <p class='ocr_par' dir='ltr' id='par_1_1' title="bbox 317 345 462 402">
     <span class='ocr_line' id='line_1_1' title="bbox 317 345 462 402; baseline 0 -1"><span class='ocrx_word' id='word_1_1' title='bbox 317 345 462 402; x_wconf 71' lang='grc'><strong>2057</strong></span> 
     </span>
    </p>
   </div>
   <div class='ocr_carea' id='block_1_2' title="bbox 315 458 1907 530">
    <p class='ocr_par' dir='ltr' id='par_1_2' title="bbox 315 458 1907 530">
     <span class='ocr_line' id='line_1_2' title="bbox 315 458 1907 530; baseline -0.008 -11"><span class='ocrx_word' id='word_1_2' title='bbox 315 465 386 519; x_wconf 88' lang='lat' dir='ltr'><strong>ad</strong></span> <span class='ocrx_word' id='word_1_3' title='bbox 416 479 502 518; x_wconf 89' lang='lat' dir='ltr'><strong>me</strong></span> <span class='ocrx_word' id='word_1_4' title='bbox 523 460 754 518; x_wconf 82' lang='lat' dir='ltr'><strong>ambitur</strong></span> <span class='ocrx_word' id='word_1_5' title='bbox 775 474 870 530; x_wconf 90' lang='lat' dir='ltr'><strong>per</strong></span> <span class='ocrx_word' id='word_1_6' title='bbox 893 458 1158 529; x_wconf 83' lang='lat' dir='ltr'><strong>aliquem;</strong></span> <span class='ocrx_word' id='word_1_7' title='bbox 1186 459 1298 529; x_wconf 89' lang='lat' dir='ltr'><strong>ipse</strong></span> <span class='ocrx_word' id='word_1_8' title='bbox 1319 472 1467 511; x_wconf 88' lang='lat' dir='ltr'><strong>amor</strong></span> <span class='ocrx_word' id='word_1_9' title='bbox 1489 465 1799 525; x_wconf 80' lang='lat' dir='ltr'><strong>praesentem</strong></span> <span class='ocrx_word' id='word_1_10' title='bbox 1822 468 1907 507; x_wconf 89' lang='lat' dir='ltr'><strong>me</strong></span> 
     </span>
    </p>
   </div>
   <div class='ocr_carea' id='block_1_3' title="bbox 320 545 1905 620">
    <p class='ocr_par' dir='ltr' id='par_1_3' title="bbox 320 545 1905 620">
     <span class='ocr_line' id='line_1_3' title="bbox 320 545 1905 620; baseline -0.008 -11"><span class='ocrx_word' id='word_1_11' title='bbox 320 556 414 610; x_wconf 85' lang='lat' dir='ltr'><strong>tibi</strong></span> <span class='ocrx_word' id='word_1_12' title='bbox 442 553 588 608; x_wconf 79' lang='lat' dir='ltr'><strong>facit.</strong></span> <span class='ocrx_word' id='word_1_13' title='bbox 631 552 768 620; x_wconf 87' lang='lat' dir='ltr'><strong>Quid</strong></span> <span class='ocrx_word' id='word_1_14' title='bbox 810 551 1017 606; x_wconf 80' lang='lat' dir='ltr'><strong>dulcius</strong></span> <span class='ocrx_word' id='word_1_15' title='bbox 1047 551 1328 605; x_wconf 79' lang='lat' dir='ltr'><strong>dilectione</strong></span> <span class='ocrx_word' id='word_1_16' title='bbox 1370 549 1468 602; x_wconf 87' lang='lat' dir='ltr'><strong>ista</strong></span> <span class='ocrx_word' id='word_1_17' title='bbox 1493 589 1507 612; x_wconf 92' lang='lat'><strong>,</strong></span> <span class='ocrx_word' id='word_1_18' title='bbox 1537 545 1762 600; x_wconf 77' lang='lat' dir='ltr'><strong>fratres?</strong></span> <span class='ocrx_word' id='word_1_19' title='bbox 1791 545 1905 598; x_wconf 88' lang='lat' dir='ltr'><strong>Non</strong></span> 
     </span>
    </p>
   </div>
   <div class='ocr_carea' id='block_1_4' title="bbox 318 635 1908 706">
    <p class='ocr_par' dir='ltr' id='par_1_4' title="bbox 318 635 1908 706">
     <span class='ocr_line' id='line_1_4' title="bbox 318 635 1908 706; baseline -0.009 -4"><span class='ocrx_word' id='word_1_20' title='bbox 318 661 440 702; x_wconf 85' lang='lat' dir='ltr'><strong>sme</strong></span> <span class='ocrx_word' id='word_1_21' title='bbox 463 659 621 699; x_wconf 90' lang='lat' dir='ltr'><strong>causa</strong></span> <span class='ocrx_word' id='word_1_22' title='bbox 648 658 809 697; x_wconf 86' lang='lat' dir='ltr'><strong>mooo</strong></span> <span class='ocrx_word' id='word_1_23' title='bbox 833 642 1055 697; x_wconf 79' lang='lat' dir='ltr'><strong>audistis</strong></span> <span class='ocrx_word' id='word_1_24' title='bbox 1081 641 1130 694; x_wconf 90' lang='lat' dir='ltr'><strong>iu</strong></span> <span class='ocrx_word' id='word_1_25' title='bbox 1155 640 1387 706; x_wconf 66' lang='lat' dir='ltr'><strong>Psalmo,</strong></span> <span class='ocrx_word' id='word_1_26' title='bbox 1418 638 1626 698; x_wconf 88' lang='lat' dir='ltr'><strong>fratres,</strong></span> <span class='ocrx_word' id='word_1_27' title='bbox 1653 635 1908 688; x_wconf 78' lang='lat' dir='ltr'><strong>Nai-rave-</strong></span> 
     </span>
    </p>
   </div>
   <div class='ocr_carea' id='block_1_5' title="bbox 320 729 1902 804">
    <p class='ocr_par' dir='ltr' id='par_1_5' title="bbox 320 729 1902 804">
     <span class='ocr_line' id='line_1_5' title="bbox 320 729 1902 804; baseline -0.006 -15"><span class='ocrx_word' id='word_1_28' title='bbox 320 746 442 789; x_wconf 83' lang='lat' dir='ltr'><strong>runt</strong></span> <span class='ocrx_word' id='word_1_29' title='bbox 468 737 594 788; x_wconf 89' lang='lat' dir='ltr'><strong>mihi</strong></span> <span class='ocrx_word' id='word_1_30' title='bbox 632 735 805 804; x_wconf 90' lang='lat' dir='ltr'><strong>injusti</strong></span> <span class='ocrx_word' id='word_1_31' title='bbox 848 733 1228 795; x_wconf 80' lang='lat' dir='ltr'><strong>delectationes;</strong></span> <span class='ocrx_word' id='word_1_32' title='bbox 1267 729 1354 784; x_wconf 84' lang='lat' dir='ltr'><strong>sed</strong></span> <span class='ocrx_word' id='word_1_33' title='bbox 1395 746 1496 782; x_wconf 89' lang='lat' dir='ltr'><strong>non</strong></span> <span class='ocrx_word' id='word_1_34' title='bbox 1521 730 1648 782; x_wconf 87' lang='lat' dir='ltr'><strong>sicut</strong></span> <span class='ocrx_word' id='word_1_35' title='bbox 1678 730 1758 782; x_wconf 79' lang='lat' dir='ltr'><strong>lea:</strong></span> <span class='ocrx_word' id='word_1_36' title='bbox 1784 736 1902 793; x_wconf 83' lang='lat' dir='ltr'><strong>tua,</strong></span> 
     </span>
    </p>
   </div>
   <div class='ocr_carea' id='block_1_6' title="bbox 320 819 1904 896">
    <p class='ocr_par' dir='ltr' id='par_1_6' title="bbox 320 819 1904 896">
     <span class='ocr_line' id='line_1_6' title="bbox 320 819 1904 896; baseline -0.004 -15"><span class='ocrx_word' id='word_1_37' title='bbox 320 827 541 881; x_wconf 80' lang='lat' dir='ltr'><strong>Domine</strong></span> <span class='ocrx_word' id='word_1_38' title='bbox 566 827 583 896; x_wconf 92' lang='lat'>(</span> <span class='ocrx_word' id='word_1_39' title='bbox 604 825 747 880; x_wconf 79' lang='lat' dir='ltr'><strong>Paul.</strong></span> <span class='ocrx_word' id='word_1_40' title='bbox 787 830 972 895; x_wconf 63' lang='lat' dir='ltr'><strong>enm,</strong></span> <span class='ocrx_word' id='word_1_41' title='bbox 1003 824 1124 893; x_wconf 76' lang='lat'><strong>85).</strong></span> <span class='ocrx_word' id='word_1_42' title='bbox 1152 824 1280 891; x_wconf 65' lang='lat' dir='ltr'><strong>Quae</strong></span> <span class='ocrx_word' id='word_1_43' title='bbox 1307 831 1390 876; x_wconf 88' lang='lat' dir='ltr'><strong>est</strong></span> <span class='ocrx_word' id='word_1_44' title='bbox 1420 822 1503 876; x_wconf 82' lang='lat' dir='ltr'><strong>lex</strong></span> <span class='ocrx_word' id='word_1_45' title='bbox 1543 821 1668 875; x_wconf 88' lang='lat' dir='ltr'><strong>Dei?</strong></span> <span class='ocrx_word' id='word_1_46' title='bbox 1693 819 1904 874; x_wconf 84' lang='lat' dir='ltr'><strong>Manda-</strong></span> 
     </span>
    </p>
   </div>
   <div class='ocr_carea' id='block_1_7' title="bbox 322 913 1910 988">
    <p class='ocr_par' dir='ltr' id='par_1_7' title="bbox 322 913 1910 988">
     <span class='ocr_line' id='line_1_7' title="bbox 322 913 1910 988; baseline -0.006 -14"><span class='ocrx_word' id='word_1_47' title='bbox 322 931 435 974; x_wconf 88' lang='lat' dir='ltr'><strong>tum</strong></span> <span class='ocrx_word' id='word_1_48' title='bbox 463 921 576 975; x_wconf 87' lang='lat' dir='ltr'><strong>Dei.</strong></span> <span class='ocrx_word' id='word_1_49' title='bbox 605 919 756 988; x_wconf 82' lang='lat' dir='ltr'><strong>Quod</strong></span> <span class='ocrx_word' id='word_1_50' title='bbox 785 927 868 972; x_wconf 92' lang='lat' dir='ltr'><strong>est</strong></span> <span class='ocrx_word' id='word_1_51' title='bbox 893 917 1196 972; x_wconf 88' lang='lat' dir='ltr'><strong>mandatum</strong></span> <span class='ocrx_word' id='word_1_52' title='bbox 1219 915 1347 969; x_wconf 85' lang='lat' dir='ltr'><strong>Dei?</strong></span> <span class='ocrx_word' id='word_1_53' title='bbox 1374 914 1582 969; x_wconf 89' lang='lat' dir='ltr'><strong>Novum</strong></span> <span class='ocrx_word' id='word_1_54' title='bbox 1606 913 1730 966; x_wconf 92' lang='lat' dir='ltr'><strong>illud</strong></span> <span class='ocrx_word' id='word_1_55' title='bbox 1760 927 1910 966; x_wconf 70' lang='grc' dir='ltr'>ιιιιιιιι</span> 
     </span>
    </p>
   </div>
   <div class='ocr_carea' id='block_1_8' title="bbox 323 1005 1904 1080">
    <p class='ocr_par' dir='ltr' id='par_1_8' title="bbox 323 1005 1904 1080">
     <span class='ocr_line' id='line_1_8' title="bbox 323 1005 1904 1080; baseline -0.005 -15"><span class='ocrx_word' id='word_1_56' title='bbox 323 1013 548 1076; x_wconf 87' lang='lat' dir='ltr'><strong>datum,</strong></span> <span class='ocrx_word' id='word_1_57' title='bbox 597 1010 736 1080; x_wconf 90' lang='lat' dir='ltr'><strong>quod</strong></span> <span class='ocrx_word' id='word_1_58' title='bbox 785 1009 905 1063; x_wconf 91' lang='lat' dir='ltr'><strong>ideo</strong></span> <span class='ocrx_word' id='word_1_59' title='bbox 958 1023 1152 1062; x_wconf 87' lang='lat' dir='ltr'><strong>novum</strong></span> <span class='ocrx_word' id='word_1_60' title='bbox 1202 1006 1432 1070; x_wconf 85' lang='lat' dir='ltr'><strong>dicitur,</strong></span> <span class='ocrx_word' id='word_1_61' title='bbox 1463 1005 1584 1075; x_wconf 89' lang='lat' dir='ltr'><strong>quia</strong></span> <span class='ocrx_word' id='word_1_62' title='bbox 1635 1005 1850 1058; x_wconf 83' lang='lat' dir='ltr'><strong>innovat</strong></span> <span class='ocrx_word' id='word_1_63' title='bbox 1890 1022 1904 1057; x_wconf 89' lang='lat'>:</span> 
     </span>
    </p>
   </div>
   <div class='ocr_carea' id='block_1_9' title="bbox 325 1097 1908 1168">
    <p class='ocr_par' dir='ltr' id='par_1_9' title="bbox 325 1097 1908 1168">
     <span class='ocr_line' id='line_1_9' title="bbox 325 1097 1908 1168; baseline -0.003 -12"><span class='ocrx_word' id='word_1_64' title='bbox 325 1102 628 1156; x_wconf 68' lang='lat' dir='ltr'><strong>Mandatum</strong></span> <span class='ocrx_word' id='word_1_65' title='bbox 645 1119 823 1155; x_wconf 83' lang='lat' dir='ltr'><strong>novum</strong></span> <span class='ocrx_word' id='word_1_66' title='bbox 845 1101 910 1154; x_wconf 88' lang='lat' dir='ltr'><strong>do</strong></span> <span class='ocrx_word' id='word_1_67' title='bbox 933 1101 1090 1167; x_wconf 83' lang='lat' dir='ltr'><strong>vobis,</strong></span> <span class='ocrx_word' id='word_1_68' title='bbox 1109 1108 1158 1153; x_wconf 86' lang='lat' dir='ltr'><strong>ut</strong></span> <span class='ocrx_word' id='word_1_69' title='bbox 1180 1116 1264 1154; x_wconf 83' lang='lat' dir='ltr'><strong>vos</strong></span> <span class='ocrx_word' id='word_1_70' title='bbox 1284 1101 1491 1152; x_wconf 83' lang='lat' dir='ltr'><strong>invicem</strong></span> <span class='ocrx_word' id='word_1_71' title='bbox 1511 1099 1751 1168; x_wconf 85' lang='lat' dir='ltr'><strong>diligatis.</strong></span> <span class='ocrx_word' id='word_1_72' title='bbox 1773 1097 1908 1152; x_wconf 87' lang='lat' dir='ltr'><strong>Audi</strong></span> 
     </span>
    </p>
   </div>
   <div class='ocr_carea' id='block_1_10' title="bbox 323 1189 1910 1266">
    <p class='ocr_par' dir='ltr' id='par_1_10' title="bbox 323 1189 1910 1266">
     <span class='ocr_line' id='line_1_10' title="bbox 323 1189 1910 1266; baseline -0.003 -18"><span class='ocrx_word' id='word_1_73' title='bbox 323 1197 446 1266; x_wconf 85' lang='lat' dir='ltr'><strong>quia</strong></span> <span class='ocrx_word' id='word_1_74' title='bbox 475 1196 593 1265; x_wconf 86' lang='lat' dir='ltr'><strong>ipsa</strong></span> <span class='ocrx_word' id='word_1_75' title='bbox 621 1204 706 1249; x_wconf 88' lang='lat' dir='ltr'><strong>est</strong></span> <span class='ocrx_word' id='word_1_76' title='bbox 734 1194 817 1249; x_wconf 81' lang='lat' dir='ltr'><strong>lex</strong></span> <span class='ocrx_word' id='word_1_77' title='bbox 851 1194 942 1247; x_wconf 87' lang='lat' dir='ltr'><strong>Dei</strong></span> <span class='ocrx_word' id='word_1_78' title='bbox 975 1211 986 1245; x_wconf 95' lang='lat'>:</span> <span class='ocrx_word' id='word_1_79' title='bbox 1019 1193 1303 1264; x_wconf 80' lang='lat' dir='ltr'><strong>Apostolus</strong></span> <span class='ocrx_word' id='word_1_80' title='bbox 1328 1191 1474 1258; x_wconf 83' lang='lat' dir='ltr'><strong>dicit,</strong></span> <span class='ocrx_word' id='word_1_81' title='bbox 1507 1189 1730 1244; x_wconf 82' lang='lat' dir='ltr'><strong>Invicem</strong></span> <span class='ocrx_word' id='word_1_82' title='bbox 1757 1206 1910 1244; x_wconf 84' lang='lat' dir='ltr'><strong>onera</strong></span> 
     </span>
    </p>
   </div>
   <div class='ocr_carea' id='block_1_11' title="bbox 324 1282 1977 1356">
    <p class='ocr_par' dir='ltr' id='par_1_11' title="bbox 324 1282 1977 1356">
     <span class='ocr_line' id='line_1_11' title="bbox 324 1282 1977 1356; baseline -0.003 -16"><span class='ocrx_word' id='word_1_83' title='bbox 324 1298 488 1340; x_wconf 82' lang='lat' dir='ltr'><strong>vestra</strong></span> <span class='ocrx_word' id='word_1_84' title='bbox 516 1295 728 1356; x_wconf 84' lang='lat' dir='ltr'><strong>portate,</strong></span> <span class='ocrx_word' id='word_1_85' title='bbox 763 1295 811 1340; x_wconf 89' lang='lat' dir='ltr'><strong>et</strong></span> <span class='ocrx_word' id='word_1_86' title='bbox 839 1286 911 1339; x_wconf 80' lang='lat' dir='ltr'><strong>sic</strong></span> <span class='ocrx_word' id='word_1_87' title='bbox 934 1284 1270 1354; x_wconf 85' lang='lat' dir='ltr'><strong>adimplebitis</strong></span> <span class='ocrx_word' id='word_1_88' title='bbox 1301 1283 1460 1352; x_wconf 82' lang='lat' dir='ltr'><strong>legem</strong></span> <span class='ocrx_word' id='word_1_89' title='bbox 1485 1282 1669 1337; x_wconf 84' lang='lat' dir='ltr'><strong>Christi</strong></span> <span class='ocrx_word' id='word_1_90' title='bbox 1701 1282 1906 1355; x_wconf 77' lang='lat' dir='ltr'><strong>(Ca/at.</strong></span> <span class='ocrx_word' id='word_1_91' title='bbox 1928 1301 1935 1328; x_wconf 89' lang='grc'><strong>.·</strong></span> 
     </span>
    </p>
   </div>
   <div class='ocr_carea' id='block_1_12' title="bbox 324 1375 1910 1448">
    <p class='ocr_par' dir='ltr' id='par_1_12' title="bbox 324 1375 1910 1448">
     <span class='ocr_line' id='line_1_12' title="bbox 324 1375 1910 1448; baseline -0.001 -18"><span class='ocrx_word' id='word_1_92' title='bbox 324 1392 399 1441; x_wconf 80' lang='lat' dir='ltr'><strong>vi,</strong></span> <span class='ocrx_word' id='word_1_93' title='bbox 424 1376 515 1448; x_wconf 72' lang='lat'><strong>2).</strong></span> <span class='ocrx_word' id='word_1_94' title='bbox 538 1376 653 1444; x_wconf 85' lang='lat' dir='ltr'><strong>Ipsa</strong></span> <span class='ocrx_word' id='word_1_95' title='bbox 679 1386 758 1431; x_wconf 89' lang='lat' dir='ltr'><strong>est</strong></span> <span class='ocrx_word' id='word_1_96' title='bbox 785 1375 1168 1429; x_wconf 82' lang='lat' dir='ltr'><strong>consummatio</strong></span> <span class='ocrx_word' id='word_1_97' title='bbox 1193 1375 1427 1429; x_wconf 89' lang='lat' dir='ltr'><strong>omnium</strong></span> <span class='ocrx_word' id='word_1_98' title='bbox 1454 1389 1672 1444; x_wconf 88' lang='lat' dir='ltr'><strong>operum</strong></span> <span class='ocrx_word' id='word_1_99' title='bbox 1699 1386 1910 1428; x_wconf 82' lang='lat' dir='ltr'><strong>neStro-</strong></span> 
     </span>
    </p>
   </div>
   <div class='ocr_carea' id='block_1_13' title="bbox 327 1467 1910 1538">
    <p class='ocr_par' dir='ltr' id='par_1_13' title="bbox 327 1467 1910 1538">
     <span class='ocr_line' id='line_1_13' title="bbox 327 1467 1910 1538; baseline 0 -16"><span class='ocrx_word' id='word_1_100' title='bbox 327 1485 468 1534; x_wconf 86' lang='lat' dir='ltr'><strong>rum,</strong></span> <span class='ocrx_word' id='word_1_101' title='bbox 496 1469 733 1524; x_wconf 85' lang='lat' dir='ltr'><strong>dilectio.</strong></span> <span class='ocrx_word' id='word_1_102' title='bbox 765 1467 840 1524; x_wconf 92' lang='lat' dir='ltr'><strong>lbi</strong></span> <span class='ocrx_word' id='word_1_103' title='bbox 867 1479 947 1523; x_wconf 90' lang='lat' dir='ltr'><strong>est</strong></span> <span class='ocrx_word' id='word_1_104' title='bbox 967 1467 1088 1522; x_wconf 83' lang='lat' dir='ltr'><strong>linis</strong></span> <span class='ocrx_word' id='word_1_105' title='bbox 1119 1487 1132 1521; x_wconf 88' lang='lat'><strong>:</strong></span> <span class='ocrx_word' id='word_1_106' title='bbox 1167 1476 1381 1538; x_wconf 85' lang='lat' dir='ltr'><strong>prepter</strong></span> <span class='ocrx_word' id='word_1_107' title='bbox 1404 1467 1504 1524; x_wconf 92' lang='lat' dir='ltr'><strong>hoc</strong></span> <span class='ocrx_word' id='word_1_108' title='bbox 1529 1468 1820 1532; x_wconf 89' lang='lat' dir='ltr'><strong>currimus;</strong></span> <span class='ocrx_word' id='word_1_109' title='bbox 1844 1467 1910 1522; x_wconf 90' lang='lat' dir='ltr'><strong>ad</strong></span> 
     </span>
    </p>
   </div>
   <div class='ocr_carea' id='block_1_14' title="bbox 326 1543 1904 1630">
    <p class='ocr_par' dir='ltr' id='par_1_14' title="bbox 326 1543 1904 1630">
     <span class='ocr_line' id='line_1_14' title="bbox 326 1543 1904 1630; baseline -0.001 -16"><span class='ocrx_word' id='word_1_110' title='bbox 326 1560 498 1630; x_wconf 83' lang='lat' dir='ltr'><strong>ipsam</strong></span> <span class='ocrx_word' id='word_1_111' title='bbox 513 1560 807 1624; x_wconf 87' lang='lat' dir='ltr'><strong>currimus;</strong></span> <span class='ocrx_word' id='word_1_112' title='bbox 822 1543 941 1613; x_wconf 89' lang='lat' dir='ltr'><strong>cum</strong></span> <span class='ocrx_word' id='word_1_113' title='bbox 957 1558 1263 1614; x_wconf 74' lang='lat' dir='ltr'><strong>venerimus</strong></span> <span class='ocrx_word' id='word_1_114' title='bbox 1278 1558 1342 1613; x_wconf 89' lang='lat' dir='ltr'><strong>ad</strong></span> <span class='ocrx_word' id='word_1_115' title='bbox 1365 1574 1480 1614; x_wconf 91' lang='lat' dir='ltr'><strong>eam</strong></span> <span class='ocrx_word' id='word_1_116' title='bbox 1501 1557 1904 1628; x_wconf 89' lang='lat' dir='ltr'><strong>requiescemus.</strong></span> 
     </span>
    </p>
   </div>
   <div class='ocr_carea' id='block_1_15' title="bbox 397 1647 1912 1713">
    <p class='ocr_par' dir='ltr' id='par_1_15' title="bbox 397 1647 1912 1713">
     <span class='ocr_line' id='line_1_15' title="bbox 397 1647 1912 1713; baseline -0.002 -8"><span class='ocrx_word' id='word_1_117' title='bbox 397 1653 453 1706; x_wconf 80' lang='grc' dir='ltr'><strong>ὅ.</strong></span> <span class='ocrx_word' id='word_1_118' title='bbox 487 1651 724 1705; x_wconf 75' lang='lat' dir='ltr'><strong>Audistis</strong></span> <span class='ocrx_word' id='word_1_119' title='bbox 768 1651 822 1704; x_wconf 91' lang='lat' dir='ltr'><strong>in</strong></span> <span class='ocrx_word' id='word_1_120' title='bbox 867 1650 1112 1713; x_wconf 85' lang='lat' dir='ltr'><strong>Psalmo,</strong></span> <span class='ocrx_word' id='word_1_121' title='bbox 1148 1647 1325 1703; x_wconf 89' lang='lat' dir='ltr'><strong>Omnis</strong></span> <span class='ocrx_word' id='word_1_122' title='bbox 1348 1650 1788 1704; x_wconf 69' lang='lat' dir='ltr'><strong>consummationis</strong></span> <span class='ocrx_word' id='word_1_123' title='bbox 1811 1649 1912 1703; x_wconf 86' lang='lat' dir='ltr'><strong>vidi</strong></span> 
     </span>
    </p>
   </div>
   <div class='ocr_carea' id='block_1_16' title="bbox 327 1740 1964 1812">
    <p class='ocr_par' dir='ltr' id='par_1_16' title="bbox 327 1740 1964 1812">
     <span class='ocr_line' id='line_1_16' title="bbox 327 1740 1964 1812; baseline -0.001 -16"><span class='ocrx_word' id='word_1_124' title='bbox 327 1744 483 1812; x_wconf 80' lang='lat' dir='ltr'><strong>ﬁnem</strong></span> <span class='ocrx_word' id='word_1_125' title='bbox 513 1741 698 1812; x_wconf 85' lang='lat' dir='ltr'><strong>(Psal.</strong></span> <span class='ocrx_word' id='word_1_126' title='bbox 724 1758 911 1807; x_wconf 85' lang='lat' dir='ltr'><strong>cxvttt,</strong></span> <span class='ocrx_word' id='word_1_127' title='bbox 938 1742 1051 1812; x_wconf 88' lang='lat'><strong>96).</strong></span> <span class='ocrx_word' id='word_1_128' title='bbox 1080 1742 1238 1806; x_wconf 79' lang='lat' dir='ltr'><strong>Dixit,</strong></span> <span class='ocrx_word' id='word_1_129' title='bbox 1267 1740 1442 1796; x_wconf 88' lang='lat' dir='ltr'><strong>Omnis</strong></span> <span class='ocrx_word' id='word_1_130' title='bbox 1468 1743 1911 1796; x_wconf 80' lang='lat' dir='ltr'><strong>consummationis</strong></span> <span class='ocrx_word' id='word_1_131' title='bbox 1947 1777 1964 1782; x_wconf 88' lang='lat'>-</span> 
     </span>
    </p>
   </div>
   <div class='ocr_carea' id='block_1_17' title="bbox 326 1835 1909 1906">
    <p class='ocr_par' dir='ltr' id='par_1_17' title="bbox 326 1835 1909 1906">
     <span class='ocr_line' id='line_1_17' title="bbox 326 1835 1909 1906; baseline 0 -17"><span class='ocrx_word' id='word_1_132' title='bbox 326 1837 433 1889; x_wconf 73' lang='lat' dir='ltr'><strong>vidi</strong></span> <span class='ocrx_word' id='word_1_133' title='bbox 460 1837 654 1904; x_wconf 83' lang='lat' dir='ltr'><strong>ﬁnem:</strong></span> <span class='ocrx_word' id='word_1_134' title='bbox 679 1836 803 1906; x_wconf 91' lang='lat' dir='ltr'><strong>quid</strong></span> <span class='ocrx_word' id='word_1_135' title='bbox 828 1836 1031 1890; x_wconf 84' lang='lat' dir='ltr'><strong>viderat</strong></span> <span class='ocrx_word' id='word_1_136' title='bbox 1058 1835 1198 1890; x_wconf 89' lang='lat' dir='ltr'><strong>iste?</strong></span> <span class='ocrx_word' id='word_1_137' title='bbox 1226 1835 1495 1900; x_wconf 78' lang='lat' dir='ltr'><strong>Putamus,</strong></span> <span class='ocrx_word' id='word_1_138' title='bbox 1521 1835 1832 1890; x_wconf 83' lang='lat' dir='ltr'><strong>ascenderat</strong></span> <span class='ocrx_word' id='word_1_139' title='bbox 1857 1835 1909 1889; x_wconf 90' lang='lat' dir='ltr'><strong>in</strong></span> 
     </span>
    </p>
   </div>
   <div class='ocr_carea' id='block_1_18' title="bbox 326 1926 1912 1995">
    <p class='ocr_par' dir='ltr' id='par_1_18' title="bbox 326 1926 1912 1995">
     <span class='ocr_line' id='line_1_18' title="bbox 326 1926 1912 1995; baseline 0.001 -17"><span class='ocrx_word' id='word_1_140' title='bbox 326 1927 581 1982; x_wconf 74' lang='lat' dir='ltr'><strong>verticem</strong></span> <span class='ocrx_word' id='word_1_141' title='bbox 626 1927 848 1995; x_wconf 84' lang='lat' dir='ltr'><strong>alicujus</strong></span> <span class='ocrx_word' id='word_1_142' title='bbox 882 1926 1126 1981; x_wconf 85' lang='lat' dir='ltr'><strong>altissimi</strong></span> <span class='ocrx_word' id='word_1_143' title='bbox 1173 1926 1368 1981; x_wconf 90' lang='lat' dir='ltr'><strong>montis</strong></span> <span class='ocrx_word' id='word_1_144' title='bbox 1403 1933 1458 1981; x_wconf 89' lang='lat' dir='ltr'><strong>et</strong></span> <span class='ocrx_word' id='word_1_145' title='bbox 1497 1926 1814 1992; x_wconf 85' lang='lat' dir='ltr'><strong>acutissimi,</strong></span> <span class='ocrx_word' id='word_1_146' title='bbox 1857 1935 1912 1982; x_wconf 90' lang='lat' dir='ltr'><strong>et</strong></span> 
     </span>
    </p>
   </div>
   <div class='ocr_carea' id='block_1_19' title="bbox 329 2017 1911 2086">
    <p class='ocr_par' dir='ltr' id='par_1_19' title="bbox 329 2017 1911 2086">
     <span class='ocr_line' id='line_1_19' title="bbox 329 2017 1911 2086; baseline 0.001 -14"><span class='ocrx_word' id='word_1_147' title='bbox 329 2025 693 2086; x_wconf 81' lang='lat' dir='ltr'><strong>perspexerat,</strong></span> <span class='ocrx_word' id='word_1_148' title='bbox 717 2026 771 2072; x_wconf 86' lang='lat' dir='ltr'><strong>et</strong></span> <span class='ocrx_word' id='word_1_149' title='bbox 798 2017 1002 2072; x_wconf 85' lang='lat' dir='ltr'><strong>viderat</strong></span> <span class='ocrx_word' id='word_1_150' title='bbox 1025 2018 1279 2072; x_wconf 84' lang='lat' dir='ltr'><strong>ambitum</strong></span> <span class='ocrx_word' id='word_1_151' title='bbox 1310 2025 1466 2073; x_wconf 68' lang='lat' dir='ltr'><strong>terrm.</strong></span> <span class='ocrx_word' id='word_1_152' title='bbox 1489 2027 1545 2072; x_wconf 90' lang='lat' dir='ltr'><strong>et</strong></span> <span class='ocrx_word' id='word_1_153' title='bbox 1572 2019 1795 2073; x_wconf 88' lang='lat' dir='ltr'><strong>circulos</strong></span> <span class='ocrx_word' id='word_1_154' title='bbox 1821 2036 1911 2074; x_wconf 83' lang='lat' dir='ltr'><strong>or-</strong></span> 
     </span>
    </p>
   </div>
   <div class='ocr_carea' id='block_1_20' title="bbox 325 2108 1910 2176">
    <p class='ocr_par' dir='ltr' id='par_1_20' title="bbox 325 2108 1910 2176">
     <span class='ocr_line' id='line_1_20' title="bbox 325 2108 1910 2176; baseline 0 -14"><span class='ocrx_word' id='word_1_155' title='bbox 325 2108 411 2162; x_wconf 86' lang='lat' dir='ltr'><strong>bis</strong></span> <span class='ocrx_word' id='word_1_156' title='bbox 440 2109 704 2174; x_wconf 87' lang='lat' dir='ltr'><strong>universi;</strong></span> <span class='ocrx_word' id='word_1_157' title='bbox 733 2117 788 2164; x_wconf 87' lang='lat' dir='ltr'><strong>et</strong></span> <span class='ocrx_word' id='word_1_158' title='bbox 811 2109 930 2164; x_wconf 92' lang='lat' dir='ltr'><strong>ideo</strong></span> <span class='ocrx_word' id='word_1_159' title='bbox 956 2108 1108 2176; x_wconf 81' lang='lat' dir='ltr'><strong>dixit,</strong></span> <span class='ocrx_word' id='word_1_160' title='bbox 1143 2108 1317 2163; x_wconf 81' lang='lat' dir='ltr'><strong>Omnis</strong></span> <span class='ocrx_word' id='word_1_161' title='bbox 1341 2109 1780 2163; x_wconf 86' lang='lat' dir='ltr'><strong>consummationis</strong></span> <span class='ocrx_word' id='word_1_162' title='bbox 1808 2109 1910 2162; x_wconf 85' lang='lat' dir='ltr'><strong>vidi</strong></span> 
     </span>
    </p>
   </div>
   <div class='ocr_carea' id='block_1_21' title="bbox 328 2200 1948 2270">
    <p class='ocr_par' dir='ltr' id='par_1_21' title="bbox 328 2200 1948 2270">
     <span class='ocr_line' id='line_1_21' title="bbox 328 2200 1948 2270; baseline 0.002 -18"><span class='ocrx_word' id='word_1_163' title='bbox 328 2200 520 2267; x_wconf 75' lang='lat' dir='ltr'><strong>ﬁnem?</strong></span> <span class='ocrx_word' id='word_1_164' title='bbox 546 2200 604 2254; x_wconf 90' lang='lat' dir='ltr'><strong>Si</strong></span> <span class='ocrx_word' id='word_1_165' title='bbox 643 2204 743 2256; x_wconf 92' lang='lat' dir='ltr'><strong>hoc</strong></span> <span class='ocrx_word' id='word_1_166' title='bbox 769 2200 1031 2255; x_wconf 79' lang='lat' dir='ltr'><strong>laudabile</strong></span> <span class='ocrx_word' id='word_1_167' title='bbox 1056 2210 1157 2269; x_wconf 88' lang='lat' dir='ltr'><strong>est,</strong></span> <span class='ocrx_word' id='word_1_168' title='bbox 1189 2201 1372 2256; x_wconf 87' lang='lat' dir='ltr'><strong>oculos</strong></span> <span class='ocrx_word' id='word_1_169' title='bbox 1409 2201 1584 2255; x_wconf 89' lang='lat' dir='ltr'><strong>carnis</strong></span> <span class='ocrx_word' id='word_1_170' title='bbox 1611 2215 1948 2270; x_wconf 67' lang='lat' dir='ltr'><strong>quaeramus</strong></span> 
     </span>
    </p>
   </div>
   <div class='ocr_carea' id='block_1_22' title="bbox 325 2291 1909 2362">
    <p class='ocr_par' dir='ltr' id='par_1_22' title="bbox 325 2291 1909 2362">
     <span class='ocr_line' id='line_1_22' title="bbox 325 2291 1909 2362; baseline 0.002 -17"><span class='ocrx_word' id='word_1_171' title='bbox 325 2305 357 2345; x_wconf 70' lang='grc' dir='ltr'>ι</span> <span class='ocrx_word' id='word_1_172' title='bbox 382 2291 610 2346; x_wconf 90' lang='lat' dir='ltr'><strong>Domino</strong></span> <span class='ocrx_word' id='word_1_173' title='bbox 631 2303 738 2346; x_wconf 89' lang='lat' dir='ltr'><strong>tam</strong></span> <span class='ocrx_word' id='word_1_174' title='bbox 762 2302 965 2361; x_wconf 90' lang='lat' dir='ltr'><strong>acutos,</strong></span> <span class='ocrx_word' id='word_1_175' title='bbox 993 2305 1050 2347; x_wconf 91' lang='lat' dir='ltr'><strong>ut</strong></span> <span class='ocrx_word' id='word_1_176' title='bbox 1074 2293 1300 2362; x_wconf 86' lang='lat' dir='ltr'><strong>aliquem</strong></span> <span class='ocrx_word' id='word_1_177' title='bbox 1322 2292 1737 2348; x_wconf 88' lang='lat' dir='ltr'><strong>excelsissimum</strong></span> <span class='ocrx_word' id='word_1_178' title='bbox 1758 2307 1909 2348; x_wconf 91' lang='lat' dir='ltr'><strong>mon-</strong></span> 
     </span>
    </p>
   </div>
   <div class='ocr_carea' id='block_1_23' title="bbox 329 2382 1909 2453">
    <p class='ocr_par' dir='ltr' id='par_1_23' title="bbox 329 2382 1909 2453">
     <span class='ocr_line' id='line_1_23' title="bbox 329 2382 1909 2453; baseline 0.003 -18"><span class='ocrx_word' id='word_1_179' title='bbox 329 2392 459 2442; x_wconf 86' lang='lat' dir='ltr'><strong>tem.</strong></span> <span class='ocrx_word' id='word_1_180' title='bbox 488 2382 581 2452; x_wconf 90' lang='lat' dir='ltr'><strong>qui</strong></span> <span class='ocrx_word' id='word_1_181' title='bbox 610 2392 690 2437; x_wconf 91' lang='lat' dir='ltr'><strong>est</strong></span> <span class='ocrx_word' id='word_1_182' title='bbox 719 2383 769 2436; x_wconf 91' lang='lat' dir='ltr'><strong>in</strong></span> <span class='ocrx_word' id='word_1_183' title='bbox 800 2393 957 2447; x_wconf 87' lang='lat' dir='ltr'><strong>terra,</strong></span> <span class='ocrx_word' id='word_1_184' title='bbox 985 2384 1338 2453; x_wconf 88' lang='lat' dir='ltr'><strong>requiramus,</strong></span> <span class='ocrx_word' id='word_1_185' title='bbox 1370 2383 1437 2439; x_wconf 89' lang='lat' dir='ltr'><strong>de</strong></span> <span class='ocrx_word' id='word_1_186' title='bbox 1461 2383 1610 2453; x_wconf 89' lang='lat' dir='ltr'><strong>cujus</strong></span> <span class='ocrx_word' id='word_1_187' title='bbox 1635 2385 1909 2439; x_wconf 88' lang='lat' dir='ltr'><strong>cacumine</strong></span> 
     </span>
    </p>
   </div>
   <div class='ocr_carea' id='block_1_24' title="bbox 328 2475 1908 2532">
    <p class='ocr_par' dir='ltr' id='par_1_24' title="bbox 328 2475 1908 2532">
     <span class='ocr_line' id='line_1_24' title="bbox 328 2475 1908 2532; baseline 0.003 -6"><span class='ocrx_word' id='word_1_188' title='bbox 328 2475 606 2530; x_wconf 81' lang='lat' dir='ltr'><strong>videamus</strong></span> <span class='ocrx_word' id='word_1_189' title='bbox 630 2477 802 2530; x_wconf 88' lang='lat' dir='ltr'><strong>omnis</strong></span> <span class='ocrx_word' id='word_1_190' title='bbox 840 2477 1312 2531; x_wconf 86' lang='lat' dir='ltr'><strong>consummationis</strong></span> <span class='ocrx_word' id='word_1_191' title='bbox 1341 2476 1519 2532; x_wconf 86' lang='lat' dir='ltr'><strong>finem.</strong></span> <span class='ocrx_word' id='word_1_192' title='bbox 1552 2476 1666 2531; x_wconf 84' lang='lat' dir='ltr'><strong>Noli</strong></span> <span class='ocrx_word' id='word_1_193' title='bbox 1686 2478 1765 2531; x_wconf 90' lang='lat' dir='ltr'><strong>ire</strong></span> <span class='ocrx_word' id='word_1_194' title='bbox 1789 2477 1908 2531; x_wconf 86' lang='lat' dir='ltr'><strong>lon-</strong></span> 
     </span>
    </p>
   </div>
   <div class='ocr_carea' id='block_1_25' title="bbox 325 2567 1903 2636">
    <p class='ocr_par' dir='ltr' id='par_1_25' title="bbox 325 2567 1903 2636">
     <span class='ocr_line' id='line_1_25' title="bbox 325 2567 1903 2636; baseline 0.003 -16"><span class='ocrx_word' id='word_1_195' title='bbox 325 2581 393 2636; x_wconf 81' lang='lat' dir='ltr'><strong>ge</strong></span> <span class='ocrx_word' id='word_1_196' title='bbox 422 2587 434 2620; x_wconf 92' lang='lat'>:</span> <span class='ocrx_word' id='word_1_197' title='bbox 457 2583 586 2622; x_wconf 88' lang='lat' dir='ltr'><strong>ecce</strong></span> <span class='ocrx_word' id='word_1_198' title='bbox 609 2567 728 2624; x_wconf 91' lang='lat' dir='ltr'><strong>dico</strong></span> <span class='ocrx_word' id='word_1_199' title='bbox 754 2569 866 2636; x_wconf 82' lang='lat' dir='ltr'><strong>tibi,</strong></span> <span class='ocrx_word' id='word_1_200' title='bbox 894 2569 1120 2625; x_wconf 84' lang='lat' dir='ltr'><strong>ascende</strong></span> <span class='ocrx_word' id='word_1_201' title='bbox 1149 2569 1200 2623; x_wconf 94' lang='lat' dir='ltr'><strong>in</strong></span> <span class='ocrx_word' id='word_1_202' title='bbox 1223 2577 1475 2634; x_wconf 90' lang='lat' dir='ltr'><strong>montem,</strong></span> <span class='ocrx_word' id='word_1_203' title='bbox 1503 2578 1556 2624; x_wconf 87' lang='lat' dir='ltr'><strong>et</strong></span> <span class='ocrx_word' id='word_1_204' title='bbox 1581 2569 1698 2624; x_wconf 84' lang='lat' dir='ltr'><strong>vide</strong></span> <span class='ocrx_word' id='word_1_205' title='bbox 1725 2569 1903 2624; x_wconf 87' lang='lat' dir='ltr'><strong>tinem.</strong></span> 
     </span>
    </p>
   </div>
   <div class='ocr_carea' id='block_1_26' title="bbox 326 2657 1905 2728">
    <p class='ocr_par' dir='ltr' id='par_1_26' title="bbox 326 2657 1905 2728">
     <span class='ocr_line' id='line_1_26' title="bbox 326 2657 1905 2728; baseline 0.003 -16"><span class='ocrx_word' id='word_1_206' title='bbox 326 2657 576 2713; x_wconf 86' lang='lat' dir='ltr'><strong>Christus</strong></span> <span class='ocrx_word' id='word_1_207' title='bbox 602 2675 756 2714; x_wconf 89' lang='lat' dir='ltr'><strong>mons</strong></span> <span class='ocrx_word' id='word_1_208' title='bbox 783 2668 897 2725; x_wconf 92' lang='lat' dir='ltr'><strong>est;</strong></span> <span class='ocrx_word' id='word_1_209' title='bbox 930 2659 1048 2716; x_wconf 91' lang='lat' dir='ltr'><strong>veni</strong></span> <span class='ocrx_word' id='word_1_210' title='bbox 1075 2659 1142 2716; x_wconf 91' lang='lat' dir='ltr'><strong>ad</strong></span> <span class='ocrx_word' id='word_1_211' title='bbox 1183 2661 1471 2728; x_wconf 88' lang='lat' dir='ltr'><strong>Christum,</strong></span> <span class='ocrx_word' id='word_1_212' title='bbox 1501 2660 1647 2716; x_wconf 88' lang='lat' dir='ltr'><strong>vides</strong></span> <span class='ocrx_word' id='word_1_213' title='bbox 1690 2660 1813 2716; x_wconf 89' lang='lat' dir='ltr'><strong>inde</strong></span> <span class='ocrx_word' id='word_1_214' title='bbox 1839 2660 1905 2715; x_wconf 86' lang='lat' dir='ltr'><strong>ﬁ-</strong></span> 
     </span>
    </p>
   </div>
   <div class='ocr_carea' id='block_1_27' title="bbox 325 2751 1904 2822">
    <p class='ocr_par' dir='ltr' id='par_1_27' title="bbox 325 2751 1904 2822">
     <span class='ocr_line' id='line_1_27' title="bbox 325 2751 1904 2822; baseline 0.004 -18"><span class='ocrx_word' id='word_1_215' title='bbox 325 2766 450 2806; x_wconf 88' lang='lat' dir='ltr'><strong>nem</strong></span> <span class='ocrx_word' id='word_1_216' title='bbox 481 2751 656 2806; x_wconf 90' lang='lat' dir='ltr'><strong>omnis</strong></span> <span class='ocrx_word' id='word_1_217' title='bbox 680 2755 1168 2809; x_wconf 88' lang='lat' dir='ltr'><strong>consummationis.</strong></span> <span class='ocrx_word' id='word_1_218' title='bbox 1191 2753 1319 2822; x_wconf 85' lang='lat' dir='ltr'><strong>Quis</strong></span> <span class='ocrx_word' id='word_1_219' title='bbox 1343 2763 1425 2810; x_wconf 89' lang='lat' dir='ltr'><strong>est</strong></span> <span class='ocrx_word' id='word_1_220' title='bbox 1459 2755 1558 2810; x_wconf 89' lang='lat' dir='ltr'><strong>iste</strong></span> <span class='ocrx_word' id='word_1_221' title='bbox 1583 2753 1742 2810; x_wconf 85' lang='lat' dir='ltr'><strong>ﬁnis?</strong></span> <span class='ocrx_word' id='word_1_222' title='bbox 1767 2755 1904 2810; x_wconf 76' lang='lat' dir='ltr'><strong>Pau-</strong></span> 
     </span>
    </p>
   </div>
   <div class='ocr_carea' id='block_1_28' title="bbox 325 2839 1907 2916">
    <p class='ocr_par' dir='ltr' id='par_1_28' title="bbox 325 2839 1907 2916">
     <span class='ocr_line' id='line_1_28' title="bbox 325 2839 1907 2916; baseline 0.004 -22"><span class='ocrx_word' id='word_1_223' title='bbox 325 2839 440 2896; x_wconf 88' lang='lat' dir='ltr'><strong>lutn</strong></span> <span class='ocrx_word' id='word_1_224' title='bbox 471 2842 778 2914; x_wconf 81' lang='lat' dir='ltr'><strong>interroga:</strong></span> <span class='ocrx_word' id='word_1_225' title='bbox 819 2843 969 2899; x_wconf 84' lang='lat' dir='ltr'><strong>Finis</strong></span> <span class='ocrx_word' id='word_1_226' title='bbox 1010 2856 1177 2898; x_wconf 88' lang='lat' dir='ltr'><strong>autem</strong></span> <span class='ocrx_word' id='word_1_227' title='bbox 1215 2847 1450 2916; x_wconf 80' lang='lat' dir='ltr'><strong>pra&#39;cepti</strong></span> <span class='ocrx_word' id='word_1_228' title='bbox 1490 2857 1562 2900; x_wconf 84' lang='lat' dir='ltr'><strong>est</strong></span> <span class='ocrx_word' id='word_1_229' title='bbox 1586 2847 1804 2901; x_wconf 75' lang='lat' dir='ltr'><strong>cbaritas</strong></span> <span class='ocrx_word' id='word_1_230' title='bbox 1843 2847 1907 2901; x_wconf 75' lang='lat' dir='ltr'><strong>de</strong></span> 
     </span>
    </p>
   </div>
   <div class='ocr_carea' id='block_1_29' title="bbox 324 2933 1902 3012">
    <p class='ocr_par' dir='ltr' id='par_1_29' title="bbox 324 2933 1902 3012">
     <span class='ocr_line' id='line_1_29' title="bbox 324 2933 1902 3012; baseline 0.006 -26"><span class='ocrx_word' id='word_1_231' title='bbox 324 2933 479 2987; x_wconf 82' lang='lat' dir='ltr'><strong>corde</strong></span> <span class='ocrx_word' id='word_1_232' title='bbox 499 2951 648 3004; x_wconf 86' lang='lat' dir='ltr'><strong>puro,</strong></span> <span class='ocrx_word' id='word_1_233' title='bbox 675 2945 720 2989; x_wconf 88' lang='lat' dir='ltr'><strong>et</strong></span> <span class='ocrx_word' id='word_1_234' title='bbox 744 2937 1047 2992; x_wconf 80' lang='lat' dir='ltr'><strong>conscientia</strong></span> <span class='ocrx_word' id='word_1_235' title='bbox 1071 2937 1219 3002; x_wconf 75' lang='lat' dir='ltr'><strong>bona,</strong></span> <span class='ocrx_word' id='word_1_236' title='bbox 1241 2950 1285 2992; x_wconf 89' lang='lat' dir='ltr'><strong>et</strong></span> <span class='ocrx_word' id='word_1_237' title='bbox 1311 2939 1412 3008; x_wconf 88' lang='lat' dir='ltr'><strong>ﬁde</strong></span> <span class='ocrx_word' id='word_1_238' title='bbox 1438 2956 1537 2994; x_wconf 88' lang='lat' dir='ltr'><strong>non</strong></span> <span class='ocrx_word' id='word_1_239' title='bbox 1557 2939 1674 3008; x_wconf 89' lang='lat' dir='ltr'><strong>ﬁcta</strong></span> <span class='ocrx_word' id='word_1_240' title='bbox 1697 2941 1748 3012; x_wconf 89' lang='lat' dir='ltr'><strong>(l</strong></span> <span class='ocrx_word' id='word_1_241' title='bbox 1773 2939 1902 2996; x_wconf 88' lang='lat' dir='ltr'><strong>Tim.</strong></span> 
     </span>
    </p>
   </div>
   <div class='ocr_carea' id='block_1_30' title="bbox 326 3015 1906 3104">
    <p class='ocr_par' dir='ltr' id='par_1_30' title="bbox 326 3015 1906 3104">
     <span class='ocr_line' id='line_1_30' title="bbox 326 3015 1906 3104; baseline 0.007 -25"><span class='ocrx_word' id='word_1_242' title='bbox 326 3039 366 3088; x_wconf 87' lang='grc' dir='ltr'><strong>ι,</strong></span> <span class='ocrx_word' id='word_1_243' title='bbox 415 3025 525 3096; x_wconf 83' lang='lat'><strong>5);</strong></span> <span class='ocrx_word' id='word_1_244' title='bbox 566 3028 753 3082; x_wconf 88' lang='lat' dir='ltr'><strong>etalio</strong></span> <span class='ocrx_word' id='word_1_245' title='bbox 793 3015 947 3093; x_wconf 87' lang='lat' dir='ltr'><strong>loco,</strong></span> <span class='ocrx_word' id='word_1_246' title='bbox 996 3029 1270 3084; x_wconf 84' lang='lat' dir='ltr'><strong>Plenitudo</strong></span> <span class='ocrx_word' id='word_1_247' title='bbox 1311 3042 1478 3086; x_wconf 80' lang='lat' dir='ltr'><strong>autent</strong></span> <span class='ocrx_word' id='word_1_248' title='bbox 1522 3033 1645 3104; x_wconf 83' lang='lat' dir='ltr'><strong>legis</strong></span> <span class='ocrx_word' id='word_1_249' title='bbox 1685 3034 1906 3090; x_wconf 72' lang='lat' dir='ltr'><strong>cbaritas</strong></span> 
     </span>
    </p>
   </div>
   <div class='ocr_carea' id='block_1_31' title="bbox 325 3210 1908 3287">
    <p class='ocr_par' dir='ltr' id='par_1_31' title="bbox 325 3210 1908 3287">
     <span class='ocr_line' id='line_1_31' title="bbox 325 3210 1908 3287; baseline 0.008 -25"><span class='ocrx_word' id='word_1_250' title='bbox 325 3223 484 3278; x_wconf 89' lang='lat' dir='ltr'><strong>quam</strong></span> <span class='ocrx_word' id='word_1_251' title='bbox 515 3210 830 3280; x_wconf 83' lang='lat' dir='ltr'><strong>plenitudo?</strong></span> <span class='ocrx_word' id='word_1_252' title='bbox 857 3213 1087 3278; x_wconf 87' lang='lat' dir='ltr'><strong>Etenim,</strong></span> <span class='ocrx_word' id='word_1_253' title='bbox 1129 3213 1338 3281; x_wconf 90' lang='lat' dir='ltr'><strong>fratres,</strong></span> <span class='ocrx_word' id='word_1_254' title='bbox 1369 3217 1525 3272; x_wconf 84' lang='lat' dir='ltr'><strong>tinem</strong></span> <span class='ocrx_word' id='word_1_255' title='bbox 1555 3218 1703 3287; x_wconf 87' lang='lat' dir='ltr'><strong>ponit</strong></span> <span class='ocrx_word' id='word_1_256' title='bbox 1726 3219 1908 3274; x_wconf 90' lang='lat' dir='ltr'><strong>lauda-</strong></span> 
     </span>
    </p>
   </div>
   <div class='ocr_carea' id='block_1_32' title="bbox 323 3301 1879 3378">
    <p class='ocr_par' dir='ltr' id='par_1_32' title="bbox 323 3301 1879 3378">
     <span class='ocr_line' id='line_1_32' title="bbox 323 3301 1879 3378; baseline 0.008 -22"><span class='ocrx_word' id='word_1_257' title='bbox 323 3301 527 3358; x_wconf 87' lang='lat' dir='ltr'><strong>biliter.</strong></span> <span class='ocrx_word' id='word_1_258' title='bbox 552 3303 725 3360; x_wconf 87' lang='lat' dir='ltr'><strong>Nolite</strong></span> <span class='ocrx_word' id='word_1_259' title='bbox 752 3315 933 3374; x_wconf 86' lang='lat' dir='ltr'><strong>putare</strong></span> <span class='ocrx_word' id='word_1_260' title='bbox 952 3309 1426 3378; x_wconf 89' lang='lat' dir='ltr'><strong>consumptioncm,</strong></span> <span class='ocrx_word' id='word_1_261' title='bbox 1450 3309 1542 3365; x_wconf 91' lang='lat' dir='ltr'><strong>sed</strong></span> <span class='ocrx_word' id='word_1_262' title='bbox 1573 3327 1879 3368; x_wconf 86' lang='lat' dir='ltr'><strong>consumma</strong></span> 
     </span>
    </p>
   </div>
   <div class='ocr_carea' id='block_1_33' title="bbox 324 3393 1864 3470">
    <p class='ocr_par' dir='ltr' id='par_1_33' title="bbox 324 3393 1864 3470">
     <span class='ocr_line' id='line_1_33' title="bbox 324 3393 1864 3470; baseline 0.008 -26"><span class='ocrx_word' id='word_1_263' title='bbox 324 3393 548 3447; x_wconf 87' lang='lat' dir='ltr'><strong>tionem.</strong></span> <span class='ocrx_word' id='word_1_264' title='bbox 592 3394 760 3450; x_wconf 81' lang='lat' dir='ltr'><strong>Aliter</strong></span> <span class='ocrx_word' id='word_1_265' title='bbox 800 3396 942 3452; x_wconf 87' lang='lat' dir='ltr'><strong>enim</strong></span> <span class='ocrx_word' id='word_1_266' title='bbox 979 3396 1205 3462; x_wconf 90' lang='lat' dir='ltr'><strong>dicitur,</strong></span> <span class='ocrx_word' id='word_1_267' title='bbox 1238 3398 1408 3453; x_wconf 87' lang='lat' dir='ltr'><strong>Finivi</strong></span> <span class='ocrx_word' id='word_1_268' title='bbox 1451 3415 1672 3470; x_wconf 87' lang='lat' dir='ltr'><strong>panem;</strong></span> <span class='ocrx_word' id='word_1_269' title='bbox 1711 3402 1864 3458; x_wconf 85' lang='lat' dir='ltr'><strong>aliter</strong></span> 
     </span>
    </p>
   </div>
   <div class='ocr_carea' id='block_1_34' title="bbox 323 3481 1877 3557">
    <p class='ocr_par' dir='ltr' id='par_1_34' title="bbox 323 3481 1877 3557">
     <span class='ocr_line' id='line_1_34' title="bbox 323 3481 1877 3557; baseline 0.008 -21"><span class='ocrx_word' id='word_1_270' title='bbox 323 3481 497 3538; x_wconf 80' lang='lat' dir='ltr'><strong>Finivi</strong></span> <span class='ocrx_word' id='word_1_271' title='bbox 525 3484 774 3541; x_wconf 85' lang='lat' dir='ltr'><strong>tunicam.</strong></span> <span class='ocrx_word' id='word_1_272' title='bbox 805 3486 978 3542; x_wconf 84' lang='lat' dir='ltr'><strong>Finivi</strong></span> <span class='ocrx_word' id='word_1_273' title='bbox 1008 3503 1193 3557; x_wconf 88' lang='lat' dir='ltr'><strong>panem</strong></span> <span class='ocrx_word' id='word_1_274' title='bbox 1223 3491 1624 3557; x_wconf 84' lang='lat' dir='ltr'><strong>manducando;</strong></span> <span class='ocrx_word' id='word_1_275' title='bbox 1655 3493 1796 3548; x_wconf 85' lang='lat' dir='ltr'><strong>lintvi</strong></span> <span class='ocrx_word' id='word_1_276' title='bbox 1823 3502 1877 3549; x_wconf 91' lang='lat' dir='ltr'><strong>tu</strong></span> 
     </span>
    </p>
   </div>
   <div class='ocr_carea' id='block_1_35' title="bbox 325 3573 1900 3647">
    <p class='ocr_par' dir='ltr' id='par_1_35' title="bbox 325 3573 1900 3647">
     <span class='ocr_line' id='line_1_35' title="bbox 325 3573 1900 3647; baseline 0.01 -22"><span class='ocrx_word' id='word_1_277' title='bbox 325 3573 503 3638; x_wconf 87' lang='lat' dir='ltr'><strong>nicam</strong></span> <span class='ocrx_word' id='word_1_278' title='bbox 526 3575 831 3632; x_wconf 87' lang='lat' dir='ltr'><strong>intexeudo.</strong></span> <span class='ocrx_word' id='word_1_279' title='bbox 854 3579 919 3632; x_wconf 87' lang='lat' dir='ltr'><strong>Et</strong></span> <span class='ocrx_word' id='word_1_280' title='bbox 945 3579 1014 3633; x_wconf 89' lang='lat' dir='ltr'><strong>ibi</strong></span> <span class='ocrx_word' id='word_1_281' title='bbox 1036 3578 1154 3636; x_wconf 84' lang='lat' dir='ltr'><strong>finis</strong></span> <span class='ocrx_word' id='word_1_282' title='bbox 1174 3591 1346 3647; x_wconf 81' lang='lat' dir='ltr'><strong>sonat,</strong></span> <span class='ocrx_word' id='word_1_283' title='bbox 1371 3591 1425 3637; x_wconf 91' lang='lat' dir='ltr'><strong>et</strong></span> <span class='ocrx_word' id='word_1_284' title='bbox 1447 3583 1553 3637; x_wconf 91' lang='lat' dir='ltr'><strong>illic</strong></span> <span class='ocrx_word' id='word_1_285' title='bbox 1575 3583 1693 3638; x_wconf 84' lang='lat' dir='ltr'><strong>ﬁnis</strong></span> <span class='ocrx_word' id='word_1_286' title='bbox 1713 3594 1865 3640; x_wconf 89' lang='lat' dir='ltr'><strong>sonat</strong></span> <span class='ocrx_word' id='word_1_287' title='bbox 1887 3604 1900 3641; x_wconf 92' lang='lat'>:</span> 
     </span>
    </p>
   </div>
   <div class='ocr_carea' id='block_1_36' title="bbox 324 3663 1904 3737">
    <p class='ocr_par' dir='ltr' id='par_1_36' title="bbox 324 3663 1904 3737">
     <span class='ocr_line' id='line_1_36' title="bbox 324 3663 1904 3737; baseline 0.008 -20"><span class='ocrx_word' id='word_1_288' title='bbox 324 3663 422 3718; x_wconf 84' lang='lat' dir='ltr'><strong>sed</strong></span> <span class='ocrx_word' id='word_1_289' title='bbox 452 3674 629 3721; x_wconf 89' lang='lat' dir='ltr'><strong>tamen</strong></span> <span class='ocrx_word' id='word_1_290' title='bbox 661 3669 812 3736; x_wconf 86' lang='lat' dir='ltr'><strong>panis</strong></span> <span class='ocrx_word' id='word_1_291' title='bbox 840 3668 1018 3723; x_wconf 83' lang='lat' dir='ltr'><strong>linitur</strong></span> <span class='ocrx_word' id='word_1_292' title='bbox 1044 3679 1102 3724; x_wconf 93' lang='lat' dir='ltr'><strong>ut</strong></span> <span class='ocrx_word' id='word_1_293' title='bbox 1131 3682 1493 3737; x_wconf 88' lang='lat' dir='ltr'><strong>consumatur,</strong></span> <span class='ocrx_word' id='word_1_294' title='bbox 1520 3675 1692 3728; x_wconf 91' lang='lat' dir='ltr'><strong>tunica</strong></span> <span class='ocrx_word' id='word_1_295' title='bbox 1724 3674 1904 3730; x_wconf 85' lang='lat' dir='ltr'><strong>linitur</strong></span> 
     </span>
    </p>
   </div>
   <div class='ocr_carea' id='block_1_37' title="bbox 324 3762 1904 3833">
    <p class='ocr_par' dir='ltr' id='par_1_37' title="bbox 324 3762 1904 3833">
     <span class='ocr_line' id='line_1_37' title="bbox 324 3762 1904 3833; baseline 0.009 -25"><span class='ocrx_word' id='word_1_296' title='bbox 324 3764 385 3809; x_wconf 90' lang='lat' dir='ltr'><strong>ut</strong></span> <span class='ocrx_word' id='word_1_297' title='bbox 425 3768 863 3826; x_wconf 76' lang='lat' dir='ltr'><strong>consummatur;</strong></span> <span class='ocrx_word' id='word_1_298' title='bbox 893 3762 1043 3830; x_wconf 90' lang='lat' dir='ltr'><strong>panis</strong></span> <span class='ocrx_word' id='word_1_299' title='bbox 1073 3762 1250 3818; x_wconf 84' lang='lat' dir='ltr'><strong>[initur</strong></span> <span class='ocrx_word' id='word_1_300' title='bbox 1277 3774 1332 3818; x_wconf 94' lang='lat' dir='ltr'><strong>ut</strong></span> <span class='ocrx_word' id='word_1_301' title='bbox 1359 3777 1462 3818; x_wconf 89' lang='lat' dir='ltr'><strong>non</strong></span> <span class='ocrx_word' id='word_1_302' title='bbox 1506 3767 1594 3833; x_wconf 85' lang='lat' dir='ltr'><strong>sit,</strong></span> <span class='ocrx_word' id='word_1_303' title='bbox 1640 3768 1815 3821; x_wconf 90' lang='lat' dir='ltr'><strong>tunica</strong></span> <span class='ocrx_word' id='word_1_304' title='bbox 1843 3768 1904 3821; x_wconf 84' lang='lat' dir='ltr'><strong>fi-</strong></span> 
     </span>
    </p>
   </div>
   <div class='ocr_carea' id='block_1_38' title="bbox 324 3848 1904 3928">
    <p class='ocr_par' dir='ltr' id='par_1_38' title="bbox 324 3848 1904 3928">
     <span class='ocr_line' id='line_1_38' title="bbox 324 3848 1904 3928; baseline 0.009 -28"><span class='ocrx_word' id='word_1_305' title='bbox 324 3848 470 3903; x_wconf 89' lang='lat' dir='ltr'><strong>nitur</strong></span> <span class='ocrx_word' id='word_1_306' title='bbox 497 3859 552 3903; x_wconf 91' lang='lat' dir='ltr'><strong>ut</strong></span> <span class='ocrx_word' id='word_1_307' title='bbox 578 3851 805 3918; x_wconf 83' lang='lat' dir='ltr'><strong>perlecta</strong></span> <span class='ocrx_word' id='word_1_308' title='bbox 833 3853 920 3907; x_wconf 88' lang='lat' dir='ltr'><strong>sit.</strong></span> <span class='ocrx_word' id='word_1_309' title='bbox 952 3855 1088 3924; x_wconf 83' lang='lat' dir='ltr'><strong>Ergo</strong></span> <span class='ocrx_word' id='word_1_310' title='bbox 1114 3855 1190 3910; x_wconf 91' lang='lat' dir='ltr'><strong>sic</strong></span> <span class='ocrx_word' id='word_1_311' title='bbox 1209 3855 1383 3911; x_wconf 85' lang='lat' dir='ltr'><strong>audite</strong></span> <span class='ocrx_word' id='word_1_312' title='bbox 1411 3857 1590 3923; x_wconf 86' lang='lat' dir='ltr'><strong>finem,</strong></span> <span class='ocrx_word' id='word_1_313' title='bbox 1616 3869 1670 3913; x_wconf 92' lang='lat' dir='ltr'><strong>et</strong></span> <span class='ocrx_word' id='word_1_314' title='bbox 1694 3859 1904 3928; x_wconf 89' lang='lat' dir='ltr'><strong>quando</strong></span> 
     </span>
    </p>
   </div>
   <div class='ocr_carea' id='block_1_39' title="bbox 325 3937 1898 4015">
    <p class='ocr_par' dir='ltr' id='par_1_39' title="bbox 325 3937 1898 4015">
     <span class='ocr_line' id='line_1_39' title="bbox 325 3937 1898 4015; baseline 0.008 -23"><span class='ocrx_word' id='word_1_315' title='bbox 325 3937 520 4003; x_wconf 73' lang='lat' dir='ltr'><strong>legitur</strong></span> <span class='ocrx_word' id='word_1_316' title='bbox 545 3941 820 4009; x_wconf 86' lang='lat' dir='ltr'><strong>Psalmus,</strong></span> <span class='ocrx_word' id='word_1_317' title='bbox 856 3954 910 3998; x_wconf 88' lang='lat' dir='ltr'><strong>et</strong></span> <span class='ocrx_word' id='word_1_318' title='bbox 932 3947 1144 4013; x_wconf 85' lang='lat' dir='ltr'><strong>auditis,</strong></span> <span class='ocrx_word' id='word_1_319' title='bbox 1177 3946 1242 4002; x_wconf 88' lang='lat' dir='ltr'><strong>In</strong></span> <span class='ocrx_word' id='word_1_320' title='bbox 1271 3948 1422 4015; x_wconf 83' lang='lat' dir='ltr'><strong>ﬁnem</strong></span> <span class='ocrx_word' id='word_1_321' title='bbox 1452 3948 1690 4004; x_wconf 85' lang='lat' dir='ltr'><strong>Psalmus</strong></span> <span class='ocrx_word' id='word_1_322' title='bbox 1716 3950 1898 4004; x_wconf 87' lang='lat' dir='ltr'><strong>Dauid.</strong></span> 
     </span>
    </p>
   </div>
   <div class='ocr_carea' id='block_1_40' title="bbox 323 4019 1903 4112">
    <p class='ocr_par' dir='ltr' id='par_1_40' title="bbox 323 4019 1903 4112">
     <span class='ocr_line' id='line_1_40' title="bbox 323 4019 1903 4112; baseline 0.009 -29"><span class='ocrx_word' id='word_1_323' title='bbox 323 4030 555 4086; x_wconf 83' lang='lat' dir='ltr'><strong>Assidue</strong></span> <span class='ocrx_word' id='word_1_324' title='bbox 580 4019 771 4088; x_wconf 87' lang='lat' dir='ltr'><strong>auditis</strong></span> <span class='ocrx_word' id='word_1_325' title='bbox 795 4037 895 4090; x_wconf 93' lang='lat' dir='ltr'><strong>hoc</strong></span> <span class='ocrx_word' id='word_1_326' title='bbox 924 4037 974 4090; x_wconf 89' lang='lat' dir='ltr'><strong>in</strong></span> <span class='ocrx_word' id='word_1_327' title='bbox 1001 4037 1244 4104; x_wconf 90' lang='lat' dir='ltr'><strong>Psalmis,</strong></span> <span class='ocrx_word' id='word_1_328' title='bbox 1271 4047 1326 4094; x_wconf 83' lang='lat' dir='ltr'><strong>et</strong></span> <span class='ocrx_word' id='word_1_329' title='bbox 1352 4040 1554 4096; x_wconf 84' lang='lat' dir='ltr'><strong>debetis</strong></span> <span class='ocrx_word' id='word_1_330' title='bbox 1581 4057 1736 4097; x_wconf 89' lang='lat' dir='ltr'><strong>nosse</strong></span> <span class='ocrx_word' id='word_1_331' title='bbox 1763 4044 1903 4112; x_wconf 89' lang='lat' dir='ltr'><strong>quod</strong></span> 
     </span>
    </p>
   </div>
   <div class='ocr_carea' id='block_1_41' title="bbox 323 4119 1904 4203">
    <p class='ocr_par' dir='ltr' id='par_1_41' title="bbox 323 4119 1904 4203">
     <span class='ocr_line' id='line_1_41' title="bbox 323 4119 1904 4203; baseline 0.01 -30"><span class='ocrx_word' id='word_1_332' title='bbox 323 4119 540 4175; x_wconf 87' lang='lat' dir='ltr'><strong>auditis.</strong></span> <span class='ocrx_word' id='word_1_333' title='bbox 568 4121 702 4190; x_wconf 90' lang='lat' dir='ltr'><strong>Quid</strong></span> <span class='ocrx_word' id='word_1_334' title='bbox 732 4132 834 4189; x_wconf 90' lang='lat' dir='ltr'><strong>est,</strong></span> <span class='ocrx_word' id='word_1_335' title='bbox 863 4125 917 4180; x_wconf 87' lang='lat' dir='ltr'><strong>in</strong></span> <span class='ocrx_word' id='word_1_336' title='bbox 952 4127 1144 4195; x_wconf 83' lang='lat' dir='ltr'><strong>ﬁnem?</strong></span> <span class='ocrx_word' id='word_1_337' title='bbox 1168 4127 1314 4186; x_wconf 84' lang='lat' dir='ltr'><strong>Finis</strong></span> <span class='ocrx_word' id='word_1_338' title='bbox 1339 4131 1470 4184; x_wconf 87' lang='lat' dir='ltr'><strong>enim</strong></span> <span class='ocrx_word' id='word_1_339' title='bbox 1504 4130 1653 4203; x_wconf 88' lang='lat' dir='ltr'><strong>Legis</strong></span> <span class='ocrx_word' id='word_1_340' title='bbox 1678 4131 1904 4189; x_wconf 86' lang='lat' dir='ltr'><strong>Christus</strong></span> 
     </span>
    </p>
   </div>
   <div class='ocr_carea' id='block_1_42' title="bbox 323 4212 1900 4295">
    <p class='ocr_par' dir='ltr' id='par_1_42' title="bbox 323 4212 1900 4295">
     <span class='ocr_line' id='line_1_42' title="bbox 323 4212 1900 4295; baseline 0.01 -31"><span class='ocrx_word' id='word_1_341' title='bbox 323 4220 422 4274; x_wconf 81' lang='lat' dir='ltr'><strong>est,</strong></span> <span class='ocrx_word' id='word_1_342' title='bbox 450 4212 521 4265; x_wconf 90' lang='lat' dir='ltr'><strong>ad</strong></span> <span class='ocrx_word' id='word_1_343' title='bbox 536 4214 793 4283; x_wconf 83' lang='lat' dir='ltr'><strong>justitiam</strong></span> <span class='ocrx_word' id='word_1_344' title='bbox 819 4218 955 4272; x_wconf 89' lang='lat' dir='ltr'><strong>omni</strong></span> <span class='ocrx_word' id='word_1_345' title='bbox 971 4219 1192 4273; x_wconf 82' lang='lat' dir='ltr'><strong>credenti</strong></span> <span class='ocrx_word' id='word_1_346' title='bbox 1213 4220 1330 4290; x_wconf 84' lang='lat' dir='ltr'><strong>(Id.</strong></span> <span class='ocrx_word' id='word_1_347' title='bbox 1355 4238 1407 4286; x_wconf 88' lang='lat' dir='ltr'><strong>x,</strong></span> <span class='ocrx_word' id='word_1_348' title='bbox 1438 4222 1527 4294; x_wconf 68' lang='lat'><strong>4).</strong></span> <span class='ocrx_word' id='word_1_349' title='bbox 1556 4224 1621 4278; x_wconf 87' lang='lat' dir='ltr'><strong>Et</strong></span> <span class='ocrx_word' id='word_1_350' title='bbox 1647 4225 1769 4295; x_wconf 91' lang='lat' dir='ltr'><strong>quid</strong></span> <span class='ocrx_word' id='word_1_351' title='bbox 1797 4236 1900 4293; x_wconf 89' lang='lat' dir='ltr'><strong>est,</strong></span> 
     </span>
    </p>
   </div>
   <div class='ocr_carea' id='block_1_43' title="bbox 324 4302 1903 4387">
    <p class='ocr_par' dir='ltr' id='par_1_43' title="bbox 324 4302 1903 4387">
     <span class='ocr_line' id='line_1_43' title="bbox 324 4302 1903 4387; baseline 0.011 -33"><span class='ocrx_word' id='word_1_352' title='bbox 324 4302 447 4371; x_wconf 84' lang='lat' dir='ltr'><strong>ﬁnis</strong></span> <span class='ocrx_word' id='word_1_353' title='bbox 477 4303 749 4359; x_wconf 76' lang='lat' dir='ltr'><strong>Christus?</strong></span> <span class='ocrx_word' id='word_1_354' title='bbox 790 4305 921 4375; x_wconf 89' lang='lat' dir='ltr'><strong>Quia</strong></span> <span class='ocrx_word' id='word_1_355' title='bbox 948 4307 1189 4364; x_wconf 84' lang='lat' dir='ltr'><strong>Christus</strong></span> <span class='ocrx_word' id='word_1_356' title='bbox 1221 4311 1380 4377; x_wconf 85' lang='lat' dir='ltr'><strong>Deus,</strong></span> <span class='ocrx_word' id='word_1_357' title='bbox 1425 4322 1478 4367; x_wconf 89' lang='lat' dir='ltr'><strong>et</strong></span> <span class='ocrx_word' id='word_1_358' title='bbox 1507 4313 1626 4368; x_wconf 84' lang='lat' dir='ltr'><strong>finis</strong></span> <span class='ocrx_word' id='word_1_359' title='bbox 1654 4317 1903 4387; x_wconf 75' lang='lat' dir='ltr'><strong>princepti</strong></span> 
     </span>
    </p>
   </div>
   <div class='ocr_carea' id='block_1_44' title="bbox 324 4395 1907 4473">
    <p class='ocr_par' dir='ltr' id='par_1_44' title="bbox 324 4395 1907 4473">
     <span class='ocr_line' id='line_1_44' title="bbox 324 4395 1907 4473; baseline 0.011 -26"><span class='ocrx_word' id='word_1_360' title='bbox 324 4395 584 4463; x_wconf 76' lang='lat' dir='ltr'><strong>cbaritas,</strong></span> <span class='ocrx_word' id='word_1_361' title='bbox 625 4407 682 4452; x_wconf 90' lang='lat' dir='ltr'><strong>et</strong></span> <span class='ocrx_word' id='word_1_362' title='bbox 722 4398 862 4455; x_wconf 88' lang='lat' dir='ltr'><strong>Deus</strong></span> <span class='ocrx_word' id='word_1_363' title='bbox 890 4401 1118 4456; x_wconf 88' lang='lat' dir='ltr'><strong>cbaritas</strong></span> <span class='ocrx_word' id='word_1_364' title='bbox 1145 4419 1159 4456; x_wconf 89' lang='lat'><strong>:</strong></span> <span class='ocrx_word' id='word_1_365' title='bbox 1188 4404 1308 4473; x_wconf 87' lang='lat' dir='ltr'><strong>quia</strong></span> <span class='ocrx_word' id='word_1_366' title='bbox 1350 4405 1508 4461; x_wconf 78' lang='lat' dir='ltr'><strong>Pater</strong></span> <span class='ocrx_word' id='word_1_367' title='bbox 1547 4416 1601 4462; x_wconf 91' lang='lat' dir='ltr'><strong>et</strong></span> <span class='ocrx_word' id='word_1_368' title='bbox 1641 4408 1806 4464; x_wconf 88' lang='lat' dir='ltr'><strong>Filius</strong></span> <span class='ocrx_word' id='word_1_369' title='bbox 1851 4420 1907 4466; x_wconf 88' lang='lat' dir='ltr'><strong>et</strong></span> 
     </span>
    </p>
   </div>
   <div class='ocr_carea' id='block_1_45' title="bbox 324 4484 1956 4556">
    <p class='ocr_par' dir='ltr' id='par_1_45' title="bbox 324 4484 1956 4556">
     <span class='ocr_line' id='line_1_45' title="bbox 324 4484 1956 4556; baseline 0.009 -16"><span class='ocrx_word' id='word_1_370' title='bbox 324 4484 556 4554; x_wconf 85' lang='lat' dir='ltr'><strong>Spiritus</strong></span> <span class='ocrx_word' id='word_1_371' title='bbox 576 4498 787 4545; x_wconf 88' lang='lat' dir='ltr'><strong>sanctus</strong></span> <span class='ocrx_word' id='word_1_372' title='bbox 816 4506 976 4545; x_wconf 89' lang='lat' dir='ltr'><strong>unum</strong></span> <span class='ocrx_word' id='word_1_373' title='bbox 1003 4501 1143 4547; x_wconf 90' lang='lat' dir='ltr'><strong>sunt.</strong></span> <span class='ocrx_word' id='word_1_374' title='bbox 1171 4493 1244 4548; x_wconf 90' lang='lat' dir='ltr'><strong>lbi</strong></span> <span class='ocrx_word' id='word_1_375' title='bbox 1271 4495 1360 4549; x_wconf 89' lang='lat' dir='ltr'><strong>tibi</strong></span> <span class='ocrx_word' id='word_1_376' title='bbox 1385 4496 1502 4551; x_wconf 83' lang='lat' dir='ltr'><strong>linis</strong></span> <span class='ocrx_word' id='word_1_377' title='bbox 1525 4508 1608 4553; x_wconf 88' lang='lat' dir='ltr'><strong>est</strong></span> <span class='ocrx_word' id='word_1_378' title='bbox 1637 4517 1651 4553; x_wconf 90' lang='lat'><strong>:</strong></span> <span class='ocrx_word' id='word_1_379' title='bbox 1678 4501 1802 4554; x_wconf 83' lang='lat' dir='ltr'><strong>alibi</strong></span> <span class='ocrx_word' id='word_1_380' title='bbox 1825 4503 1905 4556; x_wconf 81' lang='lat' dir='ltr'><strong>via</strong></span> <span class='ocrx_word' id='word_1_381' title='bbox 1931 4508 1956 4524; x_wconf 68' lang='grc' dir='ltr'><em>ί</em></span> 
     </span>
    </p>
   </div>
   <div class='ocr_carea' id='block_1_46' title="bbox 325 4574 1905 4654">
    <p class='ocr_par' dir='ltr' id='par_1_46' title="bbox 325 4574 1905 4654">
     <span class='ocr_line' id='line_1_46' title="bbox 325 4574 1905 4654; baseline 0.011 -26"><span class='ocrx_word' id='word_1_382' title='bbox 325 4583 433 4629; x_wconf 83' lang='grc' dir='ltr'>εει.</span> <span class='ocrx_word' id='word_1_383' title='bbox 455 4574 573 4631; x_wconf 83' lang='lat' dir='ltr'><strong>Noli</strong></span> <span class='ocrx_word' id='word_1_384' title='bbox 595 4577 798 4634; x_wconf 66' lang='lat' dir='ltr'><strong>haerere</strong></span> <span class='ocrx_word' id='word_1_385' title='bbox 817 4581 871 4634; x_wconf 89' lang='lat' dir='ltr'><strong>in</strong></span> <span class='ocrx_word' id='word_1_386' title='bbox 891 4581 997 4646; x_wconf 86' lang='lat' dir='ltr'><strong>via,</strong></span> <span class='ocrx_word' id='word_1_387' title='bbox 1019 4590 1202 4637; x_wconf 91' lang='lat' dir='ltr'><strong>etnon</strong></span> <span class='ocrx_word' id='word_1_388' title='bbox 1229 4587 1504 4654; x_wconf 87' lang='lat' dir='ltr'><strong>pervenire</strong></span> <span class='ocrx_word' id='word_1_389' title='bbox 1524 4587 1590 4642; x_wconf 88' lang='lat' dir='ltr'><strong>ad</strong></span> <span class='ocrx_word' id='word_1_390' title='bbox 1617 4589 1795 4644; x_wconf 82' lang='lat' dir='ltr'><strong>tinem.</strong></span> <span class='ocrx_word' id='word_1_391' title='bbox 1824 4591 1905 4646; x_wconf 82' lang='lat' dir='ltr'><strong>Ad</strong></span> 
     </span>
    </p>
   </div>
   <div class='ocr_carea' id='block_1_47' title="bbox 324 4667 1906 4748">
    <p class='ocr_par' dir='ltr' id='par_1_47' title="bbox 324 4667 1906 4748">
     <span class='ocr_line' id='line_1_47' title="bbox 324 4667 1906 4748; baseline 0.01 -28"><span class='ocrx_word' id='word_1_392' title='bbox 324 4667 584 4738; x_wconf 85' lang='lat' dir='ltr'><strong>quidquid</strong></span> <span class='ocrx_word' id='word_1_393' title='bbox 608 4670 750 4724; x_wconf 87' lang='lat' dir='ltr'><strong>aliud</strong></span> <span class='ocrx_word' id='word_1_394' title='bbox 777 4672 1006 4739; x_wconf 88' lang='lat' dir='ltr'><strong>veneris,</strong></span> <span class='ocrx_word' id='word_1_395' title='bbox 1038 4675 1202 4729; x_wconf 87' lang='lat' dir='ltr'><strong>transi</strong></span> <span class='ocrx_word' id='word_1_396' title='bbox 1228 4691 1501 4748; x_wconf 88' lang='lat' dir='ltr'><strong>usquequo</strong></span> <span class='ocrx_word' id='word_1_397' title='bbox 1541 4681 1814 4748; x_wconf 87' lang='lat' dir='ltr'><strong>pervenias</strong></span> <span class='ocrx_word' id='word_1_398' title='bbox 1839 4681 1906 4736; x_wconf 87' lang='lat' dir='ltr'><strong>ad</strong></span> 
     </span>
    </p>
   </div>
   <div class='ocr_carea' id='block_1_48' title="bbox 327 4759 1908 4836">
    <p class='ocr_par' dir='ltr' id='par_1_48' title="bbox 327 4759 1908 4836">
     <span class='ocr_line' id='line_1_48' title="bbox 327 4759 1908 4836; baseline 0.01 -25"><span class='ocrx_word' id='word_1_399' title='bbox 327 4759 511 4815; x_wconf 83' lang='lat' dir='ltr'><strong>tinent.</strong></span> <span class='ocrx_word' id='word_1_400' title='bbox 560 4760 696 4828; x_wconf 89' lang='lat' dir='ltr'><strong>Quid</strong></span> <span class='ocrx_word' id='word_1_401' title='bbox 720 4771 801 4818; x_wconf 89' lang='lat' dir='ltr'><strong>est</strong></span> <span class='ocrx_word' id='word_1_402' title='bbox 825 4761 984 4836; x_wconf 85' lang='lat' dir='ltr'><strong>finis?</strong></span> <span class='ocrx_word' id='word_1_403' title='bbox 1013 4763 1144 4819; x_wconf 74' lang='lat' dir='ltr'><strong>Mihi</strong></span> <span class='ocrx_word' id='word_1_404' title='bbox 1173 4777 1340 4821; x_wconf 84' lang='lat' dir='ltr'><strong>autem</strong></span> <span class='ocrx_word' id='word_1_405' title='bbox 1387 4769 1646 4825; x_wconf 73' lang='lat' dir='ltr'><strong>adhamre</strong></span> <span class='ocrx_word' id='word_1_406' title='bbox 1682 4771 1789 4826; x_wconf 80' lang='lat' dir='ltr'><strong>Deo</strong></span> <span class='ocrx_word' id='word_1_407' title='bbox 1818 4773 1908 4827; x_wconf 82' lang='lat' dir='ltr'><strong>bo-</strong></span> 
     </span>
    </p>
   </div>
   <div class='ocr_carea' id='block_1_49' title="bbox 327 4852 1904 4929">
    <p class='ocr_par' dir='ltr' id='par_1_49' title="bbox 327 4852 1904 4929">
     <span class='ocr_line' id='line_1_49' title="bbox 327 4852 1904 4929; baseline 0.008 -23"><span class='ocrx_word' id='word_1_408' title='bbox 327 4869 453 4906; x_wconf 84' lang='lat' dir='ltr'><strong>num</strong></span> <span class='ocrx_word' id='word_1_409' title='bbox 475 4863 546 4908; x_wconf 86' lang='lat' dir='ltr'><strong>est</strong></span> <span class='ocrx_word' id='word_1_410' title='bbox 567 4852 746 4923; x_wconf 87' lang='lat' dir='ltr'><strong>(Psal.</strong></span> <span class='ocrx_word' id='word_1_411' title='bbox 769 4871 931 4922; x_wconf 76' lang='lat' dir='ltr'><strong>Lxxn,</strong></span> <span class='ocrx_word' id='word_1_412' title='bbox 953 4855 1077 4927; x_wconf 73' lang='grc'><strong>28).</strong></span> <span class='ocrx_word' id='word_1_413' title='bbox 1103 4858 1382 4913; x_wconf 73' lang='lat' dir='ltr'><strong>Adbmsisti</strong></span> <span class='ocrx_word' id='word_1_414' title='bbox 1411 4861 1538 4921; x_wconf 88' lang='lat' dir='ltr'><strong>Deo.</strong></span> <span class='ocrx_word' id='word_1_415' title='bbox 1564 4862 1724 4917; x_wconf 84' lang='lat' dir='ltr'><strong>finisti</strong></span> <span class='ocrx_word' id='word_1_416' title='bbox 1745 4864 1904 4929; x_wconf 82' lang='lat' dir='ltr'><strong>viam;</strong></span> 
     </span>
    </p>
   </div>
   <div class='ocr_carea' id='block_1_50' title="bbox 328 4943 1956 5022">
    <p class='ocr_par' dir='ltr' id='par_1_50' title="bbox 328 4943 1956 5022">
     <span class='ocr_line' id='line_1_50' title="bbox 328 4943 1956 5022; baseline 0.008 -25"><span class='ocrx_word' id='word_1_417' title='bbox 328 4943 672 5013; x_wconf 87' lang='lat' dir='ltr'><strong>permanebis</strong></span> <span class='ocrx_word' id='word_1_418' title='bbox 722 4945 777 4999; x_wconf 92' lang='lat' dir='ltr'><strong>in</strong></span> <span class='ocrx_word' id='word_1_419' title='bbox 819 4947 1005 5015; x_wconf 90' lang='lat' dir='ltr'><strong>patria.</strong></span> <span class='ocrx_word' id='word_1_420' title='bbox 1057 4947 1336 5006; x_wconf 86' lang='lat' dir='ltr'><strong>lntendite.</strong></span> <span class='ocrx_word' id='word_1_421' title='bbox 1389 4950 1671 5006; x_wconf 83' lang='lat' dir='ltr'><strong>Pecuniam</strong></span> <span class='ocrx_word' id='word_1_422' title='bbox 1721 4953 1956 5022; x_wconf 67' lang='lat' dir='ltr'><strong>aliquis’</strong></span> 
     </span>
    </p>
   </div>
   <div class='ocr_carea' id='block_1_51' title="bbox 325 5036 1906 5115">
    <p class='ocr_par' dir='ltr' id='par_1_51' title="bbox 325 5036 1906 5115">
     <span class='ocr_line' id='line_1_51' title="bbox 325 5036 1906 5115; baseline 0.007 -26"><span class='ocrx_word' id='word_1_423' title='bbox 325 5036 550 5104; x_wconf 69' lang='lat' dir='ltr'><strong>quierit;</strong></span> <span class='ocrx_word' id='word_1_424' title='bbox 573 5052 679 5091; x_wconf 91' lang='lat' dir='ltr'><strong>non</strong></span> <span class='ocrx_word' id='word_1_425' title='bbox 699 5039 770 5092; x_wconf 91' lang='lat' dir='ltr'><strong>sit</strong></span> <span class='ocrx_word' id='word_1_426' title='bbox 788 5037 881 5093; x_wconf 89' lang='lat' dir='ltr'><strong>tibi</strong></span> <span class='ocrx_word' id='word_1_427' title='bbox 907 5038 1058 5105; x_wconf 85' lang='lat' dir='ltr'><strong>linis:</strong></span> <span class='ocrx_word' id='word_1_428' title='bbox 1079 5042 1242 5096; x_wconf 88' lang='lat' dir='ltr'><strong>transi</strong></span> <span class='ocrx_word' id='word_1_429' title='bbox 1266 5041 1282 5072; x_wconf 80' lang='grc'>¹</span> <span class='ocrx_word' id='word_1_430' title='bbox 1310 5050 1556 5112; x_wconf 90' lang='lat' dir='ltr'><strong>tanquam</strong></span> <span class='ocrx_word' id='word_1_431' title='bbox 1578 5046 1906 5115; x_wconf 82' lang='lat' dir='ltr'><strong>peregrinus.</strong></span> 
     </span>
    </p>
   </div>
   <div class='ocr_carea' id='block_1_52' title="bbox 326 5127 1908 5198">
    <p class='ocr_par' dir='ltr' id='par_1_52' title="bbox 326 5127 1908 5198">
     <span class='ocr_line' id='line_1_52' title="bbox 326 5127 1908 5198; baseline 0.008 -18"><span class='ocrx_word' id='word_1_432' title='bbox 326 5127 521 5194; x_wconf 78' lang='lat' dir='ltr'><strong>Quzere</strong></span> <span class='ocrx_word' id='word_1_433' title='bbox 559 5128 647 5183; x_wconf 93' lang='lat' dir='ltr'><strong>ubi</strong></span> <span class='ocrx_word' id='word_1_434' title='bbox 692 5138 963 5198; x_wconf 87' lang='lat' dir='ltr'><strong>transeas,</strong></span> <span class='ocrx_word' id='word_1_435' title='bbox 1017 5145 1120 5185; x_wconf 93' lang='lat' dir='ltr'><strong>non</strong></span> <span class='ocrx_word' id='word_1_436' title='bbox 1168 5131 1256 5186; x_wconf 92' lang='lat' dir='ltr'><strong>ubi</strong></span> <span class='ocrx_word' id='word_1_437' title='bbox 1295 5149 1592 5189; x_wconf 88' lang='lat' dir='ltr'><strong>remaneas.</strong></span> <span class='ocrx_word' id='word_1_438' title='bbox 1635 5130 1693 5190; x_wconf 91' lang='lat' dir='ltr'><strong>Si</strong></span> <span class='ocrx_word' id='word_1_439' title='bbox 1729 5145 1908 5192; x_wconf 90' lang='lat' dir='ltr'><strong>autem</strong></span> 
     </span>
    </p>
   </div>
   <div class='ocr_carea' id='block_1_53' title="bbox 325 5220 1908 5292">
    <p class='ocr_par' dir='ltr' id='par_1_53' title="bbox 325 5220 1908 5292">
     <span class='ocr_line' id='line_1_53' title="bbox 325 5220 1908 5292; baseline 0.008 -22"><span class='ocrx_word' id='word_1_440' title='bbox 325 5232 502 5284; x_wconf 87' lang='lat' dir='ltr'><strong>amas,</strong></span> <span class='ocrx_word' id='word_1_441' title='bbox 529 5233 626 5288; x_wconf 88' lang='lat' dir='ltr'><strong>per</strong></span> <span class='ocrx_word' id='word_1_442' title='bbox 647 5220 922 5276; x_wconf 88' lang='lat' dir='ltr'><strong>avaritiam</strong></span> <span class='ocrx_word' id='word_1_443' title='bbox 953 5222 1252 5292; x_wconf 85' lang='lat' dir='ltr'><strong>implicatus</strong></span> <span class='ocrx_word' id='word_1_444' title='bbox 1277 5239 1337 5278; x_wconf 89' lang='lat' dir='ltr'><strong>es</strong></span> <span class='ocrx_word' id='word_1_445' title='bbox 1375 5241 1388 5278; x_wconf 90' lang='lat'><strong>:</strong></span> <span class='ocrx_word' id='word_1_446' title='bbox 1433 5226 1535 5280; x_wconf 88' lang='lat' dir='ltr'><strong>erit</strong></span> <span class='ocrx_word' id='word_1_447' title='bbox 1561 5226 1653 5281; x_wconf 90' lang='lat' dir='ltr'><strong>tibi</strong></span> <span class='ocrx_word' id='word_1_448' title='bbox 1689 5228 1908 5282; x_wconf 88' lang='lat' dir='ltr'><strong>avaritia</strong></span> 
     </span>
    </p>
   </div>
   <div class='ocr_carea' id='block_1_54' title="bbox 327 5313 1909 5392">
    <p class='ocr_par' dir='ltr' id='par_1_54' title="bbox 327 5313 1909 5392">
     <span class='ocr_line' id='line_1_54' title="bbox 327 5313 1909 5392; baseline 0.008 -28"><span class='ocrx_word' id='word_1_449' title='bbox 327 5321 516 5385; x_wconf 85' lang='lat' dir='ltr'><strong>catena</strong></span> <span class='ocrx_word' id='word_1_450' title='bbox 545 5313 735 5383; x_wconf 85' lang='lat' dir='ltr'><strong>pedum</strong></span> <span class='ocrx_word' id='word_1_451' title='bbox 761 5330 777 5380; x_wconf 88' lang='lat'><strong>;</strong></span> <span class='ocrx_word' id='word_1_452' title='bbox 811 5315 947 5369; x_wconf 91' lang='lat' dir='ltr'><strong>ultra</strong></span> <span class='ocrx_word' id='word_1_453' title='bbox 979 5315 1220 5386; x_wconf 82' lang='lat' dir='ltr'><strong>progredi</strong></span> <span class='ocrx_word' id='word_1_454' title='bbox 1246 5332 1350 5371; x_wconf 92' lang='lat' dir='ltr'><strong>non</strong></span> <span class='ocrx_word' id='word_1_455' title='bbox 1374 5326 1544 5386; x_wconf 89' lang='lat' dir='ltr'><strong>potes.</strong></span> <span class='ocrx_word' id='word_1_456' title='bbox 1569 5318 1755 5375; x_wconf 88' lang='lat' dir='ltr'><strong>Transi</strong></span> <span class='ocrx_word' id='word_1_457' title='bbox 1783 5336 1909 5392; x_wconf 86' lang='lat' dir='ltr'><strong>ergo</strong></span> 
     </span>
    </p>
   </div>
   <div class='ocr_carea' id='block_1_55' title="bbox 327 5404 1910 5481">
    <p class='ocr_par' dir='ltr' id='par_1_55' title="bbox 327 5404 1910 5481">
     <span class='ocr_line' id='line_1_55' title="bbox 327 5404 1910 5481; baseline 0.008 -23"><span class='ocrx_word' id='word_1_458' title='bbox 327 5412 386 5458; x_wconf 87' lang='lat' dir='ltr'><strong>ct</strong></span> <span class='ocrx_word' id='word_1_459' title='bbox 413 5404 548 5471; x_wconf 82' lang='lat' dir='ltr'><strong>hoc;</strong></span> <span class='ocrx_word' id='word_1_460' title='bbox 580 5421 758 5476; x_wconf 77' lang='lat' dir='ltr'><strong>quaere</strong></span> <span class='ocrx_word' id='word_1_461' title='bbox 783 5407 960 5462; x_wconf 82' lang='lat' dir='ltr'><strong>linem.</strong></span> <span class='ocrx_word' id='word_1_462' title='bbox 987 5408 1220 5472; x_wconf 84' lang='lat' dir='ltr'><strong>Salutem</strong></span> <span class='ocrx_word' id='word_1_463' title='bbox 1241 5411 1478 5480; x_wconf 90' lang='lat' dir='ltr'><strong>corporis</strong></span> <span class='ocrx_word' id='word_1_464' title='bbox 1502 5413 1716 5481; x_wconf 70' lang='lat' dir='ltr'><strong>quieris,</strong></span> <span class='ocrx_word' id='word_1_465' title='bbox 1738 5415 1910 5471; x_wconf 87' lang='lat' dir='ltr'><strong>adhuc</strong></span> 
     </span>
    </p>
   </div>
   <div class='ocr_carea' id='block_1_56' title="bbox 327 5496 1906 5576">
    <p class='ocr_par' dir='ltr' id='par_1_56' title="bbox 327 5496 1906 5576">
     <span class='ocr_line' id='line_1_56' title="bbox 327 5496 1906 5576; baseline 0.009 -27"><span class='ocrx_word' id='word_1_466' title='bbox 327 5496 442 5550; x_wconf 88' lang='lat' dir='ltr'><strong>noli</strong></span> <span class='ocrx_word' id='word_1_467' title='bbox 484 5497 556 5552; x_wconf 90' lang='lat' dir='ltr'><strong>ibi</strong></span> <span class='ocrx_word' id='word_1_468' title='bbox 584 5514 878 5556; x_wconf 90' lang='lat' dir='ltr'><strong>remanere.</strong></span> <span class='ocrx_word' id='word_1_469' title='bbox 906 5500 1036 5569; x_wconf 73' lang='lat' dir='ltr'><strong>Quae</strong></span> <span class='ocrx_word' id='word_1_470' title='bbox 1062 5510 1146 5557; x_wconf 91' lang='lat' dir='ltr'><strong>est</strong></span> <span class='ocrx_word' id='word_1_471' title='bbox 1186 5503 1327 5558; x_wconf 89' lang='lat' dir='ltr'><strong>enim</strong></span> <span class='ocrx_word' id='word_1_472' title='bbox 1356 5503 1454 5558; x_wconf 89' lang='lat' dir='ltr'><strong>ista</strong></span> <span class='ocrx_word' id='word_1_473' title='bbox 1483 5506 1626 5570; x_wconf 81' lang='lat' dir='ltr'><strong>salus</strong></span> <span class='ocrx_word' id='word_1_474' title='bbox 1648 5509 1906 5576; x_wconf 77' lang='lat' dir='ltr'><strong>corporis,</strong></span> 
     </span>
    </p>
   </div>
   <div class='ocr_carea' id='block_1_57' title="bbox 328 5593 1913 5669">
    <p class='ocr_par' dir='ltr' id='par_1_57' title="bbox 328 5593 1913 5669">
     <span class='ocr_line' id='line_1_57' title="bbox 328 5593 1913 5669; baseline 0.011 -30"><span class='ocrx_word' id='word_1_475' title='bbox 328 5602 452 5657; x_wconf 79' lang='lat' dir='ltr'><strong>qua:</strong></span> <span class='ocrx_word' id='word_1_476' title='bbox 476 5598 650 5644; x_wconf 90' lang='lat' dir='ltr'><strong>morte</strong></span> <span class='ocrx_word' id='word_1_477' title='bbox 676 5593 972 5660; x_wconf 82' lang='lat' dir='ltr'><strong>perimitur,</strong></span> <span class='ocrx_word' id='word_1_478' title='bbox 995 5608 1112 5663; x_wconf 65' lang='lat' dir='ltr'><strong>quae</strong></span> <span class='ocrx_word' id='word_1_479' title='bbox 1134 5595 1445 5666; x_wconf 74' lang='lat' dir='ltr'><strong>aegritudine</strong></span> <span class='ocrx_word' id='word_1_480' title='bbox 1471 5596 1792 5669; x_wconf 84' lang='lat' dir='ltr'><strong>debilitatur,</strong></span> <span class='ocrx_word' id='word_1_481' title='bbox 1822 5600 1913 5658; x_wconf 88' lang='lat' dir='ltr'><strong>fri-</strong></span> 
     </span>
    </p>
   </div>
   <div class='ocr_carea' id='block_1_58' title="bbox 389 5721 1914 5801">
    <p class='ocr_par' dir='ltr' id='par_1_58' title="bbox 389 5721 1914 5801">
     <span class='ocr_line' id='line_1_58' title="bbox 389 5721 1914 5801; baseline 0.017 -34"><span class='ocrx_word' id='word_1_482' title='bbox 389 5721 756 5801; x_wconf 29' lang='grc' dir='ltr'><strong>ξιι-ξιυέιιιξςξὶεξ</strong></span> <span class='ocrx_word' id='word_1_483' title='bbox 772 5731 912 5801; x_wconf 74' lang='lat' dir='ltr'><strong>ve_r_:.,</strong></span> <span class='ocrx_word' id='word_1_484' title='bbox 936 5738 1027 5777; x_wconf 89' lang='lat' dir='ltr'><strong>non</strong></span> <span class='ocrx_word' id='word_1_485' title='bbox 1044 5724 1107 5778; x_wconf 88' lang='lat' dir='ltr'><strong>sit</strong></span> <span class='ocrx_word' id='word_1_486' title='bbox 1121 5725 1187 5780; x_wconf 85' lang='lat' dir='ltr'><strong>ibi</strong></span> <span class='ocrx_word' id='word_1_487' title='bbox 1205 5726 1336 5794; x_wconf 75' lang='lat' dir='ltr'><strong>ﬁnis.</strong></span> <span class='ocrx_word' id='word_1_488' title='bbox 1367 5730 1568 5785; x_wconf 85' lang='lat' dir='ltr'><strong>Transit.</strong></span> <span class='ocrx_word' id='word_1_489' title='bbox 1590 5740 1720 5801; x_wconf 85' lang='lat' dir='ltr'><strong>Lov.,</strong></span> <span class='ocrx_word' id='word_1_490' title='bbox 1743 5749 1835 5790; x_wconf 86' lang='lat' dir='ltr'><strong>non</strong></span> <span class='ocrx_word' id='word_1_491' title='bbox 1853 5739 1914 5794; x_wconf 79' lang='lat' dir='ltr'><strong>sit</strong></span> 
     </span>
    </p>
   </div>
   <div class='ocr_carea' id='block_1_59' title="bbox 327 5775 884 5836">
    <p class='ocr_par' dir='ltr' id='par_1_59' title="bbox 327 5775 884 5836">
     <span class='ocr_line' id='line_1_59' title="bbox 327 5775 884 5836; baseline 0.009 -5"><span class='ocrx_word' id='word_1_492' title='bbox 327 5775 400 5832; x_wconf 69' lang='lat' dir='ltr'><strong>tbi</strong></span> <span class='ocrx_word' id='word_1_493' title='bbox 422 5777 530 5835; x_wconf 73' lang='lat' dir='ltr'><strong>ﬁnis</strong></span> <span class='ocrx_word' id='word_1_494' title='bbox 579 5775 762 5835; x_wconf 70' lang='lat' dir='ltr'><strong>frausi.</strong></span> <span class='ocrx_word' id='word_1_495' title='bbox 828 5795 884 5836; x_wconf 68' lang='lat' dir='ltr'><strong>at.</strong></span> 
     </span>
    </p>
   </div>
   <div class='ocr_carea' id='block_1_60' title="bbox 614 5860 1281 5935">
    <p class='ocr_par' dir='ltr' id='par_1_60' title="bbox 614 5860 1281 5935">
     <span class='ocr_line' id='line_1_60' title="bbox 614 5860 1281 5935; baseline 0.01 -9"><span class='ocrx_word' id='word_1_496' title='bbox 614 5860 836 5930; x_wconf 72' lang='lat' dir='ltr'><strong>SANGT.</strong></span> <span class='ocrx_word' id='word_1_497' title='bbox 869 5870 1143 5933; x_wconf 79' lang='lat' dir='ltr'><strong>Acansr.</strong></span> <span class='ocrx_word' id='word_1_498' title='bbox 1174 5873 1281 5935; x_wconf 86' lang='lat' dir='ltr'><strong>Ill.</strong></span> 
     </span>
    </p>
   </div>
   <div class='ocr_carea' id='block_1_61' title="bbox 1509 335 2387 396">
    <p class='ocr_par' dir='ltr' id='par_1_61' title="bbox 1509 335 2387 396">
     <span class='ocr_line' id='line_1_61' title="bbox 1509 335 2387 396; baseline 0.003 -3"><span class='ocrx_word' id='word_1_499' title='bbox 1509 335 1915 394; x_wconf 75' lang='lat' dir='ltr'><strong>&#39;I‘llACTATUS</strong></span> <span class='ocrx_word' id='word_1_500' title='bbox 1956 335 2020 390; x_wconf 75' lang='grc' dir='ltr'><strong>Χ.</strong></span> <span class='ocrx_word' id='word_1_501' title='bbox 2062 338 2286 396; x_wconf 75' lang='lat' dir='ltr'><strong>CAPUT</strong></span> <span class='ocrx_word' id='word_1_502' title='bbox 2328 342 2387 396; x_wconf 86' lang='lat' dir='ltr'><strong>V.</strong></span> 
     </span>
    </p>
   </div>
   <div class='ocr_carea' id='block_1_62' title="bbox 3429 364 3602 419">
    <p class='ocr_par' dir='ltr' id='par_1_62' title="bbox 3429 364 3602 419">
     <span class='ocr_line' id='line_1_62' title="bbox 3429 364 3602 419; baseline 0.023 -4"><span class='ocrx_word' id='word_1_503' title='bbox 3429 364 3568 419; x_wconf 63' lang='lat'><strong>9.038</strong></span> <span class='ocrx_word' id='word_1_504' title='bbox 3599 366 3602 373; x_wconf 91' lang='grc'><strong>’</strong></span> 
     </span>
    </p>
   </div>
   <div class='ocr_carea' id='block_1_63' title="bbox 2014 453 3586 542">
    <p class='ocr_par' dir='ltr' id='par_1_63' title="bbox 2014 453 3586 542">
     <span class='ocr_line' id='line_1_63' title="bbox 2014 453 3586 542; baseline 0.019 -37"><span class='ocrx_word' id='word_1_505' title='bbox 2014 453 2150 520; x_wconf 89' lang='lat' dir='ltr'><strong>vola,</strong></span> <span class='ocrx_word' id='word_1_506' title='bbox 2183 457 2437 525; x_wconf 89' lang='lat' dir='ltr'><strong>mortalis,</strong></span> <span class='ocrx_word' id='word_1_507' title='bbox 2466 459 2604 515; x_wconf 83' lang='lat' dir='ltr'><strong>ﬂuxa</strong></span> <span class='ocrx_word' id='word_1_508' title='bbox 2625 461 2648 516; x_wconf 90' lang='lat'><strong>?</strong></span> <span class='ocrx_word' id='word_1_509' title='bbox 2667 461 2856 531; x_wconf 74' lang='lat' dir='ltr'><strong>Quaere</strong></span> <span class='ocrx_word' id='word_1_510' title='bbox 2879 464 3046 535; x_wconf 90' lang='lat' dir='ltr'><strong>illam,</strong></span> <span class='ocrx_word' id='word_1_511' title='bbox 3077 484 3143 524; x_wconf 89' lang='lat' dir='ltr'><strong>ne</strong></span> <span class='ocrx_word' id='word_1_512' title='bbox 3171 471 3422 542; x_wconf 89' lang='lat' dir='ltr'><strong>impediat</strong></span> <span class='ocrx_word' id='word_1_513' title='bbox 3450 479 3586 535; x_wconf 84' lang='lat' dir='ltr'><strong>forte</strong></span> 
     </span>
    </p>
   </div>
   <div class='ocr_carea' id='block_1_64' title="bbox 2016 545 3586 632">
    <p class='ocr_par' dir='ltr' id='par_1_64' title="bbox 2016 545 3586 632">
     <span class='ocr_line' id='line_1_64' title="bbox 2016 545 3586 632; baseline 0.02 -36"><span class='ocrx_word' id='word_1_514' title='bbox 2016 545 2251 600; x_wconf 90' lang='lat' dir='ltr'><strong>morbida</strong></span> <span class='ocrx_word' id='word_1_515' title='bbox 2289 549 2533 606; x_wconf 86' lang='lat' dir='ltr'><strong>valetudo</strong></span> <span class='ocrx_word' id='word_1_516' title='bbox 2561 567 2721 622; x_wconf 88' lang='lat' dir='ltr'><strong>opera</strong></span> <span class='ocrx_word' id='word_1_517' title='bbox 2762 564 2848 611; x_wconf 86' lang='lat' dir='ltr'><strong>tua</strong></span> <span class='ocrx_word' id='word_1_518' title='bbox 2882 557 3039 613; x_wconf 90' lang='lat' dir='ltr'><strong>bona.</strong></span> <span class='ocrx_word' id='word_1_519' title='bbox 3088 559 3229 632; x_wconf 85' lang='lat' dir='ltr'><strong>Ergo</strong></span> <span class='ocrx_word' id='word_1_520' title='bbox 3260 579 3366 620; x_wconf 92' lang='lat' dir='ltr'><strong>non</strong></span> <span class='ocrx_word' id='word_1_521' title='bbox 3395 578 3475 624; x_wconf 89' lang='lat' dir='ltr'><strong>est</strong></span> <span class='ocrx_word' id='word_1_522' title='bbox 3515 571 3586 628; x_wconf 89' lang='lat' dir='ltr'><strong>ibi</strong></span> 
     </span>
    </p>
   </div>
   <div class='ocr_carea' id='block_1_65' title="bbox 2016 636 3590 730">
    <p class='ocr_par' dir='ltr' id='par_1_65' title="bbox 2016 636 3590 730">
     <span class='ocr_line' id='line_1_65' title="bbox 2016 636 3590 730; baseline 0.018 -42"><span class='ocrx_word' id='word_1_523' title='bbox 2016 636 2170 730; x_wconf 75' lang='lat' dir='ltr'><strong>finis;</strong></span> <span class='ocrx_word' id='word_1_524' title='bbox 2202 641 2324 709; x_wconf 89' lang='lat' dir='ltr'><strong>quia</strong></span> <span class='ocrx_word' id='word_1_525' title='bbox 2359 654 2575 713; x_wconf 88' lang='lat' dir='ltr'><strong>propter</strong></span> <span class='ocrx_word' id='word_1_526' title='bbox 2592 644 2734 701; x_wconf 90' lang='lat' dir='ltr'><strong>aliud</strong></span> <span class='ocrx_word' id='word_1_527' title='bbox 2761 650 3030 718; x_wconf 75' lang='lat' dir='ltr'><strong>quaeritur.</strong></span> <span class='ocrx_word' id='word_1_528' title='bbox 3061 652 3322 724; x_wconf 86' lang='lat' dir='ltr'><strong>Quidquid</strong></span> <span class='ocrx_word' id='word_1_529' title='bbox 3372 673 3590 730; x_wconf 86' lang='lat' dir='ltr'><strong>propter</strong></span> 
     </span>
    </p>
   </div>
   <div class='ocr_carea' id='block_1_66' title="bbox 2014 727 3590 819">
    <p class='ocr_par' dir='ltr' id='par_1_66' title="bbox 2014 727 3590 819">
     <span class='ocr_line' id='line_1_66' title="bbox 2014 727 3590 819; baseline 0.019 -40"><span class='ocrx_word' id='word_1_530' title='bbox 2014 727 2154 783; x_wconf 89' lang='lat' dir='ltr'><strong>aliud</strong></span> <span class='ocrx_word' id='word_1_531' title='bbox 2175 733 2442 799; x_wconf 74' lang='lat' dir='ltr'><strong>qumritur,</strong></span> <span class='ocrx_word' id='word_1_532' title='bbox 2464 751 2568 790; x_wconf 92' lang='lat' dir='ltr'><strong>non</strong></span> <span class='ocrx_word' id='word_1_533' title='bbox 2589 746 2671 792; x_wconf 90' lang='lat' dir='ltr'><strong>est</strong></span> <span class='ocrx_word' id='word_1_534' title='bbox 2692 737 2760 792; x_wconf 91' lang='lat' dir='ltr'><strong>ibi</strong></span> <span class='ocrx_word' id='word_1_535' title='bbox 2784 739 2901 795; x_wconf 81' lang='lat' dir='ltr'><strong>linis</strong></span> <span class='ocrx_word' id='word_1_536' title='bbox 2919 759 2934 795; x_wconf 91' lang='lat'><strong>:</strong></span> <span class='ocrx_word' id='word_1_537' title='bbox 2953 743 3201 814; x_wconf 92' lang='lat' dir='ltr'><strong>quidquid</strong></span> <span class='ocrx_word' id='word_1_538' title='bbox 3223 727 3436 819; x_wconf 79' lang='lat' dir='ltr'><strong>propter</strong></span> <span class='ocrx_word' id='word_1_539' title='bbox 3454 727 3512 807; x_wconf 76' lang='lat' dir='ltr'><strong>se</strong></span> <span class='ocrx_word' id='word_1_540' title='bbox 3530 762 3590 810; x_wconf 89' lang='lat' dir='ltr'><strong>et</strong></span> 
     </span>
    </p>
   </div>
   <div class='ocr_carea' id='block_1_67' title="bbox 2013 823 3590 907">
    <p class='ocr_par' dir='ltr' id='par_1_67' title="bbox 2013 823 3590 907">
     <span class='ocr_line' id='line_1_67' title="bbox 2013 823 3590 907; baseline 0.018 -35"><span class='ocrx_word' id='word_1_541' title='bbox 2013 823 2175 891; x_wconf 80' lang='lat' dir='ltr'><strong>gratis</strong></span> <span class='ocrx_word' id='word_1_542' title='bbox 2191 825 2462 894; x_wconf 41' lang='lat' dir='ltr'><strong>quarritur,</strong></span> <span class='ocrx_word' id='word_1_543' title='bbox 2486 828 2554 883; x_wconf 92' lang='lat' dir='ltr'><strong>ibi</strong></span> <span class='ocrx_word' id='word_1_544' title='bbox 2583 838 2666 884; x_wconf 86' lang='lat' dir='ltr'><strong>est</strong></span> <span class='ocrx_word' id='word_1_545' title='bbox 2694 830 2830 888; x_wconf 80' lang='lat' dir='ltr'><strong>linis.</strong></span> <span class='ocrx_word' id='word_1_546' title='bbox 2853 833 3056 902; x_wconf 69' lang='lat' dir='ltr'><strong>Quazris</strong></span> <span class='ocrx_word' id='word_1_547' title='bbox 3077 838 3339 907; x_wconf 89' lang='lat' dir='ltr'><strong>honores;</strong></span> <span class='ocrx_word' id='word_1_548' title='bbox 3369 842 3503 900; x_wconf 91' lang='lat' dir='ltr'><strong>forte</strong></span> <span class='ocrx_word' id='word_1_549' title='bbox 3521 847 3590 902; x_wconf 90' lang='lat' dir='ltr'><strong>ad</strong></span> 
     </span>
    </p>
   </div>
   <div class='ocr_carea' id='block_1_68' title="bbox 2014 911 3589 1003">
    <p class='ocr_par' dir='ltr' id='par_1_68' title="bbox 2014 911 3589 1003">
     <span class='ocr_line' id='line_1_68' title="bbox 2014 911 3589 1003; baseline 0.018 -40"><span class='ocrx_word' id='word_1_550' title='bbox 2014 911 2209 980; x_wconf 90' lang='lat' dir='ltr'><strong>aliquid</strong></span> <span class='ocrx_word' id='word_1_551' title='bbox 2225 915 2483 983; x_wconf 85' lang='lat' dir='ltr'><strong>agendum</strong></span> <span class='ocrx_word' id='word_1_552' title='bbox 2508 921 2719 988; x_wconf 67' lang='lat' dir='ltr'><strong>quaeris,</strong></span> <span class='ocrx_word' id='word_1_553' title='bbox 2738 931 2796 976; x_wconf 92' lang='lat' dir='ltr'><strong>ut</strong></span> <span class='ocrx_word' id='word_1_554' title='bbox 2815 939 3034 995; x_wconf 84' lang='lat' dir='ltr'><strong>peragas</strong></span> <span class='ocrx_word' id='word_1_555' title='bbox 3059 928 3275 998; x_wconf 90' lang='lat' dir='ltr'><strong>aliquid,</strong></span> <span class='ocrx_word' id='word_1_556' title='bbox 3298 941 3357 986; x_wconf 89' lang='lat' dir='ltr'><strong>ut</strong></span> <span class='ocrx_word' id='word_1_557' title='bbox 3380 935 3589 1003; x_wconf 88' lang='lat' dir='ltr'><strong>placeas</strong></span> 
     </span>
    </p>
   </div>
   <div class='ocr_carea' id='block_1_69' title="bbox 2017 1003 3597 1087">
    <p class='ocr_par' dir='ltr' id='par_1_69' title="bbox 2017 1003 3597 1087">
     <span class='ocr_line' id='line_1_69' title="bbox 2017 1003 3597 1087; baseline 0.019 -31"><span class='ocrx_word' id='word_1_558' title='bbox 2017 1003 2125 1058; x_wconf 91' lang='lat' dir='ltr'><strong>Deo</strong></span> <span class='ocrx_word' id='word_1_559' title='bbox 2156 1022 2168 1057; x_wconf 91' lang='lat'><strong>:</strong></span> <span class='ocrx_word' id='word_1_560' title='bbox 2197 1007 2304 1061; x_wconf 90' lang='lat' dir='ltr'><strong>noli</strong></span> <span class='ocrx_word' id='word_1_561' title='bbox 2333 1008 2503 1076; x_wconf 91' lang='lat' dir='ltr'><strong>ipsum</strong></span> <span class='ocrx_word' id='word_1_562' title='bbox 2543 1012 2798 1069; x_wconf 89' lang='lat' dir='ltr'><strong>honorem</strong></span> <span class='ocrx_word' id='word_1_563' title='bbox 2827 1031 3039 1087; x_wconf 88' lang='lat' dir='ltr'><strong>amare,</strong></span> <span class='ocrx_word' id='word_1_564' title='bbox 3068 1037 3136 1076; x_wconf 90' lang='lat' dir='ltr'><strong>ne</strong></span> <span class='ocrx_word' id='word_1_565' title='bbox 3175 1024 3248 1078; x_wconf 91' lang='lat' dir='ltr'><strong>ibi</strong></span> <span class='ocrx_word' id='word_1_566' title='bbox 3289 1042 3597 1086; x_wconf 88' lang='lat' dir='ltr'><strong>remaneas.-</strong></span> 
     </span>
    </p>
   </div>
   <div class='ocr_carea' id='block_1_70' title="bbox 2015 1093 3592 1190">
    <p class='ocr_par' dir='ltr' id='par_1_70' title="bbox 2015 1093 3592 1190">
     <span class='ocr_line' id='line_1_70' title="bbox 2015 1093 3592 1190; baseline 0.02 -45"><span class='ocrx_word' id='word_1_567' title='bbox 2015 1093 2469 1160; x_wconf 66' lang='lat' dir='ltr'><strong>Quazrislaudem?</strong></span> <span class='ocrx_word' id='word_1_568' title='bbox 2487 1100 2542 1154; x_wconf 89' lang='lat' dir='ltr'><strong>Si</strong></span> <span class='ocrx_word' id='word_1_569' title='bbox 2563 1101 2655 1157; x_wconf 86' lang='lat' dir='ltr'><strong>Dei</strong></span> <span class='ocrx_word' id='word_1_570' title='bbox 2673 1107 2885 1174; x_wconf 71' lang='lat' dir='ltr'><strong>quieris,</strong></span> <span class='ocrx_word' id='word_1_571' title='bbox 2905 1108 3040 1164; x_wconf 89' lang='lat' dir='ltr'><strong>bene</strong></span> <span class='ocrx_word' id='word_1_572' title='bbox 3058 1111 3211 1168; x_wconf 87' lang='lat' dir='ltr'><strong>facis:</strong></span> <span class='ocrx_word' id='word_1_573' title='bbox 3231 1116 3274 1170; x_wconf 87' lang='lat' dir='ltr'><strong>si</strong></span> <span class='ocrx_word' id='word_1_574' title='bbox 3294 1125 3432 1172; x_wconf 91' lang='lat' dir='ltr'><strong>tuam</strong></span> <span class='ocrx_word' id='word_1_575' title='bbox 3453 1137 3592 1190; x_wconf 76' lang='lat' dir='ltr'><strong>quie-</strong></span> 
     </span>
    </p>
   </div>
   <div class='ocr_carea' id='block_1_71' title="bbox 2015 1185 3586 1276">
    <p class='ocr_par' dir='ltr' id='par_1_71' title="bbox 2015 1185 3586 1276">
     <span class='ocr_line' id='line_1_71' title="bbox 2015 1185 3586 1276; baseline 0.018 -38"><span class='ocrx_word' id='word_1_576' title='bbox 2015 1185 2089 1239; x_wconf 88' lang='lat' dir='ltr'><strong>ris</strong></span> <span class='ocrx_word' id='word_1_577' title='bbox 2108 1227 2123 1252; x_wconf 95' lang='lat'><strong>,</strong></span> <span class='ocrx_word' id='word_1_578' title='bbox 2158 1189 2296 1244; x_wconf 82' lang='lat' dir='ltr'><strong>male</strong></span> <span class='ocrx_word' id='word_1_579' title='bbox 2335 1189 2497 1254; x_wconf 86' lang='lat' dir='ltr'><strong>facis;</strong></span> <span class='ocrx_word' id='word_1_580' title='bbox 2527 1208 2767 1250; x_wconf 87' lang='lat' dir='ltr'><strong>remanes</strong></span> <span class='ocrx_word' id='word_1_581' title='bbox 2787 1197 2838 1252; x_wconf 93' lang='lat' dir='ltr'><strong>in</strong></span> <span class='ocrx_word' id='word_1_582' title='bbox 2867 1199 2967 1253; x_wconf 85' lang='lat' dir='ltr'><strong>via.</strong></span> <span class='ocrx_word' id='word_1_583' title='bbox 2999 1201 3102 1256; x_wconf 91' lang='lat' dir='ltr'><strong>Sed</strong></span> <span class='ocrx_word' id='word_1_584' title='bbox 3132 1219 3258 1261; x_wconf 92' lang='lat' dir='ltr'><strong>ecce</strong></span> <span class='ocrx_word' id='word_1_585' title='bbox 3277 1185 3551 1266; x_wconf 37' lang='lat' dir='ltr'><strong>amaris-tu</strong></span> <span class='ocrx_word' id='word_1_586' title='bbox 3570 1253 3586 1276; x_wconf 91' lang='lat'><strong>,</strong></span> 
     </span>
    </p>
   </div>
   <div class='ocr_carea' id='block_1_72' title="bbox 1993 1276 3592 1365">
    <p class='ocr_par' dir='ltr' id='par_1_72' title="bbox 1993 1276 3592 1365">
     <span class='ocr_line' id='line_1_72' title="bbox 1993 1276 3592 1365; baseline 0.019 -35"><span class='ocrx_word' id='word_1_587' title='bbox 1993 1276 2245 1344; x_wconf 70' lang='lat' dir='ltr'><strong>~laudaris</strong></span> <span class='ocrx_word' id='word_1_588' title='bbox 2271 1299 2284 1335; x_wconf 91' lang='lat'><strong>:</strong></span> <span class='ocrx_word' id='word_1_589' title='bbox 2313 1283 2418 1337; x_wconf 90' lang='lat' dir='ltr'><strong>noli</strong></span> <span class='ocrx_word' id='word_1_590' title='bbox 2441 1287 2691 1354; x_wconf 81' lang='lat' dir='ltr'><strong>gratulari</strong></span> <span class='ocrx_word' id='word_1_591' title='bbox 2715 1291 2926 1357; x_wconf 90' lang='lat' dir='ltr'><strong>quando</strong></span> <span class='ocrx_word' id='word_1_592' title='bbox 2948 1293 2999 1346; x_wconf 93' lang='lat' dir='ltr'><strong>in</strong></span> <span class='ocrx_word' id='word_1_593' title='bbox 3026 1305 3074 1350; x_wconf 89' lang='lat' dir='ltr'><strong>te</strong></span> <span class='ocrx_word' id='word_1_594' title='bbox 3095 1295 3350 1365; x_wconf 86' lang='lat' dir='ltr'><strong>laudaris;</strong></span> <span class='ocrx_word' id='word_1_595' title='bbox 3375 1301 3592 1360; x_wconf 86' lang='lat' dir='ltr'><strong>laudare</strong></span> 
     </span>
    </p>
   </div>
   <div class='ocr_carea' id='block_1_73' title="bbox 2018 1365 3590 1448">
    <p class='ocr_par' dir='ltr' id='par_1_73' title="bbox 2018 1365 3590 1448">
     <span class='ocr_line' id='line_1_73' title="bbox 2018 1365 3590 1448; baseline 0.018 -28"><span class='ocrx_word' id='word_1_596' title='bbox 2018 1365 2070 1420; x_wconf 91' lang='lat' dir='ltr'><strong>in</strong></span> <span class='ocrx_word' id='word_1_597' title='bbox 2093 1368 2333 1437; x_wconf 89' lang='lat' dir='ltr'><strong>Domino,</strong></span> <span class='ocrx_word' id='word_1_598' title='bbox 2357 1382 2413 1426; x_wconf 91' lang='lat' dir='ltr'><strong>ut</strong></span> <span class='ocrx_word' id='word_1_599' title='bbox 2433 1384 2632 1439; x_wconf 89' lang='lat' dir='ltr'><strong>cantes,</strong></span> <span class='ocrx_word' id='word_1_600' title='bbox 2655 1376 2723 1431; x_wconf 83' lang='lat' dir='ltr'><strong>In</strong></span> <span class='ocrx_word' id='word_1_601' title='bbox 2748 1378 2963 1436; x_wconf 87' lang='lat' dir='ltr'><strong>Domino</strong></span> <span class='ocrx_word' id='word_1_602' title='bbox 2983 1383 3268 1442; x_wconf 86' lang='lat' dir='ltr'><strong>laudabitur</strong></span> <span class='ocrx_word' id='word_1_603' title='bbox 3286 1393 3456 1446; x_wconf 87' lang='lat' dir='ltr'><strong>anima</strong></span> <span class='ocrx_word' id='word_1_604' title='bbox 3480 1411 3590 1448; x_wconf 85' lang='lat' dir='ltr'><strong>mea</strong></span> 
     </span>
    </p>
   </div>
   <div class='ocr_carea' id='block_1_74' title="bbox 2018 1459 3586 1552">
    <p class='ocr_par' dir='ltr' id='par_1_74' title="bbox 2018 1459 3586 1552">
     <span class='ocr_line' id='line_1_74' title="bbox 2018 1459 3586 1552; baseline 0.018 -40"><span class='ocrx_word' id='word_1_605' title='bbox 2018 1459 2201 1529; x_wconf 85' lang='lat' dir='ltr'><strong>(Psal.</strong></span> <span class='ocrx_word' id='word_1_606' title='bbox 2232 1479 2407 1520; x_wconf 67' lang='grc' dir='ltr'>χχχιιι</span> <span class='ocrx_word' id='word_1_607' title='bbox 2428 1508 2443 1533; x_wconf 91' lang='grc'><strong>,</strong></span> <span class='ocrx_word' id='word_1_608' title='bbox 2485 1466 2570 1541; x_wconf 77' lang='lat'><strong>5).</strong></span> <span class='ocrx_word' id='word_1_609' title='bbox 2599 1470 2908 1528; x_wconf 87' lang='lat' dir='ltr'><strong>Sermonem</strong></span> <span class='ocrx_word' id='word_1_610' title='bbox 2937 1476 3164 1546; x_wconf 89' lang='lat' dir='ltr'><strong>aliquem</strong></span> <span class='ocrx_word' id='word_1_611' title='bbox 3209 1480 3402 1537; x_wconf 88' lang='lat' dir='ltr'><strong>bonttm</strong></span> <span class='ocrx_word' id='word_1_612' title='bbox 3433 1485 3586 1552; x_wconf 90' lang='lat' dir='ltr'><strong>dicis,</strong></span> 
     </span>
    </p>
   </div>
   <div class='ocr_carea' id='block_1_75' title="bbox 2017 1553 3589 1640">
    <p class='ocr_par' dir='ltr' id='par_1_75' title="bbox 2017 1553 3589 1640">
     <span class='ocr_line' id='line_1_75' title="bbox 2017 1553 3589 1640; baseline 0.018 -35"><span class='ocrx_word' id='word_1_613' title='bbox 2017 1561 2070 1606; x_wconf 90' lang='grc' dir='ltr'><strong>ει</strong></span> <span class='ocrx_word' id='word_1_614' title='bbox 2097 1553 2338 1612; x_wconf 88' lang='lat' dir='ltr'><strong>laudatur</strong></span> <span class='ocrx_word' id='word_1_615' title='bbox 2365 1572 2543 1613; x_wconf 87' lang='lat' dir='ltr'><strong>sermo</strong></span> <span class='ocrx_word' id='word_1_616' title='bbox 2571 1563 2723 1616; x_wconf 82' lang='lat' dir='ltr'><strong>tuus?</strong></span> <span class='ocrx_word' id='word_1_617' title='bbox 2747 1563 2859 1618; x_wconf 91' lang='lat' dir='ltr'><strong>Non</strong></span> <span class='ocrx_word' id='word_1_618' title='bbox 2887 1567 3126 1623; x_wconf 89' lang='lat' dir='ltr'><strong>laudetur</strong></span> <span class='ocrx_word' id='word_1_619' title='bbox 3149 1573 3298 1640; x_wconf 88' lang='lat' dir='ltr'><strong>quasi</strong></span> <span class='ocrx_word' id='word_1_620' title='bbox 3321 1584 3458 1640; x_wconf 89' lang='lat' dir='ltr'><strong>tuus,</strong></span> <span class='ocrx_word' id='word_1_621' title='bbox 3482 1594 3589 1633; x_wconf 87' lang='lat' dir='ltr'><strong>non</strong></span> 
     </span>
    </p>
   </div>
   <div class='ocr_carea' id='block_1_76' title="bbox 2016 1645 3590 1725">
    <p class='ocr_par' dir='ltr' id='par_1_76' title="bbox 2016 1645 3590 1725">
     <span class='ocr_line' id='line_1_76' title="bbox 2016 1645 3590 1725; baseline 0.018 -28"><span class='ocrx_word' id='word_1_622' title='bbox 2016 1651 2098 1698; x_wconf 89' lang='lat' dir='ltr'><strong>est</strong></span> <span class='ocrx_word' id='word_1_623' title='bbox 2120 1645 2192 1700; x_wconf 89' lang='lat' dir='ltr'><strong>ibi</strong></span> <span class='ocrx_word' id='word_1_624' title='bbox 2220 1646 2356 1703; x_wconf 84' lang='lat' dir='ltr'><strong>finis.</strong></span> <span class='ocrx_word' id='word_1_625' title='bbox 2383 1650 2435 1705; x_wconf 92' lang='lat' dir='ltr'><strong>Si</strong></span> <span class='ocrx_word' id='word_1_626' title='bbox 2465 1651 2534 1706; x_wconf 91' lang='lat' dir='ltr'><strong>ibi</strong></span> <span class='ocrx_word' id='word_1_627' title='bbox 2556 1657 2708 1723; x_wconf 90' lang='lat' dir='ltr'><strong>ponis</strong></span> <span class='ocrx_word' id='word_1_628' title='bbox 2734 1656 2914 1725; x_wconf 88' lang='lat' dir='ltr'><strong>finem,</strong></span> <span class='ocrx_word' id='word_1_629' title='bbox 2944 1659 3140 1718; x_wconf 84' lang='lat' dir='ltr'><strong>finiris:</strong></span> <span class='ocrx_word' id='word_1_630' title='bbox 3170 1666 3262 1719; x_wconf 92' lang='lat' dir='ltr'><strong>sed</strong></span> <span class='ocrx_word' id='word_1_631' title='bbox 3289 1683 3391 1722; x_wconf 92' lang='lat' dir='ltr'><strong>non</strong></span> <span class='ocrx_word' id='word_1_632' title='bbox 3422 1669 3590 1725; x_wconf 83' lang='lat' dir='ltr'><strong>finiris</strong></span> 
     </span>
    </p>
   </div>
   <div class='ocr_carea' id='block_1_77' title="bbox 2015 1734 3588 1828">
    <p class='ocr_par' dir='ltr' id='par_1_77' title="bbox 2015 1734 3588 1828">
     <span class='ocr_line' id='line_1_77' title="bbox 2015 1734 3588 1828; baseline 0.018 -42"><span class='ocrx_word' id='word_1_633' title='bbox 2015 1734 2164 1802; x_wconf 90' lang='lat' dir='ltr'><strong>quasi</strong></span> <span class='ocrx_word' id='word_1_634' title='bbox 2194 1737 2505 1808; x_wconf 81' lang='lat' dir='ltr'><strong>perﬁciaris,</strong></span> <span class='ocrx_word' id='word_1_635' title='bbox 2533 1742 2627 1798; x_wconf 91' lang='lat' dir='ltr'><strong>sed</strong></span> <span class='ocrx_word' id='word_1_636' title='bbox 2665 1743 2832 1800; x_wconf 77' lang='lat' dir='ltr'><strong>ﬁniris</strong></span> <span class='ocrx_word' id='word_1_637' title='bbox 2861 1755 2920 1802; x_wconf 93' lang='lat' dir='ltr'><strong>ut</strong></span> <span class='ocrx_word' id='word_1_638' title='bbox 2941 1756 3288 1810; x_wconf 89' lang='lat' dir='ltr'><strong>consumaris.</strong></span> <span class='ocrx_word' id='word_1_639' title='bbox 3315 1758 3454 1828; x_wconf 85' lang='lat' dir='ltr'><strong>Ergo</strong></span> <span class='ocrx_word' id='word_1_640' title='bbox 3482 1776 3588 1816; x_wconf 90' lang='lat' dir='ltr'><strong>nou</strong></span> 
     </span>
    </p>
   </div>
   <div class='ocr_carea' id='block_1_78' title="bbox 2014 1823 3592 1914">
    <p class='ocr_par' dir='ltr' id='par_1_78' title="bbox 2014 1823 3592 1914">
     <span class='ocr_line' id='line_1_78' title="bbox 2014 1823 3592 1914; baseline 0.018 -36"><span class='ocrx_word' id='word_1_641' title='bbox 2014 1823 2257 1880; x_wconf 90' lang='lat' dir='ltr'><strong>laudetur</strong></span> <span class='ocrx_word' id='word_1_642' title='bbox 2300 1844 2478 1886; x_wconf 91' lang='lat' dir='ltr'><strong>sermo</strong></span> <span class='ocrx_word' id='word_1_643' title='bbox 2520 1841 2638 1889; x_wconf 92' lang='lat' dir='ltr'><strong>tuus</strong></span> <span class='ocrx_word' id='word_1_644' title='bbox 2677 1838 2826 1906; x_wconf 86' lang='lat' dir='ltr'><strong>quasi</strong></span> <span class='ocrx_word' id='word_1_645' title='bbox 2871 1840 2967 1894; x_wconf 89' lang='lat' dir='ltr'><strong>abs</strong></span> <span class='ocrx_word' id='word_1_646' title='bbox 3011 1850 3089 1910; x_wconf 87' lang='lat' dir='ltr'><strong>te,</strong></span> <span class='ocrx_word' id='word_1_647' title='bbox 3134 1848 3282 1914; x_wconf 90' lang='lat' dir='ltr'><strong>quasi</strong></span> <span class='ocrx_word' id='word_1_648' title='bbox 3314 1823 3451 1906; x_wconf 74' lang='lat' dir='ltr'><strong>tuus.</strong></span> <span class='ocrx_word' id='word_1_649' title='bbox 3483 1851 3592 1906; x_wconf 89' lang='lat' dir='ltr'><strong>Sed</strong></span> 
     </span>
    </p>
   </div>
   <div class='ocr_carea' id='block_1_79' title="bbox 2016 1917 3592 2004">
    <p class='ocr_par' dir='ltr' id='par_1_79' title="bbox 2016 1917 3592 2004">
     <span class='ocr_line' id='line_1_79' title="bbox 2016 1917 3592 2004; baseline 0.018 -37"><span class='ocrx_word' id='word_1_650' title='bbox 2016 1917 2282 1983; x_wconf 89' lang='lat' dir='ltr'><strong>quomodo</strong></span> <span class='ocrx_word' id='word_1_651' title='bbox 2306 1919 2586 1979; x_wconf 84' lang='lat' dir='ltr'><strong>laudetur?</strong></span> <span class='ocrx_word' id='word_1_652' title='bbox 2611 1925 2887 1994; x_wconf 91' lang='lat' dir='ltr'><strong>Quomodo</strong></span> <span class='ocrx_word' id='word_1_653' title='bbox 2921 1931 3048 1987; x_wconf 91' lang='lat' dir='ltr'><strong>dicit</strong></span> <span class='ocrx_word' id='word_1_654' title='bbox 3087 1933 3357 2004; x_wconf 89' lang='lat' dir='ltr'><strong>Psalmus,</strong></span> <span class='ocrx_word' id='word_1_655' title='bbox 3387 1938 3453 1994; x_wconf 88' lang='lat' dir='ltr'><strong>In</strong></span> <span class='ocrx_word' id='word_1_656' title='bbox 3481 1940 3592 1996; x_wconf 85' lang='lat' dir='ltr'><strong>Deo</strong></span> 
     </span>
    </p>
   </div>
   <div class='ocr_carea' id='block_1_80' title="bbox 2015 2005 3592 2088">
    <p class='ocr_par' dir='ltr' id='par_1_80' title="bbox 2015 2005 3592 2088">
     <span class='ocr_line' id='line_1_80' title="bbox 2015 2005 3592 2088; baseline 0.019 -31"><span class='ocrx_word' id='word_1_657' title='bbox 2015 2005 2232 2061; x_wconf 86' lang='lat' dir='ltr'><strong>laudabo</strong></span> <span class='ocrx_word' id='word_1_658' title='bbox 2256 2025 2552 2081; x_wconf 87' lang='lat' dir='ltr'><strong>sermonem,</strong></span> <span class='ocrx_word' id='word_1_659' title='bbox 2583 2015 2635 2070; x_wconf 93' lang='lat' dir='ltr'><strong>in</strong></span> <span class='ocrx_word' id='word_1_660' title='bbox 2660 2015 2770 2072; x_wconf 82' lang='lat' dir='ltr'><strong>Deo</strong></span> <span class='ocrx_word' id='word_1_661' title='bbox 2799 2018 3014 2076; x_wconf 82' lang='lat' dir='ltr'><strong>laudabo</strong></span> <span class='ocrx_word' id='word_1_662' title='bbox 3039 2024 3257 2080; x_wconf 87' lang='lat' dir='ltr'><strong>verbum.</strong></span> <span class='ocrx_word' id='word_1_663' title='bbox 3295 2029 3372 2083; x_wconf 89' lang='lat' dir='ltr'><strong>Ex</strong></span> <span class='ocrx_word' id='word_1_664' title='bbox 3403 2030 3505 2085; x_wconf 87' lang='lat' dir='ltr'><strong>hoc</strong></span> <span class='ocrx_word' id='word_1_665' title='bbox 3534 2035 3592 2088; x_wconf 86' lang='lat' dir='ltr'><strong>tit</strong></span> 
     </span>
    </p>
   </div>
   <div class='ocr_carea' id='block_1_81' title="bbox 2015 2096 3590 2184">
    <p class='ocr_par' dir='ltr' id='par_1_81' title="bbox 2015 2096 3590 2184">
     <span class='ocr_line' id='line_1_81' title="bbox 2015 2096 3590 2184; baseline 0.018 -36"><span class='ocrx_word' id='word_1_666' title='bbox 2015 2103 2072 2149; x_wconf 93' lang='lat' dir='ltr'><strong>ut</strong></span> <span class='ocrx_word' id='word_1_667' title='bbox 2099 2096 2188 2151; x_wconf 82' lang='lat' dir='ltr'><strong>fiat</strong></span> <span class='ocrx_word' id='word_1_668' title='bbox 2215 2099 2266 2152; x_wconf 90' lang='lat' dir='ltr'><strong>in</strong></span> <span class='ocrx_word' id='word_1_669' title='bbox 2295 2108 2346 2155; x_wconf 90' lang='lat' dir='ltr'><strong>te</strong></span> <span class='ocrx_word' id='word_1_670' title='bbox 2374 2103 2513 2171; x_wconf 91' lang='lat' dir='ltr'><strong>quod</strong></span> <span class='ocrx_word' id='word_1_671' title='bbox 2542 2107 2793 2176; x_wconf 89' lang='lat' dir='ltr'><strong>sequitur,</strong></span> <span class='ocrx_word' id='word_1_672' title='bbox 2821 2108 2888 2164; x_wconf 84' lang='lat' dir='ltr'><strong>In</strong></span> <span class='ocrx_word' id='word_1_673' title='bbox 2913 2111 3020 2167; x_wconf 87' lang='lat' dir='ltr'><strong>Deo</strong></span> <span class='ocrx_word' id='word_1_674' title='bbox 3046 2117 3260 2184; x_wconf 82' lang='lat' dir='ltr'><strong>speravi,</strong></span> <span class='ocrx_word' id='word_1_675' title='bbox 3288 2136 3386 2173; x_wconf 86' lang='lat' dir='ltr'><strong>non</strong></span> <span class='ocrx_word' id='word_1_676' title='bbox 3410 2123 3590 2178; x_wconf 88' lang='lat' dir='ltr'><strong>timebo</strong></span> 
     </span>
    </p>
   </div>
   <div class='ocr_carea' id='block_1_82' title="bbox 1968 2187 3590 2277">
    <p class='ocr_par' dir='ltr' id='par_1_82' title="bbox 1968 2187 3590 2277">
     <span class='ocr_line' id='line_1_82' title="bbox 1968 2187 3590 2277; baseline 0.022 -45"><span class='ocrx_word' id='word_1_677' title='bbox 2013 2187 2135 2256; x_wconf 83' lang='lat' dir='ltr'><strong>quid</strong></span> <span class='ocrx_word' id='word_1_678' title='bbox 2159 2190 2312 2258; x_wconf 79' lang='lat' dir='ltr'><strong>faciat</strong></span> <span class='ocrx_word' id='word_1_679' title='bbox 2335 2189 2458 2245; x_wconf 86' lang='lat' dir='ltr'><strong>niihi</strong></span> <span class='ocrx_word' id='word_1_680' title='bbox 2486 2194 2633 2249; x_wconf 86' lang='lat' dir='ltr'><strong>homo</strong></span> <span class='ocrx_word' id='word_1_681' title='bbox 2655 2197 2673 2268; x_wconf 93' lang='lat'>(</span> <span class='ocrx_word' id='word_1_682' title='bbox 2687 2196 2830 2253; x_wconf 88' lang='lat' dir='ltr'><strong>Psal.</strong></span> <span class='ocrx_word' id='word_1_683' title='bbox 2860 2217 2946 2269; x_wconf 75' lang='grc' dir='ltr'><strong>ιν,</strong></span> <span class='ocrx_word' id='word_1_684' title='bbox 2969 2204 3022 2269; x_wconf 83' lang='grc'>5,</span> <span class='ocrx_word' id='word_1_685' title='bbox 3051 2206 3108 2260; x_wconf 73' lang='lat' dir='ltr'><strong>ii</strong></span> <span class='ocrx_word' id='word_1_686' title='bbox 3132 2205 3174 2277; x_wconf 95' lang='lat'><strong>).</strong></span> <span class='ocrx_word' id='word_1_687' title='bbox 3201 2207 3424 2275; x_wconf 89' lang='lat' dir='ltr'><strong>Quando</strong></span> <span class='ocrx_word' id='word_1_688' title='bbox 3446 2213 3590 2266; x_wconf 90' lang='lat' dir='ltr'><strong>enim</strong></span> 
     </span>
    </p>
   </div>
   <div class='ocr_carea' id='block_1_83' title="bbox 1996 2279 3592 2371">
    <p class='ocr_par' dir='ltr' id='par_1_83' title="bbox 1996 2279 3592 2371">
     <span class='ocr_line' id='line_1_83' title="bbox 1996 2279 3592 2371; baseline 0.019 -42"><span class='ocrx_word' id='word_1_689' title='bbox 1996 2279 2190 2339; x_wconf 82' lang='lat' dir='ltr'><strong>omnia</strong></span> <span class='ocrx_word' id='word_1_690' title='bbox 2217 2288 2304 2335; x_wconf 88' lang='lat' dir='ltr'><strong>tua</strong></span> <span class='ocrx_word' id='word_1_691' title='bbox 2331 2282 2381 2336; x_wconf 93' lang='lat' dir='ltr'><strong>in</strong></span> <span class='ocrx_word' id='word_1_692' title='bbox 2412 2283 2522 2349; x_wconf 83' lang='lat' dir='ltr'><strong>Deo</strong></span> <span class='ocrx_word' id='word_1_693' title='bbox 2561 2287 2839 2345; x_wconf 90' lang='lat' dir='ltr'><strong>laudantur</strong></span> <span class='ocrx_word' id='word_1_694' title='bbox 2860 2332 2876 2358; x_wconf 93' lang='lat'><strong>,</strong></span> <span class='ocrx_word' id='word_1_695' title='bbox 2918 2309 3023 2348; x_wconf 93' lang='lat' dir='ltr'><strong>non</strong></span> <span class='ocrx_word' id='word_1_696' title='bbox 3062 2299 3278 2352; x_wconf 80' lang='lat' dir='ltr'><strong>timetur</strong></span> <span class='ocrx_word' id='word_1_697' title='bbox 3304 2316 3371 2355; x_wconf 91' lang='lat' dir='ltr'><strong>ne</strong></span> <span class='ocrx_word' id='word_1_698' title='bbox 3411 2313 3592 2371; x_wconf 87' lang='lat' dir='ltr'><strong>pereat</strong></span> 
     </span>
    </p>
   </div>
   <div class='ocr_carea' id='block_1_84' title="bbox 2012 2365 3589 2461">
    <p class='ocr_par' dir='ltr' id='par_1_84' title="bbox 2012 2365 3589 2461">
     <span class='ocr_line' id='line_1_84' title="bbox 2012 2365 3589 2461; baseline 0.017 -39"><span class='ocrx_word' id='word_1_699' title='bbox 2012 2365 2127 2425; x_wconf 86' lang='lat' dir='ltr'><strong>laus</strong></span> <span class='ocrx_word' id='word_1_700' title='bbox 2154 2378 2270 2436; x_wconf 91' lang='lat' dir='ltr'><strong>tua;</strong></span> <span class='ocrx_word' id='word_1_701' title='bbox 2298 2374 2415 2443; x_wconf 88' lang='lat' dir='ltr'><strong>quia</strong></span> <span class='ocrx_word' id='word_1_702' title='bbox 2446 2391 2549 2430; x_wconf 92' lang='lat' dir='ltr'><strong>non</strong></span> <span class='ocrx_word' id='word_1_703' title='bbox 2575 2377 2752 2434; x_wconf 82' lang='lat' dir='ltr'><strong>deficit</strong></span> <span class='ocrx_word' id='word_1_704' title='bbox 2781 2381 2936 2436; x_wconf 91' lang='lat' dir='ltr'><strong>Deus.</strong></span> <span class='ocrx_word' id='word_1_705' title='bbox 2966 2384 3105 2455; x_wconf 82' lang='lat' dir='ltr'><strong>Ergo</strong></span> <span class='ocrx_word' id='word_1_706' title='bbox 3135 2390 3300 2445; x_wconf 85' lang='lat' dir='ltr'><strong>transi</strong></span> <span class='ocrx_word' id='word_1_707' title='bbox 3327 2401 3379 2445; x_wconf 89' lang='lat' dir='ltr'><strong>et</strong></span> <span class='ocrx_word' id='word_1_708' title='bbox 3401 2365 3589 2461; x_wconf 81' lang='lat' dir='ltr'><strong>ipsam.</strong></span> 
     </span>
    </p>
   </div>
   <div class='ocr_carea' id='block_1_85' title="bbox 2082 2459 3590 2550">
    <p class='ocr_par' dir='ltr' id='par_1_85' title="bbox 2082 2459 3590 2550">
     <span class='ocr_line' id='line_1_85' title="bbox 2082 2459 3590 2550; baseline 0.015 -35"><span class='ocrx_word' id='word_1_709' title='bbox 2082 2459 2133 2515; x_wconf 89' lang='lat'><strong>6.</strong></span> <span class='ocrx_word' id='word_1_710' title='bbox 2168 2461 2370 2529; x_wconf 86' lang='lat' dir='ltr'><strong>Videte,</strong></span> <span class='ocrx_word' id='word_1_711' title='bbox 2401 2463 2611 2534; x_wconf 81' lang='lat' dir='ltr'><strong>fratres,</strong></span> <span class='ocrx_word' id='word_1_712' title='bbox 2639 2481 2830 2539; x_wconf 86' lang='lat' dir='ltr'><strong>quanta</strong></span> <span class='ocrx_word' id='word_1_713' title='bbox 2859 2475 3163 2545; x_wconf 86' lang='lat' dir='ltr'><strong>transimus,</strong></span> <span class='ocrx_word' id='word_1_714' title='bbox 3191 2478 3244 2532; x_wconf 91' lang='lat' dir='ltr'><strong>in</strong></span> <span class='ocrx_word' id='word_1_715' title='bbox 3269 2459 3458 2550; x_wconf 82' lang='lat' dir='ltr'><strong>quibus</strong></span> <span class='ocrx_word' id='word_1_716' title='bbox 3485 2498 3590 2537; x_wconf 90' lang='lat' dir='ltr'><strong>non</strong></span> 
     </span>
    </p>
   </div>
   <div class='ocr_carea' id='block_1_86' title="bbox 2011 2554 3592 2641">
    <p class='ocr_par' dir='ltr' id='par_1_86' title="bbox 2011 2554 3592 2641">
     <span class='ocr_line' id='line_1_86' title="bbox 2011 2554 3592 2641; baseline 0.016 -33"><span class='ocrx_word' id='word_1_717' title='bbox 2011 2563 2092 2609; x_wconf 89' lang='lat' dir='ltr'><strong>est</strong></span> <span class='ocrx_word' id='word_1_718' title='bbox 2121 2554 2260 2610; x_wconf 83' lang='lat' dir='ltr'><strong>ﬁnis.</strong></span> <span class='ocrx_word' id='word_1_719' title='bbox 2291 2557 2386 2612; x_wconf 86' lang='lat' dir='ltr'><strong>His</strong></span> <span class='ocrx_word' id='word_1_720' title='bbox 2407 2558 2602 2615; x_wconf 88' lang='lat' dir='ltr'><strong>utimur</strong></span> <span class='ocrx_word' id='word_1_721' title='bbox 2624 2566 2774 2632; x_wconf 88' lang='lat' dir='ltr'><strong>quasi</strong></span> <span class='ocrx_word' id='word_1_722' title='bbox 2804 2566 2856 2620; x_wconf 91' lang='lat' dir='ltr'><strong>in</strong></span> <span class='ocrx_word' id='word_1_723' title='bbox 2884 2569 2968 2624; x_wconf 86' lang='lat' dir='ltr'><strong>via</strong></span> <span class='ocrx_word' id='word_1_724' title='bbox 2993 2586 3006 2635; x_wconf 93' lang='lat'><strong>;</strong></span> <span class='ocrx_word' id='word_1_725' title='bbox 3042 2573 3192 2641; x_wconf 87' lang='lat' dir='ltr'><strong>quasi</strong></span> <span class='ocrx_word' id='word_1_726' title='bbox 3218 2575 3270 2628; x_wconf 92' lang='lat' dir='ltr'><strong>in</strong></span> <span class='ocrx_word' id='word_1_727' title='bbox 3299 2577 3592 2632; x_wconf 83' lang='lat' dir='ltr'><strong>mansioni-</strong></span> 
     </span>
    </p>
   </div>
   <div class='ocr_carea' id='block_1_87' title="bbox 1941 2643 3591 2737">
    <p class='ocr_par' dir='ltr' id='par_1_87' title="bbox 1941 2643 3591 2737">
     <span class='ocr_line' id='line_1_87' title="bbox 1941 2643 3591 2737; baseline 0.015 -38"><span class='ocrx_word' id='word_1_728' title='bbox 1941 2673 1976 2684; x_wconf 57' lang='grc' dir='ltr'><strong>κν-</strong></span> <span class='ocrx_word' id='word_1_729' title='bbox 2010 2643 2109 2727; x_wconf 34' lang='lat' dir='ltr'><strong>b‘us</strong></span> <span class='ocrx_word' id='word_1_730' title='bbox 2142 2646 2466 2730; x_wconf 82' lang='lat' dir='ltr'><strong>stabulorum</strong></span> <span class='ocrx_word' id='word_1_731' title='bbox 2494 2652 2781 2720; x_wconf 86' lang='lat' dir='ltr'><strong>reticimur,</strong></span> <span class='ocrx_word' id='word_1_732' title='bbox 2813 2665 2868 2710; x_wconf 90' lang='lat' dir='ltr'><strong>et</strong></span> <span class='ocrx_word' id='word_1_733' title='bbox 2899 2661 3198 2730; x_wconf 87' lang='lat' dir='ltr'><strong>transimus.</strong></span> <span class='ocrx_word' id='word_1_734' title='bbox 3234 2664 3333 2719; x_wconf 89' lang='lat' dir='ltr'><strong>Ubi</strong></span> <span class='ocrx_word' id='word_1_735' title='bbox 3369 2682 3496 2737; x_wconf 86' lang='lat' dir='ltr'><strong>ergo</strong></span> <span class='ocrx_word' id='word_1_736' title='bbox 3525 2669 3591 2722; x_wconf 85' lang='lat' dir='ltr'><strong>fi-</strong></span> 
     </span>
    </p>
   </div>
   <div class='ocr_carea' id='block_1_88' title="bbox 2010 2717 3593 2824">
    <p class='ocr_par' dir='ltr' id='par_1_88' title="bbox 2010 2717 3593 2824">
     <span class='ocr_line' id='line_1_88' title="bbox 2010 2717 3593 2824; baseline 0.014 -36"><span class='ocrx_word' id='word_1_737' title='bbox 2010 2717 2135 2798; x_wconf 75' lang='lat' dir='ltr'><strong>nis?</strong></span> <span class='ocrx_word' id='word_1_738' title='bbox 2158 2722 2506 2805; x_wconf 40' lang='lat' dir='ltr'><strong>&#39;Dilectissiini,</strong></span> <span class='ocrx_word' id='word_1_739' title='bbox 2545 2741 2638 2808; x_wconf 83' lang='lat' dir='ltr'><strong>ﬁlii</strong></span> <span class='ocrx_word' id='word_1_740' title='bbox 2675 2717 2776 2797; x_wconf 86' lang='lat' dir='ltr'><strong>Dei</strong></span> <span class='ocrx_word' id='word_1_741' title='bbox 2806 2727 2996 2811; x_wconf 84' lang='lat' dir='ltr'><strong>sumus,</strong></span> <span class='ocrx_word' id='word_1_742' title='bbox 3027 2760 3074 2802; x_wconf 84' lang='lat' dir='ltr'><strong>et</strong></span> <span class='ocrx_word' id='word_1_743' title='bbox 3108 2717 3332 2807; x_wconf 73' lang='lat' dir='ltr'><strong>nondum</strong></span> <span class='ocrx_word' id='word_1_744' title='bbox 3355 2717 3593 2824; x_wconf 57' lang='lat' dir='ltr'><strong>dpztiruit</strong></span> 
     </span>
    </p>
   </div>
   <div class='ocr_carea' id='block_1_89' title="bbox 2009 2823 3592 2910">
    <p class='ocr_par' dir='ltr' id='par_1_89' title="bbox 2009 2823 3592 2910">
     <span class='ocr_line' id='line_1_89' title="bbox 2009 2823 3592 2910; baseline 0.016 -34"><span class='ocrx_word' id='word_1_745' title='bbox 2009 2823 2130 2896; x_wconf 85' lang='lat' dir='ltr'><strong>quid</strong></span> <span class='ocrx_word' id='word_1_746' title='bbox 2149 2826 2370 2891; x_wconf 85' lang='lat' dir='ltr'><strong>erimus;</strong></span> <span class='ocrx_word' id='word_1_747' title='bbox 2395 2827 2480 2884; x_wconf 89' lang='lat' dir='ltr'><strong>hic</strong></span> <span class='ocrx_word' id='word_1_748' title='bbox 2503 2830 2699 2886; x_wconf 89' lang='lat' dir='ltr'><strong>dictum</strong></span> <span class='ocrx_word' id='word_1_749' title='bbox 2729 2842 2810 2887; x_wconf 90' lang='lat' dir='ltr'><strong>est</strong></span> <span class='ocrx_word' id='word_1_750' title='bbox 2836 2835 2874 2900; x_wconf 77' lang='grc' dir='ltr'><strong>ι,</strong></span> <span class='ocrx_word' id='word_1_751' title='bbox 2903 2836 2956 2890; x_wconf 91' lang='lat' dir='ltr'><strong>in</strong></span> <span class='ocrx_word' id='word_1_752' title='bbox 2988 2837 3089 2894; x_wconf 88' lang='lat' dir='ltr'><strong>hac</strong></span> <span class='ocrx_word' id='word_1_753' title='bbox 3117 2840 3370 2910; x_wconf 88' lang='lat' dir='ltr'><strong>Epistola.</strong></span> <span class='ocrx_word' id='word_1_754' title='bbox 3400 2823 3592 2904; x_wconf 76' lang='lat' dir='ltr'><strong>Adhuc</strong></span> 
     </span>
    </p>
   </div>
   <div class='ocr_carea' id='block_1_90' title="bbox 2011 2917 3587 3006">
    <p class='ocr_par' dir='ltr' id='par_1_90' title="bbox 2011 2917 3587 3006">
     <span class='ocr_line' id='line_1_90' title="bbox 2011 2917 3587 3006; baseline 0.015 -36"><span class='ocrx_word' id='word_1_755' title='bbox 2011 2930 2138 2986; x_wconf 83' lang='lat' dir='ltr'><strong>ergo</strong></span> <span class='ocrx_word' id='word_1_756' title='bbox 2186 2917 2237 2971; x_wconf 93' lang='lat' dir='ltr'><strong>in</strong></span> <span class='ocrx_word' id='word_1_757' title='bbox 2285 2919 2369 2972; x_wconf 86' lang='lat' dir='ltr'><strong>via</strong></span> <span class='ocrx_word' id='word_1_758' title='bbox 2412 2935 2631 2986; x_wconf 89' lang='lat' dir='ltr'><strong>sumus;</strong></span> <span class='ocrx_word' id='word_1_759' title='bbox 2678 2923 2851 3002; x_wconf 84' lang='lat' dir='ltr'><strong>adhuc</strong></span> <span class='ocrx_word' id='word_1_760' title='bbox 2894 2943 3227 3002; x_wconf 89' lang='lat' dir='ltr'><strong>quocumque</strong></span> <span class='ocrx_word' id='word_1_761' title='bbox 3266 2937 3587 3006; x_wconf 82' lang='lat' dir='ltr'><strong>venerimus,</strong></span> 
     </span>
    </p>
   </div>
   <div class='ocr_carea' id='block_1_91' title="bbox 2011 3008 3591 3101">
    <p class='ocr_par' dir='ltr' id='par_1_91' title="bbox 2011 3008 3591 3101">
     <span class='ocr_line' id='line_1_91' title="bbox 2011 3008 3591 3101; baseline 0.018 -41"><span class='ocrx_word' id='word_1_762' title='bbox 2011 3008 2242 3064; x_wconf 86' lang='lat' dir='ltr'><strong>transire</strong></span> <span class='ocrx_word' id='word_1_763' title='bbox 2281 3009 2558 3082; x_wconf 87' lang='lat' dir='ltr'><strong>debemus,</strong></span> <span class='ocrx_word' id='word_1_764' title='bbox 2587 3031 2858 3089; x_wconf 91' lang='lat' dir='ltr'><strong>usquequo</strong></span> <span class='ocrx_word' id='word_1_765' title='bbox 2882 3024 3250 3096; x_wconf 83' lang='lat' dir='ltr'><strong>perveniamus</strong></span> <span class='ocrx_word' id='word_1_766' title='bbox 3274 3028 3339 3083; x_wconf 90' lang='lat' dir='ltr'><strong>ad</strong></span> <span class='ocrx_word' id='word_1_767' title='bbox 3360 3030 3591 3101; x_wconf 88' lang='lat' dir='ltr'><strong>aliquem</strong></span> 
     </span>
    </p>
   </div>
   <div class='ocr_carea' id='block_1_92' title="bbox 327 3099 3587 3192">
    <p class='ocr_par' dir='ltr' id='par_1_92' title="bbox 327 3099 3587 3192">
     <span class='ocr_line' id='line_1_92' title="bbox 327 3099 3587 3192; baseline 0.015 -57"><span class='ocrx_word' id='word_1_768' title='bbox 327 3115 346 3186; x_wconf 78' lang='grc'><strong>(</strong></span> <span class='ocrx_word' id='word_1_769' title='bbox 369 3117 523 3171; x_wconf 49' lang='lat' dir='ltr'><strong>Rom.</strong></span> <span class='ocrx_word' id='word_1_770' title='bbox 565 3133 658 3173; x_wconf 54' lang='lat' dir='ltr'><strong>xm</strong></span> <span class='ocrx_word' id='word_1_771' title='bbox 682 3161 698 3186; x_wconf 38' lang='grc' dir='ltr'><strong>ν</strong></span> <span class='ocrx_word' id='word_1_772' title='bbox 745 3120 868 3190; x_wconf 42' lang='grc'><strong>10).</strong></span> <span class='ocrx_word' id='word_1_773' title='bbox 915 3122 1048 3189; x_wconf 69' lang='lat' dir='ltr'><strong>Quid</strong></span> <span class='ocrx_word' id='word_1_774' title='bbox 1083 3132 1184 3177; x_wconf 63' lang='lat' dir='ltr'><strong>lam</strong></span> <span class='ocrx_word' id='word_1_775' title='bbox 1231 3123 1432 3178; x_wconf 56' lang='lat' dir='ltr'><strong>“unum</strong></span> <span class='ocrx_word' id='word_1_776' title='bbox 1473 3134 1528 3180; x_wconf 59' lang='lat' dir='ltr'><strong>et</strong></span> <span class='ocrx_word' id='word_1_777' title='bbox 1567 3099 1905 3184; x_wconf 42' lang='lat' dir='ltr'><strong>germinum“)</strong></span> <span class='ocrx_word' id='word_1_778' title='bbox 1931 3124 1984 3164; x_wconf 55' lang='grc' dir='ltr'><strong>μςτ</strong></span> <span class='ocrx_word' id='word_1_779' title='bbox 2012 3099 2191 3156; x_wconf 85' lang='lat' dir='ltr'><strong>linem.</strong></span> <span class='ocrx_word' id='word_1_780' title='bbox 2225 3101 2428 3158; x_wconf 88' lang='lat' dir='ltr'><strong>Scimus</strong></span> <span class='ocrx_word' id='word_1_781' title='bbox 2459 3107 2578 3176; x_wconf 89' lang='lat' dir='ltr'><strong>quia</strong></span> <span class='ocrx_word' id='word_1_782' title='bbox 2607 3124 2721 3162; x_wconf 91' lang='lat' dir='ltr'><strong>cum</strong></span> <span class='ocrx_word' id='word_1_783' title='bbox 2744 3118 3058 3184; x_wconf 84' lang='lat' dir='ltr'><strong>apparuerit,</strong></span> <span class='ocrx_word' id='word_1_784' title='bbox 3083 3119 3269 3176; x_wconf 87' lang='lat' dir='ltr'><strong>similes</strong></span> <span class='ocrx_word' id='word_1_785' title='bbox 3300 3123 3348 3176; x_wconf 88' lang='lat' dir='ltr'><strong>ei</strong></span> <span class='ocrx_word' id='word_1_786' title='bbox 3381 3126 3587 3192; x_wconf 67' lang='lat' dir='ltr'><strong>crinitas.</strong></span> 
     </span>
    </p>
   </div>
   <div class='ocr_carea' id='block_1_93' title="bbox 2011 3194 3593 3288">
    <p class='ocr_par' dir='ltr' id='par_1_93' title="bbox 2011 3194 3593 3288">
     <span class='ocr_line' id='line_1_93' title="bbox 2011 3194 3593 3288; baseline 0.019 -45"><span class='ocrx_word' id='word_1_787' title='bbox 2011 3194 2249 3263; x_wconf 86' lang='lat' dir='ltr'><strong>quoniam</strong></span> <span class='ocrx_word' id='word_1_788' title='bbox 2277 3196 2550 3252; x_wconf 86' lang='lat' dir='ltr'><strong>videbimus</strong></span> <span class='ocrx_word' id='word_1_789' title='bbox 2577 3216 2688 3254; x_wconf 88' lang='lat' dir='ltr'><strong>eum</strong></span> <span class='ocrx_word' id='word_1_790' title='bbox 2728 3203 2877 3258; x_wconf 84' lang='lat' dir='ltr'><strong>sicuti</strong></span> <span class='ocrx_word' id='word_1_791' title='bbox 2905 3217 2977 3260; x_wconf 87' lang='lat' dir='ltr'><strong>est</strong></span> <span class='ocrx_word' id='word_1_792' title='bbox 3006 3208 3060 3280; x_wconf 88' lang='grc' dir='ltr'>(Ι</span> <span class='ocrx_word' id='word_1_793' title='bbox 3080 3208 3236 3266; x_wconf 84' lang='lat' dir='ltr'><strong>Joan.</strong></span> <span class='ocrx_word' id='word_1_794' title='bbox 3265 3229 3345 3281; x_wconf 87' lang='grc' dir='ltr'>ιιι,</span> <span class='ocrx_word' id='word_1_795' title='bbox 3375 3214 3462 3288; x_wconf 70' lang='grc'><strong>2).</strong></span> <span class='ocrx_word' id='word_1_796' title='bbox 3487 3217 3593 3274; x_wconf 83' lang='grc' dir='ltr'>Ιειε</span> 
     </span>
    </p>
   </div>
   <div class='ocr_carea' id='block_1_94' title="bbox 2012 3282 3594 3369">
    <p class='ocr_par' dir='ltr' id='par_1_94' title="bbox 2012 3282 3594 3369">
     <span class='ocr_line' id='line_1_94' title="bbox 2012 3282 3594 3369; baseline 0.018 -34"><span class='ocrx_word' id='word_1_797' title='bbox 2012 3282 2166 3350; x_wconf 76' lang='lat' dir='ltr'><strong>finis;</strong></span> <span class='ocrx_word' id='word_1_798' title='bbox 2205 3285 2276 3340; x_wconf 88' lang='lat' dir='ltr'><strong>ibi</strong></span> <span class='ocrx_word' id='word_1_799' title='bbox 2306 3295 2556 3358; x_wconf 87' lang='lat' dir='ltr'><strong>perpetua</strong></span> <span class='ocrx_word' id='word_1_800' title='bbox 2588 3291 2853 3359; x_wconf 89' lang='lat' dir='ltr'><strong>laudatio,</strong></span> <span class='ocrx_word' id='word_1_801' title='bbox 2891 3297 2963 3351; x_wconf 90' lang='lat' dir='ltr'><strong>ibi</strong></span> <span class='ocrx_word' id='word_1_802' title='bbox 2993 3313 3204 3369; x_wconf 87' lang='lat' dir='ltr'><strong>semper</strong></span> <span class='ocrx_word' id='word_1_803' title='bbox 3227 3282 3446 3360; x_wconf 80' lang='lat' dir='ltr'><strong>Alleluia</strong></span> <span class='ocrx_word' id='word_1_804' title='bbox 3477 3309 3594 3364; x_wconf 89' lang='lat' dir='ltr'><strong>sine</strong></span> 
     </span>
    </p>
   </div>
   <div class='ocr_carea' id='block_1_95' title="bbox 2009 3373 3594 3464">
    <p class='ocr_par' dir='ltr' id='par_1_95' title="bbox 2009 3373 3594 3464">
     <span class='ocr_line' id='line_1_95' title="bbox 2009 3373 3594 3464; baseline 0.017 -36"><span class='ocrx_word' id='word_1_805' title='bbox 2009 3373 2423 3448; x_wconf 72' lang='lat' dir='ltr'><strong>defecttt..Ergo</strong></span> <span class='ocrx_word' id='word_1_806' title='bbox 2463 3381 2634 3449; x_wconf 92' lang='lat' dir='ltr'><strong>ipsum</strong></span> <span class='ocrx_word' id='word_1_807' title='bbox 2664 3382 2825 3440; x_wconf 77' lang='lat' dir='ltr'><strong>linem</strong></span> <span class='ocrx_word' id='word_1_808' title='bbox 2865 3387 2997 3443; x_wconf 91' lang='lat' dir='ltr'><strong>dixit</strong></span> <span class='ocrx_word' id='word_1_809' title='bbox 3042 3391 3096 3446; x_wconf 93' lang='lat' dir='ltr'><strong>in</strong></span> <span class='ocrx_word' id='word_1_810' title='bbox 3137 3391 3369 3464; x_wconf 90' lang='lat' dir='ltr'><strong>Psalmo,</strong></span> <span class='ocrx_word' id='word_1_811' title='bbox 3417 3395 3594 3457; x_wconf 84' lang='lat' dir='ltr'><strong>Omnis</strong></span> 
     </span>
    </p>
   </div>
   <div class='ocr_carea' id='block_1_96' title="bbox 2010 3469 3591 3557">
    <p class='ocr_par' dir='ltr' id='par_1_96' title="bbox 2010 3469 3591 3557">
     <span class='ocr_line' id='line_1_96' title="bbox 2010 3469 3591 3557; baseline 0.018 -39"><span class='ocrx_word' id='word_1_812' title='bbox 2010 3469 2454 3525; x_wconf 77' lang='lat' dir='ltr'><strong>consummationis</strong></span> <span class='ocrx_word' id='word_1_813' title='bbox 2498 3472 2600 3525; x_wconf 84' lang='lat' dir='ltr'><strong>vidi</strong></span> <span class='ocrx_word' id='word_1_814' title='bbox 2643 3474 2815 3543; x_wconf 88' lang='lat' dir='ltr'><strong>ﬁnem.</strong></span> <span class='ocrx_word' id='word_1_815' title='bbox 2869 3478 2931 3532; x_wconf 83' lang='lat' dir='ltr'><strong>Et</strong></span> <span class='ocrx_word' id='word_1_816' title='bbox 2977 3481 3126 3550; x_wconf 89' lang='lat' dir='ltr'><strong>quasi</strong></span> <span class='ocrx_word' id='word_1_817' title='bbox 3169 3483 3436 3542; x_wconf 86' lang='lat' dir='ltr'><strong>diceretur</strong></span> <span class='ocrx_word' id='word_1_818' title='bbox 3483 3489 3591 3557; x_wconf 86' lang='lat' dir='ltr'><strong>illi,</strong></span> 
     </span>
    </p>
   </div>
   <div class='ocr_carea' id='block_1_97' title="bbox 2009 3556 3594 3635">
    <p class='ocr_par' dir='ltr' id='par_1_97' title="bbox 2009 3556 3594 3635">
     <span class='ocr_line' id='line_1_97' title="bbox 2009 3556 3594 3635; baseline 0.018 -28"><span class='ocrx_word' id='word_1_819' title='bbox 2009 3556 2136 3624; x_wconf 87' lang='lat' dir='ltr'><strong>Quis</strong></span> <span class='ocrx_word' id='word_1_820' title='bbox 2175 3569 2258 3614; x_wconf 88' lang='lat' dir='ltr'><strong>est</strong></span> <span class='ocrx_word' id='word_1_821' title='bbox 2286 3560 2405 3616; x_wconf 84' lang='lat' dir='ltr'><strong>ﬁnis</strong></span> <span class='ocrx_word' id='word_1_822' title='bbox 2448 3577 2604 3632; x_wconf 90' lang='lat' dir='ltr'><strong>quem</strong></span> <span class='ocrx_word' id='word_1_823' title='bbox 2645 3567 2862 3621; x_wconf 81' lang='lat' dir='ltr'><strong>vidisti?</strong></span> <span class='ocrx_word' id='word_1_824' title='bbox 2890 3567 3074 3625; x_wconf 89' lang='lat' dir='ltr'><strong>Latum</strong></span> <span class='ocrx_word' id='word_1_825' title='bbox 3113 3576 3408 3631; x_wconf 88' lang='lat' dir='ltr'><strong>ntandatunt</strong></span> <span class='ocrx_word' id='word_1_826' title='bbox 3449 3556 3594 3635; x_wconf 82' lang='lat' dir='ltr'><strong>tuum</strong></span> 
     </span>
    </p>
   </div>
   <div class='ocr_carea' id='block_1_98' title="bbox 2008 3641 3592 3731">
    <p class='ocr_par' dir='ltr' id='par_1_98' title="bbox 2008 3641 3592 3731">
     <span class='ocr_line' id='line_1_98' title="bbox 2008 3641 3592 3731; baseline 0.016 -29"><span class='ocrx_word' id='word_1_827' title='bbox 2008 3651 2154 3703; x_wconf 86' lang='lat' dir='ltr'><strong>valde</strong></span> <span class='ocrx_word' id='word_1_828' title='bbox 2182 3649 2200 3722; x_wconf 91' lang='lat'>(</span> <span class='ocrx_word' id='word_1_829' title='bbox 2229 3641 2372 3706; x_wconf 87' lang='lat' dir='ltr'><strong>Psal.</strong></span> <span class='ocrx_word' id='word_1_830' title='bbox 2400 3669 2582 3721; x_wconf 86' lang='lat' dir='ltr'><strong>cxvnt,</strong></span> <span class='ocrx_word' id='word_1_831' title='bbox 2612 3656 2738 3727; x_wconf 86' lang='lat'><strong>96).</strong></span> <span class='ocrx_word' id='word_1_832' title='bbox 2770 3659 2887 3728; x_wconf 82' lang='lat' dir='ltr'><strong>Ipse</strong></span> <span class='ocrx_word' id='word_1_833' title='bbox 2907 3671 2989 3716; x_wconf 92' lang='lat' dir='ltr'><strong>est</strong></span> <span class='ocrx_word' id='word_1_834' title='bbox 3021 3663 3162 3731; x_wconf 80' lang='lat' dir='ltr'><strong>linis,</strong></span> <span class='ocrx_word' id='word_1_835' title='bbox 3190 3666 3409 3724; x_wconf 88' lang='lat' dir='ltr'><strong>latitudo</strong></span> <span class='ocrx_word' id='word_1_836' title='bbox 3434 3686 3592 3727; x_wconf 82' lang='lat' dir='ltr'><strong>man-</strong></span> 
     </span>
    </p>
   </div>
   <div class='ocr_carea' id='block_1_99' title="bbox 2009 3739 3593 3824">
    <p class='ocr_par' dir='ltr' id='par_1_99' title="bbox 2009 3739 3593 3824">
     <span class='ocr_line' id='line_1_99' title="bbox 2009 3739 3593 3824; baseline 0.015 -31"><span class='ocrx_word' id='word_1_837' title='bbox 2009 3739 2136 3794; x_wconf 88' lang='lat' dir='ltr'><strong>dati.</strong></span> <span class='ocrx_word' id='word_1_838' title='bbox 2168 3742 2414 3798; x_wconf 88' lang='lat' dir='ltr'><strong>Latitudo</strong></span> <span class='ocrx_word' id='word_1_839' title='bbox 2443 3747 2674 3801; x_wconf 85' lang='lat' dir='ltr'><strong>mandati</strong></span> <span class='ocrx_word' id='word_1_840' title='bbox 2700 3747 2928 3804; x_wconf 89' lang='lat' dir='ltr'><strong>cbaritas</strong></span> <span class='ocrx_word' id='word_1_841' title='bbox 2951 3761 3033 3807; x_wconf 88' lang='lat' dir='ltr'><strong>est</strong></span> <span class='ocrx_word' id='word_1_842' title='bbox 3057 3770 3071 3818; x_wconf 92' lang='lat'><strong>;</strong></span> <span class='ocrx_word' id='word_1_843' title='bbox 3096 3756 3218 3824; x_wconf 89' lang='lat' dir='ltr'><strong>quia</strong></span> <span class='ocrx_word' id='word_1_844' title='bbox 3242 3757 3332 3812; x_wconf 91' lang='lat' dir='ltr'><strong>ubi</strong></span> <span class='ocrx_word' id='word_1_845' title='bbox 3360 3768 3444 3815; x_wconf 89' lang='lat' dir='ltr'><strong>est</strong></span> <span class='ocrx_word' id='word_1_846' title='bbox 3466 3761 3593 3816; x_wconf 70' lang='lat' dir='ltr'><strong>chaa-</strong></span> 
     </span>
    </p>
   </div>
   <div class='ocr_carea' id='block_1_100' title="bbox 2008 3829 3590 3923">
    <p class='ocr_par' dir='ltr' id='par_1_100' title="bbox 2008 3829 3590 3923">
     <span class='ocr_line' id='line_1_100' title="bbox 2008 3829 3590 3923; baseline 0.016 -40"><span class='ocrx_word' id='word_1_847' title='bbox 2008 3829 2159 3896; x_wconf 89' lang='lat' dir='ltr'><strong>ritas,</strong></span> <span class='ocrx_word' id='word_1_848' title='bbox 2194 3849 2298 3887; x_wconf 92' lang='lat' dir='ltr'><strong>nou</strong></span> <span class='ocrx_word' id='word_1_849' title='bbox 2325 3843 2450 3889; x_wconf 91' lang='lat' dir='ltr'><strong>sunt</strong></span> <span class='ocrx_word' id='word_1_850' title='bbox 2475 3838 2749 3906; x_wconf 68' lang='lat' dir='ltr'><strong>angustiae.</strong></span> <span class='ocrx_word' id='word_1_851' title='bbox 2777 3838 2834 3894; x_wconf 85' lang='lat' dir='ltr'><strong>In</strong></span> <span class='ocrx_word' id='word_1_852' title='bbox 2857 3841 2966 3911; x_wconf 89' lang='lat' dir='ltr'><strong>ipsa</strong></span> <span class='ocrx_word' id='word_1_853' title='bbox 3010 3843 3283 3904; x_wconf 87' lang='lat' dir='ltr'><strong>latitudine</strong></span> <span class='ocrx_word' id='word_1_854' title='bbox 3307 3859 3422 3905; x_wconf 90' lang='lat' dir='ltr'><strong>erat</strong></span> <span class='ocrx_word' id='word_1_855' title='bbox 3443 3853 3590 3923; x_wconf 85' lang='lat' dir='ltr'><strong>Apo-</strong></span> 
     </span>
    </p>
   </div>
   <div class='ocr_carea' id='block_1_101' title="bbox 2007 3923 3588 4006">
    <p class='ocr_par' dir='ltr' id='par_1_101' title="bbox 2007 3923 3588 4006">
     <span class='ocr_line' id='line_1_101' title="bbox 2007 3923 3588 4006; baseline 0.015 -30"><span class='ocrx_word' id='word_1_856' title='bbox 2007 3923 2196 3988; x_wconf 87' lang='lat' dir='ltr'><strong>stolus,</strong></span> <span class='ocrx_word' id='word_1_857' title='bbox 2229 3940 2348 3980; x_wconf 92' lang='lat' dir='ltr'><strong>cum</strong></span> <span class='ocrx_word' id='word_1_858' title='bbox 2375 3927 2596 3993; x_wconf 87' lang='lat' dir='ltr'><strong>diceret,</strong></span> <span class='ocrx_word' id='word_1_859' title='bbox 2629 3927 2700 3983; x_wconf 91' lang='lat' dir='ltr'><strong>Os</strong></span> <span class='ocrx_word' id='word_1_860' title='bbox 2725 3942 2949 3986; x_wconf 84' lang='lat' dir='ltr'><strong>nostrum</strong></span> <span class='ocrx_word' id='word_1_861' title='bbox 2969 3945 3102 4005; x_wconf 86' lang='lat' dir='ltr'><strong>patet</strong></span> <span class='ocrx_word' id='word_1_862' title='bbox 3127 3937 3195 3992; x_wconf 87' lang='lat' dir='ltr'><strong>ad</strong></span> <span class='ocrx_word' id='word_1_863' title='bbox 3213 3955 3318 4006; x_wconf 88' lang='lat' dir='ltr'><strong>vos,</strong></span> <span class='ocrx_word' id='word_1_864' title='bbox 3349 3957 3379 3994; x_wconf 80' lang='grc' dir='ltr'><em>ο</em></span> <span class='ocrx_word' id='word_1_865' title='bbox 3404 3941 3588 3998; x_wconf 76' lang='lat' dir='ltr'><strong>Corin-</strong></span> 
     </span>
    </p>
   </div>
   <div class='ocr_carea' id='block_1_102' title="bbox 1927 4012 3592 4100">
    <p class='ocr_par' dir='ltr' id='par_1_102' title="bbox 1927 4012 3592 4100">
     <span class='ocr_line' id='line_1_102' title="bbox 1927 4012 3592 4100; baseline 0.016 -38"><span class='ocrx_word' id='word_1_866' title='bbox 1927 4012 2132 4078; x_wconf 68' lang='lat' dir='ltr'><strong>not/iii;</strong></span> <span class='ocrx_word' id='word_1_867' title='bbox 2175 4030 2261 4068; x_wconf 89' lang='lat' dir='ltr'><strong>cor</strong></span> <span class='ocrx_word' id='word_1_868' title='bbox 2302 4027 2528 4071; x_wconf 89' lang='lat' dir='ltr'><strong>nostrum</strong></span> <span class='ocrx_word' id='word_1_869' title='bbox 2570 4018 2835 4073; x_wconf 78' lang='lat' dir='ltr'><strong>dilatatam</strong></span> <span class='ocrx_word' id='word_1_870' title='bbox 2873 4031 2944 4077; x_wconf 84' lang='lat' dir='ltr'><strong>est</strong></span> <span class='ocrx_word' id='word_1_871' title='bbox 2973 4039 2990 4077; x_wconf 85' lang='lat'><strong>.&#39;</strong></span> <span class='ocrx_word' id='word_1_872' title='bbox 3018 4041 3118 4080; x_wconf 85' lang='lat' dir='ltr'><strong>non</strong></span> <span class='ocrx_word' id='word_1_873' title='bbox 3159 4032 3496 4100; x_wconf 84' lang='lat' dir='ltr'><strong>angustamini</strong></span> <span class='ocrx_word' id='word_1_874' title='bbox 3537 4035 3592 4089; x_wconf 86' lang='lat' dir='ltr'><strong>in</strong></span> 
     </span>
    </p>
   </div>
   <div class='ocr_carea' id='block_1_103' title="bbox 2025 4101 3593 4188">
    <p class='ocr_par' dir='ltr' id='par_1_103' title="bbox 2025 4101 3593 4188">
     <span class='ocr_line' id='line_1_103' title="bbox 2025 4101 3593 4188; baseline 0.014 -30"><span class='ocrx_word' id='word_1_875' title='bbox 2025 4106 2149 4160; x_wconf 86' lang='lat' dir='ltr'><strong>iobis</strong></span> <span class='ocrx_word' id='word_1_876' title='bbox 2179 4109 2196 4177; x_wconf 92' lang='lat'>(</span> <span class='ocrx_word' id='word_1_877' title='bbox 2220 4101 2262 4161; x_wconf 88' lang='lat' dir='ltr'><strong>ll</strong></span> <span class='ocrx_word' id='word_1_878' title='bbox 2292 4108 2408 4162; x_wconf 81' lang='lat' dir='ltr'><strong>Cor.</strong></span> <span class='ocrx_word' id='word_1_879' title='bbox 2434 4125 2509 4177; x_wconf 79' lang='lat' dir='ltr'><strong>vr,</strong></span> <span class='ocrx_word' id='word_1_880' title='bbox 2557 4111 2717 4166; x_wconf 73' lang='lat' dir='ltr'><strong>ll-l&#39;2</strong></span> <span class='ocrx_word' id='word_1_881' title='bbox 2738 4113 2780 4184; x_wconf 76' lang='lat'><strong>).</strong></span> <span class='ocrx_word' id='word_1_882' title='bbox 2807 4113 2930 4170; x_wconf 88' lang='lat' dir='ltr'><strong>ldeo</strong></span> <span class='ocrx_word' id='word_1_883' title='bbox 2958 4131 3084 4188; x_wconf 85' lang='lat' dir='ltr'><strong>ergo</strong></span> <span class='ocrx_word' id='word_1_884' title='bbox 3113 4120 3270 4174; x_wconf 90' lang='lat' dir='ltr'><strong>latum</strong></span> <span class='ocrx_word' id='word_1_885' title='bbox 3295 4124 3593 4181; x_wconf 88' lang='lat' dir='ltr'><strong>mandatum</strong></span> 
     </span>
    </p>
   </div>
   <div class='ocr_carea' id='block_1_104' title="bbox 2009 4197 3595 4270">
    <p class='ocr_par' dir='ltr' id='par_1_104' title="bbox 2009 4197 3595 4270">
     <span class='ocr_line' id='line_1_104' title="bbox 2009 4197 3595 4270; baseline 0.014 -22"><span class='ocrx_word' id='word_1_886' title='bbox 2009 4204 2149 4250; x_wconf 90' lang='lat' dir='ltr'><strong>tuum</strong></span> <span class='ocrx_word' id='word_1_887' title='bbox 2166 4197 2327 4252; x_wconf 87' lang='lat' dir='ltr'><strong>valde.</strong></span> <span class='ocrx_word' id='word_1_888' title='bbox 2351 4197 2501 4268; x_wconf 87' lang='lat' dir='ltr'><strong>Quod</strong></span> <span class='ocrx_word' id='word_1_889' title='bbox 2520 4210 2602 4255; x_wconf 89' lang='lat' dir='ltr'><strong>est</strong></span> <span class='ocrx_word' id='word_1_890' title='bbox 2627 4201 2788 4257; x_wconf 85' lang='lat' dir='ltr'><strong>latum</strong></span> <span class='ocrx_word' id='word_1_891' title='bbox 2818 4206 3158 4262; x_wconf 85' lang='lat' dir='ltr'><strong>mandatum?</strong></span> <span class='ocrx_word' id='word_1_892' title='bbox 3179 4209 3480 4268; x_wconf 75' lang='lat' dir='ltr'><strong>Mandatum</strong></span> <span class='ocrx_word' id='word_1_893' title='bbox 3501 4233 3595 4270; x_wconf 86' lang='lat' dir='ltr'><strong>no-</strong></span> 
     </span>
    </p>
   </div>
   <div class='ocr_carea' id='block_1_105' title="bbox 2010 4289 3593 4378">
    <p class='ocr_par' dir='ltr' id='par_1_105' title="bbox 2010 4289 3593 4378">
     <span class='ocr_line' id='line_1_105' title="bbox 2010 4289 3593 4378; baseline 0.015 -38"><span class='ocrx_word' id='word_1_894' title='bbox 2010 4303 2122 4342; x_wconf 79' lang='lat' dir='ltr'><strong>vum</strong></span> <span class='ocrx_word' id='word_1_895' title='bbox 2159 4291 2224 4344; x_wconf 83' lang='lat' dir='ltr'><strong>de</strong></span> <span class='ocrx_word' id='word_1_896' title='bbox 2260 4289 2428 4356; x_wconf 85' lang='lat' dir='ltr'><strong>vobis,</strong></span> <span class='ocrx_word' id='word_1_897' title='bbox 2461 4302 2516 4346; x_wconf 90' lang='lat' dir='ltr'><strong>ut</strong></span> <span class='ocrx_word' id='word_1_898' title='bbox 2550 4309 2634 4346; x_wconf 90' lang='lat' dir='ltr'><strong>vos</strong></span> <span class='ocrx_word' id='word_1_899' title='bbox 2666 4294 2875 4349; x_wconf 89' lang='lat' dir='ltr'><strong>invicem</strong></span> <span class='ocrx_word' id='word_1_900' title='bbox 2913 4296 3153 4367; x_wconf 85' lang='lat' dir='ltr'><strong>diligatis.</strong></span> <span class='ocrx_word' id='word_1_901' title='bbox 3195 4302 3435 4360; x_wconf 88' lang='lat' dir='ltr'><strong>Charitas</strong></span> <span class='ocrx_word' id='word_1_902' title='bbox 3463 4320 3593 4378; x_wconf 79' lang='lat' dir='ltr'><strong>ergo</strong></span> 
     </span>
    </p>
   </div>
   <div class='ocr_carea' id='block_1_106' title="bbox 2011 4383 3592 4458">
    <p class='ocr_par' dir='ltr' id='par_1_106' title="bbox 2011 4383 3592 4458">
     <span class='ocr_line' id='line_1_106' title="bbox 2011 4383 3592 4458; baseline 0.013 -24"><span class='ocrx_word' id='word_1_903' title='bbox 2011 4395 2114 4434; x_wconf 90' lang='lat' dir='ltr'><strong>non</strong></span> <span class='ocrx_word' id='word_1_904' title='bbox 2148 4392 2477 4451; x_wconf 87' lang='lat' dir='ltr'><strong>angustatur.</strong></span> <span class='ocrx_word' id='word_1_905' title='bbox 2516 4383 2609 4438; x_wconf 78' lang='lat' dir='ltr'><strong>Vis</strong></span> <span class='ocrx_word' id='word_1_906' title='bbox 2639 4400 2744 4439; x_wconf 91' lang='lat' dir='ltr'><strong>non</strong></span> <span class='ocrx_word' id='word_1_907' title='bbox 2773 4390 3042 4458; x_wconf 84' lang='lat' dir='ltr'><strong>augustari</strong></span> <span class='ocrx_word' id='word_1_908' title='bbox 3079 4390 3131 4445; x_wconf 91' lang='lat' dir='ltr'><strong>in</strong></span> <span class='ocrx_word' id='word_1_909' title='bbox 3179 4395 3358 4448; x_wconf 81' lang='lat' dir='ltr'><strong>terra?</strong></span> <span class='ocrx_word' id='word_1_910' title='bbox 3388 4396 3444 4451; x_wconf 91' lang='lat' dir='ltr'><strong>ln</strong></span> <span class='ocrx_word' id='word_1_911' title='bbox 3482 4397 3592 4454; x_wconf 90' lang='lat' dir='ltr'><strong>lato</strong></span> 
     </span>
    </p>
   </div>
   <div class='ocr_carea' id='block_1_107' title="bbox 2012 4461 3592 4549">
    <p class='ocr_par' dir='ltr' id='par_1_107' title="bbox 2012 4461 3592 4549">
     <span class='ocr_line' id='line_1_107' title="bbox 2012 4461 3592 4549; baseline 0.012 -25"><span class='ocrx_word' id='word_1_912' title='bbox 2012 4470 2204 4526; x_wconf 88' lang='lat' dir='ltr'><strong>habita.</strong></span> <span class='ocrx_word' id='word_1_913' title='bbox 2238 4461 2505 4543; x_wconf 88' lang='lat' dir='ltr'><strong>Quidquid</strong></span> <span class='ocrx_word' id='word_1_914' title='bbox 2536 4475 2678 4528; x_wconf 89' lang='lat' dir='ltr'><strong>enim</strong></span> <span class='ocrx_word' id='word_1_915' title='bbox 2709 4477 2802 4530; x_wconf 87' lang='lat' dir='ltr'><strong>tibi</strong></span> <span class='ocrx_word' id='word_1_916' title='bbox 2837 4479 3018 4534; x_wconf 85' lang='lat' dir='ltr'><strong>fecerit</strong></span> <span class='ocrx_word' id='word_1_917' title='bbox 3053 4479 3233 4549; x_wconf 89' lang='lat' dir='ltr'><strong>homo,</strong></span> <span class='ocrx_word' id='word_1_918' title='bbox 3276 4499 3380 4538; x_wconf 89' lang='lat' dir='ltr'><strong>non</strong></span> <span class='ocrx_word' id='word_1_919' title='bbox 3415 4495 3465 4541; x_wconf 90' lang='lat' dir='ltr'><strong>te</strong></span> <span class='ocrx_word' id='word_1_920' title='bbox 3491 4503 3592 4542; x_wconf 83' lang='lat' dir='ltr'><strong>an-</strong></span> 
     </span>
    </p>
   </div>
   <div class='ocr_carea' id='block_1_108' title="bbox 2009 4554 3590 4636">
    <p class='ocr_par' dir='ltr' id='par_1_108' title="bbox 2009 4554 3590 4636">
     <span class='ocr_line' id='line_1_108' title="bbox 2009 4554 3590 4636; baseline 0.012 -22"><span class='ocrx_word' id='word_1_921' title='bbox 2009 4570 2212 4630; x_wconf 81' lang='lat' dir='ltr'><strong>gustat;</strong></span> <span class='ocrx_word' id='word_1_922' title='bbox 2241 4563 2360 4631; x_wconf 91' lang='lat' dir='ltr'><strong>quia</strong></span> <span class='ocrx_word' id='word_1_923' title='bbox 2385 4563 2510 4618; x_wconf 89' lang='lat' dir='ltr'><strong>illud</strong></span> <span class='ocrx_word' id='word_1_924' title='bbox 2536 4554 2708 4635; x_wconf 78' lang='lat' dir='ltr'><strong>diligis</strong></span> <span class='ocrx_word' id='word_1_925' title='bbox 2729 4567 2868 4636; x_wconf 91' lang='lat' dir='ltr'><strong>quod</strong></span> <span class='ocrx_word' id='word_1_926' title='bbox 2891 4584 2994 4622; x_wconf 91' lang='lat' dir='ltr'><strong>non</strong></span> <span class='ocrx_word' id='word_1_927' title='bbox 3013 4581 3172 4627; x_wconf 89' lang='lat' dir='ltr'><strong>nocet</strong></span> <span class='ocrx_word' id='word_1_928' title='bbox 3195 4565 3355 4629; x_wconf 87' lang='lat' dir='ltr'><strong>homo</strong></span> <span class='ocrx_word' id='word_1_929' title='bbox 3377 4592 3402 4630; x_wconf 65' lang='grc' dir='ltr'><strong>ι</strong></span> <span class='ocrx_word' id='word_1_930' title='bbox 3424 4577 3590 4633; x_wconf 90' lang='lat' dir='ltr'><strong>Deum</strong></span> 
     </span>
    </p>
   </div>
   <div class='ocr_carea' id='block_1_109' title="bbox 2011 4643 3594 4734">
    <p class='ocr_par' dir='ltr' id='par_1_109' title="bbox 2011 4643 3594 4734">
     <span class='ocr_line' id='line_1_109' title="bbox 2011 4643 3594 4734; baseline 0.012 -29"><span class='ocrx_word' id='word_1_931' title='bbox 2011 4651 2206 4722; x_wconf 84' lang='lat' dir='ltr'><strong>diligis,</strong></span> <span class='ocrx_word' id='word_1_932' title='bbox 2230 4643 2615 4710; x_wconf 83' lang='lat' dir='ltr'><strong>fraternitatem</strong></span> <span class='ocrx_word' id='word_1_933' title='bbox 2645 4655 2838 4726; x_wconf 84' lang='lat' dir='ltr'><strong>diligis,</strong></span> <span class='ocrx_word' id='word_1_934' title='bbox 2868 4657 3038 4730; x_wconf 92' lang='lat' dir='ltr'><strong>legem</strong></span> <span class='ocrx_word' id='word_1_935' title='bbox 3066 4662 3157 4717; x_wconf 90' lang='lat' dir='ltr'><strong>Dei</strong></span> <span class='ocrx_word' id='word_1_936' title='bbox 3184 4663 3376 4734; x_wconf 83' lang='lat' dir='ltr'><strong>diligis,</strong></span> <span class='ocrx_word' id='word_1_937' title='bbox 3407 4658 3594 4724; x_wconf 89' lang='lat' dir='ltr'><strong>Eccle-</strong></span> 
     </span>
    </p>
   </div>
   <div class='ocr_carea' id='block_1_110' title="bbox 2011 4735 3588 4824">
    <p class='ocr_par' dir='ltr' id='par_1_110' title="bbox 2011 4735 3588 4824">
     <span class='ocr_line' id='line_1_110' title="bbox 2011 4735 3588 4824; baseline 0.009 -26"><span class='ocrx_word' id='word_1_938' title='bbox 2011 4745 2143 4798; x_wconf 89' lang='lat' dir='ltr'><strong>siam</strong></span> <span class='ocrx_word' id='word_1_939' title='bbox 2171 4745 2266 4799; x_wconf 85' lang='lat' dir='ltr'><strong>Dei</strong></span> <span class='ocrx_word' id='word_1_940' title='bbox 2304 4735 2507 4816; x_wconf 84' lang='lat' dir='ltr'><strong>diligis;</strong></span> <span class='ocrx_word' id='word_1_941' title='bbox 2536 4747 2858 4816; x_wconf 86' lang='lat' dir='ltr'><strong>sempiterna</strong></span> <span class='ocrx_word' id='word_1_942' title='bbox 2882 4750 3005 4806; x_wconf 85' lang='lat' dir='ltr'><strong>erit.</strong></span> <span class='ocrx_word' id='word_1_943' title='bbox 3040 4752 3273 4809; x_wconf 88' lang='lat' dir='ltr'><strong>Laboras</strong></span> <span class='ocrx_word' id='word_1_944' title='bbox 3313 4746 3366 4810; x_wconf 90' lang='lat' dir='ltr'><strong>in</strong></span> <span class='ocrx_word' id='word_1_945' title='bbox 3411 4768 3550 4812; x_wconf 87' lang='lat' dir='ltr'><strong>terra</strong></span> <span class='ocrx_word' id='word_1_946' title='bbox 3570 4799 3588 4824; x_wconf 91' lang='lat'><strong>,</strong></span> 
     </span>
    </p>
   </div>
   <div class='ocr_carea' id='block_1_111' title="bbox 2013 4836 3592 4914">
    <p class='ocr_par' dir='ltr' id='par_1_111' title="bbox 2013 4836 3592 4914">
     <span class='ocr_line' id='line_1_111' title="bbox 2013 4836 3592 4914; baseline 0.009 -23"><span class='ocrx_word' id='word_1_947' title='bbox 2013 4836 2106 4892; x_wconf 87' lang='lat' dir='ltr'><strong>sed</strong></span> <span class='ocrx_word' id='word_1_948' title='bbox 2141 4837 2420 4907; x_wconf 89' lang='lat' dir='ltr'><strong>pervenies</strong></span> <span class='ocrx_word' id='word_1_949' title='bbox 2453 4837 2520 4893; x_wconf 90' lang='lat' dir='ltr'><strong>ad</strong></span> <span class='ocrx_word' id='word_1_950' title='bbox 2553 4837 2780 4895; x_wconf 87' lang='lat' dir='ltr'><strong>fructum</strong></span> <span class='ocrx_word' id='word_1_951' title='bbox 2810 4845 3148 4912; x_wconf 90' lang='lat' dir='ltr'><strong>promissum.</strong></span> <span class='ocrx_word' id='word_1_952' title='bbox 3183 4845 3312 4914; x_wconf 87' lang='lat' dir='ltr'><strong>Quis</strong></span> <span class='ocrx_word' id='word_1_953' title='bbox 3336 4847 3428 4903; x_wconf 90' lang='lat' dir='ltr'><strong>tibi</strong></span> <span class='ocrx_word' id='word_1_954' title='bbox 3460 4851 3592 4906; x_wconf 88' lang='lat' dir='ltr'><strong>tollit</strong></span> 
     </span>
    </p>
   </div>
   <div class='ocr_carea' id='block_1_112' title="bbox 1974 4921 3591 5008">
    <p class='ocr_par' dir='ltr' id='par_1_112' title="bbox 1974 4921 3591 5008">
     <span class='ocr_line' id='line_1_112' title="bbox 1974 4921 3591 5008; baseline 0.013 -32"><span class='ocrx_word' id='word_1_955' title='bbox 1974 4954 1984 4976; x_wconf 67' lang='grc' dir='ltr'><strong>ι</strong></span> <span class='ocrx_word' id='word_1_956' title='bbox 2012 4929 2152 4999; x_wconf 91' lang='lat' dir='ltr'><strong>quod</strong></span> <span class='ocrx_word' id='word_1_957' title='bbox 2175 4929 2383 5000; x_wconf 81' lang='lat' dir='ltr'><strong>diligis?</strong></span> <span class='ocrx_word' id='word_1_958' title='bbox 2411 4929 2466 4986; x_wconf 92' lang='lat' dir='ltr'><strong>Si</strong></span> <span class='ocrx_word' id='word_1_959' title='bbox 2507 4943 2664 4986; x_wconf 88' lang='lat' dir='ltr'><strong>nemo</strong></span> <span class='ocrx_word' id='word_1_960' title='bbox 2689 4921 2826 4987; x_wconf 86' lang='lat' dir='ltr'><strong>tollit</strong></span> <span class='ocrx_word' id='word_1_961' title='bbox 2863 4935 2953 4989; x_wconf 89' lang='lat' dir='ltr'><strong>tibi</strong></span> <span class='ocrx_word' id='word_1_962' title='bbox 2980 4935 3118 5004; x_wconf 90' lang='lat' dir='ltr'><strong>quod</strong></span> <span class='ocrx_word' id='word_1_963' title='bbox 3144 4929 3336 5008; x_wconf 82' lang='lat' dir='ltr'><strong>diligis,</strong></span> <span class='ocrx_word' id='word_1_964' title='bbox 3371 4953 3591 4997; x_wconf 89' lang='lat' dir='ltr'><strong>securus</strong></span> 
     </span>
    </p>
   </div>
   <div class='ocr_carea' id='block_1_113' title="bbox 2013 5015 3592 5106">
    <p class='ocr_par' dir='ltr' id='par_1_113' title="bbox 2013 5015 3592 5103">
     <span class='ocr_line' id='line_1_113' title="bbox 2013 5015 3592 5103; baseline 0.008 -26"><span class='ocrx_word' id='word_1_965' title='bbox 2013 5022 2256 5077; x_wconf 90' lang='lat' dir='ltr'><strong>dormis:</strong></span> <span class='ocrx_word' id='word_1_966' title='bbox 2288 5023 2392 5078; x_wconf 91' lang='lat' dir='ltr'><strong>imo</strong></span> <span class='ocrx_word' id='word_1_967' title='bbox 2432 5038 2652 5079; x_wconf 89' lang='lat' dir='ltr'><strong>securus</strong></span> <span class='ocrx_word' id='word_1_968' title='bbox 2690 5015 2904 5096; x_wconf 78' lang='lat' dir='ltr'><strong>vigilas,</strong></span> <span class='ocrx_word' id='word_1_969' title='bbox 2935 5042 3004 5082; x_wconf 90' lang='lat' dir='ltr'><strong>ne</strong></span> <span class='ocrx_word' id='word_1_970' title='bbox 3041 5027 3352 5086; x_wconf 90' lang='lat' dir='ltr'><strong>dormiendo</strong></span> <span class='ocrx_word' id='word_1_971' title='bbox 3397 5034 3592 5103; x_wconf 85' lang='lat' dir='ltr'><strong>perdas</strong></span> 
     </span>
    </p>
   </div>
   <div class='ocr_carea' id='block_1_114' title="bbox 2012 5105 3588 5188">
    <p class='ocr_par' dir='ltr' id='par_1_114' title="bbox 2012 5105 3588 5188">
     <span class='ocr_line' id='line_1_114' title="bbox 2012 5105 3588 5188; baseline 0.008 -21"><span class='ocrx_word' id='word_1_972' title='bbox 2012 5105 2153 5182; x_wconf 90' lang='lat' dir='ltr'><strong>quod</strong></span> <span class='ocrx_word' id='word_1_973' title='bbox 2178 5111 2371 5182; x_wconf 84' lang='lat' dir='ltr'><strong>diligis.</strong></span> <span class='ocrx_word' id='word_1_974' title='bbox 2411 5105 2524 5169; x_wconf 87' lang='lat' dir='ltr'><strong>Non</strong></span> <span class='ocrx_word' id='word_1_975' title='bbox 2553 5115 2696 5169; x_wconf 90' lang='lat' dir='ltr'><strong>enim</strong></span> <span class='ocrx_word' id='word_1_976' title='bbox 2739 5107 2934 5171; x_wconf 79' lang='lat' dir='ltr'><strong>frustm</strong></span> <span class='ocrx_word' id='word_1_977' title='bbox 2961 5117 3157 5173; x_wconf 91' lang='lat' dir='ltr'><strong>dictum</strong></span> <span class='ocrx_word' id='word_1_978' title='bbox 3193 5129 3275 5176; x_wconf 88' lang='lat' dir='ltr'><strong>est.</strong></span> <span class='ocrx_word' id='word_1_979' title='bbox 3296 5164 3312 5188; x_wconf 93' lang='lat'><strong>,</strong></span> <span class='ocrx_word' id='word_1_980' title='bbox 3343 5120 3588 5181; x_wconf 83' lang='lat' dir='ltr'><strong>Illumina</strong></span> 
     </span>
    </p>
   </div>
   <div class='ocr_carea' id='block_1_115' title="bbox 2013 5199 3588 5289">
    <p class='ocr_par' dir='ltr' id='par_1_115' title="bbox 2013 5199 3588 5289">
     <span class='ocr_line' id='line_1_115' title="bbox 2013 5199 3588 5289; baseline 0.011 -34"><span class='ocrx_word' id='word_1_981' title='bbox 2013 5203 2184 5258; x_wconf 88' lang='lat' dir='ltr'><strong>oculos</strong></span> <span class='ocrx_word' id='word_1_982' title='bbox 2207 5221 2361 5272; x_wconf 88' lang='lat' dir='ltr'><strong>meos,</strong></span> <span class='ocrx_word' id='word_1_983' title='bbox 2395 5221 2455 5259; x_wconf 87' lang='lat' dir='ltr'><strong>ne</strong></span> <span class='ocrx_word' id='word_1_984' title='bbox 2477 5205 2680 5279; x_wconf 87' lang='lat' dir='ltr'><strong>quando</strong></span> <span class='ocrx_word' id='word_1_985' title='bbox 2702 5199 3010 5262; x_wconf 83' lang='lat' dir='ltr'><strong>obdormiam</strong></span> <span class='ocrx_word' id='word_1_986' title='bbox 3034 5211 3086 5264; x_wconf 89' lang='lat' dir='ltr'><strong>in</strong></span> <span class='ocrx_word' id='word_1_987' title='bbox 3105 5204 3263 5268; x_wconf 86' lang='lat' dir='ltr'><strong>morte</strong></span> <span class='ocrx_word' id='word_1_988' title='bbox 3283 5212 3302 5289; x_wconf 94' lang='lat'>(</span> <span class='ocrx_word' id='word_1_989' title='bbox 3319 5213 3465 5271; x_wconf 88' lang='lat' dir='ltr'><strong>Psal.</strong></span> <span class='ocrx_word' id='word_1_990' title='bbox 3492 5235 3588 5285; x_wconf 65' lang='grc' dir='ltr'>ιιι,</span> 
     </span>
    </p>
   </div>
   <div class='ocr_carea' id='block_1_116' title="bbox 2013 5296 3682 5369">
    <p class='ocr_par' dir='ltr' id='par_1_116' title="bbox 2013 5296 3682 5369">
     <span class='ocr_line' id='line_1_116' title="bbox 2013 5296 3682 5369; baseline 0.01 -21"><span class='ocrx_word' id='word_1_991' title='bbox 2013 5296 2102 5366; x_wconf 73' lang='grc'><strong>4).</strong></span> <span class='ocrx_word' id='word_1_992' title='bbox 2133 5296 2234 5362; x_wconf 86' lang='lat' dir='ltr'><strong>Qui</strong></span> <span class='ocrx_word' id='word_1_993' title='bbox 2259 5296 2516 5351; x_wconf 89' lang='lat' dir='ltr'><strong>claudunt</strong></span> <span class='ocrx_word' id='word_1_994' title='bbox 2541 5297 2724 5353; x_wconf 89' lang='lat' dir='ltr'><strong>oculos</strong></span> <span class='ocrx_word' id='word_1_995' title='bbox 2751 5307 2934 5353; x_wconf 92' lang='lat' dir='ltr'><strong>contra</strong></span> <span class='ocrx_word' id='word_1_996' title='bbox 2963 5299 3296 5369; x_wconf 86' lang='lat' dir='ltr'><strong>charitatem,</strong></span> <span class='ocrx_word' id='word_1_997' title='bbox 3320 5305 3592 5364; x_wconf 86' lang='lat' dir='ltr'><strong>obdormi-</strong></span> <span class='ocrx_word' id='word_1_998' title='bbox 3670 5297 3682 5312; x_wconf 85' lang='grc'><em>’</em></span> 
     </span>
    </p>
   </div>
   <div class='ocr_carea' id='block_1_117' title="bbox 1955 5388 3588 5459">
    <p class='ocr_par' dir='ltr' id='par_1_117' title="bbox 1955 5388 3588 5459">
     <span class='ocr_line' id='line_1_117' title="bbox 1955 5388 3588 5459; baseline 0.012 -24"><span class='ocrx_word' id='word_1_999' title='bbox 1955 5428 1970 5434; x_wconf 91' lang='grc'><strong>..</strong></span> <span class='ocrx_word' id='word_1_1000' title='bbox 2015 5397 2172 5442; x_wconf 88' lang='lat' dir='ltr'><strong>scunt</strong></span> <span class='ocrx_word' id='word_1_1001' title='bbox 2226 5388 2279 5442; x_wconf 91' lang='lat' dir='ltr'><strong>in</strong></span> <span class='ocrx_word' id='word_1_1002' title='bbox 2330 5388 2780 5459; x_wconf 88' lang='lat' dir='ltr'><strong>concupiscentiis</strong></span> <span class='ocrx_word' id='word_1_1003' title='bbox 2822 5389 3234 5449; x_wconf 87' lang='lat' dir='ltr'><strong>delectationum</strong></span> <span class='ocrx_word' id='word_1_1004' title='bbox 3277 5399 3588 5456; x_wconf 86' lang='lat' dir='ltr'><strong>carnalium.</strong></span> 
     </span>
    </p>
   </div>
   <div class='ocr_carea' id='block_1_118' title="bbox 2014 5480 3588 5562">
    <p class='ocr_par' dir='ltr' id='par_1_118' title="bbox 2014 5480 3588 5562">
     <span class='ocr_line' id='line_1_118' title="bbox 2014 5480 3588 5562; baseline 0.01 -28"><span class='ocrx_word' id='word_1_1005' title='bbox 2014 5480 2217 5551; x_wconf 76' lang='lat' dir='ltr'><strong>Evigilo</strong></span> <span class='ocrx_word' id='word_1_1006' title='bbox 2245 5495 2394 5552; x_wconf 83' lang='lat' dir='ltr'><strong>ergo.</strong></span> <span class='ocrx_word' id='word_1_1007' title='bbox 2446 5481 2832 5536; x_wconf 87' lang='lat' dir='ltr'><strong>Delectationes</strong></span> <span class='ocrx_word' id='word_1_1008' title='bbox 2871 5483 3014 5539; x_wconf 90' lang='lat' dir='ltr'><strong>enim</strong></span> <span class='ocrx_word' id='word_1_1009' title='bbox 3053 5494 3212 5555; x_wconf 89' lang='lat' dir='ltr'><strong>sunt,</strong></span> <span class='ocrx_word' id='word_1_1010' title='bbox 3244 5491 3588 5562; x_wconf 88' lang='lat' dir='ltr'><strong>manducare,</strong></span> 
     </span>
    </p>
   </div>
   <div class='ocr_carea' id='block_1_119' title="bbox 2016 5572 3591 5649">
    <p class='ocr_par' dir='ltr' id='par_1_119' title="bbox 2016 5572 3591 5649">
     <span class='ocr_line' id='line_1_119' title="bbox 2016 5572 3591 5649; baseline 0.01 -22"><span class='ocrx_word' id='word_1_1011' title='bbox 2016 5572 2214 5640; x_wconf 89' lang='lat' dir='ltr'><strong>bibere,</strong></span> <span class='ocrx_word' id='word_1_1012' title='bbox 2244 5573 2515 5639; x_wconf 88' lang='lat' dir='ltr'><strong>luxuriari,</strong></span> <span class='ocrx_word' id='word_1_1013' title='bbox 2545 5572 2746 5639; x_wconf 82' lang='lat' dir='ltr'><strong>ludere,</strong></span> <span class='ocrx_word' id='word_1_1014' title='bbox 2771 5576 2952 5630; x_wconf 90' lang='lat' dir='ltr'><strong>venari</strong></span> <span class='ocrx_word' id='word_1_1015' title='bbox 2982 5595 2996 5631; x_wconf 93' lang='lat'><strong>:</strong></span> <span class='ocrx_word' id='word_1_1016' title='bbox 3019 5593 3240 5649; x_wconf 90' lang='lat' dir='ltr'><strong>pompas</strong></span> <span class='ocrx_word' id='word_1_1017' title='bbox 3268 5582 3396 5639; x_wconf 88' lang='lat' dir='ltr'><strong>istas</strong></span> <span class='ocrx_word' id='word_1_1018' title='bbox 3426 5597 3591 5643; x_wconf 83' lang='lat' dir='ltr'><strong>vanas</strong></span> 
     </span>
    </p>
   </div>
   <div class='ocr_carea' id='block_1_120' title="bbox 2018 5663 3590 5744">
    <p class='ocr_par' dir='ltr' id='par_1_120' title="bbox 2018 5663 3590 5744">
     <span class='ocr_line' id='line_1_120' title="bbox 2018 5663 3590 5744; baseline 0.01 -23"><span class='ocrx_word' id='word_1_1019' title='bbox 2018 5665 2190 5721; x_wconf 89' lang='lat' dir='ltr'><strong>omnia</strong></span> <span class='ocrx_word' id='word_1_1020' title='bbox 2223 5663 2356 5719; x_wconf 90' lang='lat' dir='ltr'><strong>mala</strong></span> <span class='ocrx_word' id='word_1_1021' title='bbox 2387 5672 2695 5735; x_wconf 88' lang='lat' dir='ltr'><strong>sequuntur.</strong></span> <span class='ocrx_word' id='word_1_1022' title='bbox 2718 5663 2979 5736; x_wconf 89' lang='lat' dir='ltr'><strong>Numquid</strong></span> <span class='ocrx_word' id='word_1_1023' title='bbox 3012 5671 3277 5728; x_wconf 87' lang='lat' dir='ltr'><strong>nescimus</strong></span> <span class='ocrx_word' id='word_1_1024' title='bbox 3305 5675 3423 5744; x_wconf 85' lang='lat' dir='ltr'><strong>quia</strong></span> <span class='ocrx_word' id='word_1_1025' title='bbox 3450 5677 3590 5737; x_wconf 85' lang='lat' dir='ltr'><strong>dele-</strong></span> 
     </span>
    </p>
   </div>
   <div class='ocr_carea' id='block_1_121' title="bbox 2081 5798 2903 5862">
    <p class='ocr_par' dir='ltr' id='par_1_121' title="bbox 2081 5798 2903 5862">
     <span class='ocr_line' id='line_1_121' title="bbox 2081 5798 2903 5862; baseline 0.007 -16"><span class='ocrx_word' id='word_1_1026' title='bbox 2081 5801 2097 5832; x_wconf 81' lang='grc'>¹</span> <span class='ocrx_word' id='word_1_1027' title='bbox 2123 5805 2197 5847; x_wconf 83' lang='lat' dir='ltr'><strong>Er.</strong></span> <span class='ocrx_word' id='word_1_1028' title='bbox 2222 5798 2366 5862; x_wconf 86' lang='lat' dir='ltr'><strong>lugd.</strong></span> <span class='ocrx_word' id='word_1_1029' title='bbox 2391 5806 2506 5850; x_wconf 82' lang='lat' dir='ltr'><strong>Ven.</strong></span> <span class='ocrx_word' id='word_1_1030' title='bbox 2525 5804 2655 5862; x_wconf 82' lang='lat' dir='ltr'><strong>Lov.,</strong></span> <span class='ocrx_word' id='word_1_1031' title='bbox 2678 5799 2780 5852; x_wconf 85' lang='lat' dir='ltr'><strong>hoc.</strong></span> <span class='ocrx_word' id='word_1_1032' title='bbox 2848 5811 2903 5853; x_wconf 82' lang='lat' dir='ltr'><strong>M.</strong></span> 
     </span>
    </p>
   </div>
   <div class='ocr_carea' id='block_1_122' title="bbox 2895 5887 3470 5972">
    <p class='ocr_par' dir='ltr' id='par_1_122' title="bbox 2895 5887 3470 5972">
     <span class='ocr_line' id='line_1_122' title="bbox 2895 5887 3470 5972; baseline 0.016 -25"><span class='ocrx_word' id='word_1_1033' title='bbox 2895 5887 3233 5963; x_wconf 68' lang='lat' dir='ltr'><strong>(Soirante</strong></span> <span class='ocrx_word' id='word_1_1034' title='bbox 3271 5912 3431 5972; x_wconf 74' lang='lat' dir='ltr'><strong>ctnq.</strong></span> <span class='ocrx_word' id='word_1_1035' title='bbox 3445 5928 3470 5965; x_wconf 67' lang='grc' dir='ltr'><em>χ</em></span> 
     </span>
    </p>
   </div>
  </div>
