4076 6476
502 324 658 382 ’⁴2059

521 446 779 500 elationes
804 444 962 499 sunt?
984 443 1112 512 Quis
1134 452 1289 516 neget
1308 444 1429 514 quia
1448 441 1749 497 delectant?
1766 437 1868 493 Sed
1888 436 2006 505 plus
2026 430 2105 486 di-

523 537 701 608 ligitur
721 537 803 592 lex
834 537 928 592 Dei
956 538 993 590 ί.
1026 537 1204 593 Clama
1233 542 1416 589 contra
1445 532 1575 587 tales
1601 543 1847 586 suasores
1866 569 1880 593 ,
1907 526 2106 580 Narra-

520 639 695 685 verunt
734 630 857 685 mihi
883 630 1057 700 injusti
1086 628 1464 691 delectationes;
1495 624 1580 678 sed
1606 638 1706 676 non
1731 623 1857 675 sicut
1887 620 1967 673 lex
1994 626 2100 679 tua,

523 722 756 778 Domine.
789 722 893 779 Ista
922 722 1205 777 delectatio
1230 727 1425 773 manet.
1459 717 1572 772 Non
1602 716 1774 771 solum
1796 720 1975 769 manet
1998 725 2103 782 quo

522 816 725 883 venias,
756 815 848 871 sed
875 815 1032 869 etiam
1058 818 1273 868 revocat
1303 810 1613 882 fugientem.

592 910 645 962 7.
680 906 805 962 Haec
832 916 903 961 est
928 906 1057 960 enim
1082 904 1280 957 dilectio
1310 902 1426 968 Dei,
1451 911 1502 955 ut
1525 910 1776 973 prarcepta
1806 899 1913 969 ejus
1936 909 2101 949 serve—

522 1015 650 1053 mus.
678 998 795 1053 Jam
835 996 1089 1062 audistis,
1128 993 1196 1048 In
1223 994 1301 1048 his
1338 993 1531 1048 duobus
1569 990 1830 1064 prteceptis
1871 996 1972 1041 tota
1995 983 2104 1038 Lex

522 1090 702 1159 pendet
741 1098 788 1142 et
828 1087 1115 1156 Prop/tela}.
1155 1085 1431 1154 Quomodo
1460 1084 1625 1138 noluit
1658 1090 1708 1137 te
1745 1079 1979 1134 dividere
2008 1090 2104 1146 per

521 1184 711 1238 multas
740 1178 990 1251 paginas?
1020 1178 1085 1232 In
1110 1179 1187 1233 Itis
1214 1177 1405 1231 duobus
1430 1176 1687 1247 prwccpIis
1709 1182 1811 1226 tota
1843 1169 1951 1223 Lea:
1978 1184 2105 1238 pen-

488 1310 503 1317 η
521 1274 603 1327 ἀει
638 1282 685 1327 et
719 1270 1004 1340 Prophetas.
1030 1271 1084 1324 ln
1115 1270 1304 1339 quibus
1329 1267 1537 1323 duobus
1567 1262 1882 1338 praeceptis?
1907 1258 2103 1329 Diliges

519 1364 790 1417 Dominum
818 1361 978 1415 Deum
999 1373 1138 1415 tuum
1164 1378 1224 1415 ea:
1245 1369 1347 1415 toto
1367 1359 1515 1413 corde
1540 1366 1644 1423 tuo,
1668 1366 1712 1411 et
1736 1372 1799 1410 ex
1814 1363 1915 1407 tota
1934 1352 2103 1405 anima

488 1467 625 1520 tua,
658 1466 705 1509 et
743 1471 806 1509 ea:
842 1464 944 1509 tota
975 1463 1135 1508 mente
1163 1462 1285 1517 tua;
1312 1461 1385 1519 et,
1426 1451 1619 1521 Diliges
1645 1448 1931 1519 proximum
1960 1455 2102 1497 tuum

518 1546 643 1598 sicut
672 1545 903 1615 teipsum.
936 1542 1001 1597 In
1028 1545 1107 1597 his
1132 1543 1323 1597 duobus
1364 1541 1621 1613 praeceptis
1657 1545 1759 1592 tota
1787 1536 1894 1591 Lex
1921 1534 2102 1607 pendet

518 1647 566 1691 et
595 1636 867 1709 Propheta:
888 1636 1094 1708 (Matth.
1117 1652 1249 1700 χχιι,
1274 1632 1484 1708 57-40).
1509 1634 1646 1688 Ecce
1668 1633 1735 1688 de
1753 1631 1944 1703 quibus
1967 1643 2102 1699 pra:-

516 1731 686 1800 ceptis
712 1738 891 1784 narrat
916 1738 1021 1784 tota
1056 1728 1156 1783 ista
1185 1727 1440 1797 Epistola.
1468 1725 1667 1782 Tenete
1700 1738 1827 1795 ergo
1862 1721 2101 1777 dilectio-
2136 1744 2159 1747 -

516 1837 662 1887 nem,
691 1830 747 1877 ct
770 1822 942 1876 securi
979 1828 1167 1875 estote.
1200 1818 1334 1887 Quid
1360 1818 1513 1873 times
1552 1832 1618 1872 ne
1643 1816 1782 1871 male
1811 1813 1973 1869 facias
1998 1812 2100 1867 ali-

516 1913 636 1967 cui?
669 1912 800 1981 Quis
827 1911 965 1967 male
992 1911 1115 1966 facit
1148 1911 1196 1967 ei
1230 1925 1387 1981 quem
1413 1908 1620 1979 diligit?
1652 1908 1836 1977 Dilige,
1869 1920 1972 1960 non
2002 1919 2099 1974 po-

496 2013 621 2061 test
654 2005 770 2060 fieri
805 2006 905 2059 nisi
945 2005 1081 2059 bene
1106 2003 1287 2058 facias.
1331 2001 1436 2057 Sed
1465 2002 1599 2056 forte
1626 1997 1892 2069 corripis?
1935 1998 2101 2052 Amor

516 2098 618 2154 hoc
650 2099 795 2166 facit,
822 2112 926 2153 non
959 2096 1180 2152 saevitia.
1216 2095 1318 2152 Sed
1355 2094 1492 2150 forte
1520 2092 1719 2149 caedis?
1750 2091 1831 2146 Ad
1861 2089 2131 2165 disciplin

2127 2200 2143 2223 ι
2162 2194 2169 2209 π
2202 2169 2257 2226 Si
2288 2182 2340 2225 tu
2371 2180 2423 2228 te
2444 2174 2729 2243 prmcidisti
2750 2192 2779 2230 a
2804 2191 3026 2246 corpore
3046 2178 3232 2247 ipsius,
3255 2191 3413 2251 caput
3436 2199 3543 2237 non
3565 2199 3625 2240 se
3647 2201 3789 2254 pra:-

516 2206 637 2245 nam
665 2190 820 2255 facis;
844 2189 963 2260 quia
986 2205 1136 2243 amor
1160 2188 1326 2258 ipsius
1347 2186 1646 2241 dilectionis
1675 2199 1779 2238 non
1808 2194 1858 2237 te
1882 2181 2099 2250 permit-

498 2285 577 2339 tit
596 2284 858 2354 negligere
883 2281 1348 2351 indisciplinatum.
1373 2280 1439 2333 Et
1465 2278 1521 2333 lit
1540 2274 1930 2347 quodammodo
1951 2272 2099 2342 quasi

515 2376 759 2430 diversus
802 2373 1003 2429 fructus
1032 2382 1086 2429 et
1114 2371 1445 2433 contrarius,
1492 2378 1551 2424 ut
1593 2366 1878 2438 aliquando
1917 2365 2096 2419 odium

498 2464 830 2531 "blandiatur,
857 2472 910 2518 et
936 2462 1167 2517 eharitas
1196 2460 1396 2515 smviat.
1428 2459 1618 2515 Nescio
1646 2458 1765 2528 quis
1788 2456 1901 2511 odit
1926 2454 2099 2509 inimi-

512 2570 635 2610 cum
662 2542 836 2619 suum,
860 2561 916 2607 et
944 2553 1094 2623 fingit
1120 2552 1195 2607 illi
1220 2550 1503 2606 amicitiam
1536 2566 1550 2601 :
1580 2548 1725 2603 videt
1749 2546 1897 2602 illum
1922 2544 2099 2600 facere

511 2644 710 2715 aliquid
734 2644 884 2711 mali,
915 2643 1093 2697 laudat
1122 2660 1136 2697 :
1163 2642 1279 2695 vult
1309 2655 1431 2696 eum
1460 2653 1581 2694 esse
1608 2637 1956 2708 praecipitem,
1986 2635 2099 2690 vult
2132 2663 2151 2667 ν

512 2751 711 2792 cmcum
734 2735 811 2790 ire
841 2749 935 2804 per
955 2733 1178 2803 abrupta
1200 2731 1547 2802 cupiditatum
1570 2744 1807 2797 suarum,
1830 2728 1971 2783 unde
1994 2727 2099 2782 for-

507 2837 565 2882 te
594 2842 699 2882 non
729 2827 943 2891 redeat;
974 2824 1150 2879 laudat
1172 2866 1187 2891 ,
1225 2823 1476 2891 Quoniam
1519 2821 1760 2876 laudatur
1788 2828 2018 2890 peccator
2043 2819 2098 2874 in

504 2919 769 2974 desideriis
798 2921 981 2972 animae
1002 2934 1111 2972 sua:
1137 2914 1305 2985 (Psal.
1330 2931 1406 2977 ιι,
1429 2912 1520 2987 ’5);
1548 2914 1764 2970 adhibet
1791 2914 1866 2968 illi
1892 2912 2099 2968 unctio-

510 3028 631 3067 uem
661 3010 978 3066 adulationis
1005 3024 1117 3064 suae
1141 3025 1155 3062 :
1183 3022 1308 3063 ecce
1330 3006 1463 3073 odit,
1491 3015 1545 3061 et
1564 3004 1761 3060 laudat.
1786 3004 1938 3059 Alter
1954 3003 2098 3059 videt

506 3105 739 3159 amicum
779 3117 931 3157 suum
978 3102 1084 3157 tale
1124 3098 1319 3170 aliquid
1349 3098 1554 3164 facere,
1582 3104 1830 3161 revocat;
1863 3097 1907 3152 si
1943 3095 2094 3150 illum
2124 3106 2131 3125 π

509 3210 615 3250 non
641 3194 855 3261 audiat,
884 3192 1090 3263 profert
1124 3192 1284 3247 verba
1314 3190 1474 3246 etiam
1500 3188 1881 3260 castigationis,
1910 3186 2094 3257 objur-

504 3298 628 3360 gat,
658 3289 865 3359 litigat:
896 3285 1177 3358 aliquando
1198 3285 1414 3341 venitur
1450 3283 1516 3339 ad
1545 3282 1684 3339 hanc
1720 3281 2094 3337 necessitatem

511 3390 568 3434 ut
608 3380 795 3448 litiget.
838 3378 976 3434 Ecce
1014 3377 1193 3432 odium
1224 3375 1510 3441 blanditur,
1543 3382 1598 3429 et
1638 3373 1868 3429 charitas
1902 3371 2090 3442 litigat.

508 3472 627 3528 Noli
665 3472 942 3528 attendere
979 3470 1138 3526 verba
1179 3468 1532 3532 blandientis,
1558 3476 1612 3522 et
1648 3465 1799 3537 quasi
1836 3464 2093 3521 sazvitiam

508 3565 868 3636 objurgantis;
898 3578 1086 3618 venam
1117 3561 1338 3633 inspice,
1363 3559 1595 3614 radicem
1637 3557 1775 3612 unde
1803 3554 2095 3627 procedant

506 3671 707 3726 qumre.
738 3654 832 3710 llle
856 3653 1124 3709 blanditur
1146 3660 1202 3705 ut
1225 3650 1485 3720 decipiat,
1515 3648 1615 3703 iste
1642 3648 1809 3718 litigat
1838 3655 1893 3701 ut
1920 3644 2091 3700 corri-

506 3755 613 3817 gat.
644 3746 782 3817 Ergo
807 3758 915 3799 non
943 3759 1077 3815 opus
1103 3750 1206 3809 est,
1235 3740 1426 3797 fratres
1446 3780 1461 3805 ,
1488 3748 1547 3795 ut
1571 3754 1665 3809 per
1686 3753 1791 3793 nos
1815 3736 2089 3793 distenda-

507 3847 591 3892 tur
611 3852 705 3892 cor
732 3843 998 3901 vestrum;
1022 3834 1298 3904 impetrate
1323 3848 1353 3885 a
1374 3832 1482 3887 Deo
1508 3840 1564 3885 ut
1586 3829 1815 3901 diligatis
1841 3829 2087 3884 invicem.

504 3930 702 3985 Omnes
731 3927 994 3993 homines,
1020 3927 1177 3982 etiam
1200 3925 1441 3980 inimicos
1461 3922 1668 3979 vestros
1694 3922 1958 3993 diligatis:
1983 3936 2090 3976 non

506 4022 628 4089 quia
655 4027 779 4075 sunt
804 4019 1018 4085 fratres,
1051 4017 1146 4073 sed
1175 4025 1233 4072 ut
1261 4015 1453 4070 fratres
1477 4015 1620 4080 sint;
1652 4022 1712 4069 ut
1739 4028 1950 4084 semper
1979 4012 2089 4067 fra-
2122 4040 2129 4051 ‹

506 4123 659 4168 terno
687 4127 869 4166 amore
899 4111 1130 4181 flagretis
1149 4152 1163 4177 ,
1192 4109 1304 4164 sive
1330 4109 1383 4163 in
1412 4106 1629 4162 fratrem
1652 4107 1867 4171 factum,
1897 4106 2009 4161 sive
2035 4105 2089 4163 in

506 4204 802 4269 inimicum,
826 4212 886 4257 ut
911 4202 1071 4257 frater
1092 4201 1184 4255 fiat
1204 4198 1488 4269 diligendo.
1516 4197 1847 4267 Ubicumque
1872 4197 2088 4251 fratrem

506 4294 742 4365 diligitis,
771 4294 998 4348 amicum
1019 4292 1257 4362 diligitis.
1284 4291 1403 4347 Jam
1431 4300 1604 4345 tecum
1629 4297 1733 4355 est,
1755 4289 1865 4358 jam
1888 4288 1939 4343 in
1970 4288 2089 4342 uni-

507 4398 615 4443 tate
636 4386 794 4442 etiam
819 4384 1079 4441 catholica
1111 4384 1203 4439 tibi
1228 4382 1546 4454 eonjunctus
1568 4389 1669 4437 est.
1692 4380 1747 4436 Si
1773 4381 1908 4436 bene
1931 4380 2085 4447 vivis,

507 4481 721 4535 fratrem
741 4475 914 4548 diligis
935 4475 1128 4530 factum
1150 4490 1213 4529 ex
1238 4474 1469 4530 inimico.
1497 4471 1601 4528 Sed
1624 4471 1803 4542 diligis
1823 4471 2051 4541 aliquem
2066 4472 2087 4503 ²

505 4572 595 4642 qui
622 4568 855 4625 nondum
880 4566 1107 4623 credidit
1139 4564 1369 4631 Christo,
1399 4570 1490 4618 aut
1521 4564 1564 4618 si
1588 4561 1813 4617 credidit
1836 4561 2085 4627 Christo,

505 4673 562 4718 ut
597 4662 866 4718 daamones
894 4658 1137 4725 crediti;
1173 4656 1518 4727 reprehendis
1546 4655 1829 4710 vanitatem
1860 4654 2027 4725 ipsius
2043 4653 2085 4708 ⁸.

504 4757 582 4813 Tu
611 4756 790 4826 dilige,
826 4762 879 4809 et
904 4752 1138 4808 fraterno
1163 4764 1346 4805 amore
1382 4748 1541 4819 dilige
1568 4765 1580 4800 :
1609 4746 1843 4803 nondum
1870 4755 1951 4801 est
1978 4745 2086 4801 fra-

504 4860 604 4916 ter,
647 4847 744 4905 sed
781 4846 902 4902 ideo
944 4843 1119 4915 diligis
1149 4850 1204 4897 ut
1231 4842 1300 4896 sit
1336 4840 1515 4896 frater.
1558 4840 1699 4910 Ergo
1739 4849 1843 4895 tota
1874 4839 2088 4894 dilectio

504 4948 683 4996 nostra
706 4938 938 4994 fraterna
959 4945 1040 4992 est
1059 4949 1182 5006 erga
1198 4931 1548 4998 Christianos,
1567 4946 1690 5001 erga
1711 4930 1888 4985 omnia
1916 4945 2086 4985 mem-
2108 4958 2111 4961 η

504 5033 600 5088 bra
625 5030 759 5102 ejus.
791 5028 1078 5098 Disciplina
1104 5024 1394 5090 charitatis,
1425 5022 1612 5077 fratres
1631 5023 1754 5089 mei,
1777 5023 1961 5087 robur,
1986 5022 2086 5077 flo-

502 5139 611 5187 res,
661 5122 885 5189 fructus,
923 5117 1285 5191 pulchritudo,
1329 5116 1629 5183 amoenitas,
1671 5124 1873 5186 pastus,
1907 5123 2082 5184 potus,

420 5262 427 5269 .
501 5212 650 5268 cibus
672 5255 686 5279 ,
719 5212 994 5282 amplexus
1013 5253 1027 5276 ,
1056 5211 1171 5265 sine
1196 5209 1438 5264 satietate
1480 5215 1579 5263 est.
1609 5206 1664 5263 Si
1707 5208 1785 5262 sic
1813 5222 1910 5261 nos
1936 5207 2083 5263 dele—

503 5311 611 5357 ctat
640 5304 967 5374 peregrinos,
998 5302 1052 5357 in
1078 5300 1247 5372 patria
1268 5298 1533 5370 quomodo
1561 5297 1947 5369 gaudebimus?
2018 5376 2023 5381 ξ

567 5468 584 5498 ι
609 5465 745 5527 aditi,
769 5465 1014 5533 diligatur.
1048 5474 1228 5517 Novem
1258 5471 1386 5526 Mss,
1411 5459 1645 5527 diligitur.
1675 5460 1758 5511 Alii
1797 5462 1920 5523 duo,
1960 5464 2086 5515 dele-

504 5534 683 5661 ct'gt-EF.
716 5589 862 5661 wgf!
883 5597 1023 5652 ven”
1042 5588 1100 5651 ,θ’
1115 5600 1221 5651 pro,
1240 5586 1345 5649 sed,
1371 5593 1424 5638 et
1445 5585 1589 5651 paulo
1611 5584 1734 5636 infra
1756 5598 1865 5636 cum
1882 5593 2015 5649 Lov.,
2036 5594 2086 5639 tu

502 5650 684 5784 “ira:
707 5656 870 5784 Lugd“;
888 5717 1005 5761 Ven.
1030 5718 1160 5784 tov_.,
1184 5710 1406 5784 credidit.
1440 5778 1454 5784 Δ
1473 5716 1531 5760 M.
1556 5772 1567 5784 .

567 5775 587 5804 ι
611 5772 798 5836 aliquot
821 5782 947 5831 Mss,
971 5772 1279 5841 reprehendit
1302 5772 1529 5825 unitatem
1549 5772 1715 5838 ipsius.

1250 320 1314 377 IN
1356 318 1730 376 EPISTOLMI
1778 310 2054 371 JOANNlS
2094 309 2183 364 AD
2224 310 2555 378 PARTHOS,
2596 313 2653 370 S.
2694 314 3060 371 AUGUSTINI

3647 324 3786 381 2060

2281 427 2335 482 8.
2374 428 2661 485 Curramus
2684 445 2810 502 ergo
2829 473 2843 498 ,
2875 430 3065 487 fratres
3092 433 3227 500 mei,
3254 448 3561 502 curramus,
3586 450 3640 495 et
3669 442 3793 497 dili-

2208 533 2391 588 gamus
2419 520 2707 576 Christum.
2749 523 2915 590 Quem
2938 523 3243 580 Christum?
3276 527 3459 584 Jesum
3497 531 3789 589 Christum.

2208 609 2335 677 Quis
2357 621 2437 683 est
2454 612 2589 667 iste?
2613 613 2841 669 Verbum
2864 616 2976 670 Dei.
3000 618 3067 671 Et
3080 619 3346 687 quomodo
3365 623 3509 676 venit
3528 624 3596 677 ad
3617 641 3792 695 agro-

2210 701 2551 757 tos?Verbum
2572 721 2690 759 caro
2711 707 2899 775 factum
2916 717 3007 773 est,
3032 717 3077 762 et
3097 709 3337 765 habitavit
3364 713 3417 767 in
3437 714 3580 769 nobis
3612 715 3791 789 (Joan.

2209 806 2247 858 ι,
2282 792 2392 864 14).
2428 794 2760 864 Completum
2787 807 2870 853 est
2897 813 3024 870 ergo
3048 800 3191 869 quod
3218 801 3486 873 Scriptura
3526 807 3791 875 prmditit,

2212 881 2480 952 Oportebat
2506 882 2761 941 Christum
2789 890 2915 959 pati,
2948 899 2996 944 et
3027 907 3285 962 resurgere
3312 895 3459 947 tertia
3486 898 3568 950 die
3595 912 3628 949 a
3653 915 3794 951 mor-

2208 977 2323 1030 tuis.
2351 977 2556 1048 Corpus
2578 979 2743 1049 ipsius
2766 982 2851 1037 ubi
2872 982 3046 1051 jacet?
3071 984 3303 1039 Membra
3331 986 3496 1056 ipsius
3520 989 3611 1044 ubi
3643 990 3793 1044 labo-

2208 1076 2327 1121 rant
2349 1068 2399 1121 ‘?
2420 1068 2521 1124 Ubi
2546 1085 2666 1126 esse
2689 1070 2874 1137 debes,
2894 1082 2951 1127 ut
2979 1072 3078 1128 sub
3103 1076 3275 1145 capite
3295 1077 3404 1132 sis?
3430 1078 3497 1132 Et
3520 1080 3795 1151 prwdicari

2206 1162 2259 1215 in
2289 1163 2488 1216 nomine
2522 1165 2630 1234 ejus
2664 1166 3003 1235 ptenitentiam
3028 1176 3076 1221 et
3104 1169 3443 1224 remissionem
3474 1184 3795 1241 peccatorum

2128 1262 2167 1295 ττι
2206 1269 2297 1323 per
2329 1270 2500 1307 onmes
2527 1264 2724 1325 gentes,
2752 1257 2997 1327 incipiens
3027 1259 3090 1312 ab
3122 1257 3407 1314 Jerusalem
3434 1262 3453 1333 (
3481 1262 3607 1319 Luc.
3641 1279 3789 1328 ntv,

2204 1345 2294 1409 46,
2321 1344 2430 1417 47).
2455 1346 2528 1402 lbi
2550 1347 2868 1403 dilfundatur
2898 1350 3128 1406 Charitas
3164 1360 3273 1407 tua.
3304 1354 3437 1410 Dicit
3473 1355 3719 1411 Christus
3739 1368 3794 1413 et

2206 1436 2467 1503 Psalmus,
2496 1438 2547 1493 id
2569 1449 2669 1507 est,
2700 1440 2925 1510 Spiritus
2964 1442 3079 1508 Dei,
3112 1442 3293 1497 Latum
3326 1446 3620 1501 mandatum
3650 1458 3793 1501 tuum

2205 1527 2383 1593 valde;
2411 1538 2464 1584 et
2487 1531 2667 1586 nescio
2702 1532 2821 1601 quis
2846 1534 2993 1603 ponit
3018 1534 3070 1588 in
3101 1533 3277 1589 Africa
3318 1535 3451 1590 ﬁnes
3477 1537 3787 1592 charitatis!

2204 1620 2446 1677 Extende
2470 1623 2779 1678 charitatem
2808 1642 2902 1695 per
2926 1634 3093 1681 totum
3122 1628 3327 1692 orbem,
3348 1629 3391 1682 si
3414 1630 3492 1684 vis
3516 1630 3789 1685 Christum

2204 1726 2413 1779 amare;
2446 1717 2568 1785 quia
2606 1717 2841 1771 membra
2881 1716 3075 1773 Christi
3121 1735 3219 1790 per
3256 1721 3439 1776 orbem
3482 1724 3684 1793 jacent.
3732 1724 3791 1781 Si

2203 1819 2349 1861 amas
2392 1820 2615 1877 partem,
2646 1808 2846 1864 divisus
2871 1825 2931 1865 es
2972 1828 2985 1863 :
3034 1812 3077 1865 si
3122 1811 3322 1867 divisus
3360 1828 3438 1881 es,
3478 1815 3529 1869 in
3557 1831 3790 1885 corpore

2204 1914 2309 1952 non
2337 1914 2396 1954 es
2421 1916 2434 1954 :
2461 1900 2503 1954 si
2532 1902 2583 1955 in
2612 1916 2838 1971 corpore
2863 1918 2964 1957 non
2991 1918 3068 1969 es,
3093 1905 3193 1959 sub
3212 1905 3385 1975 capite
3410 1922 3515 1961 non
3544 1922 3625 1962 es.
3649 1909 3789 1977 Quid

2204 1988 2420 2059 prodest
2457 1990 2579 2061 quia
2607 1993 2781 2048 credis
2800 2033 2816 2060 ,
2844 2002 2897 2048 et
2922 1993 3291 2065 blasphemas?
3320 1998 3525 2053 Adoras
3551 2000 3703 2056 illum
3734 2003 3789 2058 in

2202 2081 2391 2151 capite,
2418 2082 2753 2152 blasphemas
2776 2085 2827 2139 in
2855 2101 3098 2157 corpore.
3123 2088 3381 2144 Amatillc
3397 2106 3592 2162 corpus
3608 2108 3786 2149 suum.

2202 2263 2328 2317 cidit
2363 2279 2392 2317 a
2423 2280 2648 2336 corpore
2681 2282 2799 2323 suo.
2832 2269 2959 2326 Sine
2986 2285 3146 2327 causa
3189 2288 3275 2328 me
3302 2275 3557 2342 honoras,
3589 2279 3791 2333 clamat

2203 2354 2294 2409 tibi
2322 2366 2481 2426 caput
2500 2358 2757 2429 desuper;
2788 2362 2904 2417 sine
2930 2377 3087 2418 causa
3115 2380 3201 2420 me
3232 2366 3479 2422 honoras.
3508 2369 3787 2441 Tanquam

2202 2447 2248 2501 si
2276 2449 2398 2503 velit
2439 2450 2529 2505 tibi
2560 2452 2749 2522 aliquis
2772 2455 3000 2510 osculari
3030 2466 3216 2527 caput,
3254 2470 3308 2514 et
3335 2460 3542 2517 calcare
3566 2463 3660 2518 tibi
3688 2479 3787 2535 pe-

2201 2539 2297 2595 des
2326 2560 2338 2595 :
2368 2540 2503 2597 forte
2524 2545 2705 2616 caligis
2725 2547 2945 2603 clavatis
2970 2560 3271 2606 contereret
3293 2552 3456 2622 pedes
3482 2558 3653 2624 tuos',
3689 2573 3787 2613 vo-

2201 2631 2317 2688 lens
2344 2634 2435 2689 tibi
2464 2644 2645 2692 tenere
2669 2650 2845 2708 caput,
2873 2650 2927 2696 et
2964 2643 3224 2708 osculari;
3253 2660 3430 2701 nonne
3459 2646 3598 2703 inter
3621 2650 3787 2705 verba

2200 2724 2511 2782 honorantis
2531 2730 2789 2787 clamares
2808 2744 2860 2788 et
2879 2734 3104 2800 diceres,
3125 2736 3261 2805 Quid
3284 2739 3431 2803 facis,
3455 2738 3654 2796 homo?
3673 2743 3789 2797 cal-

2200 2832 2291 2872 cas
2318 2833 2427 2874 me.
2453 2818 2567 2875 Non
2590 2821 2819 2888 diceres,
2850 2824 3036 2880 Galeas
3066 2838 3224 2897 caput
3250 2844 3457 2896 meum;
3480 2832 3602 2901 quia
3627 2842 3790 2902 caput

2200 2908 2494 2967 honorabat
2540 2930 2554 2967 :
2596 2914 2689 2971 sed
2730 2916 2846 2986 plus
2885 2918 3142 2973 clamaret
3181 2930 3342 2991 caput
3388 2937 3485 2992 pro
3526 2924 3791 2980 membris

2198 3000 2435 3068 calcatis,
2463 3019 2621 3074 quam
2647 3022 2743 3077 pro
2768 3022 2827 3062 se
2846 3049 2859 3073 ,
2896 3009 3016 3078 quia
3048 3008 3428 3067 honorabatur.
3458 3014 3645 3070 Nonne
3670 3015 3786 3069 cla-

2148 3118 2167 3143 κ
2198 3100 2310 3146 mat
2347 3094 2519 3163 ipsum
2561 3106 2749 3167 caput,
2791 3098 2925 3153 Nolo
2954 3100 3208 3157 honorem
3240 3111 3416 3170 tuum;
3462 3104 3673 3161 calcare
3698 3123 3789 3162 me

2198 3185 2340 3239 noli?
2363 3185 2479 3241 Jam
2507 3196 2561 3243 tu
2582 3188 2688 3258 die,
2717 3191 2762 3245 si
2788 3200 2957 3261 potes,
2989 3192 3163 3261 Quare
3192 3205 3244 3250 te
3271 3197 3512 3251 calcavit
3540 3198 3625 3253 dic
3651 3197 3786 3254 illud

2198 3278 2378 3348 capiti,
2411 3279 2486 3335 Te
2518 3282 2746 3337 osculari
2782 3284 2945 3350 volui,
2973 3286 3218 3356 amplecti
3244 3287 3405 3342 volui.
3437 3289 3540 3345 Sed
3566 3303 3673 3345 non
3698 3291 3783 3345 vi-

2196 3368 2312 3437 des,
2353 3384 2387 3425 o
2411 3371 2592 3439 stulte,
2623 3374 2744 3443 quia
2780 3375 2924 3445 quod
2958 3376 3042 3432 vis
3070 3378 3314 3449 amplecti
3337 3421 3350 3445 ,
3380 3395 3477 3450 per
3499 3381 3785 3451 quamdam

2195 3475 2502 3533 compagem
2529 3464 2747 3521 unitatis
2768 3467 3008 3536 pervenit
3027 3468 3093 3522 ad
3111 3468 3161 3522 id
3184 3468 3326 3539 quod
3351 3472 3563 3526 calcas?
3586 3472 3783 3528 Susum

2195 3567 2283 3607 me
2308 3552 2560 3622 honoras,
2584 3555 2763 3626 jusum
2791 3573 2877 3613 me
2895 3558 3089 3614 calcas.
3122 3560 3245 3615 Plus
3262 3561 3404 3617 dolet
3422 3562 3563 3632 quod
3582 3565 3783 3630 calcas,

2194 3659 2351 3713 quam
2380 3646 2571 3715 gaudet
2591 3647 2731 3718 quod
2758 3648 3157 3721 honoras;quia
3185 3652 3327 3722 quod
3358 3653 3605 3719 honoras,
3635 3654 3786 3711 dolet

2194 3750 2292 3805 pro
2319 3736 2397 3791 eis
2424 3751 2559 3807 quos
2596 3740 2788 3793 calcas.
2834 3738 3111 3809 Quomodo
3150 3743 3342 3797 clamat
3381 3743 3597 3814 lingua?
3628 3745 3785 3801 Dolet

2194 3827 2345 3882 mihi.
2368 3828 2481 3884 Non
2503 3830 2660 3896 dicit,
2700 3832 2853 3885 Dolet
2881 3832 2997 3900 pedi
3029 3848 3178 3897 meo;
3202 3834 3316 3899 sed,
3346 3835 3496 3889 Dolet
3522 3836 3673 3903 mihi,
3696 3837 3783 3893 di-

2193 3920 2283 3975 cit.
2315 3918 2359 3976 0
2383 3920 2578 3991 lingua,
2606 3923 2724 3992 quis
2753 3934 2803 3978 te
2834 3924 3043 3993 tetigit?
3066 3926 3186 3995 quis
3209 3927 3513 4001 percussit?
3538 3928 3656 3998 quis
3682 3929 3782 3983 sti-

2194 4013 2448 4068 mulavit?
2473 4015 2591 4084 quis
2618 4017 2867 4086 pupugit?
2903 4017 3097 4083 Nemo,
3124 4019 3214 4073 sed
3244 4021 3525 4089 conjuncta
3555 4037 3672 4077 sum
3703 4024 3784 4078 eis

2192 4120 2311 4174 qua:
2340 4105 2630 4161 calcantur.
2654 4108 2932 4176 Quomodo
2949 4109 3028 4164 vis
3055 4125 3160 4165 non
3185 4110 3415 4179 doleam,
3441 4113 3653 4182 quando
3673 4128 3782 4170 non

2191 4212 2308 4253 sum
2338 4202 2611 4268 separata?

2261 4294 2313 4350 9.
2357 4295 2612 4350 Dominus
2638 4310 2768 4368 ergo
2793 4307 2973 4354 noster
2996 4298 3152 4354 Jesus
3181 4298 3421 4356 Christus
3446 4301 3565 4358 ideo
3586 4317 3780 4358 ascen-

2193 4384 2327 4441 dens
2347 4386 2396 4440 in
2419 4388 2612 4443 coelum
2628 4389 2714 4444 die
2733 4390 3157 4462 quadragesimo,
3175 4394 3565 4449 commendavit
3583 4410 3782 4466 corpus

2193 4492 2347 4532 suum
2370 4494 2472 4549 qua
2496 4478 2722 4534 habebat
2743 4480 2943 4550 jacere,
2964 4484 3085 4553 quia
3112 4483 3243 4539 vidit
3267 4486 3461 4540 multos
3487 4486 3782 4543 honoratu-

2192 4584 2282 4624 ros
2306 4584 2385 4635 se,
2421 4570 2542 4640 quia
2583 4571 2823 4626 ascendit
2857 4572 2911 4626 in
2940 4573 3167 4639 castum;
3200 4581 3255 4629 et
3281 4574 3413 4629 vidit
3453 4575 3572 4645 quia
3602 4574 3781 4633 honor

2195 4658 2429 4729 ipsorum
2457 4659 2654 4714 inutilis
2679 4671 2794 4727 est,
2835 4661 2879 4715 si
2918 4662 3229 4717 conculcant
3262 4663 3499 4719 membra
3528 4663 3694 4734 ipsius
3722 4666 3777 4721 in

2193 4761 2353 4805 terra.
2386 4751 2451 4806 Et
2495 4767 2563 4807 ne
2600 4753 2717 4822 quis
2745 4764 2988 4821 erraret,
3033 4763 3229 4810 etcum
3260 4756 3512 4812 adoraret
3538 4768 3695 4828 caput
3722 4760 3773 4813 in

2192 4841 2349 4909 coelo,
2372 4844 2603 4899 calcaret
2626 4843 2786 4913 pedes
2810 4844 2860 4898 in
2887 4854 3045 4913 terra,
3067 4844 3201 4901 dixit
3220 4846 3307 4901 ubi
3330 4856 3509 4904 essent
3536 4850 3776 4905 membra

2192 4936 2376 5007 ipsius.
2413 4937 2745 4991 Ascensurus
2771 4938 2911 4992 enim
2938 4937 3072 4993 dixit
3107 4938 3268 4994 verba
3298 4941 3619 5008 novissima;
3653 4952 3777 5012 post

2191 5026 2303 5095 ipsa
2331 5027 2489 5082 verba
2530 5044 2633 5082 non
2677 5038 2758 5082 est
2784 5028 2988 5083 locutus
3016 5029 3068 5084 in
3100 5015 3263 5086 terra.
3297 5031 3655 5087 Ascensurum
3681 5047 3774 5087 ca-

2192 5127 2284 5188 put
2300 5119 2350 5172 in
2372 5117 2567 5173 coelum
2584 5118 2973 5173 commendavit
2993 5121 3230 5175 membra
3247 5122 3299 5175 in
3322 5130 3483 5187 terra,
3502 5131 3556 5177 et
3574 5121 3775 5178 disces-

2190 5212 2275 5265 sit.
2302 5209 2417 5265 Jam
2448 5226 2554 5265 non
2584 5210 2789 5264 invenis
2811 5211 2953 5281 loqui
2990 5211 3258 5268 Christum
3285 5214 3337 5268 in
3359 5222 3536 5269 terra:
3569 5215 3776 5271 invenis

2191 5304 2334 5357 illum
2362 5304 2524 5373 loqui,
2553 5303 2645 5358 sed
2670 5304 2736 5358 de
2760 5305 2916 5359 ccelo.
2944 5305 3010 5359 Et
3032 5305 3099 5359 de
3125 5305 3242 5375 ipso
3262 5307 3398 5362 cmlo
3419 5308 3619 5377 quare?
3640 5307 3773 5377 Quia

2191 5394 2426 5448 membra
2455 5394 2793 5449 calcabantur
2822 5395 2873 5448 in
2896 5402 3054 5449 terra.
3086 5396 3424 5453 Persecutori
3447 5399 3586 5455 enim
3610 5397 3778 5456 Saulo

2189 5488 2321 5543 dixit
2344 5487 2592 5558 desuper,
2620 5488 2798 5553 Saule,
2831 5488 3007 5554 Saule,
3034 5489 3157 5559 quid
3182 5506 3261 5544 me
3299 5492 3607 5561 persequeris
3635 5492 3771 5564 (Act.

2191 5597 2263 5649 ix,
2292 5580 2390 5653 4)?
2415 5579 2640 5636 Ascendi
2670 5580 2720 5635 in
2750 5580 2965 5649 ccelum,
2999 5581 3094 5638 sed
3126 5582 3298 5639 adhuc
3323 5583 3377 5640 in
3406 5592 3545 5641 terra
3566 5584 3723 5656 jaceo
3756 5603 3771 5641 :

2255 5711 2271 5744 ι
2295 5711 2392 5767 En,
2415 5715 2597 5774 corpus
2610 5705 2760 5771 ipsius
2776 5704 2859 5758 ubi
2863 5706 3014 5770 jacet,
3036 5707 3253 5774 membra
3273 5708 3425 5774 ipsius
3442 5708 3675 5765 laborant.
3711 5716 3773 5761 Il.

2254 5775 2275 5805 ¹
2306 5777 2380 5821 Er.
2414 5769 2557 5832 Lugd.
2586 5769 2847 5831 Ven.l.ov.,
2867 5769 3078 5823 conteret
3093 5771 3239 5831 pedes
3261 5769 3381 5823 tuos.
3451 5781 3508 5824 Μ.
