4028 6512
218 434 350 495 2061

218 550 302 606 hic
326 549 398 605 ad
424 547 695 603 dexteram
721 543 893 599 Patris
918 539 1107 609 sedeo;
1141 540 1211 595 ibi
1231 534 1403 593 adhuc
1424 534 1622 601 esurio,
1649 534 1793 598 sitio,

217 652 270 698 et
298 641 612 711 peregrinus
640 630 1075 703 sum.Quomodo
1122 647 1248 702 ergo
1291 645 1483 699 corpus
1528 641 1801 683 commen-

216 732 358 786 davit
397 730 451 783 in
485 738 624 782 terra
652 724 1001 780 ascensurus?
1046 721 1176 779 Cum
1225 721 1610 790 interrogarent
1649 717 1799 771 illum

216 820 486 890 discipuli,
516 818 752 884 Domine,
784 817 829 870 si
858 816 951 869 hoc
988 815 1042 869 in
1070 824 1292 884 tempore
1324 810 1721 883 prwsentaberis,
1754 817 1802 863 et

215 910 418 982 quando
449 925 660 979 regnum
692 905 897 960 Israel?
932 905 1203 975 respondit
1230 904 1429 969 iturus,
1464 900 1585 955 Non
1612 911 1687 955 est
1712 916 1797 954 ue-

214 1011 372 1056 strum
398 1001 529 1054 scire
558 1011 752 1067 tempus
785 996 919 1069 quod
945 995 1101 1051 Pater
1129 995 1295 1067 posuit
1323 994 1376 1048 in
1400 1011 1491 1048 sua
1518 1001 1758 1064 potestate
1778 1009 1798 1046 :

214 1092 300 1145 sed
320 1090 579 1160 accipietis
611 1090 839 1141 virtutem
867 1087 1088 1158 Spiritus
1112 1087 1271 1139 sancti
1299 1085 1719 1154 supervadentem
1746 1084 1798 1137 in

212 1197 319 1246 vos,
356 1190 405 1233 et
437 1180 576 1233 eritis
606 1178 727 1231 mi/n'
769 1188 931 1232 testes.
961 1177 1149 1232 Videte
1178 1192 1278 1246 qua
1319 1175 1576 1231 dill‘undat
1602 1190 1798 1245 corpus

212 1285 391 1334 suum,
418 1269 596 1323 videte
637 1268 723 1323 ubi
751 1283 810 1323 se
838 1267 1030 1322 calcari
1056 1282 1159 1321 non
1187 1267 1297 1321 vult
1326 1283 1339 1319 :
1372 1266 1529 1320 Eritis
1554 1267 1677 1320 mihi
1696 1275 1798 1321 tes-

213 1370 282 1413 tes
310 1361 366 1413 in
402 1357 711 1425 Jerusalem,
734 1367 779 1411 et
804 1359 855 1411 in
882 1366 1039 1411 totam
1061 1355 1316 1424 Judwam,
1344 1368 1391 1411 et
1418 1357 1727 1422 Samariam,
1748 1364 1799 1411 et

211 1469 369 1524 usque
386 1453 440 1505 in
463 1460 619 1506 totam
647 1460 830 1505 terram
855 1450 873 1522 (
902 1449 1014 1506 Act.
1043 1450 1222 1521 ι,6ι8).
1247 1451 1384 1505 Ecce
1405 1464 1506 1520 qua
1531 1449 1684 1520 jaceo
1708 1449 1797 1519 qui

211 1543 467 1599 ascendo.
498 1542 741 1597 Ascendo
768 1542 932 1608 enim,
962 1542 1081 1612 quia
1102 1549 1262 1612 caput
1281 1557 1400 1597 sum
1426 1559 1439 1595 :
1463 1543 1604 1610 jacet
1626 1540 1799 1596 adhuc

212 1648 411 1704 corpus
433 1648 634 1688 meum.
662 1632 774 1700 Qua
800 1633 973 1702 jacet?
1002 1632 1104 1687 Per
1125 1641 1288 1687 totam
1315 1641 1531 1688 terram.
1558 1632 1701 1689 Cave
1729 1647 1797 1688 ne

210 1725 502 1793 percutias,
525 1738 655 1778 cave
675 1738 742 1778 ne
767 1723 955 1789 violes,
997 1738 1131 1779 cave
1159 1738 1226 1779 ne
1254 1724 1427 1780 calces
1460 1740 1474 1777 :
1506 1724 1797 1780 novissima

209 1817 374 1871 verba
400 1816 599 1871 Christi
638 1824 762 1870 sunt
788 1816 919 1882 ista,
949 1816 1071 1871 ituri
1107 1817 1159 1870 in
1198 1816 1412 1871 caelum.
1452 1816 1799 1873 Considerate

211 1908 555 1978 languentem
591 1908 646 1961 in
674 1906 812 1961 lecto
840 1906 1107 1962 hominem
1126 1949 1140 1975 ,
1172 1908 1225 1962 in
1249 1906 1409 1962 domo
1430 1908 1717 1977 iacentem,
1744 1918 1799 1965 et

210 2006 539 2053 maceratum
561 1997 893 2068 egritudine,
918 1999 1216 2068 proximum
1233 2001 1412 2067 morti,
1434 2000 1795 2069 anhelantem,

205 2088 314 2158 jam
339 2087 577 2143 animam
600 2088 990 2158 quodammodo
1012 2090 1151 2145 inter
1168 2090 1355 2146 dentes
1379 2090 1683 2157 habentem,
1707 2093 1799 2163 qui

210 2178 351 2236 forte
380 2180 643 2236 sollicitus
672 2180 739 2236 de
764 2180 940 2249 aliqua
965 2195 1026 2236 re
1047 2181 1207 2237 chara
1236 2182 1361 2247 sibi,
1389 2197 1546 2253 quam
1572 2183 1797 2238 multum

208 2270 403 2342 diligit,
432 2274 613 2328 veniat
636 2273 709 2327 illi
734 2274 783 2327 in
813 2284 1066 2336 mentem,
1088 2282 1143 2329 et
1162 2284 1316 2330 vocet
1341 2274 1583 2331 haeredes
1602 2290 1727 2331 suos
1745 2286 1800 2332 et
1830 2312 1831 2317 η

208 2364 373 2431 dicat,
404 2365 557 2437 Rogo
581 2380 703 2432 vos,
734 2365 888 2421 facite
915 2365 1038 2421 hoc.
1070 2365 1239 2422 Tenet
1265 2366 1653 2438 quodammodo
1681 2368 1797 2424 vio-

209 2448 390 2512 lenter
412 2456 666 2522 animam,
689 2471 757 2511 ne
781 2464 905 2512 ante
924 2465 1078 2512 exeat
1098 2472 1256 2528 quam
1283 2458 1372 2512 illa
1394 2458 1556 2513 verba
1582 2457 1800 2513 ﬁrmen-

209 2554 318 2600 tur.
356 2545 493 2601 Cum
524 2547 613 2601 illa
643 2546 804 2601 verba
843 2547 1131 2602 novissima
1172 2547 1474 2613 dictaverit,
1506 2548 1652 2603 efﬂat
1682 2550 1798 2604 ani-

206 2650 353 2691 mam
380 2652 393 2689 :
424 2636 632 2692 tollitur
661 2636 893 2693 cadaver
920 2638 976 2692 in
1004 2638 1325 2707 sepulcrum.
1353 2638 1606 2695 Haaredes
1635 2640 1798 2711 ipsius

206 2728 485 2797 quomodo
526 2730 887 2785 meminerunt
939 2730 1225 2785 novissima
1270 2731 1432 2786 verba
1479 2732 1797 2788 morientis?
1832 2760 1845 2765 ιν

206 2820 515 2891 Quomodo,
545 2822 590 2876 si
617 2822 735 2892 quis
760 2822 953 2877 cxistat
974 2822 1065 2892 qui
1086 2822 1226 2877 dicat
1253 2822 1353 2888 eis,
1380 2822 1555 2878 Nolite
1580 2823 1755 2880 facere
1779 2841 1796 2880 ι

205 2911 335 2982 quid
366 2926 499 2981 ergo
532 2911 607 2965 illi
630 2911 848 2966 dicant?
876 2912 1016 2981 Ergo
1042 2927 1145 2967 non
1170 2912 1307 2968 facio
1326 2913 1470 2983 quod
1491 2913 1621 2968 mihi
1648 2923 1800 2984 pater

204 3020 362 3060 meus
390 3003 578 3059 efﬂans
612 3005 841 3058 animam
868 3004 1155 3060 novissime
1181 3005 1469 3072 mandavit,
1502 3006 1644 3076 quod
1675 3006 1797 3062 ulti-

206 3110 355 3150 mum
383 3094 565 3150 sonuit
590 3095 653 3149 in
669 3110 825 3149 aures
854 3110 1022 3163 meas,
1066 3096 1440 3167 proficiscente
1480 3098 1604 3154 hinc
1648 3107 1797 3169 patre

205 3202 329 3242 meo
347 3186 374 3240 ἲ
403 3186 616 3255 Qwevis
640 3186 742 3241 alia
773 3188 932 3243 verba
962 3188 1129 3258 ipsius
1150 3189 1302 3245 aliter
1330 3206 1546 3262 possum
1573 3192 1822 3262 babere,:

206 3277 506 3331 novissima
544 3277 707 3333 verba
735 3293 821 3333 me
852 3279 970 3348 plus
997 3287 1181 3336 tenent
1212 3299 1227 3337 :
1255 3297 1359 3338 non
1386 3299 1507 3339 eum
1547 3284 1654 3339 vidi
1679 3300 1799 3341 am-

204 3367 369 3436 plius,
402 3382 510 3422 non
539 3367 715 3423 audivi
745 3369 1067 3439 loquentem.
1103 3371 1337 3439 Fratres,
1363 3362 1589 3445 cogitate
1621 3378 1801 3433 visce-

204 3456 360 3511 ribus
394 3456 721 3526 cbristianis,
752 3460 796 3515 si
827 3459 1128 3517 hieredibus
1153 3471 1279 3518 sunt
1305 3473 1412 3520 tam
1448 3467 1620 3523 dulcia
1644 3508 1659 3534 ,
1689 3479 1798 3526 tam

203 3558 385 3617 grata,
415 3555 524 3602 tam
564 3551 739 3619 magni
768 3551 1021 3621 ponderis
1043 3554 1205 3609 verba
1230 3556 1354 3610 ituri
1381 3558 1434 3611 in
1460 3561 1795 3629 sepulcrum;

204 3638 518 3694 hzeredibus
546 3639 766 3707 Chrisﬁ,
796 3644 969 3713 qualia
997 3644 1193 3700 debent
1234 3661 1355 3704 esse
1382 3650 1543 3704 verba
1569 3653 1799 3706 novissi-
1844 3686 1855 3687 η

203 3743 320 3792 ma,
344 3742 455 3783 non
483 3730 708 3785 redituri
746 3732 797 3785 in
824 3733 1147 3803 sepulcrum,
1176 3737 1272 3792 sed
1308 3741 1579 3794 ascensuri
1609 3741 1661 3795 in
1691 3757 1801 3799 coe-

204 3818 358 3872 lum!
383 3819 629 3891 Namque
652 3821 741 3876 ille
774 3824 864 3893 qui
891 3825 1019 3880 vixit
1037 3834 1091 3881 et
1116 3838 1356 3884 mortuus
1380 3842 1481 3897 est,
1504 3834 1706 3902 rapitur
1733 3834 1801 3890 ad

204 3910 315 3963 alia
341 3910 457 3964 loca
486 3912 664 3966 anima
690 3912 875 3982 ipsius,
900 3931 1093 3987 corpus
1114 3918 1280 3988 ipsius
1306 3922 1518 3990 ponitur
1546 3925 1596 3978 in
1620 3932 1759 3980 terra
1783 3945 1797 3982 :

203 4015 279 4056 an
310 4001 440 4056 ﬁant
463 4002 555 4056 illa
583 4003 742 4058 verba
767 4046 784 4071 ,
814 4021 880 4059 an
908 4024 1015 4062 non
1047 4010 1205 4079 fiant,
1235 4028 1339 4067 non
1384 4015 1448 4069 ad
1473 4032 1594 4071 eum
1633 4020 1802 4088 pertia

204 4102 340 4156 net;
382 4092 496 4163 jam
523 4094 668 4150 aliud
710 4096 852 4167 agit,
883 4108 975 4155 aut
1012 4102 1153 4158 aliud
1195 4105 1395 4175 patitur
1421 4125 1435 4162 :
1461 4119 1553 4164 aut
1588 4111 1639 4165 in
1682 4114 1803 4169 sinu
1830 4140 1875 4163 ης

204 4184 447 4240 Abrahae
488 4186 710 4256 gaudet,
760 4198 852 4244 aut
881 4191 933 4246 in
972 4192 1094 4264 igne
1120 4204 1322 4253 mterno
1358 4214 1508 4270 aqua:
1536 4202 1801 4260 modiCum

206 4276 486 4334 desiderat
507 4278 658 4351 (Luc.
677 4298 787 4348 ινι,
806 4283 897 4352 23,
919 4284 1049 4359 etc.)
1068 4289 1151 4355 ;ln
1168 4293 1411 4360 sepulcro
1435 4304 1611 4351 autem
1642 4298 1806 4369 ipsius

1391 415 1798 473 TllAC'l‘ATUS
1838 414 1902 470 X.
1945 414 2169 476 CAPUT
2208 422 2270 477 Υ.

3335 434 3419 487 90(
3428 436 3475 487 32

1895 532 2035 601 jacet
2061 537 2287 593 cadaver
2324 540 2439 596 sine
2466 533 2663 607 sensu‘;
2696 550 2749 599 et
2776 531 3144 604 cusiodiuntur
3182 553 3338 608 verba
3370 572 3473 610 no-

1900 626 2113 681 vissima
2143 630 2436 685 morientis.
2465 633 2599 701 Quid
2626 635 2724 689 sibi
2746 646 2961 706 sperant
2984 639 3060 693 illi
3086 642 3173 710 qui
3198 642 3353 697 verba
3378 662 3472 701 no-

1900 716 2112 771 vissima
2138 719 2370 776 sedentis
2399 722 2451 776 in
2479 724 2615 779 caelo
2644 739 2749 778 non
2778 727 3097 794 custodiunt,
3127 730 3353 786 videntis
3381 733 3473 788 de-

1900 823 2061 877 super
2085 824 2152 863 an
2181 819 2603 882 contemnantur,
2633 830 2698 869 an
2730 832 2837 871 non
2864 822 3303 876 contemnantur?
3328 823 3475 880 illius

1900 899 1987 967 qui
2016 898 2170 973 dixit,
2204 899 2381 966 Suule,
2410 903 2583 970 Saule,
2611 907 2732 976 quid
2755 925 2832 977 me
2867 913 3209 982 persequeris?
3238 915 3326 983 qui
3351 929 3469 971 ser-

1846 1022 1855 1028 —
1900 998 1988 1044 vat
2009 991 2073 1045 ad
2094 992 2350 1060 judicium
2381 996 2631 1066 quidquid
2660 998 2802 1054 videt
2823 1002 2929 1069 pati
2948 1003 3186 1059 membra
3208 1006 3337 1062 sua?

1975 1083 2057 1138 10.
2082 1083 2149 1137 Ει
2173 1085 2297 1154 quid
2318 1101 2415 1141 nos
2438 1086 2678 1157 fecimus,
2706 1092 2980 1161 inquiunt?
3002 1110 3099 1151 nos
3125 1112 3306 1153 sumus
3325 1101 3470 1171 passi

1899 1177 2343 1245 persecutionem,
2377 1194 2480 1233 non
2519 1181 2758 1238 fecimus.
2806 1184 2912 1240 Vos
2938 1185 3156 1254 fecistis,
3182 1204 3214 1245 o
3244 1192 3424 1247 miseri
3453 1211 3467 1247 :

1900 1265 2090 1334 primo,
2122 1267 2242 1337 quia
2268 1268 2518 1325 divisistis
2543 1271 2859 1329 Ecclesiam.
2900 1274 3065 1345 Major
3090 1289 3171 1334 est
3205 1281 3470 1338 machmra

1824 1374 1869 1405 ut
1899 1356 2090 1451 linguae
2109 1372 2264 1428 quam
2288 1360 2431 1451 ferri.
2460 1361 2703 1451 Superba
2723 1365 3020 1423 fuitancilla
3047 1370 3192 1427 Sara:
3221 1374 3391 1445 Agar;
3416 1385 3473 1432 et

1899 1446 2091 1505 afflicta
2120 1457 2203 1505 est
2234 1466 2265 1505 a
2290 1450 2502 1506 domina
2532 1446 2638 1531 .S'ua
2670 1442 2896 1537 propter
2934 1442 3471 1529 superbiamIDisci-

1898 1540 2039 1610 plina
2066 1549 2181 1596 erat
2208 1541 2318 1609 illa,
2348 1558 2452 1597 non
2478 1541 2803 1623 pcenarldeo
2828 1562 2946 1603 cum
2973 1553 3281 1608 recessisset
3317 1569 3348 1609 a
3373 1554 3469 1610 do-

1898 1632 2041 1688 mina
2076 1642 2204 1699 sua,
2240 1632 2365 1704 quid
2394 1634 2445 1689 ei
2472 1634 2604 1691 dixit
2631 1636 2879 1707 angelus?
2909 1638 3171 1697 Revertere
3199 1643 3265 1696 ad
3300 1644 3467 1699 donti-

1899 1739 2018 1776 nam
2046 1734 2185 1777 tuam
2213 1723 2373 1795 (Gen.
2407 1741 2515 1793 1m,
2558 1724 2705 1800 4-9).
2732 1724 2825 1784 Sic‘
2846 1746 2980 1801 ergo
3008 1733 3233 1790 carnalis
3258 1735 3432 1791 anima
3453 1778 3469 1800 ,

1830 1850 1859 1857 ρ
1900 1822 2149 1885 tanquam
2173 1816 2361 1872 ancilla
2403 1818 2651 1889 superba,
2682 1821 2727 1875 si
2766 1820 2900 1878 forte
2964 1825 3165 1895 aliquas
3202 1828 3473 1886 molestias

1900 1920 2054 1975 passa
2088 1921 2148 1962 es
2174 1918 2390 1978 propter
2417 1910 2746 1980 disciplinam
2764 1955 2779 1981 ,
2808 1914 2933 1984 quid
2972 1917 3219 1985 insanis?
3245 1920 3377 1975 Redi
3405 1922 3472 1978 ad

1898 1995 2166 2051 dominam
2210 2006 2373 2063 tuam,
2411 2009 2531 2055 tene
2554 2000 2873 2058 dominicam
2904 2020 3107 2074 pacem.
3137 2008 3276 2064 Ecce
3301 2012 3476 2079 proles

1898 2097 2087 2143 runtur
2122 2089 2405 2160 Evangelia
2428 2132 2443 2157 ,
2469 2091 2693 2161 legimus
2721 2108 2822 2163 qua
2847 2094 3155 2153 diﬁ'unditur
3184 2099 3422 2155 Ecclesia
3454 2119 3468 2155 :

1899 2176 2195 2247 disputatur
2219 2187 2424 2245 contra,
2456 2190 2510 2235 et
2535 2181 2728 2237 dicitur
2756 2184 2928 2251 nobis,
2961 2185 3283 2243 Traditores.
3309 2189 3474 2260 Cujus

1868 2294 1871 2299 ν
1899 2266 1977 2323 rei
2005 2267 2320 2322 traditores?
2343 2268 2584 2325 Christus
2613 2273 2948 2327 commendat
2976 2275 3270 2332 Ecclesiam
3294 2294 3469 2346 suam,

1899 2364 2077 2412 etnon
2098 2358 2271 2413 credis
2297 2376 2309 2413 :
2332 2374 2433 2430 ego
2454 2360 2546 2416 tibi
2565 2362 2860 2418 crediturus
2883 2380 3001 2419 sum
3025 2366 3361 2424 maledicenti
3382 2386 3477 2439 pa-

1899 2449 2139 2507 rentibus
2181 2450 2346 2507 meis?
2383 2452 2472 2508 Vis
2517 2463 2575 2508 ut
2616 2456 2832 2511 credam
2860 2457 2950 2512 tibi
2989 2456 3055 2512 de
3092 2460 3479 2517 traditoribus.’

1899 2542 2059 2598 crede
2101 2550 2157 2598 tu
2196 2544 2343 2613 prius
2382 2544 2614 2603 Christo.
2647 2546 2785 2615 Quid
2824 2558 2909 2603 est
2944 2550 3199 2621 dignum?
3230 2551 3474 2612 Christus
3577 2609 3584 2618 ,

1900 2633 2043 2689 Deus
2081 2642 2194 2701 est,
2227 2644 2280 2690 tu
2324 2635 2486 2693 homo
2512 2652 2602 2693 es:
2632 2640 2718 2694 cui
2752 2641 2897 2709 prius
2924 2642 3084 2697 debet
3111 2644 3296 2699 credi?
3320 2647 3478 2702 Chri-

1898 2733 2013 2781 stus
2052 2725 2341 2781 Ecclesiam
2384 2742 2533 2785 suam
2570 2736 2681 2783 toto
2722 2729 2852 2784 orbe
2887 2730 3094 2787 diffudit
3130 2751 3145 2786 :
3187 2749 3286 2805 ego
3322 2736 3476 2801 dico,

1898 2824 2208 2882 contemne;
2262 2818 2605 2887 Evangelium
2670 2820 2921 2889 loquitur,
2965 2836 3112 2878 cave.
3163 2824 3298 2893 Quid
3349 2827 3482 2882 dicit

1899 2905 2276 2978 Evangelium?
2314 2904 2585 2979 Oportebat
2618 2910 2724 2981 pati
2758 2911 3043 2979 Christum,
3072 2924 3120 2967 et
3155 2930 3412 2987 resurgere
3446 2934 3481 2971 a

1898 3000 2109 3054 mortuis
2128 2999 2209 3053 die
2235 3000 2381 3053 tertia
2396 3041 2412 3067 ,
2435 3010 2484 3054 et
2507 3001 2774 3073 praedicari
2799 3003 2851 3056 in
2875 3003 3074 3057 nomine
3105 3006 3213 3075 ejus
3239 3006 3484 3076 paenitu-

1900 3090 2041 3157 tiam,
2073 3100 2120 3144 et
2152 3092 2491 3145 remissionem
2519 3102 2854 3161 peccatorum.
2887 3093 2986 3149 Ubi
3012 3096 3255 3151 remissio
3287 3113 3481 3167 pecca-

1901 3186 2096 3248 torum,
2138 3180 2375 3236 Ecclesia
2401 3191 2499 3237 est.
2530 3182 2804 3251 Quomodo
2830 3184 3098 3241 Ecclesia?
3124 3185 3199 3241 illi
3224 3189 3365 3243 enim
3392 3189 3477 3243 di-

1900 3281 2042 3329 ctum
2066 3281 2167 3340 est,
2197 3272 2306 3329 Tibi
2339 3273 2469 3329 dabo
2492 3276 2655 3329 claves
2678 3277 2819 3345 regni
2850 3278 3087 3331 calorum
3110 3294 3128 3332 :
3160 3288 3205 3332 et
3234 3296 3346 3349 qute
3372 3280 3481 3335 sol-

1900 3366 2027 3421 veris
2046 3367 2099 3420 in
2133 3374 2265 3420 terra
2282 3408 2299 3434 ,
2334 3367 2497 3422 soluta
2522 3378 2669 3422 erunt
2696 3377 2744 3421 et
2769 3369 2821 3422 in
2848 3370 3015 3435 etatis;
3038 3379 3087 3423 et
3109 3382 3222 3439 qua:
3249 3371 3481 3442 ligaveris

1901 3458 1954 3512 in
1972 3467 2123 3523 terra,
2155 3460 2309 3530 ligata
2338 3469 2483 3522 erunt
2509 3469 2555 3514 et
2578 3462 2632 3514 in
2655 3454 2791 3514 oculis
2829 3460 3050 3533 (Matth.
3074 3476 3183 3527 xvt,
3212 3462 3278 3517 l9
3298 3464 3338 3533 ).
3365 3464 3483 3531 Qua

1902 3546 2209 3604 diffunditur
2226 3550 2323 3604 ista
2337 3551 2581 3605 remissio
2597 3553 2970 3621 peccatorum?
2989 3552 3090 3606 Per
3104 3569 3272 3607 omnes
3292 3566 3477 3623 gentes,

1901 3642 2144 3712 incipiens
2164 3644 2226 3697 ab
2245 3642 2528 3697 Jerusalem
2553 3644 2847 3716 (Luc.xxrv,
2866 3645 2976 3716 47).
3003 3646 3138 3700 Ecce
3157 3646 3315 3700 crede
3329 3645 3487 3700 Chri-

1902 3743 2007 3791 sto.
2039 3735 2145 3791 Sed
2173 3737 2294 3806 quia
2324 3737 2593 3807 intelligis,
2634 3738 2680 3792 si
2710 3739 2998 3793 credideris
3029 3739 3260 3805 Christo,
3294 3755 3396 3794 non
3428 3749 3482 3794 te

1904 3828 2101 3885 habere
2129 3830 2271 3899 quod
2311 3830 2456 3885 dicas
2494 3830 2561 3885 de
2597 3831 2971 3897 traditoribus;
3014 3832 3108 3886 tibi
3143 3833 3221 3886 vis
3264 3842 3321 3887 ut
3356 3844 3478 3887 cre-

1902 3921 2025 3976 dam
2047 3920 2063 3953 ¹
2096 3921 2400 3989 parentibus
2430 3922 2561 3977 meis
2600 3922 2964 3990 maledicenti,
2999 3936 3157 3991 quam
3201 3932 3256 3977 tu
3294 3922 3483 3978 credas

1905 4011 2117 4067 Christo
2142 4012 2446 4083 praedicenti
2469 4010 2567 4085 (a).
3341 4031 3375 4053 -

1969 4103 1988 4136 ί
2009 4103 2227 4167 Ριιιιιθείε
2240 4111 2370 4167 Mss.,
2387 4109 2440 4153 ut
2461 4104 2661 4167 credam
2688 4106 2734 4154 et
3067 4102 3123 4153 Rt
3132 4112 3295 4167 prope
3317 4114 3490 4153 omnes

1906 4178 2011 4278 ῐᾶιζιὲ),
2036 4166 2334 4277 gradicenti,
2358 4167 2487 4229 quod
2515 4165 2758 4215 ultimum
2776 4166 2980 4216 verbum
3002 4172 3096 4226 est,
3131 4165 3331 4226 habent,
3358 4174 3488 4215 υτω-

1991 4242 2039 4276 ω
2073 4242 2107 4277 ι.

1975 4310 2047 4373 (a)
2069 4308 2153 4360 Hic
2179 4309 2359 4361 desiuit
2378 4309 2621 4360 'l‘ractattts
2642 4310 2692 4359 in
2713 4307 2937 4358 omnibus
2953 4306 3212 4359 codicibus.

209 4462 3491 4521 magis:

2432 4594 2471 4605 ρ.

1340 4655 1445 4721 DE
1490 4651 2021 4738 SUBSEQUENTI
2056 4665 2336 4736 OPERE,

282 4855 437 4927 Vide
465 4862 699 4927 librum
726 4860 784 4939 1,
818 4884 953 4945 cap.
1008 4865 1108 4940 23,
1139 4858 1705 4941 Retractationum,
1741 4869 1858 4930 col.
1913 4869 2051 4938 620,
2085 4890 2123 4929 a
2150 4864 2386 4939 verbis,
2425 4869 2583 4931 Cum
2616 4874 2949 4956 presbyter
2981 4874 3189 4936 adhuc
3230 4891 3434 4936 essem
3468 4912 3487 4949 ,

207 4977 275 5027 π.
318 4967 374 5041 1,
401 4984 597 5050 usque
627 4965 708 5027 ad
739 4968 855 5028 col.
884 4967 1023 5042 622,
1056 4987 1118 5029 η.
1148 4967 1207 5045 ιι,
1241 4960 1460 5043 verbis,
1494 4971 1559 5029 in
1594 4970 1879 5048 Epistola
1910 4971 2091 5032 Pauli
2121 4970 2199 5033 ad
2232 4974 2575 5034 Romanos.
2899 4976 2957 5036 M

606 5134 635 5156 I
