4076 6478
265 355 407 412 2065

265 467 554 525 secundum
583 466 774 533 Legem
803 461 1011 515 volebat
1031 459 1267 528 judicare
1289 458 1355 512 de
1382 455 1658 510 Gentibus.

334 558 426 612 IX.
461 556 564 629 [11).
593 571 660 618 ιι,
689 551 768 624 5.]
809 551 958 619 Quod
993 557 1169 604 autem
1207 548 1355 612 dicit,
1377 547 1710 600 Thesaurizas
1748 545 1834 598 tibi

262 652 394 703 iram
421 649 474 700 in
500 647 583 700 die
610 646 719 710 iraa,
745 644 877 697 iram
907 641 998 695 Dei
1044 640 1239 708 ubique
1282 639 1514 706 loquitur
1541 651 1638 706 pro
1665 635 1836 690 vindi-

259 749 366 795 cta.
389 739 592 794 Idcirco
611 738 685 790 ait
693 735 823 805 justi
838 731 1024 804 judicii
1050 729 1164 785 Dei.
1190 728 1490 784 Notandum
1519 736 1694 782 autem
1713 728 1834 798 quia

263 831 338 883 ira
371 829 462 883 Dei
489 827 702 898 ponitur
727 833 781 879 et
807 823 858 877 in
887 821 1038 876 Novo
1058 821 1434 875 Testamento:
1468 817 1610 887 quod
1637 832 1758 873 cum
1783 820 1834 874 in

263 919 457 974 Vetere
478 919 660 988 legunt
678 913 919 969 homines
937 912 1022 982 qui
1037 911 1158 980 Legi
1174 909 1340 964 veteri
1357 909 1702 965 adversantur
1721 909 1794 983 (a)
1817 949 1832 976 ,

259 1011 582 1080 culpandam
604 1025 723 1065 eam
750 1015 964 1080 putant;
991 1022 1111 1062 cum
1141 1006 1278 1061 Deus
1306 1005 1506 1075 utique,
1535 1005 1690 1059 sicuti
1715 1019 1834 1072 nos,

259 1102 751 1172 perturbationibus
788 1115 893 1154 non
934 1099 1236 1169 subiaceat,
1267 1096 1477 1151 dicente
1518 1095 1832 1161 Salomone,

256 1193 338 1248 Tu
369 1205 560 1260 autem,
588 1193 803 1246 Domine
840 1193 1093 1255 virtutum,
1121 1205 1235 1243 cum
1251 1190 1608 1259 tranquillitate
1632 1187 1836 1258 judico:

261 1286 420 1356 (δαν.
450 1301 546 1346 xu,
575 1283 689 1354 l8).
709 1283 814 1338 Sed
843 1284 942 1348 ira,
974 1280 1244 1337 utdictum
1267 1289 1368 1347 est,
1397 1281 1449 1334 in
1474 1279 1716 1336 vindicta:
1758 1279 1834 1333 si-

254 1375 600 1446 gnificatione
623 1375 855 1444 ponitur.
950 1407 952 1409 -
1070 1386 1076 1390 '

328 1466 401 1520 Χ.
430 1463 527 1538 [11).
561 1481 620 1531 ιι,
653 1463 764 1537 15.]
799 1463 953 1531 Quod
991 1473 1173 1519 autem
1209 1464 1360 1533 dicit,
1383 1463 1699 1518 Contestunte
1716 1477 1835 1514 cou-

254 1558 465 1612 scienlia
490 1556 710 1618 illorum,
740 1555 1030 1610 secundum
1057 1556 1184 1611 illud
1214 1556 1453 1624 loquitur
1466 1554 1685 1609 Joannis
1705 1567 1834 1621 apo-

255 1648 382 1702 stoli
413 1662 520 1717 quo
544 1645 1004 1711 ait,l)i‘iectissimi,
1026 1648 1068 1699 si
1097 1663 1184 1700 cor
1203 1657 1427 1700 nostrum
1454 1653 1545 1699 no’s
1574 1645 1839 1713 reprehen-

257 1738 414 1801 derit,
439 1737 606 1807 major
645 1745 716 1790 est
739 1735 874 1790 Deus
897 1737 1200 1790 conscientia
1226 1747 1416 1802 nostra,
1447 1747 1578 1805 etc.,
1612 1733 1653 1808 (1
1677 1734 1833 1789 Joan.

256 1847 336 1895 ιιι,
364 1830 482 1902 eo).

334 1922 426 1977 X1.
455 1921 556 1996 [lb.
588 1937 646 1989 ιι,
677 1919 792 1994 29.]
820 1919 972 1990 Quod
998 1928 1174 1976 autem
1204 1920 1351 1986 dicit,
1382 1919 1599 1988 Spiritu,
1630 1936 1730 1972 non
1749 1918 1836 1971 lit-

259 2023 369 2066 tera
389 2054 403 2076 ,
436 2014 539 2066 hoc
561 2020 662 2079 est,
695 2021 752 2065 ut
777 2010 1064 2066 secundum
1097 2012 1364 2080 spiritum,
1396 2025 1500 2064 non
1546 2009 1836 2064 secundum

256 2101 404 2170 quod
432 2101 589 2156 habet
610 2102 807 2167 littera,
830 2101 940 2155 Lex
962 2101 1316 2171 intelligatur:
1341 2100 1480 2170 quod
1507 2101 1688 2168 utique
1712 2114 1840 2152 con-

257 2192 379 2262 tigit
409 2193 516 2248 illis
548 2193 638 2262 qui
671 2193 1128 2247 circumcisionem
1172 2192 1339 2262 magis
1368 2191 1653 2246 carnaliter
1679 2205 1836 2260 quam

255 2285 606 2355 spiritualiter
635 2293 975 2353 acceperunt.

330 2375 448 2431 XII.
482 2375 582 2447 [lb.
615 2392 671 2443 ιι,
701 2373 816 2448 29.]
846 2374 997 2442 Quod
1026 2383 1200 2430 autem
1229 2368 1387 2438 dicit,
1416 2372 1571 2445 Cujus
1601 2371 1712 2427 laus
1739 2389 1839 2425 non

257 2484 322 2521 ea:
356 2467 663 2533 hotuinibus,
687 2466 774 2521 sed
804 2483 866 2520 ea:
887 2465 1017 2534 Deo,
1048 2467 1122 2522 illi
1146 2466 1395 2521 convenit
1431 2465 1574 2536 quod
1615 2465 1707 2533 ait,
1740 2465 1838 2532 Qui

257 2562 311 2627 in
330 2567 520 2614 secreto
545 2557 756 2613 Judwus
779 2567 871 2613 est.
1812 2590 1816 2594 -

331 2649 669 2706 XIII-XVIII.
697 2649 796 2722 [lb.
815 2665 893 2716 ιιι,
910 2649 1026 2722 20.]
1047 2649 1198 2718 Quod
1218 2657 1394 2705 autem
1416 2648 1563 2716 dicit,
1588 2649 1721 2716 Quia
1738 2665 1839 2704 non

256 2740 621 2811 justifieabitur
638 2741 692 2794 in
719 2739 854 2811 Lege
879 2741 1040 2794 omnis
1070 2754 1189 2793 caro
1222 2755 1393 2794 coram
1420 2739 1509 2792 illo
1535 2755 1553 2792 :
1574 2755 1662 2809 per
1683 2739 1840 2810 legem

257 2832 395 2883 enim
427 2831 645 2901 cognitio
688 2831 901 2900 peccati,
932 2838 986 2884 et
1018 2839 1209 2885 eastern
1238 2829 1449 2896 similia,
1484 2844 1602 2898 qua:
1627 2828 1838 2899 quidam

257 2929 449 2988 putant
477 2921 529 2974 in
553 2920 926 2976 contumeliam
949 2919 1104 2989 Legis
1127 2918 1442 2988 obiicienda,
1467 2919 1690 2973 sollicite
1711 2919 1840 2972 satis

256 3011 482 3081 legenda
512 3021 654 3078 sunt,
681 3019 740 3066 ut
765 3027 938 3083 neque
965 3012 1052 3067 lex
1079 3011 1146 3066 ab
1166 3012 1422 3082 Apostolo
1447 3012 1740 3082 improbata
1762 3012 1841 3065 vi-

255 3104 470 3171 deatur,
496 3119 668 3174 neque
696 3104 898 3159 homini
926 3104 1202 3159 arbitrium
1232 3104 1454 3158 liberum
1485 3105 1554 3159 sit
1579 3104 1837 3158 ablatum.

257 3195 441 3266 itaque
475 3205 700 3267 quatuor
744 3197 872 3252 istos
919 3196 1114 3267 gradus
1160 3196 1389 3250 hominis
1419 3195 1836 3266 distinguamus;

260 3296 384 3340 ante
413 3285 632 3357 Legem,
664 3286 764 3341 sub
789 3287 946 3357 Lege,
968 3285 1070 3340 sub
1093 3287 1282 3357 gratia,
1315 3286 1366 3340 in
1398 3300 1544 3356 pace.
1571 3269 1709 3340 Apte
1733 3285 1838 3342 Le-

258 3391 402 3446 gem,
447 3376 720 3447 sequimur
761 3378 1240 3448 concupiscentiam
1281 3379 1456 3432 carnis
1489 3398 1502 3432 :
1547 3378 1644 3432 sub
1677 3379 1838 3449 Lege,

260 3469 524 3522 trahimur
577 3468 644 3522 ab
696 3484 806 3524 ea:
844 3469 942 3523 sub
987 3469 1176 3538 gratia,
1229 3483 1327 3524 nec
1371 3470 1647 3539 sequimur
1698 3486 1834 3535 eam,

260 3575 360 3614 nec
387 3561 648 3616 trahimur
671 3562 738 3617 ab
757 3577 819 3617 ea
843 3579 856 3613 :
880 3562 931 3615 in
959 3577 1110 3631 pace,
1138 3562 1278 3616 nulla
1326 3571 1407 3617 est
1459 3563 1839 3632 concupiscen-

263 3651 335 3704 tia
374 3652 571 3706 carnis.
604 3653 740 3707 Ante
767 3652 961 3723 Legem
1009 3669 1135 3723 ergo
1190 3669 1295 3707 non
1347 3669 1670 3723 pugnamus;
1720 3657 1840 3724 quia

259 3758 366 3797 non
409 3745 581 3799 solum
627 3745 1051 3814 concupiscimus
1093 3755 1147 3800 et
1187 3760 1486 3815 peccamus,
1536 3747 1628 3801 sed
1679 3747 1855 3801 etiam‘

257 3835 614 3904 approbamus
643 3845 902 3906 peccata:
930 3837 1027 3891 sub
1053 3836 1191 3906 Lege
1236 3851 1547 3906 pugnamus,
1590 3837 1681 3892 sed
1722 3839 1838 3892 vin-

259 3931 461 3992 cimur;
491 3925 741 3982 fatemur
795 3928 934 3982 enim
981 3928 1114 3980 mala
1168 3942 1286 3981 esse
1332 3944 1449 3998 quae
1502 3929 1743 3993 facimus,
1788 3937 1842 3983 et

258 4019 475 4073 fatendo
523 4019 660 4073 mala
700 4034 840 4086 esse,
863 4019 1042 4089 utique
1087 4019 1332 4072 nolumus
1383 4019 1571 4083 facere,
1606 4020 1697 4073 sed
1720 4021 1838 4090 quia

259 4111 495 4166 nondum
515 4122 605 4166 est
626 4112 814 4180 gratia,
844 4125 1175 4180 superamur.
1206 4111 1261 4164 In
1292 4111 1391 4164 isto
1418 4111 1583 4179 gradu
1605 4112 1842 4166 ostendi-

258 4214 344 4257 tur
383 4203 540 4258 nobis
566 4203 832 4273 quomodo
868 4202 1158 4272 iaceamus,
1189 4211 1242 4256 et
1275 4202 1398 4256 dum
1441 4217 1657 4270 surgere
1689 4204 1841 4256 volu-

257 4309 381 4349 mus
405 4303 462 4348 et
486 4295 745 4359 cadimus,
772 4293 982 4364 gravius
1023 4292 1326 4363 affligimur.
1358 4291 1484 4346 Inde
1514 4293 1599 4346 hic
1624 4292 1836 4359 dicitur,

260 4387 373 4441 Lex
411 4386 729 4451 subintravit,
757 4395 811 4438 ut
850 4384 1128 4440 abundaret
1170 4385 1407 4438 delictum
1438 4383 1610 4457 (Rom.
1642 4402 1695 4453 ν,
1720 4385 1836 4458 20).

257 4477 388 4533 Inde
413 4485 469 4532 et
500 4476 640 4547 quod
680 4490 824 4530 nunc
857 4476 1087 4545 positum
1117 4484 1218 4540 est,
1257 4473 1355 4528 Per
1380 4474 1564 4545 Legem
1593 4477 1725 4529 enim
1749 4493 1836 4530 co-

255 4569 417 4638 gnitio
445 4567 654 4636 peccati.
680 4564 798 4621 Non
824 4566 965 4620 enim
996 4565 1191 4620 ablatio
1219 4565 1419 4634 peccati
1445 4575 1555 4628 est;
1584 4566 1706 4635 quia
1741 4581 1839 4636 per

253 4659 424 4711 solam
441 4657 664 4727 gratiam
690 4654 929 4710 aufertur
953 4663 1248 4724 peccatum.
1271 4654 1416 4708 Bona
1441 4663 1522 4709 est
1548 4670 1675 4725 ergo
1702 4656 1833 4722 Lex,

254 4750 375 4818 quia
405 4764 468 4803 ea
495 4755 638 4803 vetat
661 4763 780 4818 quae
803 4747 1029 4802 velanda
1058 4755 1200 4814 sunt,
1231 4753 1286 4802 et
1319 4763 1381 4802 ea
1414 4748 1564 4817 jubet
1591 4765 1710 4820 qua:
1746 4749 1836 4819 ju-

253 4839 428 4893 benda
473 4847 618 4892 sunt.
646 4837 753 4893 Sed
792 4853 912 4892 cum
955 4837 1178 4908 quisque
1221 4838 1364 4892 illam
1396 4838 1597 4894 viribus
1630 4841 1741 4896 suis
1779 4856 1839 4896 se

258 4939 408 4999 putat
437 4931 683 4999 implere,
716 4945 821 4983 non
864 4943 957 4998 per
978 4930 1200 4999 gratiam
1227 4930 1545 4984 Liberatoris
1571 4930 1674 4996 sui,
1708 4931 1838 4986 nihil

253 5025 303 5078 ei
335 5023 557 5094 prodest
584 5023 685 5078 ista
711 5021 1092 5091 prtesumptio:
1122 5023 1228 5076 imo
1249 5022 1408 5076 etiam
1430 5031 1630 5076 tantum
1657 5031 1834 5089 nocet,

255 5124 313 5169 ut
349 5124 405 5170 et
437 5113 837 5170 vehementiori
866 5115 1069 5184 peccati
1113 5113 1378 5170 desiderio
1417 5118 1669 5181 rapiatur,
1703 5124 1758 5169 et
1785 5115 1836 5169 in

255 5212 491 5280 peccatis
518 5211 678 5266 etiam
711 5211 1082 5280 praevaricator
1109 5208 1422 5263 inveniatur.
1456 5205 1553 5261 Ubi
1577 5208 1709 5260 enim
1737 5223 1835 5260 nou

252 5312 326 5355 est
358 5300 487 5368 Lex,
517 5317 608 5356 nec
630 5303 975 5372 pra’varicatio
1001 5299 1111 5374 (Id.
1141 5315 1212 5368 tv,
1246 5299 1356 5370 15).
1388 5299 1475 5353 Sic
1502 5313 1630 5366 ergo
1653 5298 1837 5366 jacens

253 5409 380 5447 cum
411 5409 471 5449 se
498 5394 724 5465 quisque
753 5395 1059 5464 cognoverit
1087 5409 1183 5464 per
1237 5393 1468 5461 seipsum
1495 5406 1710 5460 surgere
1731 5406 1837 5444 non
1877 5409 1901 5422 ··

255 5485 456 5549 valere,
511 5485 758 5554 imploret
805 5485 1130 5540 Liberatoris
1176 5484 1452 5538 auxilium.
1505 5482 1658 5535 Vertit
1710 5497 1838 5552 ergo

251 5574 423 5644 gratia
449 5591 572 5645 qua:
598 5575 759 5630 donet
781 5585 994 5645 peccata
1025 5575 1310 5645 prmtcrita,
1335 5582 1390 5628 et
1425 5581 1704 5626 conantem
1745 5572 1840 5626 ad-

251 5664 422 5734 juvet,
453 5676 508 5721 et
545 5666 740 5721 tribuat
781 5665 1089 5722 charitatcm
1121 5665 1358 5739 justitite,
1391 5671 1444 5722 et
1473 5662 1676 5720 auferat
1721 5681 1834 5719 mc-

317 5775 392 5837 (a)
429 5775 686 5826 ttanirhzci;
1213 5839 1252 5850 ἡ
1313 5841 1318 5845 _
1401 5819 1404 5826 -
1693 5813 1735 5842 ..ι

692 345 1122 418 ρυειιιυιιῡΑιι
1151 341 1498 401 PROPOSIT.
1537 341 1632 398 EX
1670 339 1838 398 EPIS’]

1944 343 2013 398 lD
2049 343 2236 412 ROM.,
2275 345 2330 402 S.
2364 345 2728 406 AUGUSTINI
2754 349 3123 408 EXPOSITIO.

3374 355 3536 411 206th

1949 463 2078 512 tum.
2103 458 2252 524 Quod
2273 475 2392 514 cum
2421 461 2498 527 fit,
2530 463 2737 517 tametsi
2760 463 3017 519 desideria
3045 467 3282 536 qumdam
3307 472 3530 535 carnis,-

1945 545 2068 600 dum
2093 542 2142 602 in
2159 551 2255 605 hac
2274 553 2378 606 vita
2403 567 2604 618 sumus,
2621 554 2873 610 adversus
2899 557 3137 626 spiritum
3159 569 3392 614 nostrum
3414 577 3510 629 pu-

1943 648 2125 706 gnant,
2154 651 2210 695 ut
2239 657 2360 697 eum
2401 643 2597 699 ducant
2637 647 2687 699 in
2731 655 3037 714 peccatum;
3070 665 3173 703 non
3215 659 3390 705 tamen
3431 650 3512 704 his

1944 728 2220 786 desideriis
2247 737 2583 790 consentiens
2608 736 2844 806 Spiritus,
2873 740 3121 809 quoniam
3168 749 3248 796 est
3294 741 3427 796 fixus
3455 742 3508 796 in

1944 822 2110 890 gratia
2136 834 2189 877 et
2212 825 2469 882 charitate
2495 828 2613 893 Dei,
2645 829 2837 884 desinit
2865 845 3104 900 peccare.
3135 833 3248 886 Non
3279 834 3419 888 enim
3459 837 3510 888 in

1945 913 2062 983 ipso
2089 913 2354 971 desiderio
2385 934 2566 988 pravo,
2599 921 2692 975 sed
2723 923 2774 975 in
2802 931 2982 977 nostra
3011 925 3360 979 consensione
3387 941 3514 996 pec-

1943 1017 2144 1061 camus.
2173 1007 2251 1062 Ad
2280 1007 2380 1064 hoc
2404 1010 2543 1065 valet
2571 1013 2710 1081 quod
2741 1013 2868 1068 dicit
2901 1014 3039 1069 idem
3065 1013 3369 1085 apostolus,
3393 1017 3515 1071 Non

1945 1112 2062 1167 ergo
2089 1112 2259 1166 regnet
2289 1113 2540 1162 peccatum
2572 1104 2622 1156 in
2648 1115 2804 1158 vestro
2833 1107 3032 1160 mortali
3058 1124 3268 1176 corpore
3304 1110 3372 1162 ad
3401 1111 3519 1162 οὺει

1946 1190 2182 1245 diendum
2205 1193 2462 1249 desideriis
2480 1197 2587 1266 ejus
2609 1196 2778 1266 (Rom.
2801 1214 2872 1264 vr,
2893 1198 3001 1270 12).
3017 1199 3149 1254 Hinc
3172 1201 3314 1255 enim
3330 1209 3514 1256 osten-

1945 1281 2022 1336 dit
2048 1298 2165 1339 esse
2194 1286 2483 1352 desideria,
2514 1291 2702 1360 quibus
2741 1305 2845 1346 non
2894 1291 3206 1357 obediendo,
3235 1303 3524 1365 peccatum

1944 1372 1996 1426 in
2029 1375 2179 1430 nobis
2208 1393 2430 1448 regnare
2470 1394 2572 1433 non
2616 1381 2858 1436 sinimus.
2889 1381 2992 1437 Sed
3019 1385 3266 1452 quoniam
3296 1386 3392 1440 ista
3421 1384 3515 1439 de-

1944 1463 2135 1519 sideria
2161 1466 2226 1521 de
2251 1470 2427 1524 carnis
2451 1473 2765 1527 mortalitate
2783 1485 3088 1540 nascuntur,
3116 1491 3233 1545 qua:
3256 1477 3514 1531 trahimus

1944 1567 2008 1606 ex
2037 1555 2204 1623 primo
2228 1569 2445 1626 peccato
2474 1560 2629 1629 primi
2659 1560 2917 1629 hominis,
2945 1564 3086 1618 unde
3112 1565 3396 1620 carnaliter
3422 1581 3518 1619 na-

1943 1644 2178 1708 scimur;
2212 1663 2316 1702 non
2347 1649 2744 1719 fiuicnturhtec,
2770 1654 2869 1709 nisi
2894 1657 3286 1711 resurrectione
3325 1671 3528 1726 corpoa

1943 1734 2016 1786 ris
2054 1735 2470 1794 immutationem
2520 1742 2683 1807 illam,
2711 1759 2828 1814 quae
2858 1745 3010 1800 nobis
3040 1748 3380 1816 promittitur;
3405 1764 3517 1803 me-

1942 1828 2224 1894 ruerimus,
2255 1831 2340 1884 ubi
2372 1832 2599 1900 perfecta
2627 1849 2727 1904 pax
2756 1836 2876 1901 erit,
2910 1851 3029 1890 eum
3059 1838 3111 1891 in
3132 1847 3321 1908 quarto
3349 1839 3522 1908 gradu

1943 1919 2376 1976 constituemur‘.
2406 1923 2528 1979 ldeo
2567 1934 2742 1981 autem
2785 1929 3016 1997 perfecta
3063 1945 3186 2000 pax,
3212 1932 3334 2001 quia
3385 1931 3527 1985 nihili

1944 2008 2096 2062 nobis
2124 2011 2331 2064 resistet
2355 2028 2457 2066 non
2485 2015 2853 2072 resistentibus
2878 2019 3007 2073 Deo.
3035 2019 3146 2074 lloc
3161 2031 3241 2075 est
3269 2021 3410 2090 quod
3437 2022 3518 2075 die

1943 2097 2014 2150 cit
2041 2099 2341 2167 Apostolus,
2361 2100 2556 2172 Corpus
2584 2105 2784 2173 quidem
2810 2116 3057 2160 mortuunt
3082 2119 3154 2162 est
3175 2118 3377 2180 prapter
3403 2127 3517 2179 pec:

1944 2197 2128 2253 catum,
2160 2192 2365 2260 spiritus
2389 2203 2553 2247 autem
2585 2196 2682 2248 vita
2707 2206 2778 2250 est
2801 2209 3004 2268 prapter
3013 2201 3283 2270 justitiam.
3313 2201 3374 2255 Si
3398 2218 3514 2272 ergo

1947 2281 2170 2352 Spiritus
2191 2285 2298 2352 ejus
2327 2286 2412 2354 qui
2449 2288 2702 2342 suscitavit
2731 2289 2905 2343 Jesum
2931 2308 2962 2344 a
2990 2293 3218 2357 mortuis,
3248 2292 3436 2347 habitat
3464 2296 3520 2348 in

1945 2371 2078 2425 vobis
2097 2389 2115 2436 ;
2135 2374 2220 2445 qui
2244 2376 2496 2429 suscitavit
2517 2376 2770 2433 Christum
2787 2378 2823 2432 J
2827 2397 2965 2434 esum
2989 2398 3020 2434 a
3042 2385 3268 2449 mortuis,
3296 2383 3520 2450 viviﬁca-

1945 2463 2013 2515 bit
2027 2473 2074 2517 et
2095 2466 2328 2519 mortalia
2347 2482 2562 2536 corpora
2581 2477 2742 2522 vestra
2768 2487 2856 2539 per
2895 2470 3255 2526 inltabitautem
3273 2473 3522 2544 Spiritum

1945 2555 2052 2624 ejus
2080 2557 2130 2609 in
2183 2556 2320 2611 vobis
2359 2555 2491 2631 (Id.
2519 2575 2631 2626 vm,
2658 2560 2744 2624 10,
2775 2559 2886 2632 lt).
2917 2563 3165 2618 Liberum
3208 2581 3336 2636 ergo
3377 2566 3521 2621 arbi«

1946 2646 2102 2699 trium
2129 2647 2361 2716 perfecte
2389 2647 2488 2703 fuit
2529 2650 2582 2704 in
2619 2651 2792 2720 primo
2816 2653 3050 2719 homine,
3080 2655 3130 2708 in
3163 2655 3315 2709 nobis
3340 2667 3521 2711 autem

1945 2746 2067 2790 ante
2096 2741 2316 2807 gratiam
2349 2755 2454 2794 non
2485 2749 2567 2795 est
2587 2741 2810 2796 liberum
2834 2743 3108 2797 arbitrium
3131 2753 3187 2798 ut
3211 2761 3312 2799 non
3336 2760 3520 2815 pecce-

1945 2843 2084 2893 mus,
2112 2829 2206 2883 sed
2237 2839 2440 2884 tantum
2465 2838 2522 2884 ut
2547 2847 2766 2901 peccare
2804 2833 3053 2887 nolimus.
3077 2834 3256 2890 Gratia
3288 2851 3418 2890 vero
3444 2838 3521 2892 ef-
3564 2859 3584 2868 θ

1945 2919 2054 2975 ﬁcit
2096 2929 2145 2974 ut
2189 2939 2292 2976 non
2328 2930 2531 2977 tantum
2560 2925 2784 2978 velimus
2824 2934 2970 2980 recte
3010 2925 3204 2990 facere,
3236 2929 3328 2982 sed
3360 2930 3517 2984 etiam

1946 3013 2238 3081 possimus;
2268 3028 2372 3067 non
2397 3014 2597 3068 viribus
2623 3016 2839 3081 nostris,
2866 3016 2959 3070 sed
3005 3017 3328 3073 Liberatoris
3365 3021 3519 3074 auxi-

1945 3102 2036 3169 lio,
2068 3105 2156 3173 qui
2188 3105 2339 3158 nobis
2360 3106 2516 3160 etiam
2537 3108 2824 3174 perfectam
2848 3123 3030 3176 pacem
3051 3110 3104 3163 in
3131 3112 3520 3166 resurrectione

1946 3197 2158 3262 tribuet,
2189 3212 2307 3266 quae
2351 3212 2451 3266 pax
2493 3197 2719 3266 perfecta
2761 3199 2954 3253 bonam
2983 3201 3310 3255 voluntatem
3333 3217 3523 3258 conse-

1944 3287 2141 3356 quitur.
2163 3285 2340 3341 Gloria
2369 3290 2511 3342 enim
2538 3289 2590 3342 in
2617 3290 2822 3343 excelsis
2852 3290 2976 3354 Deo,
3005 3301 3050 3344 et
3071 3293 3121 3345 in
3147 3301 3279 3347 terra
3302 3310 3406 3363 pax
3423 3294 3518 3348 Ito-

1945 3375 2161 3439 minibus
2190 3377 2332 3432 bona!
2355 3378 2623 3433 voluntatis
2652 3378 2800 3443 (Luc.
2828 3396 2884 3447 ιι,
2915 3379 3026 3452 14).

2019 3468 2159 3523 ΧΙΧ.
2203 3469 2300 3542 [11).
2333 3487 2408 3534 ιιι,
2437 3469 2551 3543 51.]
2579 3471 2728 3540 Quod
2795 3481 2968 3527 autem
3008 3474 3154 3542 dicit,
3187 3474 3369 3545 Legem
3404 3493 3522 3547 ergo

1945 3577 2242 3615 evacuamus
2265 3579 2353 3632 per
2386 3562 2580 3630 ﬁdem?
2609 3563 2746 3616 Absit
2777 3580 2796 3617 :
2823 3564 2911 3617 sed
2938 3563 3120 3635 Legem
3153 3568 3434 3628 statuimus,
3471 3569 3521 3621 id

1945 3661 2052 3716 est,
2102 3654 2394 3708 firmamus.
2447 3654 2552 3709 Sed
2608 3655 3048 3724 quemadmodum
3102 3657 3354 3712 firmanda
3407 3669 3524 3712 erat

1946 3744 2071 3807 Lex,
2102 3744 2202 3797 nisi
2228 3744 2639 3812 perjustitiam?
2665 3745 2929 3799 Justitiam
2968 3756 3144 3799 autem
3175 3763 3293 3815 qua:-
3323 3757 3402 3801 est
3427 3763 3522 3817 per

1945 3835 2136 3899 tidem;
2171 3835 2290 3904 quia
2319 3851 2379 3890 ea
2420 3835 2533 3903 ipsa
2574 3851 2691 3904 qua:
2741 3851 2848 3889 non
2892 3845 3150 3906 poterant
3176 3839 3381 3908 impleri
3425 3855 3522 3909 per

1946 3928 2162 3995 Legem,
2191 3943 2285 3996 per
2313 3927 2468 3981 fidem
2499 3928 2710 3996 impleta
2737 3935 2878 3982 sunt.

2015 4019 2133 4073 XX.
2177 4018 2270 4088 [lb.
2304 4034 2375 4079 tv.
2407 4016 2485 4089 2.]
2512 4019 2661 4084 Quod
2686 4028 2860 4073 autem
2900 4020 2991 4088 ait,
3022 4021 3082 4075 Si
3107 4021 3239 4075 enim
3265 4023 3519 4076 Abraham

1944 4127 2006 4163 ea:
2032 4109 2262 4178 operibus
2279 4109 2584 4177 justi/icatus
2605 4119 2694 4171 est,
2720 4109 2860 4163 habet
2884 4112 3116 4181 gloriam,
3144 4113 3232 4166 sed
3255 4130 3354 4166 non
3385 4124 3521 4182 apud

1945 4201 2143 4265 Dcttm;
2176 4201 2395 4264 hoc-cst,
2427 4201 2546 4270 quia
2571 4201 2832 4255 Abraham
2861 4203 2976 4257 sine
3008 4203 3148 4273 Lege
3173 4205 3296 4258 dum
3327 4219 3520 4259 non'cx

1943 4295 2194 4364 operibus
2233 4293 2387 4363 Legis
2421 4293 2642 4362 gloriam
2673 4293 2958 4362 conquirit,
2994 4294 3145 4364 quasi
3185 4297 3295 4350 suis
3322 4296 3524 4351 viribus

1944 4386 2139 4455 Legem
2168 4386 2401 4454 impleat,
2431 4399 2550 4438 cum
2595 4383 2768 4438 adhuc
2806 4384 2913 4438 Lex
2945 4385 3043 4440 ista
3071 4385 3192 4440 data
3225 4402 3330 4441 non
3358 4396 3520 4453 esseb,

1944 4477 2037 4532 Dei
2060 4476 2142 4530 illa
2165 4475 2354 4545 gloria,
2386 4488 2492 4526 non
2515 4488 2607 4527 sua
2630 4482 2730 4527 est.
2762 4472 2876 4527 Non
2904 4474 3044 4529 enim
3067 4477 3260 4529 merito
3287 4475 3368 4530 sui
3398 4485 3518 4529 tan-

1943 4585 2100 4639 quam
2128 4583 2194 4622 ex
2228 4567 2495 4635 operibus,
2525 4564 2617 4619 sed
2640 4565 2729 4619 Dei
2757 4565 2922 4635 gratia
2952 4566 3054 4620 ﬁde
3073 4565 3392 4636 justiticatus
3416 4574 3516 4620 est.

2017 4658 2156 4712 XXI.
2201 4656 2299 4729 [lb.
2344 4672 2418 4720 tv,
2464 4655 2552 4728 4.]
2583 4654 2733 4721 Quod
2780 4665 2954 4710 autem
3000 4657 3096 4718 ait;
3135 4656 3201 4710 Ei
3241 4665 3405 4710 autem
3434 4658 3520 4726 qui

1943 4757 2198 4818 Operatur,
2225 4762 2412 4800 merces
2447 4762 2544 4799 non
2571 4747 2847 4815 imputatur
2874 4747 3152 4800 secundum
3169 4747 3404 4815 gratiam,
3435 4744 3524 4799 sed

1942 4839 2214 4896 secundum
2247 4837 2485 4897 debitum,
2515 4837 2647 4890 dixit
2672 4837 3117 4906 quemadmodum
3149 4837 3391 4892 homines
3421 4837 3521 4889 ho-

1942 4931 2174 4987 minibus
2215 4929 2439 4982 reddant
2481 4927 2802 4982 mercedem.
2832 4928 2963 4982 Nam
2995 4928 3133 4982 Deus
3162 4942 3258 4997 per
3297 4928 3518 4996 gratiam

1944 5023 2109 5087 dedit,
2157 5021 2278 5091 quia
2327 5019 2692 5089 peccatoribus
2739 5019 2902 5084 dedit,
2931 5028 2988 5073 ut
3033 5034 3130 5088 per
3174 5018 3330 5074 fidem
3379 5019 3522 5088 juslc

1945 5117 2207 5178 viverent,
2253 5111 2303 5165 id
2347 5120 2430 5165 est
2465 5111 2602 5166 bene
2641 5121 3008 5181 Oper-arentum
3049 5109 3204 5178 Quod
3234 5124 3360 5180 ergo
3386 5111 3522 5166 bene

1944 5221 2228 5276 cperamur
2243 5204 2351 5274 jam
2380 5213 2597 5273 accepta
2621 5205 2810 5272 gratia,
2842 5219 2946 5257 non
2986 5203 3158 5269 nobis,
3188 5203 3281 5259 sed
3323 5204 3393 5259 illi
3426 5208 3522 5258 tri-

1946 5295 2212 5351 buendum
2249 5303 2350 5358 est,
2378 5311 2466 5364 qut
2512 5311 2606 5364 per
2636 5294 2855 5364 gratiam
2899 5309 2996 5348 nos
3033 5294 3358 5363 justiﬁcavit.
3389 5295 3520 5350 Nam

1946 5389 1987 5442 si
2017 5388 2246 5442 debitam
2272 5387 2568 5441 mercedem
2597 5386 2753 5439 vellet
2773 5385 3014 5454 reddere,
3041 5401 3250 5456 poenam
3279 5385 3526 5443 redderet

1945 5479 2173 5532 debitam
2205 5477 2586 5547 peccatoribus.

2016 5566 2179 5621 XXII.
2223 5565 2320 5639 [lb.
2370 5582 2445 5630 tv,
2489 5565 2565 5638 5.]
2602 5567 2751 5635 Quod
2793 5577 2966 5622 autem
3009 5569 3099 5631 ait,
3149 5567 3248 5633 Qui
3275 5569 3522 5639 justi/ient

1947 5660 2174 5728 impium,
2214 5659 2314 5714 hoc
2341 5668 2505 5714 estex
2534 5660 2695 5728 impio
2724 5661 2865 5730 pium
2899 5662 3041 5726 facit,
3075 5670 3130 5714 ιιι
3155 5660 3220 5716 de
3248 5671 3443 5716 caetero
3471 5661 3523 5715 in

2011 5775 2027 5803 ι
2054 5779 2151 5820 Am.
2175 5777 2222 5819 et
2247 5777 2338 5829 I-lt‘.,
2361 5783 2457 5833 pax
2475 5770 2564 5820 crit
2577 5783 2727 5833 quam
2745 5770 2794 5822 in
2813 5778 2980 5835 quarto
3000 5772 3156 5836 gradu
3181 5770 3518 5824 constituimus.
