4028 6494
547 351 686 408 2067

551 463 666 533 ipsa
696 459 888 530 pietate
915 465 1224 527 permaneat
1245 463 1400 524 atque
1418 450 1654 522 iustitia:
1681 447 1803 518 quia
1829 445 1948 500 ideo
1972 441 2129 513 justi-

551 555 740 606 ticatus
777 557 860 603 est
901 556 960 602 ut
997 549 1172 618 justus
1216 549 1304 612 sit,
1336 559 1441 599 non
1480 552 1538 596 ut
1575 552 1800 610 peccare
1828 535 1928 591 sibi
1965 535 2124 588 licere

549 643 856 699 arbitretur.

619 724 809 782 XXIII.
853 722 953 795 [lb.
979 737 1051 787 tv,
1084 719 1192 792 15.]
1217 718 1367 787 Quod
1392 725 1568 773 autem
1593 718 1685 781 ait,
1711 714 1818 770 Leu:
1839 714 1971 768 enim
1997 712 2127 765 iram

551 825 806 888 operatur,
837 814 1118 870 vindictam
1163 811 1444 881 significat,
1498 816 1554 863 et
1600 807 1668 863 ad
1712 807 1859 862 illum
1901 803 2124 875 gradum

551 909 800 978 pertinet,
831 921 950 960 cum
979 914 1063 960 est
1088 904 1308 973 quisque
1331 901 1430 956 sub
1454 901 1615 970 Lege.

622 997 813 1052 XXIV.
853 995 950 1068 [lb.
973 1010 1046 1061 tv,
1071 991 1180 1064 l7.]
1208 991 1355 1060 Quod
1385 1000 1560 1045 autem
1588 990 1678 1053 ait,
1709 988 1836 1042 Ante
1860 986 2024 1041 Deum
2045 986 2127 1040 cui

551 1088 782 1151 credidit,
813 1084 1123 1155 signiﬁcavit
1170 1083 1327 1137 ﬁdem
1376 1081 1429 1136 in
1474 1079 1723 1135 interiore
1767 1077 1981 1132 homine
2007 1091 2128 1132 esse

552 1180 609 1234 in
637 1186 921 1247 conspectu
937 1175 1065 1240 Dei;
1093 1189 1198 1230 non
1231 1173 1284 1228 in
1313 1170 1667 1228 ostentatione
1692 1168 1988 1234 hominum,
2019 1167 2128 1223 sic-

551 1269 627 1324 uti
655 1276 736 1322 est
759 1267 933 1321 carnis
959 1264 1310 1319 circumcisio.

618 1355 786 1411 XXV.
830 1355 928 1429 [lb.
957 1371 1027 1420 1v,
1060 1352 1175 1426 9.0.]
1200 1351 1352 1428 Quod
1395 1359 1572 1407 autem
1615 1350 1690 1404 ait
1732 1349 1798 1404 de
1834 1346 2125 1413 Abraham,

549 1445 694 1500 Dan:
739 1445 954 1517 gloriam
997 1443 1127 1509 Deo,
1168 1443 1423 1497 adversus
1471 1441 1588 1494 illos
1625 1438 1852 1508 positum
1895 1445 1996 1503 est,
2037 1437 2128 1507 qui

548 1535 772 1606 gloriam
826 1551 976 1597 suam
1023 1534 1090 1590 de
1133 1532 1380 1604 operibus
1419 1531 1576 1601 Legis
1616 1543 1796 1585 coram
1825 1527 2128 1583 hominibus

549 1627 878 1698 quarrebant.

622 1715 814 1772 XXVI.
857 1715 956 1788 [lb.
982 1731 1038 1781 v,
1067 1713 1144 1789 5.]
1173 1711 1323 1782 Quod
1347 1720 1524 1768 autem
1554 1711 1646 1774 ait,
1699 1708 1819 1764 Non
1847 1706 2009 1763 solum
2037 1722 2130 1760 au-

553 1817 672 1874 tem,
720 1807 808 1860 sed
861 1817 905 1861 et
956 1807 1228 1877 gloriamur
1274 1807 1325 1860 in
1373 1803 1792 1865 tribulationibus,
1842 1810 1896 1856 et
1939 1809 2130 1858 extera

550 1899 810 1970 gradatim
841 1898 1081 1969 perducit
1125 1913 1290 1968 usque
1337 1897 1402 1951 ad
1450 1895 1761 1951 charitatem
1801 1893 1928 1958 Dei;
1973 1907 2128 1962 quam

550 1990 861 2044 charitatcm
883 1990 1009 2046 dum
1035 1989 1164 2042 dicit
1193 1971 1290 2042 nos
1315 1987 1512 2042 habere
1537 2001 1630 2054 per
1659 1984 1854 2038 donum
1879 1983 2126 2052 Spiritus,

551 2088 811 2140 monstrat
859 2081 946 2133 illa
993 2081 1171 2133 omnia
1209 2093 1326 2148 quae
1370 2089 1650 2147 possemus
1688 2075 1840 2129 nobis
1874 2075 2127 2140 tribucre,

553 2171 661 2226 Deo
677 2185 794 2226 esse
816 2169 1116 2235 tribuenda,
1136 2169 1226 2240 qui
1253 2184 1347 2239 per
1365 2168 1620 2238 Spiritum
1645 2176 1882 2224 sanctum
1907 2164 2130 2235 gratiam

549 2260 679 2317 dare
700 2261 946 2330 dignatus
971 2269 1071 2315 est.

621 2352 1081 2414 XXVII-XXVIII.
1125 2351 1221 2426 [lb.
1241 2368 1294 2417 v,
1318 2350 1429 2424 l3.]
1455 2351 1605 2421 Quod
1634 2359 1811 2406 autem
1838 2350 1930 2416 ait,
1966 2347 2133 2416 Usque

551 2443 620 2496 ad
639 2443 819 2515 Legem
843 2445 974 2497 enim
1001 2453 1257 2513 peccatum
1291 2443 1342 2496 in
1368 2442 1554 2496 mundo
1581 2443 1696 2513 fuit,
1731 2438 2130 2510 intelligendum

553 2542 637 2589 est
660 2549 935 2604 quousque
962 2534 1168 2592 veniret
1208 2533 1396 2604 gratia.
1427 2533 1620 2587 Contra
1656 2547 1749 2587 eos
1772 2531 1913 2588 enim
1933 2530 2132 2585 dictum

551 2635 656 2690 est,
682 2624 772 2694 qui
807 2624 1128 2678 arbitrantur
1151 2639 1244 2693 per
1272 2623 1466 2694 Legem
1503 2621 1699 2677 auferri
1739 2621 1972 2691 potuisse
2006 2635 2132 2689 pec-

551 2727 687 2773 cata.
719 2719 854 2772 Dicit
877 2727 1052 2772 autem
1080 2717 1363 2786 Apostolus
1393 2715 1721 2771 manifestata
1760 2729 1882 2770 esse
1921 2723 2132 2783 peccata

551 2825 648 2879 per
676 2808 891 2880 Legem,
939 2825 1044 2862 non
1086 2817 1264 2864 autem
1305 2807 1498 2873 ablata,
1529 2821 1648 2860 cum
1689 2805 1835 2870 dicit,
1866 2804 2134 2858 Peccatum

552 2908 720 2954 autem
746 2917 844 2954 non
868 2899 1221 2970 deputabatur,
1259 2913 1372 2951 cum
1401 2896 1508 2951 Lea'.
1538 2913 1638 2950 non
1677 2906 1821 2950 esset.
1847 2895 1963 2949 Non
1991 2895 2133 2948 enim

551 2991 645 3054 ait,
678 3006 783 3045 non
819 3001 962 3051 erat;
995 2989 1111 3052 sed,
1149 3006 1249 3043 non
1285 2987 1636 3058 deputabatur.
1669 2987 1850 3056 Neque
1874 3001 1993 3040 cum
2022 2985 2132 3040 Lex

550 3080 675 3136 data
722 3090 822 3147 est,
868 3080 1100 3134 ablatum
1148 3088 1258 3143 est;
1309 3079 1401 3134 sed
1444 3079 1684 3149 deputari
1729 3080 1908 3147 coepit,
1948 3077 1998 3132 id
2029 3085 2131 3142 est,

551 3187 832 3242 apparere.
880 3171 997 3227 Non
1039 3187 1167 3241 ergo
1213 3181 1479 3241 putemus,
1525 3187 1682 3239 usque
1725 3171 1793 3224 ad
1829 3170 2033 3241 Legem,
2062 3172 2132 3226 ita

552 3263 751 3323 dictum
772 3278 913 3328 esse,
936 3262 1082 3332 quasi
1107 3262 1214 3331 jam
1241 3262 1340 3317 sub
1371 3261 1508 3332 Lege
1537 3277 1640 3316 non
1667 3272 1808 3316 esset
1829 3269 2130 3332 peccatum:

448 3346 456 3353 “
552 3356 649 3409 sed
677 3354 755 3410 sic
782 3354 979 3408 dictum
1024 3362 1122 3418 est,
1167 3370 1320 3423 usque
1361 3353 1428 3407 ad
1468 3351 1670 3422 Legem,
1702 3363 1758 3407 ut
1786 3361 1950 3408 totum
1978 3352 2133 3423 chis

552 3455 762 3514 tempus
789 3459 1101 3502 annumeres
1145 3460 1312 3515 usque
1339 3444 1407 3504 ad
1455 3444 1613 3500 linem
1659 3445 1834 3516 Legis,
1871 3445 2009 3516 quod
2051 3456 2134 3500 est

551 3537 812 3593 Christus.

623 3627 816 3684 XXIX.
858 3625 957 3700 [lb.
988 3643 1043 3696 v,
1075 3626 1189 3699 14.]
1213 3625 1364 3695 Quod
1405 3633 1582 3680 autem
1624 3625 1716 3692 ait,
1762 3624 1867 3680 Sed
1911 3627 2134 3696 regnauit

550 3737 687 3776 mors
714 3721 777 3777 ab
804 3720 967 3774 Adam
995 3735 1151 3790 usque
1177 3719 1243 3771 ad
1279 3716 1510 3788 Moysen,
1541 3727 1588 3770 et
1615 3717 1667 3770 in
1689 3719 1751 3771 iis
1775 3718 1863 3786 qui
1886 3734 1986 3771 non
2013 3734 2134 3788 pec-

550 3820 788 3870 caverunt
824 3813 878 3866 in
919 3809 1294 3866 similitudinem
1322 3809 1745 3880 prteuarieationis
1783 3809 1908 3862 Δάας
1929 3811 1968 3875 ⁸,
1997 3809 2133 3863 duo-

551 3906 652 3960 bus
693 3902 866 3959 modis
893 3903 1231 3974 distinguitur
1258 3918 1272 3956 :
1298 3909 1409 3969 aut,
1441 3900 1510 3960 In
1538 3902 1912 3960 similitudinem
1937 3917 2134 3971 prma-

553 3997 813 4056 ricationis
845 3995 973 4052 Ada:
996 3995 1222 4066 regnavit
1250 4009 1420 4060 mors;
1451 3993 1572 4063 quia
1602 4001 1658 4048 et
1691 3993 1778 4062 qui
1809 4007 1912 4048 non
1943 4006 2134 4061 pecca-

554 4095 765 4152 verunt,
793 4101 861 4141 ex
899 4087 1102 4155 origine
1148 4085 1484 4140 mortalitatis
1531 4085 1722 4149 Adam,
1769 4085 2132 4139 mortuisunt.

555 4180 662 4233 Aut
687 4186 850 4243 certe,
883 4177 1124 4246 Regnavit
1162 4193 1297 4232 mors
1329 4187 1376 4230 et
1401 4177 1456 4230 in
1487 4177 1566 4230 his
1590 4179 1673 4248 qui
1697 4194 1796 4230 non
1825 4177 1876 4230 in
1902 4177 2139 4232 similitu-

556 4269 724 4321 dinem
786 4268 1207 4337 prtevaricationis
1259 4267 1386 4321 Adte
1449 4279 1809 4337 peccaverunt,
1875 4269 1969 4324 sed
2015 4279 2138 4328 ante

559 4360 754 4432 Legem
797 4371 1154 4432 peccaverunt
1181 4381 1195 4419 :
1226 4372 1282 4419 ut
1311 4364 1384 4418 illi
1413 4379 1662 4434 peccasse
1699 4365 2056 4436 intelligantur
2085 4369 2136 4422 in

558 4453 956 4511 similitudinem
995 4457 1442 4525 praevaricationis
1471 4457 1618 4524 Adae,
1644 4459 1733 4528 qui
1764 4459 1955 4529 Legem
1984 4474 2138 4516 acce-

559 4555 781 4614 perunt;
811 4547 932 4623 quia
971 4556 1024 4604 et
1053 4547 1221 4603 Adam
1258 4558 1473 4619 accepta
1504 4550 1750 4619 praecepti
1794 4549 1910 4620 lege
1947 4564 2138 4620 pecca-

559 4636 658 4692 vit.
685 4636 825 4693 Sane
845 4639 1004 4693 etiam
1033 4640 1083 4694 id
1114 4640 1257 4711 quod
1282 4641 1476 4697 dictum
1513 4649 1612 4705 est,
1640 4659 1796 4714 usque
1813 4643 1882 4696 ad
1904 4642 2143 4713 Moysen,

556 4735 728 4782 totum
760 4736 967 4799 tempus
992 4730 1150 4801 Legis
1176 4731 1572 4803 intelligendum
1605 4742 1705 4788 est.
1743 4733 1934 4788 Forma
1959 4741 2137 4790 autem

560 4819 720 4889 futuri
751 4820 924 4879 dictus
959 4832 1042 4878 est
1069 4823 1258 4891 Adam,
1287 4823 1380 4878 sed
1407 4840 1437 4878 a
1474 4825 1739 4880 contrario
1762 4843 1774 4879 :
1798 4834 1856 4880 ut
1875 4825 2142 4895 quomodo
2169 4892 2174 4894 _

560 4925 658 4980 per
678 4911 826 4966 illum
858 4927 1023 4977 mors,
1043 4915 1120 4969 sic
1148 4929 1240 4983 per
1264 4913 1546 4968 Dominum
1568 4924 1804 4970 nostrum
1834 4916 1960 4969 vita.

634 5000 735 5072 [lb.
766 5019 818 5067 v,
853 5003 1063 5076 15-19.]
1087 5005 1238 5078 Quod
1263 5015 1439 5061 autem
1477 5007 1570 5072 ait,
1604 5006 1708 5061 Sed
1730 5023 1832 5061 non
1863 5008 1992 5060 sicut
2017 5007 2145 5061 deli-

562 5101 720 5158 ctum,
750 5097 820 5146 ita
844 5103 916 5147 est
941 5103 988 5148 et
1016 5095 1241 5162 donatio,
1287 5095 1494 5151 duobus
1538 5096 1710 5152 modis
1749 5097 1966 5153 donatio
2002 5113 2142 5169 pra:-

567 5186 715 5241 cellit
745 5205 757 5240 :
792 5188 874 5242 vel
903 5187 1041 5254 quod
1094 5189 1262 5242 multo
1302 5188 1468 5259 magis
1513 5189 1747 5244 abundat
1790 5191 1977 5260 gratia,
2023 5191 2143 5259 quia

566 5279 750 5348 utique
794 5280 845 5332 in
891 5288 1144 5332 aeternum
1189 5295 1284 5349 per
1325 5281 1466 5334 illam
1511 5281 1735 5348 vivitur;
1787 5283 2146 5352 temporaliter

630 5415 648 5444 ί
676 5412 738 5481 Ad
763 5413 928 5466 istluec
954 5415 1119 5481 verba,
1142 5412 1193 5472 in
1215 5413 1575 5466 similitudinem
1591 5415 1996 5481 prmtaricationis
2015 5419 2145 5481 .tdte,

567 5473 693 5541 apud
717 5482 816 5541 Am.
845 5481 990 5541 ιιι-ΕΓ.
1022 5478 1310 5541 omittuntur
1334 5491 1506 5541 versus
1527 5473 1718 5541 circiter
1735 5481 2072 5541 quadraginta,
2098 5473 2151 5532 et

565 5535 733 5602 lacuna
748 5536 822 5586 his
845 5539 999 5602 tribus
1019 5538 1243 5602 impletur
1260 5540 1438 5594 verbis.
1452 5539 1529 5590 hic
1551 5539 1706 5591 minus
1723 5535 1878 5597 habet,
1898 5535 2006 5602 dum
2023 5535 2149 5591 haud

565 5596 716 5665 dubie
737 5611 766 5646 e
803 5601 1018 5663 margine
1039 5596 1344 5665 irrepserunt
1366 5602 1415 5650 in
1439 5608 1643 5651 textum.
1684 5610 1837 5665 atque
1861 5596 1973 5651 inde
1997 5606 2148 5665 conti-

567 5661 640 5720 git
659 5661 1184 5723 utgcumrt’rbpositione
1207 5663 1440 5722 vigesima
1456 5676 1580 5712 nona
1599 5661 1975 5713 confunderetur
1997 5664 2150 5714 altera

568 5735 679 5790 qua:
718 5721 976 5790 incipiebat
996 5725 1056 5770 ab
1090 5724 1193 5776 istis
1217 5721 1381 5775 verbis
1416 5739 1428 5778 :
1469 5726 1600 5790 quod
1636 5732 1794 5778 autem
1823 5723 1909 5788 ait,
1939 5727 2024 5779 sed
2056 5739 2152 5777 non

568 5782 690 5836 sicut
715 5782 955 5846 delictum,
986 5792 1078 5836 etc.

2036 5858 2210 5870 ’,οδ--..κ

1039 339 1468 413 QUARUMDAM
1506 331 2042 394 PROPOSITIONUM
2080 330 2136 386 Ε]

2240 327 2426 383 ΞΡΙὸΤ.
2466 328 2560 382 AD
2597 327 2784 395 8031.,
2825 327 2884 382 S.
2916 326 3282 386 AUGUSTINI

3658 332 3800 389 2068

2229 449 2406 493 autem
2443 454 2540 508 per
2591 449 2815 494 mortem
2855 439 2982 495 Adae
3024 455 3170 498 mors
3211 444 3452 513 regnavit
3488 460 3504 498 :
3536 445 3624 500 vel
3667 448 3810 516 quod

2229 529 2386 586 unius
2410 529 2587 586 delicti
2611 530 3052 588 condemnatione
3075 548 3221 588 mors
3251 534 3539 590 multorum
3571 534 3712 591 facta
3732 547 3813 592 est

2230 636 2324 691 per
2373 620 2574 686 Adam;
2623 637 2716 691 per
2761 622 3045 680 Dominum
3103 633 3281 681 autem
3343 621 3812 685 nostrum-lesum

2230 715 2493 772 Christum
2515 717 2801 770 multorum
2838 716 3148 772 delictorum
3185 717 3472 775 donatione
3497 719 3619 776 data
3645 721 3814 791 gratia

2229 806 2283 862 in
2312 809 2468 862 vitam
2497 815 2772 862 aeternam.
2816 808 2988 862 Aliam
3021 823 3148 865 vero
3169 809 3520 867 ditior-entiam
3541 813 3622 867 sic
3641 815 3812 882 expli-

2229 908 2314 954 cat
2338 899 2521 954 dicens
2552 915 2566 956 :
2591 897 2659 951 Et
2691 915 2791 953 non
2824 900 2950 953 sicut
2987 916 3074 971 per
3096 917 3253 955 unum
3284 913 3568 970 peccantem
3594 904 3612 935 ¹
3637 905 3714 957 ita
3739 914 3811 960 est

2230 999 2280 1043 et
2311 990 2518 1044 donum.
2551 988 2688 1043 Nam
2709 988 2962 1060 judicium
2995 991 3195 1061 quidem
3218 1007 3281 1046 ea:
3305 1008 3407 1047 uno
3432 993 3486 1046 in
3510 993 3816 1048 condemna-

2230 1080 2413 1134 tionem
2441 1095 2460 1136 :
2484 1081 2648 1151 gratia
2676 1089 2840 1136 autem
2881 1096 2946 1136 ea:
2985 1081 3156 1136 multis
3202 1082 3416 1149 delictis,
3456 1083 3524 1136 ad
3556 1084 3816 1154 justi/ica-

2231 1172 2434 1226 tionent.
2466 1169 2549 1224 Ea:
2589 1165 2690 1226 uno
2730 1187 2858 1242 ergo
2896 1171 3040 1242 quod
3083 1171 3286 1228 dictum
3330 1181 3434 1240 est,
3478 1173 3813 1243 subauditur,

2231 1263 2455 1329 delicto;
2488 1263 2608 1333 quia
2636 1265 2890 1334 sequitur,
2921 1264 3086 1336 gratia
3119 1273 3285 1320 autem
3307 1281 3371 1320 ea:
3393 1264 3565 1320 multis
3597 1266 3815 1322 delictis.

2230 1353 2372 1424 Ergo
2396 1353 2512 1410 haec
2539 1353 2833 1409 dill‘erentia
2867 1365 2970 1422 est,
2997 1355 3137 1425 quod
3169 1355 3220 1410 in
3260 1354 3432 1410 Adam
3475 1371 3640 1410 unum
3681 1356 3817 1411 deli-

2229 1450 2370 1499 ctum
2414 1442 2719 1498 damnatura
2747 1454 2849 1510 est,
2886 1459 2917 1498 a
2959 1445 3183 1501 Domino
3220 1454 3399 1501 autem
3429 1445 3595 1500 multa
3620 1445 3816 1501 donata

2229 1541 2371 1588 sunt.
2416 1533 2566 1602 Quod
2625 1549 2755 1604 ergo
2801 1535 3054 1604 sequitur,
3083 1537 3268 1611 ambas
3309 1537 3438 1592 istas
3487 1535 3818 1593 diderentias

2232 1633 2394 1690 tenet,
2446 1634 2505 1679 ut
2542 1626 2838 1696 explicetur
2881 1625 2959 1681 sic
2987 1643 3002 1680 :
3033 1624 3093 1680 Si
3136 1627 3269 1680 enim
3306 1625 3366 1681 ob
3399 1628 3547 1681 unius
3577 1625 3817 1681 delictum

2231 1731 2362 1774 mors
2398 1717 2621 1786 regnauit
2649 1734 2737 1786 per
2763 1733 2942 1784 unum,
2972 1717 3126 1772 multo
3159 1718 3320 1789 magis
3342 1719 3426 1789 qui
3455 1719 3820 1775 abundantiam

2231 1807 2406 1876 gratim
2425 1815 2469 1858 et
2488 1807 2701 1878 jnstitite
2728 1808 2997 1876 accipiunt,
3031 1809 3084 1862 in
3108 1809 3208 1864 vita
3233 1809 3513 1879 regnabant
3536 1827 3628 1880 per
3660 1827 3819 1864 unum

2230 1893 2406 1950 Iesum
2435 1894 2707 1951 Christum.
2732 1897 2881 1964 Quod
2910 1913 3038 1970 ergo
3065 1898 3218 1964 dixit,
3247 1899 3416 1954 Multo
3445 1901 3609 1970 magis
3634 1916 3817 1971 regna-

2232 1985 2374 2052 bunt,
2402 1987 2468 2041 ad
2511 1989 2670 2042 vitam
2700 1997 2952 2044 :eternam
2994 1991 3256 2058 pertinet:
3285 1990 3426 2059 quod
3455 1998 3635 2045 autem
3665 1991 3817 2057 dixit,

2233 2076 2608 2131 Abundantium
2641 2079 2818 2149 gratia:
2835 2079 3111 2148 accipiunt,
3142 2078 3206 2133 ad
3246 2078 3592 2134 donationem
3619 2080 3818 2135 multo-v

2233 2182 2350 2221 rum
2396 2169 2624 2237 pertinet
2652 2169 2985 2226 delictorum.
3028 2169 3154 2225 Post
3180 2171 3470 2240 explicatas
3503 2181 3683 2227 autem
3725 2171 3821 2227 has

2234 2257 2580 2324 dill‘erentias,
2608 2261 2748 2316 redit
2795 2260 2862 2316 ad
2909 2260 3132 2316 formam
3177 2261 3319 2317 unde
3362 2273 3621 2332 coeperat,
3669 2264 3822 2333 cujus

2235 2350 2474 2406 ordinem
2512 2351 2882 2422 suspenderat,
2913 2368 3033 2408 cum
3083 2352 3286 2408 diceret
3323 2372 3337 2409 :
3373 2354 3519 2409 Sicut
3558 2356 3692 2410 enim
3733 2373 3822 2427 per

2235 2458 2394 2498 unum
2433 2443 2682 2498 hominem
2729 2454 2988 2514 peccatum
3020 2446 3223 2499 intravit
3248 2446 3301 2499 in
3331 2446 3462 2500 hunc
3483 2447 3748 2510 mundum,
3777 2457 3824 2501 et

2199 2531 2208 2542 ’
2237 2550 2327 2603 per
2349 2543 2608 2604 peccatum
2633 2551 2765 2588 mors
2793 2533 2966 2608 (Rom.
2997 2551 3050 2600 γ,
3080 2535 3190 2605 12).
3218 2535 3299 2590 Ad
3325 2535 3467 2605 quod
3495 2551 3636 2590 nunc
3662 2535 3818 2603 redit,

2235 2638 2355 2679 cum
2387 2624 2516 2679 dicit
2548 2643 2560 2678 :
2593 2623 2776 2694 Itaque
2815 2627 2941 2680 sicut
2985 2641 3074 2696 per
3117 2626 3267 2682 unius
3308 2625 3546 2680 delictum
3570 2628 3624 2680 in
3651 2643 3821 2682 omnes

2237 2715 2460 2770 homines
2485 2715 2553 2768 ad
2571 2716 3064 2782 condemnationem;
3097 2717 3169 2771 ita
3204 2726 3252 2771 et
3279 2734 3366 2787 per
3398 2718 3549 2772 unius
3567 2719 3822 2788 justiﬁed-

2237 2805 2422 2858 tionem
2448 2806 2501 2858 in
2527 2821 2698 2860 omnes
2728 2806 2951 2861 homines
2976 2807 3044 2861 ad
3062 2808 3480 2878 justiﬁcationem
3513 2810 3646 2863 vita.
3681 2809 3825 2865 Sicut

2237 2895 2369 2947 enim
2409 2910 2499 2964 per
2536 2894 2921 2950 inobedientiam
2963 2898 3112 2952 unius
3149 2897 3362 2953 hominis
3392 2909 3676 2968 peccatores
3699 2916 3823 2954 con-

2237 2986 2397 3039 stituti
2439 2995 2553 3039 sunt
2598 2985 2741 3040 multi
2756 3002 2777 3052 ;
2815 2987 2887 3040 ita
2926 2995 2974 3041 et
3013 3004 3102 3059 per
3141 2989 3297 3044 unius
3329 2989 3660 3044 obedientiam
3694 2990 3825 3060 justi

2237 3079 2596 3132 constituentur
2634 3078 2799 3132 multi.
2831 3077 2955 3134 lliec
2996 3088 3079 3134 est
3121 3079 3291 3134 forma
3334 3080 3495 3135 futuri
3532 3079 3727 3147 Adam,
3759 3080 3825 3138 de

2237 3182 2338 3238 qua
2364 3168 2608 3238 superius
2637 3167 2782 3240 loqui
2813 3178 3068 3239 coeperat,
3091 3178 3142 3226 et
3183 3171 3299 3240 ejus
3341 3171 3544 3240 aliquas
3567 3170 3826 3227 diﬂ‘eren-

2239 3260 2338 3316 tias
2383 3261 2726 3330 interponens
2769 3261 3049 3316 distulerat
3091 3261 3355 3326 ordinem,
3400 3261 3468 3316 ad
3497 3277 3656 3333 quem
3685 3278 3827 3319 nunc

2237 3350 2509 3406 redeundo
2555 3350 2836 3419 conclusit,
2890 3352 3093 3418 dicens,
3147 3351 3326 3424 Itaque
3369 3353 3499 3408 sicut
3542 3370 3632 3423 per
3677 3355 3828 3408 unius

2239 3443 2473 3496 delictum
2501 3443 2554 3496 in
2581 3459 2750 3497 omnes
2770 3443 3016 3510 homines,
3045 3452 3150 3499 etc.

2309 3533 2477 3588 XXX.
2520 3532 2615 3606 [lb.
2639 3549 2693 3600 ν,
2725 3532 2842 3607 20.]
2872 3533 3022 3601 Quod
3064 3541 3238 3590 autem
3269 3534 3362 3599 ait,
3396 3532 3505 3589 Lex
3527 3534 3830 3589 subintrauit

2237 3634 2292 3680 ut
2335 3625 2613 3680 abundaret
2656 3625 2914 3692 delictum,
2963 3626 3082 3696 ipso
3121 3626 3286 3682 verbo
3331 3627 3460 3682 satis
3503 3628 3828 3698 signiﬁcavit

2239 3717 2474 3777 nescisse
2501 3715 2714 3771 Judmos
2752 3732 2854 3787 qua
2879 3713 3274 3786 dispensatione
3303 3716 3412 3772 Lex
3437 3716 3560 3772 data
3590 3718 3682 3772 sit.
3712 3717 3831 3774 Non

2239 3807 2380 3863 enim
2409 3806 2530 3862 data
2555 3815 2777 3877 estquae
2802 3816 2982 3876 posset
3014 3806 3311 3874 viviﬁcare;
3337 3807 3458 3877 quia
3487 3807 3660 3878 gratia
3694 3808 3836 3863 vivi-

2239 3897 2362 3954 ﬁcat
2400 3911 2494 3967 per
2531 3896 2691 3952 tidem
2727 3913 2741 3952 :
2774 3896 2868 3954 sed
2905 3897 3027 3952 data
3055 3906 3139 3953 est
3173 3896 3286 3953 Lex
3330 3897 3398 3953 ad
3437 3898 3834 3955 ostendendum

2241 3989 2452 4059 quantis
2472 4003 2737 4059 quamque
2764 3989 2926 4044 arctis
2945 3989 3172 4044 vinculis
3201 3999 3538 4060 peccatorum
3563 3993 3838 4046 constrin~

2239 4088 2508 4150 gerentur,
2535 4080 2624 4148 qui
2653 4079 2721 4134 de
2745 4079 2856 4134 suis
2887 4080 3086 4135 viribus
3114 4079 3180 4134 ad
3208 4080 3534 4151 implendam
3569 4081 3837 4151 justitiam

2241 4172 2652 4241 prmsumebant.
2684 4171 2772 4228 Sic
2809 4172 3098 4229 abundavit
3125 4181 3424 4244 peccatum,
3455 4189 3578 4228 cum
3613 4183 3671 4229 et
3701 4189 3839 4228 con-

2243 4265 2565 4334 cupiscentia
2611 4280 2678 4319 ex
2726 4264 3084 4334 prohibitione
3130 4265 3404 4321 ardentior
3451 4264 3588 4320 facta
3627 4274 3739 4331 est,
3783 4272 3839 4321 et

2245 4357 2584 4426 peccantibus
2649 4366 2833 4412 contra
2879 4356 3074 4428 Legem
3125 4358 3574 4428 prmvaricationis
3627 4358 3842 4416 crimen

2243 4449 2486 4505 accessit.
2538 4448 2689 4516 Quod
2740 4449 2987 4520 intelligit
3031 4449 3122 4520 qui
3177 4449 3471 4505 secundum
3510 4448 3740 4520 gradum
3788 4448 3843 4504 in

2244 4541 2348 4598 illis
2376 4550 2606 4610 quatuor
2629 4539 2879 4611 gradibus
2903 4541 3206 4596 considerat
3225 4539 3324 4613 (a).

2315 4632 2508 4688 XXXI.
2550 4631 2648 4704 [lb.
2689 4649 2762 4696 γι,
2813 4633 2865 4700 1,
2909 4632 2992 4706 2.]
3019 4633 3168 4700 Quod
3199 4641 3376 4688 autem
3422 4633 3517 4701 ait,
3550 4633 3695 4700 Quid
3724 4649 3848 4704 ergo

2247 4722 2508 4776 dicemus?
2537 4723 2934 4792 permanebimus
2957 4724 3011 4778 in
3048 4733 3270 4796 peccato,
3303 4732 3358 4777 ut
3385 4723 3552 4795 gratia
3576 4722 3850 4778 abundet?

2248 4814 2406 4868 Absit.
2441 4812 2540 4881 Qui
2578 4816 2762 4868 mortui
2791 4831 2965 4870 sumus
3006 4826 3229 4886 peccato,
3258 4816 3509 4886 quomodo
3534 4817 3768 4870 vivemus
3798 4817 3852 4869 in
3925 4831 3938 4848 ο

2248 4908 2342 4961 eo?
2372 4906 2494 4961 hinc
2522 4908 2755 4962 ostendit
2781 4907 2848 4964 de
2887 4910 3171 4978 prteteritis
3200 4909 3432 4979 peccatis
3473 4908 3675 4963 factum
3727 4925 3856 4964 esse

2251 5008 2309 5054 ut
2355 4999 2715 5065 donarentur,
2768 5007 2822 5055 et
2862 5000 2914 5055 in
2952 5017 3017 5055 eo
3067 5000 3526 5070 superabundasse
3569 5001 3808 5070 gratiam
3836 5042 3852 5062 ,

2252 5099 2310 5144 ut
2353 5092 2617 5160 prmterita
2666 5100 2882 5158 peccata
2919 5091 3313 5147 dimitterentur
3340 5093 3382 5143 '.
3413 5090 3558 5161 Ergo
3599 5093 3860 5162 quisquis

2253 5183 2426 5237 adhuc
2455 5182 2645 5252 qumrit
2686 5194 2966 5253 augmenta
2997 5184 3218 5254 peccati,
3244 5193 3300 5236 ut
3324 5190 3674 5253 augmentum
3727 5199 3861 5253 gra—

2255 5275 2340 5329 tia:
2368 5275 2585 5337 sentiat,
2615 5290 2718 5329 non
2763 5276 3007 5346 intelligit
3044 5291 3103 5330 se
3133 5275 3183 5330 id
3227 5291 3406 5344 agere,
3439 5281 3498 5327 ιιι
3540 5273 3677 5328 nihil
3709 5276 3767 5328 in
3793 5290 3865 5329 eo

2253 5366 2419 5436 gratia
2453 5376 2721 5436 operetur.
2752 5365 2898 5436 Opus
2935 5368 3075 5422 enim
3116 5367 3297 5438 gratia:
3345 5374 3429 5420 est
3467 5373 3527 5419 nt
3550 5367 3864 5421 moriamur

2257 5466 2492 5524 peccato.

2320 5588 2335 5618 ί
2363 5587 2435 5636 Sic
2448 5593 2553 5635 MSS.
2570 5588 2709 5648 juxta
2724 5599 2952 5649 graecum,
2976 5586 3200 5638 di’henos
3215 5582 3612 5637 hamartésantos.
3633 5592 3698 5638 At
3725 5586 3854 5639 cini

2257 5661 2342 5712 ρει·
2367 5663 2513 5698 unum
2546 5656 2810 5712 peccatum,

2321 5714 2340 5742 ²
2361 5714 2492 5771 Mss,
2516 5707 2566 5760 ut
2588 5709 2905 5773 pra’varicata
2928 5717 3122 5777 peccata
3139 5707 3509 5763 dimitterentur.

2329 5793 2400 5855 (a)
2433 5799 2598 5856 Supra,
2622 5801 2755 5854 Prop.
2785 5795 2857 5843 l3.
