4076 6482
307 379 452 435 2θό9

380 490 848 552 XXXII-XXXIV.
892 488 988 561 [lb.
1035 504 1066 542 v
1096 529 1108 551 ,
1141 487 1219 558 6,]
1247 485 1399 552 Quod
1437 491 1612 538 autem
1651 482 1745 546 ait,
1781 478 1891 533 Hoc

307 594 541 653 scientes,
566 585 684 657 quia
709 593 845 638 vetus
881 583 1028 634 homo
1062 589 1230 633 uoster
1252 579 1400 632 simul
1425 577 1694 644 cruciﬁxus
1718 582 1806 638 est,
1838 582 1892 626 ut

308 686 639 733 evacuaretur
666 689 848 744 corpus
874 672 1080 742 peccati,
1111 670 1340 724 refertur
1363 669 1431 722 ad
1461 668 1587 721 illud
1619 665 1757 736 quod
1798 680 1893 734 per

310 770 529 840 Moysen
559 766 758 822 dictum
785 772 888 830 est,
921 760 1217 815 Maledictus
1247 760 1408 814 omnis
1434 760 1519 828 qui
1557 759 1608 811 in
1638 758 1772 826 ligno
1802 770 1891 824 pe-

311 859 540 929 penderit
567 856 745 928 (Deut.
777 871 888 920 χχι,
920 853 1033 926 25).
1070 853 1274 908 Veteris
1297 851 1437 906 enim
1461 850 1689 905 hominis
1717 847 1888 903 cruei-

311 955 438 1010 ﬁxio
457 950 751 1022 signiﬁcata
777 957 863 1004 est
892 949 943 1001 in
971 960 1128 1002 cruce
1157 943 1386 1008 Domini,
1407 943 1544 998 sicut
1568 941 1690 996 novi
1715 941 1888 995 homi-

311 1047 396 1099 nis
421 1041 733 1098 instauratio
773 1040 824 1094 in
859 1036 1252 1094 resurrectione
1307 1034 1596 1105 signiﬁcata
1647 1040 1749 1088 est.
1780 1030 1890 1086 Ma-

311 1136 562 1191 nifestum
587 1142 671 1190 est
692 1141 868 1187 autem
890 1128 1181 1186 secundum
1207 1143 1329 1184 eum
1354 1141 1453 1182 nos
1476 1141 1633 1196 agere
1655 1132 1888 1180 veterem

311 1227 604 1290 hominem,
642 1223 732 1294 qui
768 1221 1081 1276 maledictus
1105 1228 1186 1276 est
1217 1237 1230 1272 :
1261 1226 1477 1290 propter
1512 1232 1668 1288 quem
1699 1230 1889 1287 pecca-

311 1326 422 1371 tum
466 1324 523 1372 et
558 1315 626 1370 de
656 1314 878 1368 Domino
903 1312 1102 1367 dictum
1141 1324 1262 1366 esse
1293 1323 1451 1364 nemo
1487 1307 1724 1379 ambigit,
1746 1305 1890 1377 quod

310 1417 528 1479 peccata
571 1415 750 1463 nostra
799 1404 1028 1474 portavit
1072 1402 1222 1475 (Isai.
1252 1417 1362 1468 Lm,
1395 1400 1505 1472 Η),
1531 1409 1585 1455 ει
1611 1409 1888 1470 peccatum

310 1514 409 1569 pro
435 1497 592 1552 nobis
634 1495 757 1550 fecit
799 1493 872 1566 (ll'
893 1495 1009 1549 Cor.
1053 1509 1108 1561 v,
1150 1495 1268 1564 21),
1299 1499 1353 1549 et
1388 1491 1456 1548 de
1501 1499 1718 1562 peccato
1757 1503 1888 1545 con-

307 1589 583 1647 demnavit
625 1597 894 1660 peccatum
939 1587 1115 1658 (Rom.
1163 1603 1277 1652 vut,
1319 1586 1398 1657 5).
1429 1585 1564 1653 Quid
1604 1592 1686 1640 est
1710 1591 1884 1638 autem

308 1695 570 1736 evacuare
595 1694 788 1748 corpus
818 1679 1057 1748 peccati?
1083 1678 1200 1748 Ipse
1222 1677 1469 1747 exposuit
1499 1696 1511 1730 :
1539 1675 1606 1732 Ut
1626 1675 1758 1728 ultra
1786 1690 1887 1728 non

305 1775 581 1826 serviamus
624 1779 846 1840 peccato.
894 1769 960 1824 Et
1004 1769 1135 1824 illud
1173 1770 1314 1839 quod
1354 1769 1446 1834 ait,
1478 1768 1540 1824 Si
1576 1768 1761 1822 mortui
1801 1783 1888 1822 su-

306 1881 422 1918 mus
464 1880 580 1917 cum
619 1862 836 1927 Christo,
884 1861 986 1917 hoc
1030 1871 1129 1928 est,
1163 1863 1208 1917 si
1253 1862 1491 1917 cruciﬁxi
1534 1877 1716 1917 sumus
1764 1876 1884 1915 cum

304 1953 541 2009 Christo.
577 1953 709 2008 Dicit
742 1952 884 2008 enim
917 1952 1020 2006 alio
1049 1951 1166 2007 Ioco
1199 1970 1210 2005 :
1251 1951 1348 2018 Qui
1386 1952 1517 2006 enim
1551 1950 1736 2007 Christi
1761 1951 1886 2006 Jesu

305 2053 442 2110 sunt,
469 2062 671 2099 carnem
695 2061 842 2099 suam
869 2044 1225 2113 cruci/inerunt
1262 2061 1374 2098 cum
1407 2045 1538 2099 vitiis
1571 2054 1617 2099 et
1650 2047 1887 2114 concupi-

303 2136 509 2190 scentiis
546 2134 740 2205 (Galat.
777 2151 832 2199 v,
875 2135 988 2206 24).
1018 2134 1132 2188 Νοη
1172 2149 1298 2203 ergo
1346 2136 1572 2190 Domino
1616 2136 1886 2190 maledixit

304 2225 537 2297 Moyses,
554 2227 646 2282 sed
663 2227 789 2296 quid
803 2226 1233 2295 ostenderetejus
1249 2224 1519 2280 cruciﬁxio
1530 2226 1880 2295 prophetavit.

374 2315 596 2372 XXXV.
637 2315 738 2388 [lb.
785 2333 860 2384 vr,
907 2315 1018 2389 14.]
1059 2315 1212 2382 Quod
1248 2324 1426 2372 autem
1469 2318 1561 2381 ait,
1613 2314 1885 2370 Peccatum

303 2407 438 2461 enim
479 2408 532 2461 in
575 2407 711 2462 vobis
756 2423 857 2462 non
904 2406 1244 2462 dominabitur
1269 2423 1288 2461 :
1317 2425 1419 2462 non
1461 2410 1592 2462 enim
1633 2410 1751 2463 estis
1790 2409 1881 2463 sub

303 2499 458 2571 Lege,
497 2501 586 2556 sed
621 2501 712 2555 sub
735 2502 920 2572 gratia,
943 2502 1125 2582 utique
1147 2501 1218 2557 ad
1251 2503 1464 2558 tertium
1489 2503 1631 2557 illum
1662 2503 1881 2573 gradum

302 2593 412 2660 jam
455 2593 707 2663 pertinet,
735 2593 823 2648 ubi
850 2593 1010 2648 homo
1034 2593 1144 2663 jam
1173 2603 1352 2649 mente
1390 2594 1555 2649 servit
1593 2595 1719 2664 Legi
1756 2595 1878 2664 Dei,

302 2685 548 2752 quamvis
591 2699 752 2740 carne
798 2685 996 2740 serviat
1039 2684 1146 2754 legi
1188 2684 1388 2754 peccati
1430 2684 1603 2756 (Rom.
1639 2701 1732 2750 vn,
1763 2685 1879 2757 25).

301 2773 418 2830 Νοη
446 2775 588 2831 enim
617 2775 834 2830 obaudit
862 2775 1128 2831 desiderio
1164 2777 1401 2845 peccati,
1433 2775 1673 2846 quamvis
1709 2777 1882 2832 adhuc

301 2865 593 2938 sollicitent
632 2865 1098 2937 concupiscentia,
1145 2876 1200 2921 et
1244 2875 1536 2935 provocent
1560 2867 1628 2923 ad
1655 2881 1880 2922 consen-

299 2957 533 3024 sionem,
565 2957 738 3012 donec
771 2957 1066 3012 viviﬁectur
1095 2957 1254 3012 etiam
1279 2972 1490 3026 corpus,
1520 2967 1573 3012 et
1597 2958 1880 3013 absorbea-

301 3059 390 3102 tur
415 3062 563 3103 mors
589 3049 641 3102 in
671 3048 945 3102 victoriam
977 3047 1021 3119 (Ι
1053 3046 1169 3103 Cor.
1204 3064 1292 3113 xv,
1322 3049 1435 3118 54).
1461 3048 1592 3115 Quia
1618 3063 1744 3119 ergo
1773 3065 1878 3103 non

301 3139 666 3194 consentimus
705 3138 985 3194 desideriis
1038 3140 1236 3209 pravis,
1283 3140 1340 3194 in
1380 3141 1548 3210 gratia
1590 3155 1792 3208 sumus,
1824 3149 1880 3196 et

301 3245 408 3285 non
447 3238 638 3301 regnat
679 3237 952 3300 peceatum
995 3230 1048 3286 in
1074 3238 1259 3285 nostro
1291 3230 1501 3286 mortali
1528 3244 1754 3300 corpore
1785 3248 1798 3284 :
1826 3239 1880 3286 et

300 3321 521 3376 omnino
548 3335 615 3376 ex
639 3320 730 3375 iIIo
752 3319 872 3375 Loco
900 3320 983 3375 ubi
1015 3320 1108 3386 ait,
1141 3319 1242 3387 Qui
1257 3321 1440 3375 mortui
1462 3336 1635 3374 sumus
1656 3330 1876 3390 peccato,

300 3412 554 3480 quomodo
582 3411 797 3465 vivemus
839 3412 893 3464 in
934 3427 991 3465 eo
1037 3410 1211 3482 (Rom.
1259 3427 1334 3476 vi,
1376 3411 1464 3477 12,
1510 3411 1604 3482 2)?
1631 3427 1754 3467 eum
1783 3400 1879 3467 (Ie-

299 3502 506 3568 scribit,
536 3501 626 3572 qui
659 3511 741 3556 est
764 3503 864 3558 sub
900 3502 1066 3572 gratia
1094 3503 1429 3557 constitutus.
1457 3502 1552 3558 Cui
1581 3511 1756 3558 autem
1785 3504 1882 3559 do-

302 3594 534 3648 minatur
575 3601 846 3661 peccatum
868 3579 1156 3662 ,quamvis
1191 3595 1319 3650 velit
1359 3603 1577 3664 peccato
1605 3596 1876 3666 resistere,

300 3685 477 3740 adhuc
504 3685 606 3740 sub
635 3685 774 3756 Lege
797 3693 899 3751 est,
927 3685 1160 3740 nondum
1187 3687 1285 3742 sub
1304 3686 1492 3757 gratia.

373 3774 616 3829 XXXVI.
647 3773 744 3846 [lb.
767 3791 860 3842 vn,
881 3773 960 3848 2.]
979 3775 1130 3846 Quod
1157 3784 1334 3831 autem
1357 3776 1504 3844 dicit,
1533 3777 1722 3833 Mulier
1747 3781 1890 3834 enim-

301 3867 393 3919 sub
416 3866 525 3919 viro
547 3906 564 3932 ,
586 3867 692 3920 vivo
713 3867 894 3920 marito
914 3906 930 3931 ,
955 3860 1120 3920 vincta
1145 3876 1216 3921 est
1240 3867 1374 3937 legi;
1397 3869 1439 3921 si
1468 3879 1633 3923 autent
1657 3881 1880 3924 mortuus

303 3963 455 4032 fuerit
479 3962 553 4015 vir
573 3961 698 4030 ejus,
727 3969 962 4015 evacuate
987 3971 1058 4015 est
1077 3979 1110 4015 a
1129 3962 1236 4032 lege
1256 3962 1368 4025 viri,
1391 3970 1517 4029 ete.,
1545 3963 1879 4018 animadver-

303 4053 522 4108 tendum
547 4061 629 4109 est
655 4053 807 4107 istam
842 4053 1241 4108 similitudinem
1269 4056 1322 4108 in
1351 4053 1452 4108 hoc
1477 4053 1690 4110 dill'erre
1721 4056 1788 4109 ab
1817 4071 1880 4109 ea

303 4164 363 4202 re
389 4155 606 4217 propter
643 4161 798 4216 quam
824 4145 1059 4201 adhibita
1104 4153 1226 4213 est,
1269 4147 1410 4216 quod
1441 4146 1526 4201 hic
1554 4147 1724 4200 virum
1754 4146 1881 4201 dicit

303 4238 463 4303 mori,
491 4238 751 4293 etmulier
775 4237 939 4292 nubat
959 4237 1044 4293 cui
1065 4237 1228 4304 volet,
1261 4237 1479 4292 liberata
1509 4238 1687 4308 utique
1715 4253 1744 4293 a
1767 4237 1880 4308 lege

303 4329 406 4382 viri
439 4346 453 4383 :
482 4328 551 4382 ibi
579 4336 753 4383 autem
781 4343 900 4382 cum
933 4328 1216 4382 constituat
1244 4328 1474 4382 animam
1505 4330 1654 4398 quasi
1692 4330 1882 4384 mulie-

304 4435 419 4473 rem
444 4459 460 4484 ,
485 4419 658 4473 virum
683 4427 862 4473 autem
888 4417 1036 4488 quasi
1068 4417 1342 4486 passiones
1368 4428 1702 4488 peccatorum
1722 4461 1738 4487 ,
1766 4436 1883 4489 quae

302 4519 596 4579 operantur
617 4510 668 4563 in
689 4509 961 4575 membris,
984 4517 1042 4563 ut
1061 4507 1286 4563 fructum
1312 4507 1484 4562 [erant
1504 4510 1681 4576 morti,
1708 4511 1756 4564 id
1777 4520 1906 4577 est,,

305 4612 366 4656 ut
389 4603 478 4657 tali
499 4601 745 4670 coniugio
768 4601 946 4671 proles
973 4600 1129 4672 digna
1156 4608 1432 4667 nascatur;
1456 4609 1510 4656 et
1536 4601 1640 4656 Lex
1667 4601 1740 4673 (a)
1765 4619 1883 4672 qua:

302 4694 429 4749 data
455 4704 539 4749 est
570 4709 674 4749 non
701 4694 768 4748 ad
794 4693 1138 4750 auferendum
1167 4707 1458 4763 peccatum,
1483 4695 1564 4749 vel
1594 4695 1661 4750 ad
1689 4695 1883 4750 libera-

307 4788 508 4841 tionem
538 4801 567 4840 a
595 4794 832 4856 peccato,
859 4785 952 4842 sed
970 4787 1035 4840 ad
1053 4786 1434 4841 ostendendum
1468 4797 1738 4857 peceatum
1763 4798 1885 4843 ante

305 4877 567 4944 gratiam;
594 4891 690 4946 per
717 4877 856 4946 quod
888 4876 1081 4931 factum
1122 4886 1204 4932 est
1230 4885 1286 4931 ut
1323 4879 1422 4933 sub
1448 4879 1585 4948 Lege
1614 4880 1771 4949 positi
1798 4896 1886 4934 ve-

307 4967 627 5022 hementiori
655 4969 918 5024 desiderio
942 4969 1192 5040 peccandi
1221 4979 1553 5039 raperentur,
1577 4982 1630 5027 et
1655 4974 1884 5042 amplius

305 5060 469 5113 etiam
501 5059 932 5127 praevaricatione
962 5069 1243 5128 peccarent
1270 5078 1281 5112 :
1314 5076 1434 5114 cum
1460 5076 1586 5132 ergo
1609 5071 1662 5116 et
1687 5062 1757 5114 ibi
1789 5064 1885 5118 tria

305 5150 448 5215 sint,
480 5151 660 5204 anima
707 5159 953 5220 tanquam
1005 5151 1212 5216 mulier,
1245 5153 1516 5220 passiones
1550 5162 1884 5223 peccatorum

307 5253 559 5311 tanquam
591 5241 693 5308 vir,
721 5250 775 5296 et
801 5242 907 5296 Lex
931 5251 1178 5312 tanquam
1209 5242 1292 5296 lex
1324 5243 1438 5309 viri,
1473 5259 1576 5298 non
1609 5244 1676 5297 ibi
1709 5255 1886 5300 tamen

307 5333 544 5401 peccatis
569 5332 793 5386 mortuis
812 5374 826 5397 ,
851 5341 1098 5402 tanquam
1119 5334 1233 5387 viro
1259 5343 1468 5389 mortuo
1489 5377 1503 5400 ,
1534 5335 1745 5389 liberari
1774 5337 1890 5390 ani-

307 5436 452 5476 mam
479 5421 639 5487 dicit;
663 5422 756 5476 sed
783 5423 950 5490 ipsam
975 5424 1204 5476 animam
1236 5424 1371 5477 mori
1405 5434 1642 5491 peccato,
1671 5435 1722 5479 et
1751 5425 1887 5480 Iibe-

305 5513 418 5568 rari
446 5529 477 5567 a
509 5512 653 5584 Lege
673 5555 688 5578 ,
730 5522 789 5567 ut
825 5513 894 5567 sit
919 5514 1134 5568 alterius
1158 5514 1284 5579 viri,
1318 5514 1369 5568 id
1400 5524 1482 5569 est
1507 5515 1736 5582 Christi,
1764 5532 1887 5573 cum

307 5614 522 5660 mortua
551 5603 710 5659 fuerit
737 5613 990 5675 peccato,
1022 5607 1263 5674 quamvis
1291 5606 1462 5661 adhuc
1496 5609 1645 5677 quasi
1683 5608 1890 5665 vivente

309 5695 430 5763 ipso
455 5701 676 5763 peccato
705 5710 719 5747 :
746 5693 887 5763 quod
916 5693 974 5748 ﬁt
1001 5710 1120 5750 cum
1147 5695 1321 5750 adhuc
1350 5697 1683 5754 manentibus
1713 5699 1765 5755 in
1796 5715 1889 5758 no-

375 5787 456 5851 (a)
477 5794 636 5852 Forte,
664 5795 710 5840 et
733 5787 885 5854 legem
905 5789 996 5840 uiri
1021 5790 1156 5853 quasi
1180 5788 1329 5854 legem
1351 5803 1473 5854 gate.

1791 358 2076 414 EXPOSIT
2083 358 2166 414 I0.

3433 371 3574 427 2070

1996 475 2077 529 bis
2101 473 2379 530 desideriis
2412 483 2466 530 et
2510 475 2864 533 incitamentis
2891 479 3204 548 quibusdam
3249 481 3314 536 ad
3345 498 3568 553 peccan-

1995 565 2140 630 dum,
2164 580 2267 620 non
2289 565 2561 622 obedimus
2579 575 2774 635 tamen,
2800 584 2971 639 neque
2991 571 3372 639 consentimus,
3391 586 3566 631 mente

1996 657 2287 713 servientes
2314 659 2414 730 legi
2449 659 2570 726 Dei;
2612 661 2732 730 quia
2760 662 2953 716 mortui
2974 678 3158 718 sumus
3185 674 3420 733 peccato.
3452 667 3563 721 Mo-

1994 747 2160 802 rietur
2179 758 2352 803 autem
2379 757 2432 804 ct
2453 761 2745 820 peccatum,
2773 767 2891 807 cum
2915 752 3222 810 reformatio
3249 759 3489 826 corporis
3509 757 3562 813 in

1995 841 2385 896 resurrectione
2407 840 2543 896 facta
2567 842 2744 909 fuerit,
2777 843 2842 898 de
2871 860 2972 916 qua
3003 854 3120 917 post
3142 847 3291 915 dicit,
3328 847 3566 920 Vici/iens

1994 931 2063 985 bit
2088 941 2134 985 et
2153 932 2384 986 mortalia
2403 949 2615 1004 corpora
2643 945 2823 1002 vestra,
2852 947 3054 1008 prapter
3079 937 3329 1010 Spiritum
3356 957 3564 996 manen-

1995 1030 2093 1077 tem
2111 1022 2164 1077 in
2185 1022 2320 1078 vobis
2346 1022 2520 1096 (Rom.
2543 1041 2635 1080 vni
2655 1067 2670 1094 ,
2704 1027 2818 1097 II).

2065 1113 2325 1170 XXXVII.
2357 1113 2456 1188 [lb.
2483 1133 2576 1184 vn,
2598 1117 2651 1184 8,
2682 1118 2793 1192 15.]
2822 1119 2973 1188 Quod
2993 1130 3169 1178 autem
3195 1122 3362 1191 dicit,
3397 1123 3566 1178 Ocean

1991 1203 2132 1258 sione
2155 1214 2325 1259 autem
2343 1215 2565 1275 accepta,
2596 1220 2851 1277 peccatum
2871 1227 2959 1281 per
2982 1213 3276 1266 mandatum
3295 1223 3558 1284 apemtum
3582 1258 3584 1261 .

1993 1305 2064 1348 est
2097 1296 2165 1349 in.
2198 1312 2276 1349 me
2304 1309 2507 1350 omnem.
2525 1300 3006 1370 concupiscentiam,
3045 1303 3442 1374 intelligendum
3480 1317 3566 1361 est
3602 1347 3605 1350 .

1992 1402 2097 1443 non
2120 1401 2334 1452 omnem
2360 1387 2523 1444 fuisse
2547 1393 3047 1462 concupiscentiam,
3080 1406 3360 1467 antequam
3382 1399 3564 1468 prohi-

1992 1475 2189 1532 bitione
2215 1487 2367 1534 aucta
2393 1489 2553 1536 esset.
2580 1482 2813 1553 Augetur
2831 1487 2972 1540 enim
2995 1487 3348 1555 prohibitione
3371 1505 3565 1546 concu-

1992 1569 2252 1638 piscentia
2273 1613 2288 1638 ,
2317 1574 2529 1643 quando
2556 1575 2704 1631 deest
2728 1577 2893 1648 gratia
2924 1578 3197 1635 Iiberantis
3225 1599 3238 1633 :
3269 1581 3385 1637 ideo
3424 1597 3561 1638 non-

1990 1657 2114 1714 dum
2154 1671 2235 1717 est
2271 1664 2444 1718 omnis
2480 1673 2762 1735 antequam
2812 1667 3180 1736 prohibeatur;
3233 1685 3352 1726 cum
3387 1681 3563 1729 autem

1991 1751 2256 1818 prohibita
2287 1753 2473 1821 fuerit,
2501 1754 2790 1812 desistente
2809 1799 2824 1825 ,
2856 1767 2914 1813 ut
2942 1758 3187 1825 diximus,
3220 1762 3409 1832 gratia,
3443 1771 3563 1817 tan-

1990 1853 2101 1900 tum
2143 1846 2334 1902 crescit
2380 1849 2841 1918 concupiscentia,
2895 1859 2953 1906 ut
3001 1851 3072 1906 ita
3119 1852 3171 1907 in
3218 1867 3317 1908 suo
3368 1868 3562 1923 genere

1990 1938 2182 2005 omnis,
2206 1939 2257 1994 id
2283 1949 2365 1996 est
2389 1951 2750 2009 consummata
2779 1943 2888 2009 ﬁat,
2913 1944 3144 2010 utetiam
3167 1954 3350 2000 contra
3367 1946 3561 2017 Legem

1991 2031 2102 2099 ﬁat,
2127 2039 2176 2087 et
2201 2033 2631 2102 praevaricatione
2655 2037 2854 2091 crimen
2875 2039 3190 2092 accumulet.
3213 2039 3365 2106 Quod
3385 2048 3560 2095 autem

1989 2124 2117 2179 dicit
2136 2166 2151 2190 ,
2185 2126 2309 2180 Sine
2326 2126 2457 2199 Lege
2473 2129 2605 2182 enim
2634 2139 2890 2198 peccatum
2911 2139 3163 2185 mortuum
3182 2141 3285 2199 est,
3311 2147 3415 2186 non
3438 2133 3559 2202 quia

1989 2230 2095 2270 non
2117 2223 2197 2271 est
2221 2256 2234 2281 ,
2263 2217 2395 2272 dixit
2420 2228 2671 2273 mortuum
2707 2229 2813 2286 est,
2856 2219 2950 2275 sed
2993 2222 3114 2290 quia
3141 2222 3305 2277 latet:
3337 2223 3476 2291 quod
3507 2224 3559 2277 in

1989 2307 2434 2377 consequentibus
2457 2308 2779 2376 manifestat,
2812 2325 2932 2364 cum
2956 2311 3116 2374 dicit,
3149 2311 3254 2366 Sed
3276 2321 3560 2383 peccatum,

1989 2409 2045 2452 ut
2072 2410 2314 2471 appareat
2343 2411 2632 2472 peccatum,
2679 2419 2767 2474 per
2805 2404 2988 2458 bonum
3031 2405 3154 2458 mihi
3193 2416 3451 2474 apemtum
3493 2415 3589 2459 est.

1989 2500 2216 2544 mortem.
2253 2492 2398 2562 Bona
2419 2502 2503 2548 est
2530 2495 2670 2549 enim
2701 2495 2840 2559 Lex;
2881 2496 2977 2551 sed
3003 2495 3118 2554 sine
3146 2497 3320 2566 gratia.
3335 2497 3565 2553 ostendit

1990 2581 2354 2637 tantummodo
2377 2593 2587 2651 peccata
2609 2625 2624 2650 ,
2648 2599 2752 2639 non
2775 2585 2930 2640 tollit.

2057 2672 2340 2728 XXXVIII.
2376 2673 2474 2746 [lb.
2501 2693 2596 2744 vn,
2622 2677 2676 2743 9,
2703 2676 2811 2749 I0.]
2838 2677 2989 2746 Quod
3017 2688 3192 2734 autem
3215 2680 3306 2743 ait,
3337 2679 3450 2750 Ego
3469 2697 3561 2733 au-

1989 2772 2085 2818 tem
2114 2765 2332 2820 vivebam
2360 2767 2632 2836 aliquando
2660 2770 2768 2822 sine
2808 2768 2970 2838 Lege,
3012 2769 3412 2840 intelligendum
3444 2780 3523 2826 est
3541 2813 3559 2838 ,

1985 2855 2161 2912 vivere
2187 2857 2316 2912 mihi
2341 2857 2585 2925 videbar;
2610 2860 2730 2930 quia
2749 2870 2872 2915 ante
2887 2861 3191 2916 mandatum
3221 2863 3414 2918 latebat
3437 2879 3560 2940 pec-7

1984 2956 2180 3002 catum.
2205 2949 2272 3003 Et
2296 2951 2435 3019 quod
2461 2951 2552 3017 ait,
2575 2950 2876 3007 Adveniente
2902 2963 3067 3007 autem
3092 2955 3347 3021 mandato,
3381 2973 3560 3024 pecca-

1983 3044 2091 3090 tum
2115 3039 2327 3106 revixit;
2352 3056 2441 3112 ego
2475 3050 2639 3095 autem
2667 3053 2892 3098 mortuus
2932 3061 3110 3113 suum,
3162 3046 3558 3116 intelligendum

1984 3137 2065 3182 est
2087 3170 2102 3194 ,
2136 3140 2407 3198 peccatum
2435 3148 2692 3202 apparere
2712 3135 2911 3205 coepit;
2955 3151 3054 3208 ego
3078 3149 3254 3194 autem
3291 3149 3578 3196 mortuum.

1982 3234 2071 3275 me
2098 3235 2215 3276 esse
2241 3224 2481 3292 cognovi.

2054 3313 2296 3369 XXXIX.
2329 3314 2426 3388 [lb.
2455 3333 2547 3383 v11,
2577 3318 2689 3393 IL]
2731 3319 2882 3388 Quod
2927 3330 3103 3376 autem
3140 3323 3242 3390 ait,
3289 3322 3560 3379 Peccatum

1985 3404 2116 3456 enim
2141 3446 2154 3470 ,
2179 3408 2440 3460 occasione
2463 3419 2668 3478 accepta
2696 3427 2784 3478 per
2808 3412 3133 3478 mandatum,
3166 3412 3346 3482 fefellit
3376 3431 3453 3468 me
3471 3456 3486 3479 ,
3515 3424 3561 3470 et

1985 3513 2074 3566 per
2097 3497 2227 3550 illud
2247 3499 2446 3563 occidit,
2475 3500 2591 3555 ideo
2607 3501 2803 3557 dictum
2831 3511 2934 3568 est,
2963 3505 3082 3574 quia
3104 3504 3347 3560 desiderii
3379 3506 3559 3574 probi-

1986 3584 2079 3639 biti
2111 3586 2308 3642 fructus
2330 3589 2536 3644 dulcior
2565 3601 2664 3644 est.
2699 3592 2849 3648 Unde
2874 3594 3031 3648 etiam
3061 3609 3404 3665 qumeumque
3431 3611 3561 3664 pee-

1985 3684 2103 3729 eata
2123 3678 2330 3733 occulte
2357 3678 2529 3746 ﬁunt,
2555 3679 2788 3736 dulciora
2819 3691 2942 3736 sunt
2969 3701 2982 3736 :
3021 3685 3263 3752 quamvis
3286 3685 3562 3742 mortifera.

1987 3766 2084 3820 ista
2109 3765 2336 3824 dulcedo
2378 3771 2465 3824 sit.
2495 3770 2622 3826 Inde
2649 3773 2894 3843 estquod
2928 3775 3068 3844 apud
3094 3775 3431 3831 Salomonem
3459 3778 3557 3832 fal-

1988 3859 2116 3913 lacis
2134 3859 2388 3914 doctrina:
2429 3862 2656 3932 imagine
2685 3865 2877 3919 sedens
2905 3866 3096 3920 mulier
3114 3907 3130 3934 ,
3170 3876 3226 3922 et
3249 3867 3476 3923 invitatis
3504 3878 3562 3923 ut

1987 3947 2050 4000 ad
2081 3964 2138 4004 se
2163 3951 2379 4004 veniant
2403 3952 2730 4022 insipientes,
2758 3956 3004 4012 scribitur
3031 3957 3209 4014 dicere
3242 3976 3254 4012 :
3286 3957 3453 4014 Panes
3479 3977 3564 4014 oc-

1987 4037 2146 4092 cultos
2175 4040 2380 4093 libenter
2409 4041 2571 4108 edite,
2617 4053 2664 4096 et
2708 4061 2891 4115 aquam
2917 4047 3151 4116 furtivam
3185 4049 3559 4105 dulcemibibita

1989 4127 2164 4197 (Prov.
2186 4145 2259 4197 ιχ,
2291 4131 2401 4200 17).
2428 4131 2527 4186 Ista
2555 4133 2780 4190 dulcedo
2802 4145 2885 4190 est
2905 4138 3116 4193 occasio
3149 4154 3242 4207 per
3257 4139 3560 4195 mandatum

1989 4219 2198 4274 inventa
2227 4221 2425 4290 peccati
2457 4239 2469 4276 :
2498 4239 2615 4292 qua:
2644 4240 2761 4278 cum
2789 4225 3053 4295 appetitur
3071 4267 3085 4294 ,
3118 4229 3296 4298 utique
3324 4229 3482 4297 fallit,
3509 4241 3590 4286 et.

1989 4309 2044 4363 in
2065 4311 2293 4380 majores
2317 4313 2694 4368 arnaritudines
2715 4316 2891 4371 vertit.

2057 4399 2170 4455 XL.
2199 4399 2296 4472 [lb.
2325 4418 2419 4467 vit,
2451 4402 2560 4474 13.]
2582 4403 2732 4471 Quod
2756 4414 2930 4460 autem
2956 4407 3049 4474 ait,
3082 4408 3230 4475 Quod
3247 4427 3362 4481 ergo
3378 4410 3562 4467 bonum

1989 4499 2083 4557 cst,
2114 4492 2236 4544 mihi
2255 4495 2442 4562 [aetatu
2469 4502 2540 4548 est
2566 4494 2737 4548 mors?
2762 4495 2941 4551 Absit:
2967 4498 3056 4552 sed
3081 4511 3360 4569 peccatum,
3390 4511 3446 4555 ut
3465 4520 3560 4572 ap-
3659 4541 3663 4550 .

1992 4595 2165 4653 pareat
2203 4595 2491 4654 peccatum,
2536 4602 2624 4655 per
2658 4588 2841 4642 bonum
2864 4591 2985 4644 nti/ti
3025 4602 3284 4662 operatum
3321 4603 3392 4646 est
3421 4609 3559 4647 mor-

1992 4685 2088 4728 tem
2108 4717 2122 4739 ,
2153 4675 2239 4730 hic
2263 4671 2533 4731 evidenter
2571 4677 2833 4745 ostendit,
2878 4679 3018 4751 quod
3047 4683 3289 4751 superius
3323 4682 3561 4750 dixerat,

1994 4767 2118 4821 Sine
2141 4767 2274 4838 Lege
2301 4769 2432 4822 enim
2463 4781 2719 4838 peccatum
2743 4781 2990 4826 mortuum
3024 4784 3096 4828 cst
3123 4772 3294 4844 (Rom.
3324 4789 3396 4830 vu
3418 4817 3432 4840 ,
3464 4775 3518 4846 8)
3542 4817 3558 4842 ,

1993 4861 2112 4914 ideo
2144 4860 2342 4915 dixisse
2364 4901 2378 4925 ,
2417 4861 2538 4931 quia
2584 4862 2714 4918 latet
2742 4882 2754 4916 :
2783 4865 3203 4936 quandoquidem
3233 4881 3371 4920 nunc
3395 4865 3558 4932 dicit,

1992 4969 2096 5005 non
2116 4952 2241 5006 illud
2271 4953 2489 5017 bonum,
2521 4953 2572 5008 id
2598 4963 2696 5021 est,
2726 4954 2917 5027 Legem
2937 4956 3124 5012 factam
3152 4957 3251 5013 sibi
3277 4973 3396 5014 esse
3415 4974 3563 5014 moro

1994 5053 2120 5108 tem,
2140 5044 2229 5097 sed
2257 5055 2526 5112 peccatum
2553 5056 2824 5116 operatum
2852 5061 2969 5102 esse
2998 5056 3222 5104 mortem
3253 5063 3347 5117 per
3365 5049 3562 5104 bonum

1993 5135 2166 5205 Legis,
2197 5134 2246 5188 id
2276 5143 2378 5202 est,
2407 5145 2462 5191 ut
2485 5147 2761 5207 appareret
2779 5147 3048 5206 peccatum
3077 5139 3217 5209 quod
3238 5139 3432 5196 latebat
3451 5141 3566 5197 sine

1995 5227 2152 5296 Lege.
2183 5225 2329 5282 Tunc
2345 5227 2485 5282 enim
2513 5243 2571 5283 se
2593 5239 2853 5284 mortuum
2874 5231 3096 5300 quisque
3124 5232 3414 5300 cognoscit,
3443 5247 3561 5288 cum

1994 5320 2119 5374 illud
2149 5319 2288 5391 quod
2321 5331 2465 5376 recte
2494 5330 2811 5391 praeceptum
2841 5336 2960 5378 esse
2992 5323 3305 5390 conﬁtetur,
3349 5324 3566 5394 implere

1996 5425 2099 5465 non
2123 5419 2330 5481 potest;
2362 5420 2416 5466 et
2458 5413 2904 5482 praevaricationis
2929 5415 3148 5470 crimine
3184 5415 3410 5485 amplius
3439 5433 3566 5486 pce-

1995 5509 2080 5554 cat
2101 5542 2115 5567 ,
2144 5515 2301 5569 quam
2323 5503 2366 5554 si
2396 5516 2498 5554 non
2526 5501 2914 5571 prohiberetur.
2949 5504 3058 5560 Iloc
3088 5515 3170 5559 est
3195 5505 3335 5575 quod
3358 5506 3408 5560 in
3437 5521 3568 5561 con-

1995 5591 2335 5660 sequentibus
2371 5589 2534 5656 dicit,
2586 5589 2653 5645 Ut
2675 5593 2765 5662 ﬁat
2792 5609 2948 5662 supra
2977 5595 3179 5648 modum
3208 5605 3440 5666 peccator
3475 5607 3564 5650 aut

1999 5690 2253 5752 percolunt
2276 5681 2293 5712 ί
2323 5697 2411 5750 per
2444 5681 2736 5737 mandatum
2761 5700 2780 5738 :
2809 5685 2949 5755 quod
2977 5696 3098 5742 ante
3128 5687 3431 5741 mandatum
3467 5688 3565 5742 mi-

2062 5797 2077 5826 ί
2104 5795 2236 5858 aditi,
2262 5802 2480 5859 peccator
2500 5809 2723 5857 peccans.
2749 5805 2852 5849 Mss.
2881 5815 3016 5858 vero,
3039 5807 3260 5861 peccator
3291 5806 3376 5853 aut
3395 5814 3567 5857 pet-ca-
