4076 6480
523 378 657 435 2071

524 510 624 552 nus
649 500 764 550 erat
782 508 796 558 ;
816 490 939 562 quia
965 490 1052 545 ubi
1083 506 1187 546 non
1210 498 1293 545 est
1320 489 1425 551 lex,
1454 500 1553 541 nec
1572 484 1960 556 prtevaricatio.

594 583 730 641 XLI.
758 583 857 657 [lb.
880 600 973 652 vn,
998 582 1109 656 IL]
1130 582 1278 651 Quod
1303 589 1477 635 autem
1505 580 1597 645 ait,
1623 577 1823 633 Scimus
1850 577 1969 649 quia
1995 574 2105 629 Lex

523 677 805 747 spiritualis
833 685 937 743 est,
979 691 1069 747 ego
1092 684 1259 729 autent
1285 672 1503 726 carnalis
1530 686 1644 724 sum
1662 710 1678 735 ,
1718 669 1848 724 satis
1872 666 2105 723 ostendit

524 784 630 822 non
664 782 818 837 posse
846 766 1051 836 impleri
1082 766 1297 835 Legem,
1327 763 1429 818 nisi
1457 762 1523 818 ab
1552 761 1941 833 spiritualibus,
1974 774 2105 830 qua-

523 859 607 915 les
656 859 781 914 facit
824 859 988 928 gratia
1018 858 1109 913 Dei
1143 855 1239 929 (α).
1272 855 1474 911 Similis
1512 856 1655 910 enim
1677 854 1901 925 quisque
1937 852 2103 907 factus

522 948 624 1018 ipsi
650 949 811 1019 Legi,
843 949 996 1003 facile
1037 948 1222 1017 implet
1246 946 1387 1017 quod
1427 946 1698 1017 prmcipit;
1742 960 1842 1000 nec
1878 944 1979 1000 erit
2006 943 2104 999 sub

522 1040 611 1094 illa
630 1082 646 1107 ,
676 1040 770 1096 sed
796 1055 915 1095 cum
945 1040 1034 1095 illa
1072 1058 1086 1094 :
1119 1040 1165 1094 is
1191 1047 1273 1095 est
1297 1048 1477 1094 autem
1508 1038 1595 1108 qui
1618 1039 1727 1107 jam
1768 1052 1873 1092 non
1895 1038 2104 1107 capitur

521 1131 896 1199 temporalibus
925 1129 1078 1184 bonis
1098 1172 1111 1193 ,
1144 1145 1242 1184 nec
1265 1138 1492 1185 terretur
1518 1128 1899 1198 temporalibus
1923 1127 2097 1197 malis.

592 1219 752 1274 XLII.
793 1217 891 1291 [lb.
927 1236 997 1277 vu
1020 1262 1035 1287 ,
1068 1218 1182 1293 14.]
1210 1219 1361 1287 Quod
1398 1228 1577 1274 autem
1616 1220 1721 1283 ait,
1764 1218 2104 1272 Venumdatus

521 1313 613 1367 sub
634 1323 835 1382 peccato
859 1356 874 1380 ,
898 1314 1295 1383 intelligendum
1326 1322 1408 1368 est
1434 1312 1574 1383 quod
1598 1312 1955 1382 unusquisque
1982 1326 2104 1380 pec-

518 1403 690 1458 cando
716 1404 947 1458 animam
969 1419 1118 1458 suam
1144 1404 1353 1459 diabolo
1382 1404 1580 1468 vendit,
1614 1414 1826 1471 accepta
1849 1409 2098 1473 tanquam

521 1494 696 1563 pretio
725 1493 1004 1549 dulcedine
1041 1494 1343 1564 temporalis
1384 1494 1688 1564 voluptatis.
1735 1492 1885 1547 Unde
1909 1501 1963 1546 et
1992 1493 2097 1546 Do-

518 1587 696 1638 minus
724 1584 1050 1655 Redemptor
1086 1596 1266 1640 noster
1306 1586 1477 1640 dictus
1507 1594 1621 1651 est,
1667 1585 1789 1655 quia
1816 1584 1917 1639 hoc
1943 1585 2102 1639 modo

518 1688 625 1743 quo
653 1674 849 1728 dictum
881 1684 982 1739 est,
1013 1674 1211 1730 ventliti
1245 1690 1476 1730 eramus.

588 1766 769 1822 XLIII.
796 1766 895 1839 [lb.
926 1784 1015 1833 vu,
1051 1769 1137 1833 l5,
1159 1767 1274 1840 Κλ]
1296 1768 1447 1836 Quod
1472 1777 1645 1822 autem
1675 1766 1762 1830 ait,
1789 1767 1937 1833 Quod
1968 1768 2099 1821 enim

517 1874 730 1928 operor,
772 1860 986 1930 ignoro,
1032 1868 1207 1928 potest
1239 1860 1403 1913 videri
1434 1859 1606 1913 minus
1649 1859 2095 1927 intelligentibus,

516 1951 845 2005 contrarium
871 1966 988 2006 esse
1010 1952 1082 2005 illi
1109 1952 1384 2006 sententiae
1412 1968 1515 2021 qua
1540 1951 1690 2016 dixit,
1720 1950 2012 2015 Peccatum,
2045 1962 2098 2004 ut

514 2050 761 2108 appareat
785 2052 1041 2111 peccatum
1060 2084 1074 2106 ,
1115 2058 1204 2111 per
1229 2043 1414 2095 bonum
1435 2043 1558 2095 mihi
1577 2052 1835 2106 operatum
1859 2051 1932 2095 est
1959 2058 2089 2095 mor-

514 2143 631 2185 tem.
655 2133 931 2199 Quomodo
951 2134 1095 2189 enim
1120 2142 1359 2205 apparet,
1380 2136 1424 2189 si
1448 2135 1749 2205 ignoratur?
1772 2134 1874 2189 Sed
1897 2136 2091 2205 ignoro,

513 2225 592 2279 sic
610 2226 807 2279 dictum
838 2235 918 2281 est
944 2227 1044 2281 hoc
1074 2228 1190 2282 loco
1210 2269 1223 2293 ,
1255 2235 1312 2282 ut
1337 2228 1672 2296 intelligatur,
1706 2242 1808 2281 non
1836 2228 2090 2295 approbo.

513 2314 794 2381 Quomodo
820 2316 960 2371 enim
993 2318 1225 2372 tenebrae
1252 2333 1356 2372 non
1387 2318 1650 2382 videntur,
1679 2317 1772 2373 sed
1797 2318 1927 2372 lucis
1946 2322 2092 2372 com-

511 2407 785 2485 paratione
806 2410 1133 2474 sentiuntur;
1164 2410 1262 2465 hoc
1286 2419 1367 2465 est
1397 2419 1572 2465 autem
1596 2412 1790 2466 sentire
1820 2410 2087 2477 tenebras,

511 2499 654 2567 quod
682 2508 761 2553 est
784 2514 891 2553 non
918 2500 1097 2556 videre
1124 2518 1137 2553 :
1166 2502 1243 2555 sic
1269 2511 1322 2556 et
1346 2512 1621 2571 peccatum
1644 2543 1657 2565 ,
1688 2502 1809 2571 quia
1845 2516 1948 2555 non
1973 2502 2091 2555 illu-

510 2598 709 2653 stratur
728 2591 845 2645 luce
865 2591 1106 2660 justitiaz,
1141 2608 1246 2648 non
1278 2592 1619 2663 intelligendo
1639 2594 1986 2663 dignoscitur,
2010 2594 2084 2648 si—

513 2682 591 2736 uti
645 2685 889 2739 tenebras
917 2685 1115 2740 dictum
1162 2694 1243 2740 est
1288 2700 1391 2739 non
1430 2685 1657 2740 videndo
1695 2686 1898 2740 sentiri.
1932 2686 1996 2739 Et
2020 2685 2087 2740 ad

510 2770 614 2827 hoc
652 2775 880 2842 pertinet
901 2775 1040 2844 quod
1072 2776 1122 2829 in
1148 2774 1361 2830 Psalmo
1388 2775 1579 2831 dicitur
1596 2817 1613 2844 ,
1650 2775 1846 2830 Delicta
1870 2777 1979 2847 quis
2003 2777 2085 2830 in-

510 2862 688 2933 telligit
717 2862 885 2934 (Psal.
914 2882 1065 2933 xvm,
1101 2866 1231 2937 15)?

578 2955 761 3010 XLIV.
788 2954 886 3029 [lb.
908 2973 1002 3023 vn,
1038 2958 1123 3025 l9,
1151 2957 1267 3031 20.]
1293 2958 1442 3026 Quod
1470 2967 1647 3015 autem
1676 2961 1777 3025 ait,
1804 2960 1925 3015 Non
1955 2962 2086 3015 enim

506 3046 641 3115 quod
668 3048 800 3113 volo,
828 3047 921 3102 hoc
946 3065 1078 3119 ago;
1107 3049 1195 3103 sed
1219 3051 1352 3121 quod
1378 3052 1513 3117 nolo,
1546 3052 1638 3105 hoc
1658 3053 1809 3125 facio.
1835 3054 1895 3107 Si
1919 3063 2086 3106 autem

507 3138 643 3207 quod
669 3138 806 3204 nolo,
840 3138 933 3193 hoc
962 3141 1115 3210 facio,
1138 3142 1391 3195 consentio
1412 3140 1555 3212 Legi,
1577 3143 1815 3213 quoniam
1840 3144 1969 3196 bona
1989 3153 2083 3209 est,

512 3230 642 3283 satis
670 3229 882 3299 quidem
908 3230 1015 3285 Lex
1041 3232 1108 3286 ab
1137 3234 1280 3287 omni
1330 3233 1699 3289 criminatione
1742 3233 2042 3289 defenditur
2072 3254 2083 3290 :

508 3318 603 3373 sed
640 3320 932 3375 cavendum
953 3364 967 3388 ,
1002 3338 1069 3377 ne
1110 3324 1227 3392 quis
1252 3324 1539 3378 arbitretur
1575 3325 1657 3379 his
1692 3326 1867 3380 verbis
1892 3326 2086 3382 auferri

508 3410 663 3465 nobis
690 3412 913 3467 libermn
940 3416 1224 3469 voluntatis
1244 3417 1517 3472 arbitrium
1542 3460 1557 3485 ,
1584 3419 1725 3488 quod
1749 3435 1850 3473 non
1883 3420 1952 3473 ita
1982 3429 2083 3474 est.

506 3501 658 3558 Nunc
683 3506 823 3559 enim
858 3505 1016 3559 homo
1045 3506 1364 3563 describitur
1402 3510 1501 3564 sub
1532 3509 1672 3580 Lege
1718 3512 1919 3579 positus
1963 3521 2086 3567 ante

508 3595 751 3663 gratiam.
782 3595 931 3651 Tunc
959 3597 1098 3651 enim
1131 3599 1361 3667 peccatis
1398 3600 1657 3667 vincitur,
1702 3601 1827 3655 dum
1885 3604 2086 3658 viribus

508 3685 619 3739 suis
644 3686 785 3753 juste
813 3687 991 3742 vivere
1017 3698 1236 3742 conatur
1256 3690 1369 3744 sine
1394 3690 1656 3759 adjutorio
1677 3691 1946 3748 liberantis
1968 3708 2086 3761 gra-

505 3776 593 3831 tiae
622 3778 731 3831 Dei.
759 3778 813 3832 In
843 3778 1010 3834 libero
1035 3788 1209 3834 autem
1232 3781 1450 3836 arbitrio
1479 3782 1637 3837 habet
1658 3792 1713 3837 ut
1732 3784 1911 3839 credat
1933 3784 2086 3839 Libe~

504 3868 693 3935 ratori,
722 3877 775 3924 et
794 3871 1017 3939 accipiat
1040 3872 1263 3941 gratiam
1289 3913 1303 3939 ,
1339 3883 1397 3949 ut
1421 3874 1530 3943 jam
1554 3876 1644 3929 illo
1672 3876 1760 3945 qui
1786 3892 1901 3930 eam
1925 3877 2086 3933 donat

504 3958 762 4015 liberante
786 3971 840 4016 et
865 3961 1144 4031 adiuvante
1170 3979 1273 4018 non
1314 3975 1531 4033 peccet;
1578 3976 1735 4034 atque
1776 3968 1847 4022 ita
1876 3968 2085 4024 desinat

506 4064 625 4105 esse
652 4051 749 4104 sub
778 4050 951 4121 Lege,
996 4054 1087 4107 sed
1121 4068 1240 4107 cum
1274 4053 1415 4125 Lege
1448 4056 1531 4111 vel
1558 4056 1609 4111 in
1642 4057 1780 4127 Lege
1805 4100 1820 4125 ,
1854 4058 2079 4130 implens

506 4157 622 4195 eam
652 4142 907 4197 charitate
935 4144 1046 4209 Dei,
1074 4146 1213 4215 quod
1244 4147 1432 4201 timore
1460 4164 1563 4202 non
1591 4158 1815 4218 poterat.

576 4230 933 4286 XLV-XLVI.
987 4232 1083 4305 [lb.
1104 4252 1178 4290 vit
1202 4277 1215 4300 ,
1248 4236 1459 4311 25-25.]
1488 4237 1641 4305 Quod
1670 4248 1844 4293 autem
1866 4241 1966 4304 ait,
1998 4242 2083 4295 Vi-

507 4320 601 4375 deo
638 4324 793 4375 aliam
836 4325 993 4395 legem
1031 4326 1083 4379 in
1113 4328 1345 4384 membris
1384 4330 1539 4395 meis,
1584 4342 1944 4404 repugnantem
1986 4335 2084 4405 legi

504 4416 683 4470 utentis
700 4432 840 4484 mete,
872 4427 918 4472 et
940 4420 1268 4491 captivantem
1293 4438 1371 4477 me
1394 4422 1483 4476 sub
1512 4424 1618 4495 lege
1638 4426 1845 4493 peccati,
1876 4442 1990 4494 qua:
2010 4437 2083 4481 est

502 4507 556 4561 in
586 4507 817 4563 membris
838 4511 975 4575 meis,
1006 4510 1170 4581 legem
1203 4514 1401 4582 peccati
1427 4515 1573 4581 dicit,
1597 4532 1697 4586 qua
1726 4518 1946 4587 quisque
1966 4533 2084 4574 car-

502 4599 610 4653 nali
642 4600 1023 4656 consuetudine
1052 4602 1347 4671 impiicatus
1388 4607 1714 4676 astringitur.
1744 4607 1890 4663 lianc
1920 4624 2080 4678 repu-

501 4706 665 4761 gnare
709 4692 783 4746 ait
818 4693 919 4763 legi
961 4694 1152 4747 mentis
1181 4710 1324 4762 sum,
1364 4705 1418 4751 et
1459 4712 1517 4751 se
1543 4698 1809 4767 captivare
1833 4699 1933 4755 sub
1962 4700 2080 4769 lege

499 4782 705 4850 peccati
742 4801 755 4835 :
789 4783 927 4837 unde
974 4783 1281 4854 intelligitur
1332 4785 1418 4840 ille
1465 4786 1626 4847 homo
1676 4787 1935 4853 describi,
1991 4791 2080 4858 qui

499 4874 735 4928 nonduin
763 4884 844 4928 est
864 4875 962 4929 sub
983 4877 1145 4945 gratia
1165 4874 1259 4950 (b).
1288 4876 1344 4932 Si
1371 4878 1510 4933 enim
1538 4891 1855 4950 repugnaret
1878 4888 2080 4935 tantum

501 4966 829 5021 consuetudo
871 4969 1132 5035 carnalis,
1183 4977 1237 5023 et
1282 4984 1385 5022 non
1417 4970 1736 5045 captivaret,
1784 4986 1889 5024 non
1940 4982 2080 5027 esset

503 5055 792 5110 damnatio.
825 5054 881 5111 In
908 5072 972 5111 eo
996 5059 1135 5111 enim
1161 5068 1242 5113 est
1268 5058 1556 5123 damnatio,
1584 5060 1722 5129 quod
1745 5062 2081 5130 obtempera-

503 5162 620 5201 mllS
646 5156 698 5202 et
728 5148 988 5202 servimus
1024 5149 1302 5203 desideriis
1340 5150 1515 5217 pravis
1544 5151 1861 5206 carnalibus.
1908 5152 1964 5207 Si
1988 5170 2080 5206 au.

501 5248 608 5291 tem
636 5238 887 5301 existant,
916 5248 969 5294 et
990 5256 1095 5293 non
1119 5240 1291 5294 desint
1319 5241 1438 5294 talia
1465 5240 1746 5305 desideria,
1780 5258 1883 5297 non
1906 5253 2077 5299 tamen

502 5328 585 5382 liis
611 5328 919 5385 obediamus
943 5348 957 5396 ;
987 5346 1092 5385 non
1116 5331 1449 5402 captivamur
1472 5374 1486 5399 ,
1536 5339 1591 5387 et
1636 5332 1733 5386 sub
1758 5336 1924 5403 gratia
1968 5336 2078 5406 jam

501 5433 719 5486 sumus,
751 5420 817 5476 de
845 5437 945 5492 qua
976 5422 1221 5491 loquetur
1251 5437 1370 5477 cum
1404 5422 1776 5479 exclamaverit
1802 5432 1855 5480 et
1884 5425 2076 5497 implo-

501 5600 617 5666 ttmt.
641 5595 713 5666 sic
736 5592 848 5644 alibi
881 5598 1171 5660 Augustinus
1190 5600 1315 5661 quod
1352 5598 1477 5650 forte
1500 5601 1566 5659 in,
1586 5611 1742 5663 grteeo
1776 5598 2029 5663 legeretur
2053 5604 2079 5654 ἐ

500 5657 758 5707 harnartia.
952 5657 971 5660 θ
1208 5657 1222 5661 ’

562 5718 635 5781 (a)
659 5726 683 5781 ιν
724 5724 925 5769 ttetract.
952 5734 1052 5781 cap.
1080 5720 1156 5780 23,
1182 5734 1230 5768 n.
1262 5723 1301 5771 t.

562 5718 635 5841 ta
659 5726 773 5831 ar

1000 372 1430 441 QUARUMDAM
1470 364 2011 426 PROPOSITIONUM
2051 363 2142 421 EX
2182 364 2390 422 EPIST.
2432 367 2523 422 AD
2562 367 2745 436 ROM.,
2786 370 2845 426 S.
2885 369 3251 428 AUGUSTINI

3632 379 3788 436 9072

2208 480 2407 535 raverit
2449 480 2770 539 Liberatoris
2794 485 3044 540 auxilium
3065 529 3081 554 ,
3139 497 3195 541 ut
3230 487 3398 558 possit
3432 505 3525 558 per
3556 502 3797 563 gratiam

2209 569 2468 636 eltaritas,
2516 574 2654 640 quod
2691 590 2782 643 per
2809 576 3002 646 Legem
3048 579 3206 632 timor
3243 594 3346 633 non
3382 591 3606 651 poterat.
3641 585 3798 640 Dixit

2208 662 2347 715 enim
2374 704 2387 727 ,
2418 662 2610 732 Infelix
2635 681 2724 735 ego
2747 666 2893 719 homo
2913 709 2928 731 ,
2968 669 3079 736 quis
3119 686 3197 723 me
3232 670 3457 725 liberabit
3483 673 3544 727 de
3571 692 3794 747 corpore

2208 753 2381 805 mortis
2408 753 2556 823 hujus
2577 754 2603 807 .9
2631 755 2697 808 Et
2718 756 2976 824 subjecit,
3011 756 3184 811 Gratia
3208 759 3306 814 Dei
3325 779 3413 832 per
3430 763 3609 819 Iesum
3628 768 3788 822 Chri-

2206 852 2337 897 stum
2360 842 2633 898 Dominum
2658 857 2902 901 nostrum.
2929 848 3127 905 Deinde
3156 852 3337 922 incipit
3362 853 3658 913 describere
3681 860 3796 915 ho-

2208 932 2403 988 minem
2434 934 2531 988 sub
2557 936 2721 1004 gratia
2750 938 3091 993 constitutum
3118 958 3131 995 :
3162 943 3250 1011 qui
3283 946 3467 1000 tertius
3484 948 3678 1017 gradus
3696 960 3794 1006 est

2207 1023 2417 1077 illorum
2458 1035 2684 1096 quatuor
2723 1044 2856 1098 quos
2899 1033 3143 1101 superius
3187 1034 3523 1094 distinximus
3553 1041 3779 1114 (Prop.,

2208 1115 2321 1185 15).
2349 1116 2428 1169 Ad
2458 1116 2595 1174 hunc
2631 1120 2849 1189 gradum
2882 1121 2990 1191 jam
3024 1125 3258 1191 pertinet
3275 1128 3416 1197 quod
3446 1132 3618 1185 statim
3649 1135 3787 1188 sub-

2202 1205 2393 1277 jungit,
2423 1207 2587 1280 Igitur
2608 1228 2697 1281 ego
2718 1213 2824 1281 ipse
2847 1224 3011 1268 mente
3032 1218 3192 1271 servio
3216 1216 3335 1288 Legi
3355 1218 3451 1274 Dei
3472 1264 3486 1288 ,
3513 1240 3663 1277 carne
3680 1244 3794 1279 au-

2206 1308 2303 1353 tem
2325 1300 2423 1371 legi
2450 1307 2677 1372 peccati:
2700 1307 2817 1374 quia
2847 1306 2967 1361 licet
2996 1308 3347 1366 existentibus
3373 1313 3648 1370 desideriis
3663 1333 3795 1372 car-

2205 1391 2412 1446 nalibus
2435 1434 2455 1459 ,
2494 1394 2606 1463 jam
2642 1412 2745 1448 non
2795 1398 2957 1451 servit
2982 1401 3363 1455 consentiendo
3388 1404 3454 1458 ad
3480 1405 3782 1461 faciendum

2207 1491 2512 1550 peccatum,
2566 1485 2652 1554 qui
2706 1486 2804 1539 sub
2852 1488 3016 1557 gratia
3046 1490 3363 1546 consﬁtutus
3407 1504 3583 1550 mente
3614 1500 3786 1551 servit

2204 1570 2329 1641 Legi
2379 1574 2508 1638 Dei,
2550 1590 2711 1631 carne
2752 1588 2927 1632 autem
2977 1578 3083 1649 legi
3130 1584 3350 1650 peccati.
3382 1584 3571 1654 Legem
3599 1598 3786 1642 autem

2205 1665 2402 1732 peccati
2430 1666 2555 1720 dicit
2580 1682 2643 1720 ex
2672 1672 3090 1737 transgressione
3115 1672 3243 1727 Adae
3258 1675 3613 1732 conditionem
3637 1696 3787 1733 mer-

2204 1756 2393 1819 talcm,
2426 1774 2525 1827 qua
2558 1760 2807 1813 mortales
2831 1760 2951 1815 facti
2976 1778 3176 1817 sumus.
3212 1764 3290 1819 Ex
3329 1765 3430 1821 hac
3473 1769 3613 1823 enim
3656 1770 3784 1826 labe

2202 1847 2377 1900 carnis
2405 1850 2826 1918 concupiscentia
2849 1854 3077 1907 carnalis
3100 1854 3377 1923 sollicitat,
3410 1867 3464 1912 et
3487 1860 3785 1915 secundum

2203 1937 2340 1993 hanc
2378 1938 2507 1994 dicit
2556 1942 2658 1994 alio
2698 1943 2815 1997 loco
2846 1963 2858 1997 :
2893 1943 3103 1999 Fuimus
3139 1955 3185 2000 et
3211 1964 3303 2002 nos
3330 1958 3509 2004 natura
3528 1952 3624 2021 ﬁlii
3647 1955 3780 2019 ira,

2201 2031 2326 2083 sicut
2355 2041 2400 2083 et
2425 2034 2589 2085 (reteri
2622 2033 2838 2103 (Eplies.
2873 2051 2929 2100 ll,
2954 2038 3034 2104 3).

2271 2120 2475 2176 XLVII.
2507 2121 2605 2194 [lb.
2637 2140 2749 2189 vnn,
2783 2123 2859 2198 l.]
2881 2126 3029 2194 Quod
3058 2137 3232 2183 autem
3257 2129 3413 2198 dicit,
3459 2132 3621 2187 Nulla
3658 2151 3784 2207 ergo

2199 2216 2546 2270 condemnatio
2573 2227 2643 2271 est
2664 2236 2795 2272 nunc
2817 2220 2894 2273 his
2913 2222 2999 2288 qui
3025 2232 3140 2275 sunt
3161 2224 3213 2275 in
3233 2222 3432 2277 Christo
3455 2225 3487 2278 ,Ι
3494 2242 3580 2279 esu
3599 2269 3615 2293 ,
3644 2228 3783 2283 satis

2201 2306 2433 2360 ostendit
2459 2308 2951 2365 condemnationem
2989 2327 3093 2366 non
3128 2328 3278 2379 esse,
3307 2329 3351 2368 ει
3376 2316 3605 2373 existant
3630 2318 3781 2374 desi-

2200 2397 2347 2451 deria
2386 2401 2615 2454 carnalia
2637 2442 2651 2466 ,
2681 2402 2772 2457 sed
2803 2404 2846 2457 si
2876 2404 2952 2458 eis
2972 2404 3036 2458 ad
3070 2406 3390 2474 peccandum
3423 2424 3525 2464 non
3553 2410 3781 2465 obedia-

2206 2496 2308 2542 tur.
2337 2489 2486 2557 Quod
2515 2493 2767 2562 contingit
2792 2494 2872 2548 his
2910 2495 2999 2564 qui
3031 2496 3131 2549 sub
3148 2497 3286 2567 Lege
3313 2500 3582 2555 constituti
3615 2510 3781 2569 sunt,

2200 2581 2433 2634 nondum
2456 2584 2555 2636 sub
2578 2586 2765 2652 gratia.
2796 2584 2925 2639 Nam
2958 2587 3055 2639 sub
3085 2587 3223 2657 Lege
3248 2592 3517 2645 constituti
3547 2607 3652 2647 non
3688 2608 3783 2648 so—

2198 2670 2307 2725 lum
2337 2685 2712 2742 repugnantem
2744 2675 2939 2731 habent
2964 2681 3467 2749 concupiscentiam,
3497 2684 3588 2739 sed
3616 2685 3781 2740 etiam

2201 2764 2389 2831 captivi
2440 2764 2740 2832 ducuntur,
2782 2783 2902 2823 eum
2934 2770 3302 2841 obtemperant
3329 2776 3398 2829 ei.
3441 2775 3555 2832 Non
3600 2788 3782 2835 autem

2192 2852 2451 2923 contingit
2478 2854 2557 2909 his
2587 2858 2674 2927 qui
2704 2869 2882 2914 mente
2901 2862 3139 2917 serviunt
3160 2864 3283 2935 Legi
3317 2866 3430 2924 Dei.

2265 2945 2490 3000 XLVIII.
2526 2946 2625 3020 [lb.
2656 2967 2746 3005 vni
2772 2993 2786 3016 ,
2832 2953 2867 3007 5
2888 2994 2902 3018 ,
2936 2954 3015 3025 4.]
3045 2956 3193 3023 Quod
3225 2967 3401 3013 autem
3431 2960 3537 3025 ait,
3565 2979 3584 3013 ‹
3622 2962 3781 3030 Quod

2196 3037 2335 3091 enim
2366 3038 2691 3108 impossibile
2720 3052 2833 3097 erat
2868 3043 2991 3113 Legi
3016 3085 3030 3110 ,
3072 3046 3124 3098 in
3153 3062 3258 3115 quo
3289 3048 3651 3106 infmnabatur
3677 3067 3781 3121 per

2191 3144 2426 3195 carnem,
2460 3131 2595 3185 Deus
2624 3130 2811 3187 Filium
2842 3150 3003 3188 suum
3024 3136 3165 3191 misit
3195 3138 3248 3191 in
3278 3134 3622 3196 similitudine
3646 3158 3779 3197 car—

2192 3219 2274 3273 nis
2299 3222 2519 3287 peccati,
2539 3233 2589 3277 et
2610 3224 2676 3279 de
2699 3236 2913 3293 peccato
2932 3226 3199 3281 damnavit
3221 3242 3491 3297 peccatum
3517 3232 3568 3285 in
3588 3248 3775 3300 carne,

2192 3323 2247 3367 ut
2270 3314 2472 3381 justitia
2502 3316 2653 3386 Legis
2682 3318 2993 3387 impleretur
3019 3321 3069 3374 in
3100 3321 3252 3375 nobis
3271 3365 3285 3387 ,
3318 3323 3407 3393 qui
3440 3338 3545 3379 non
3574 3341 3772 3380 secun-

2190 3402 2314 3457 dum
2345 3420 2558 3460 carnem
2587 3408 2916 3464 ambulamus
2936 3452 2951 3476 ,
2982 3410 3073 3465 sed
3099 3413 3387 3467 secundum
3432 3415 3696 3483 spiritum,
3738 3436 3763 3469 ι

2191 3494 2617 3552 manifestissime
2672 3499 2864 3565 docet,
2909 3500 3093 3555 eadem
3143 3493 3255 3572 ipsa
3303 3515 3564 3574 prmcepta
3612 3506 3775 3577 Legis

2191 3596 2468 3655 propterea
2519 3605 2623 3644 non
2678 3590 2913 3660 impleta,
2963 3595 3206 3662 quamvis
3254 3605 3433 3650 essent
3479 3598 3771 3666 implenda,

2190 3679 2434 3746 quoniam
2466 3681 2657 3749 quibus
2694 3682 2815 3737 data
2844 3692 2958 3738 erat
2987 3684 3093 3738 Lex
3135 3695 3257 3739 ante
3294 3687 3515 3754 gratiam
3544 3729 3557 3751 ,
3603 3688 3773 3743 dediti

2189 3778 2342 3845 erant
2362 3773 2665 3827 carnalibus
2696 3774 2867 3841 bonis,
2896 3784 2949 3829 et
2977 3792 3039 3830 ex
3070 3776 3150 3829 his
3177 3777 3553 3834 beatitudinem
3583 3781 3773 3850 acqui-

2189 3876 2307 3914 rere
2341 3862 2661 3928 cupiebant,
2696 3881 2865 3934 neque
2909 3868 3252 3933 metuebant,
3286 3868 3388 3922 nisi
3414 3885 3532 3922 cum
3577 3870 3772 3925 talibus

2190 3949 2341 4004 bonis
2368 3950 2675 4007 imminebat
2698 3953 3027 4020 adversitas;
3058 3966 3112 4012 et
3142 3958 3263 4012 ideo
3289 3973 3408 4013 cum
3440 3960 3524 4014 illa
3556 3969 3771 4030 tempe-

2190 4043 2317 4095 ralia
2348 4043 2481 4097 bona
2511 4045 2867 4111 turbarentur,
2902 4046 3057 4103 facile
3087 4050 3406 4103 recedebant
3432 4066 3461 4103 a
3487 4053 3770 4121 praeceptis

2189 4134 2361 4203 Legis.
2388 4134 2753 4191 Inlirmabatur
2766 4154 2892 4207 ergo
2917 4140 3020 4195 Lex
3046 4156 3148 4195 non
3176 4143 3443 4212 implendo
3464 4144 3603 4213 quod
3629 4160 3772 4213 prm-

2188 4226 2444 4293 cipiebat;
2477 4244 2579 4282 non
2606 4245 2699 4283 sua
2729 4232 2881 4301 culpa
2901 4272 2921 4295 ,ν
2944 4234 3036 4288 sed
3060 4250 3155 4304 per
3178 4251 3389 4290 carnem
3408 4279 3422 4301 ,
3450 4238 3497 4292 id
3529 4247 3610 4293 est
3630 4280 3643 4302 ,
3671 4254 3772 4293 eos

2191 4316 2431 4371 homines
2469 4320 2556 4386 qui
2596 4321 2824 4391 carnalia
2866 4323 3000 4376 bona
3046 4325 3342 4393 appetendo
3372 4342 3475 4381 non
3519 4329 3769 4382 amabant

2188 4406 2341 4476 Legis
2376 4409 2664 4477 justitiam,
2694 4412 2787 4465 sed
2832 4414 2879 4465 ei
2913 4417 3218 4483 temporalia
3249 4418 3524 4471 Commoda
3557 4434 3770 4488 purpo-

2188 4500 2402 4554 nebant.
2446 4500 2565 4555 Ideo
2592 4502 2868 4557 Liberator
2906 4516 3086 4559 noster
3116 4507 3367 4561 Dominus
3410 4507 3565 4563 Jesus
3601 4509 3760 4563 Chri-

2187 4599 2300 4643 stus
2329 4592 2662 4659 suscipiendo
2694 4594 2970 4649 mortalem
2998 4610 3233 4661 carnem,
3264 4600 3408 4653 venit
3432 4599 3482 4652 in
3506 4600 3764 4653 similitu-

2187 4682 2309 4736 dine
2354 4685 2531 4737 carnis
2560 4686 2780 4752 peccati.
2813 4684 2967 4740 Carni
3000 4687 3139 4740 enim
3174 4690 3371 4757 peccati
3401 4689 3576 4744 debita
3619 4706 3766 4746 mors

2187 4784 2287 4827 est.
2318 4778 2384 4827 At
2411 4790 2536 4829 vero
2575 4776 2660 4829 illa
2689 4792 2831 4830 mors
2873 4778 3077 4831 Domini
3100 4820 3114 4843 ,
3146 4779 3461 4848 dignationis
3491 4780 3588 4835 fuit
3610 4825 3625 4847 ,
3656 4798 3765 4837 non

2188 4864 2349 4918 debiti
2379 4884 2391 4919 :
2421 4874 2474 4920 et
2504 4876 2674 4920 tamen
2700 4868 2797 4923 hoc
2826 4884 3034 4939 quoque
3059 4872 3343 4939 Apostolus
3371 4882 3644 4941 peccatum
3674 4890 3766 4928 τοι
3812 4874 3823 4887 ¹

2187 4964 2271 5009 cat
2296 4957 2679 5025 susceptionem
2708 4960 2943 5013 mortalis
2967 4962 3160 5026 carnis,
3186 4965 3425 5031 quamvis
3447 4980 3550 5017 non
3577 4980 3766 5034 peeca-
3802 5022 3818 5035 4

2191 5047 2367 5110 tricis,
2402 5046 2519 5100 ideo
2549 5048 2667 5116 quia
2711 5048 3022 5114 immortalis
3054 5061 3300 5121 tanquam
3333 5062 3606 5122 peccatum
3640 5056 3766 5109 facit

2186 5151 2306 5188 cum
2346 5138 2587 5190 moritur.
2619 5138 2722 5192 Sed
2752 5139 2816 5193 de
2852 5151 3051 5209 peccato
3077 5184 3091 5208 ,
3123 5144 3291 5212 inquit
3315 5185 3329 5210 ,
3360 5146 3614 5199 damnavit
3642 5163 3764 5215 pec-

2185 5237 2351 5279 catum
2380 5229 2431 5281 in
2461 5245 2628 5282 carne.
2662 5230 2720 5283 Id
2744 5235 2885 5285 enim
2922 5232 3029 5301 egit
3072 5248 3215 5288 mors
3245 5235 3449 5289 Domini
3474 5277 3489 5303 ,
3523 5252 3589 5291 ne
3617 5253 3766 5291 mors

2190 5319 2481 5384 timeretur,
2515 5329 2568 5374 ct
2595 5336 2658 5375 ex
2684 5338 2747 5376 eo
2772 5323 2881 5392 jam
2914 5340 3017 5377 non
3046 5334 3422 5395 appeterentur
3450 5330 3763 5398 temporalia

2189 5409 2321 5463 bona
2348 5452 2361 5473 ,
2395 5426 2493 5464 nec
2524 5422 2883 5468 metuerentur
2913 5417 3217 5485 temporalia
3264 5419 3399 5471 mala
3426 5460 3441 5484 ,
3475 5420 3526 5473 in
3565 5419 3763 5489 quibus

2186 5501 2415 5555 carnalis
2438 5512 2549 5556 erat
2580 5504 2663 5556 illa
2686 5504 2980 5573 prudentia,
3006 5508 3055 5559 in
3081 5523 3180 5576 qua
3208 5510 3413 5578 impleri
3440 5515 3596 5586 Legis
3619 5533 3767 5587 prae-

2187 5603 2335 5662 cepta
2363 5609 2465 5647 non
2496 5605 2756 5662 poterant.
2790 5596 2897 5651 llac
2925 5609 3099 5653 autem
3143 5604 3419 5670 prudentia
3464 5608 3515 5661 in
3546 5608 3767 5665 homine

2189 5686 2460 5739 Dominico
2488 5686 2748 5741 destructa
2775 5697 2827 5742 ct
2852 5689 3022 5743 ablata
3048 5734 3062 5757 ,
3083 5692 3284 5761 justitia
3315 5696 3466 5766 Legis
3493 5699 3760 5768 impletur,

2188 5793 2307 5836 cum
2332 5777 2620 5833 secundum
2641 5793 2853 5837 carnem
2885 5797 2989 5839 non
3022 5786 3333 5856 ambulatur,
3357 5790 3449 5846 sed
3470 5792 3767 5851 secundum
