  <div class='ocr_page' id='page_1' title='image "/cluster/home/n/w/nwhite01/storage/ocr_20150623/35/hvd.32044015706302/386.png"; bbox 0 0 4076 6480; ppageno 0'>
   <div class='ocr_carea' id='block_1_1' title="bbox 310 357 457 414">
    <p class='ocr_par' dir='ltr' id='par_1_1' title="bbox 310 357 457 414">
     <span class='ocr_line' id='line_1_1' title="bbox 310 357 457 414; baseline -0.007 0"><span class='ocrx_word' id='word_1_1' title='bbox 310 357 457 414; x_wconf 73' lang='lat'><strong>2073</strong></span> 
     </span>
    </p>
   </div>
   <div class='ocr_carea' id='block_1_2' title="bbox 312 454 1891 545">
    <p class='ocr_par' dir='ltr' id='par_1_2' title="bbox 312 454 1891 545">
     <span class='ocr_line' id='line_1_2' title="bbox 312 454 1891 545; baseline -0.016 -13"><span class='ocrx_word' id='word_1_2' title='bbox 312 475 581 545; x_wconf 78' lang='lat' dir='ltr'><strong>Spiritum.</strong></span> <span class='ocrx_word' id='word_1_3' title='bbox 613 468 765 527; x_wconf 88' lang='lat' dir='ltr'><strong>Unde</strong></span> <span class='ocrx_word' id='word_1_4' title='bbox 791 467 1066 523; x_wconf 82' lang='lat' dir='ltr'><strong>verissime</strong></span> <span class='ocrx_word' id='word_1_5' title='bbox 1086 464 1280 519; x_wconf 88' lang='lat' dir='ltr'><strong>dictum</strong></span> <span class='ocrx_word' id='word_1_6' title='bbox 1303 470 1403 523; x_wconf 91' lang='lat' dir='ltr'><strong>est,</strong></span> <span class='ocrx_word' id='word_1_7' title='bbox 1435 458 1552 513; x_wconf 86' lang='lat' dir='ltr'><strong>Non</strong></span> <span class='ocrx_word' id='word_1_8' title='bbox 1578 457 1684 510; x_wconf 78' lang='lat' dir='ltr'><strong>veni</strong></span> <span class='ocrx_word' id='word_1_9' title='bbox 1710 454 1891 523; x_wconf 80' lang='lat' dir='ltr'><strong>Legem</strong></span> 
     </span>
    </p>
   </div>
   <div class='ocr_carea' id='block_1_3' title="bbox 313 546 1892 630">
    <p class='ocr_par' dir='ltr' id='par_1_3' title="bbox 313 546 1892 630">
     <span class='ocr_line' id='line_1_3' title="bbox 313 546 1892 630; baseline -0.013 -10"><span class='ocrx_word' id='word_1_10' title='bbox 313 566 541 630; x_wconf 72' lang='lat' dir='ltr'><strong>solvere,</strong></span> <span class='ocrx_word' id='word_1_11' title='bbox 583 561 669 614; x_wconf 86' lang='lat' dir='ltr'><strong>sed</strong></span> <span class='ocrx_word' id='word_1_12' title='bbox 697 559 905 627; x_wconf 82' lang='lat' dir='ltr'><strong>implere</strong></span> <span class='ocrx_word' id='word_1_13' title='bbox 942 554 1150 627; x_wconf 81' lang='lat' dir='ltr'><strong>(Matth.</strong></span> <span class='ocrx_word' id='word_1_14' title='bbox 1190 569 1259 617; x_wconf 86' lang='lat' dir='ltr'><strong>v,</strong></span> <span class='ocrx_word' id='word_1_15' title='bbox 1289 554 1402 621; x_wconf 86' lang='grc'><strong>17).</strong></span> <span class='ocrx_word' id='word_1_16' title='bbox 1444 546 1723 604; x_wconf 78' lang='lat' dir='ltr'><strong>Plenitudo</strong></span> <span class='ocrx_word' id='word_1_17' title='bbox 1762 558 1892 623; x_wconf 79' lang='lat' dir='ltr'><strong>ergo</strong></span> 
     </span>
    </p>
   </div>
   <div class='ocr_carea' id='block_1_4' title="bbox 313 642 1894 725">
    <p class='ocr_par' dir='ltr' id='par_1_4' title="bbox 313 642 1894 725">
     <span class='ocr_line' id='line_1_4' title="bbox 313 642 1894 725; baseline -0.015 -14"><span class='ocrx_word' id='word_1_18' title='bbox 313 656 470 725; x_wconf 84' lang='lat' dir='ltr'><strong>Legis</strong></span> <span class='ocrx_word' id='word_1_19' title='bbox 494 652 724 708; x_wconf 90' lang='lat' dir='ltr'><strong>charitas</strong></span> <span class='ocrx_word' id='word_1_20' title='bbox 752 649 924 722; x_wconf 86' lang='lat' dir='ltr'><strong>(Rom.</strong></span> <span class='ocrx_word' id='word_1_21' title='bbox 956 663 1051 702; x_wconf 82' lang='lat' dir='ltr'><strong>xm</strong></span> <span class='ocrx_word' id='word_1_22' title='bbox 1071 688 1086 710; x_wconf 88' lang='lat'><strong>,</strong></span> <span class='ocrx_word' id='word_1_23' title='bbox 1115 642 1226 715; x_wconf 87' lang='grc'><strong>10).</strong></span> <span class='ocrx_word' id='word_1_24' title='bbox 1258 644 1323 697; x_wconf 90' lang='lat' dir='ltr'><strong>Et</strong></span> <span class='ocrx_word' id='word_1_25' title='bbox 1349 642 1578 697; x_wconf 90' lang='lat' dir='ltr'><strong>charitas</strong></span> <span class='ocrx_word' id='word_1_26' title='bbox 1603 652 1785 693; x_wconf 90' lang='lat' dir='ltr'><strong>eorum</strong></span> <span class='ocrx_word' id='word_1_27' title='bbox 1812 643 1894 690; x_wconf 89' lang='lat' dir='ltr'><strong>est</strong></span> 
     </span>
    </p>
   </div>
   <div class='ocr_carea' id='block_1_5' title="bbox 313 729 1889 818">
    <p class='ocr_par' dir='ltr' id='par_1_5' title="bbox 313 729 1889 818">
     <span class='ocr_line' id='line_1_5' title="bbox 313 729 1889 818; baseline -0.013 -16"><span class='ocrx_word' id='word_1_28' title='bbox 313 748 400 818; x_wconf 96' lang='lat' dir='ltr'><strong>qui</strong></span> <span class='ocrx_word' id='word_1_29' title='bbox 432 745 723 802; x_wconf 89' lang='lat' dir='ltr'><strong>secundum</strong></span> <span class='ocrx_word' id='word_1_30' title='bbox 767 740 1009 811; x_wconf 79' lang='lat' dir='ltr'><strong>Spiritum</strong></span> <span class='ocrx_word' id='word_1_31' title='bbox 1036 737 1323 792; x_wconf 80' lang='lat' dir='ltr'><strong>ambulant.</strong></span> <span class='ocrx_word' id='word_1_32' title='bbox 1354 734 1478 788; x_wconf 78' lang='lat' dir='ltr'><strong>Haec</strong></span> <span class='ocrx_word' id='word_1_33' title='bbox 1508 732 1649 787; x_wconf 89' lang='lat' dir='ltr'><strong>enim</strong></span> <span class='ocrx_word' id='word_1_34' title='bbox 1674 729 1738 784; x_wconf 90' lang='lat' dir='ltr'><strong>ad</strong></span> <span class='ocrx_word' id='word_1_35' title='bbox 1766 742 1889 800; x_wconf 85' lang='lat' dir='ltr'><strong>gra-</strong></span> 
     </span>
    </p>
   </div>
   <div class='ocr_carea' id='block_1_6' title="bbox 314 824 1895 909">
    <p class='ocr_par' dir='ltr' id='par_1_6' title="bbox 314 824 1895 909">
     <span class='ocr_line' id='line_1_6' title="bbox 314 824 1895 909; baseline -0.013 -14"><span class='ocrx_word' id='word_1_36' title='bbox 314 844 439 897; x_wconf 91' lang='lat' dir='ltr'><strong>tiam</strong></span> <span class='ocrx_word' id='word_1_37' title='bbox 472 839 700 909; x_wconf 91' lang='lat' dir='ltr'><strong>pertinet</strong></span> <span class='ocrx_word' id='word_1_38' title='bbox 736 834 964 905; x_wconf 86' lang='lat' dir='ltr'><strong>Spiritus</strong></span> <span class='ocrx_word' id='word_1_39' title='bbox 1007 831 1193 886; x_wconf 88' lang='lat' dir='ltr'><strong>sancti.</strong></span> <span class='ocrx_word' id='word_1_40' title='bbox 1223 827 1444 896; x_wconf 82' lang='lat' dir='ltr'><strong>Quando</strong></span> <span class='ocrx_word' id='word_1_41' title='bbox 1471 824 1613 880; x_wconf 90' lang='lat' dir='ltr'><strong>enim</strong></span> <span class='ocrx_word' id='word_1_42' title='bbox 1646 837 1748 876; x_wconf 92' lang='lat' dir='ltr'><strong>non</strong></span> <span class='ocrx_word' id='word_1_43' title='bbox 1779 828 1895 876; x_wconf 89' lang='lat' dir='ltr'><strong>erat</strong></span> 
     </span>
    </p>
   </div>
   <div class='ocr_carea' id='block_1_7' title="bbox 312 914 1747 999">
    <p class='ocr_par' dir='ltr' id='par_1_7' title="bbox 312 914 1747 999">
     <span class='ocr_line' id='line_1_7' title="bbox 312 914 1747 999; baseline -0.013 -13"><span class='ocrx_word' id='word_1_44' title='bbox 312 932 545 988; x_wconf 88' lang='lat' dir='ltr'><strong>charitas</strong></span> <span class='ocrx_word' id='word_1_45' title='bbox 566 925 910 999; x_wconf 70' lang='lat' dir='ltr'><strong>justitiaz,sed</strong></span> <span class='ocrx_word' id='word_1_46' title='bbox 941 926 1118 987; x_wconf 89' lang='lat' dir='ltr'><strong>timor,</strong></span> <span class='ocrx_word' id='word_1_47' title='bbox 1146 922 1254 976; x_wconf 85' lang='lat' dir='ltr'><strong>Lex</strong></span> <span class='ocrx_word' id='word_1_48' title='bbox 1282 934 1384 973; x_wconf 91' lang='lat' dir='ltr'><strong>non</strong></span> <span class='ocrx_word' id='word_1_49' title='bbox 1413 914 1747 985; x_wconf 87' lang='lat' dir='ltr'><strong>implebatur.</strong></span> 
     </span>
    </p>
   </div>
   <div class='ocr_carea' id='block_1_8' title="bbox 380 1007 1894 1095">
    <p class='ocr_par' dir='ltr' id='par_1_8' title="bbox 380 1007 1894 1095">
     <span class='ocr_line' id='line_1_8' title="bbox 380 1007 1894 1095; baseline -0.013 -15"><span class='ocrx_word' id='word_1_50' title='bbox 380 1024 570 1080; x_wconf 76' lang='lat' dir='ltr'><strong>XLIX.</strong></span> <span class='ocrx_word' id='word_1_51' title='bbox 604 1021 701 1095; x_wconf 86' lang='grc'><strong>[11).</strong></span> <span class='ocrx_word' id='word_1_52' title='bbox 724 1036 835 1085; x_wconf 79' lang='lat' dir='ltr'><strong>vui,</strong></span> <span class='ocrx_word' id='word_1_53' title='bbox 860 1018 936 1093; x_wconf 86' lang='lat'><strong>7.]</strong></span> <span class='ocrx_word' id='word_1_54' title='bbox 965 1017 1115 1087; x_wconf 89' lang='lat' dir='ltr'><strong>Quod</strong></span> <span class='ocrx_word' id='word_1_55' title='bbox 1141 1024 1316 1071; x_wconf 88' lang='lat' dir='ltr'><strong>autem</strong></span> <span class='ocrx_word' id='word_1_56' title='bbox 1342 1013 1434 1077; x_wconf 85' lang='lat' dir='ltr'><strong>ait,</strong></span> <span class='ocrx_word' id='word_1_57' title='bbox 1468 1012 1600 1078; x_wconf 82' lang='lat' dir='ltr'><strong>Quia</strong></span> <span class='ocrx_word' id='word_1_58' title='bbox 1627 1007 1894 1080; x_wconf 77' lang='lat' dir='ltr'><strong>prudentia</strong></span> 
     </span>
    </p>
   </div>
   <div class='ocr_carea' id='block_1_9' title="bbox 312 1102 1893 1181">
    <p class='ocr_par' dir='ltr' id='par_1_9' title="bbox 312 1102 1893 1181">
     <span class='ocr_line' id='line_1_9' title="bbox 312 1102 1893 1181; baseline -0.014 -8"><span class='ocrx_word' id='word_1_59' title='bbox 312 1118 479 1174; x_wconf 80' lang='lat' dir='ltr'><strong>carnis</strong></span> <span class='ocrx_word' id='word_1_60' title='bbox 498 1118 703 1171; x_wconf 84' lang='lat' dir='ltr'><strong>inimica</strong></span> <span class='ocrx_word' id='word_1_61' title='bbox 722 1116 776 1169; x_wconf 91' lang='lat' dir='ltr'><strong>in</strong></span> <span class='ocrx_word' id='word_1_62' title='bbox 800 1112 963 1167; x_wconf 88' lang='lat' dir='ltr'><strong>Deum</strong></span> <span class='ocrx_word' id='word_1_63' title='bbox 986 1127 1003 1165; x_wconf 92' lang='lat'><em>:</em></span> <span class='ocrx_word' id='word_1_64' title='bbox 1026 1110 1149 1181; x_wconf 84' lang='lat' dir='ltr'><strong>Legi</strong></span> <span class='ocrx_word' id='word_1_65' title='bbox 1170 1109 1300 1163; x_wconf 88' lang='lat' dir='ltr'><strong>enim</strong></span> <span class='ocrx_word' id='word_1_66' title='bbox 1317 1105 1412 1160; x_wconf 87' lang='lat' dir='ltr'><strong>Dei</strong></span> <span class='ocrx_word' id='word_1_67' title='bbox 1434 1121 1532 1158; x_wconf 87' lang='lat' dir='ltr'><strong>non</strong></span> <span class='ocrx_word' id='word_1_68' title='bbox 1550 1112 1620 1157; x_wconf 89' lang='lat' dir='ltr'><strong>est</strong></span> <span class='ocrx_word' id='word_1_69' title='bbox 1635 1102 1855 1171; x_wconf 87' lang='lat' dir='ltr'><strong>subjecta</strong></span> <span class='ocrx_word' id='word_1_70' title='bbox 1871 1115 1893 1166; x_wconf 88' lang='lat'><strong>;</strong></span> 
     </span>
    </p>
   </div>
   <div class='ocr_carea' id='block_1_10' title="bbox 313 1192 1895 1280">
    <p class='ocr_par' dir='ltr' id='par_1_10' title="bbox 313 1192 1895 1280">
     <span class='ocr_line' id='line_1_10' title="bbox 313 1192 1895 1280; baseline -0.013 -14"><span class='ocrx_word' id='word_1_71' title='bbox 313 1228 404 1266; x_wconf 76' lang='lat' dir='ltr'><strong>nec</strong></span> <span class='ocrx_word' id='word_1_72' title='bbox 423 1210 557 1264; x_wconf 86' lang='lat' dir='ltr'><strong>enim</strong></span> <span class='ocrx_word' id='word_1_73' title='bbox 582 1218 761 1280; x_wconf 80' lang='lat' dir='ltr'><strong>potest,</strong></span> <span class='ocrx_word' id='word_1_74' title='bbox 784 1204 1013 1261; x_wconf 85' lang='lat' dir='ltr'><strong>ostendit</strong></span> <span class='ocrx_word' id='word_1_75' title='bbox 1033 1201 1155 1273; x_wconf 90' lang='lat' dir='ltr'><strong>quid</strong></span> <span class='ocrx_word' id='word_1_76' title='bbox 1182 1200 1392 1261; x_wconf 81' lang='lat' dir='ltr'><strong>dixerit,</strong></span> <span class='ocrx_word' id='word_1_77' title='bbox 1416 1196 1619 1251; x_wconf 88' lang='lat' dir='ltr'><strong>inimica</strong></span> <span class='ocrx_word' id='word_1_78' title='bbox 1646 1209 1665 1247; x_wconf 91' lang='lat'><strong><em>:</em></strong></span> <span class='ocrx_word' id='word_1_79' title='bbox 1692 1209 1757 1247; x_wconf 89' lang='lat' dir='ltr'><strong>ne</strong></span> <span class='ocrx_word' id='word_1_80' title='bbox 1776 1192 1895 1263; x_wconf 85' lang='lat' dir='ltr'><strong>quis</strong></span> 
     </span>
    </p>
   </div>
   <div class='ocr_carea' id='block_1_11' title="bbox 313 1288 1891 1375">
    <p class='ocr_par' dir='ltr' id='par_1_11' title="bbox 313 1288 1891 1375">
     <span class='ocr_line' id='line_1_11' title="bbox 313 1288 1891 1375; baseline -0.015 -17"><span class='ocrx_word' id='word_1_81' title='bbox 313 1310 527 1375; x_wconf 91' lang='lat' dir='ltr'><strong>putaret</strong></span> <span class='ocrx_word' id='word_1_82' title='bbox 542 1312 786 1370; x_wconf 86' lang='lat' dir='ltr'><strong>tanquam</strong></span> <span class='ocrx_word' id='word_1_83' title='bbox 805 1313 869 1352; x_wconf 85' lang='lat' dir='ltr'><strong>ex</strong></span> <span class='ocrx_word' id='word_1_84' title='bbox 882 1295 1109 1350; x_wconf 86' lang='lat' dir='ltr'><strong>adverso</strong></span> <span class='ocrx_word' id='word_1_85' title='bbox 1126 1290 1377 1361; x_wconf 88' lang='lat' dir='ltr'><strong>principio</strong></span> <span class='ocrx_word' id='word_1_86' title='bbox 1388 1288 1613 1357; x_wconf 90' lang='lat' dir='ltr'><strong>aliquam</strong></span> <span class='ocrx_word' id='word_1_87' title='bbox 1630 1293 1891 1348; x_wconf 90' lang='lat' dir='ltr'><strong>naturam,</strong></span> 
     </span>
    </p>
   </div>
   <div class='ocr_carea' id='block_1_12' title="bbox 312 1377 1895 1465">
    <p class='ocr_par' dir='ltr' id='par_1_12' title="bbox 312 1377 1895 1465">
     <span class='ocr_line' id='line_1_12' title="bbox 312 1377 1895 1465; baseline -0.014 -16"><span class='ocrx_word' id='word_1_88' title='bbox 312 1409 473 1465; x_wconf 90' lang='lat' dir='ltr'><strong>quam</strong></span> <span class='ocrx_word' id='word_1_89' title='bbox 518 1407 622 1446; x_wconf 93' lang='lat' dir='ltr'><strong>non</strong></span> <span class='ocrx_word' id='word_1_90' title='bbox 658 1389 894 1445; x_wconf 87' lang='lat' dir='ltr'><strong>condidit</strong></span> <span class='ocrx_word' id='word_1_91' title='bbox 920 1387 1090 1449; x_wconf 83' lang='lat' dir='ltr'><strong>Deus,</strong></span> <span class='ocrx_word' id='word_1_92' title='bbox 1115 1382 1413 1438; x_wconf 83' lang='lat' dir='ltr'><strong>inimicuias</strong></span> <span class='ocrx_word' id='word_1_93' title='bbox 1448 1379 1700 1434; x_wconf 88' lang='lat' dir='ltr'><strong>adversus</strong></span> <span class='ocrx_word' id='word_1_94' title='bbox 1728 1377 1895 1430; x_wconf 90' lang='lat' dir='ltr'><strong>Deum</strong></span> 
     </span>
    </p>
   </div>
   <div class='ocr_carea' id='block_1_13' title="bbox 314 1468 1895 1549">
    <p class='ocr_par' dir='ltr' id='par_1_13' title="bbox 314 1468 1895 1549">
     <span class='ocr_line' id='line_1_13' title="bbox 314 1468 1895 1549; baseline -0.014 -6"><span class='ocrx_word' id='word_1_95' title='bbox 314 1501 586 1543; x_wconf 75' lang='lat' dir='ltr'><strong>exemere.</strong></span> <span class='ocrx_word' id='word_1_96' title='bbox 626 1484 873 1539; x_wconf 86' lang='lat' dir='ltr'><strong>Inimicus</strong></span> <span class='ocrx_word' id='word_1_97' title='bbox 912 1494 1039 1549; x_wconf 87' lang='lat' dir='ltr'><strong>ergo</strong></span> <span class='ocrx_word' id='word_1_98' title='bbox 1070 1477 1165 1531; x_wconf 89' lang='lat' dir='ltr'><strong>Dei</strong></span> <span class='ocrx_word' id='word_1_99' title='bbox 1207 1476 1419 1539; x_wconf 91' lang='lat' dir='ltr'><strong>dicitur,</strong></span> <span class='ocrx_word' id='word_1_100' title='bbox 1453 1472 1540 1541; x_wconf 91' lang='lat' dir='ltr'><strong>qui</strong></span> <span class='ocrx_word' id='word_1_101' title='bbox 1573 1470 1698 1539; x_wconf 87' lang='lat' dir='ltr'><strong>Legi</strong></span> <span class='ocrx_word' id='word_1_102' title='bbox 1731 1468 1895 1536; x_wconf 91' lang='lat' dir='ltr'><strong>ipsius</strong></span> 
     </span>
    </p>
   </div>
   <div class='ocr_carea' id='block_1_14' title="bbox 312 1560 1894 1647">
    <p class='ocr_par' dir='ltr' id='par_1_14' title="bbox 312 1560 1894 1647">
     <span class='ocr_line' id='line_1_14' title="bbox 312 1560 1894 1647; baseline -0.016 -10"><span class='ocrx_word' id='word_1_103' title='bbox 312 1596 418 1637; x_wconf 91' lang='lat' dir='ltr'><strong>non</strong></span> <span class='ocrx_word' id='word_1_104' title='bbox 448 1581 799 1647; x_wconf 84' lang='lat' dir='ltr'><strong>obtemperat,</strong></span> <span class='ocrx_word' id='word_1_105' title='bbox 829 1585 881 1629; x_wconf 92' lang='lat' dir='ltr'><strong>et</strong></span> <span class='ocrx_word' id='word_1_106' title='bbox 908 1574 1007 1627; x_wconf 89' lang='lat' dir='ltr'><strong>hoc</strong></span> <span class='ocrx_word' id='word_1_107' title='bbox 1025 1587 1123 1642; x_wconf 88' lang='lat' dir='ltr'><strong>per</strong></span> <span class='ocrx_word' id='word_1_108' title='bbox 1141 1568 1313 1624; x_wconf 85' lang='lat' dir='ltr'><strong>carnis</strong></span> <span class='ocrx_word' id='word_1_109' title='bbox 1339 1563 1691 1636; x_wconf 90' lang='lat' dir='ltr'><strong>prudentiam,</strong></span> <span class='ocrx_word' id='word_1_110' title='bbox 1716 1560 1767 1615; x_wconf 89' lang='lat' dir='ltr'><strong>id</strong></span> <span class='ocrx_word' id='word_1_111' title='bbox 1792 1568 1894 1625; x_wconf 90' lang='lat' dir='ltr'><strong>est,</strong></span> 
     </span>
    </p>
   </div>
   <div class='ocr_carea' id='block_1_15' title="bbox 313 1650 1895 1739">
    <p class='ocr_par' dir='ltr' id='par_1_15' title="bbox 313 1650 1895 1739">
     <span class='ocr_line' id='line_1_15' title="bbox 313 1650 1895 1739; baseline -0.013 -13"><span class='ocrx_word' id='word_1_112' title='bbox 313 1687 435 1727; x_wconf 90' lang='lat' dir='ltr'><strong>cum</strong></span> <span class='ocrx_word' id='word_1_113' title='bbox 478 1669 679 1739; x_wconf 89' lang='lat' dir='ltr'><strong>appetit</strong></span> <span class='ocrx_word' id='word_1_114' title='bbox 722 1664 1029 1734; x_wconf 89' lang='lat' dir='ltr'><strong>temporalia</strong></span> <span class='ocrx_word' id='word_1_115' title='bbox 1076 1662 1247 1726; x_wconf 92' lang='lat' dir='ltr'><strong>bona,</strong></span> <span class='ocrx_word' id='word_1_116' title='bbox 1292 1667 1347 1713; x_wconf 90' lang='lat' dir='ltr'><strong>et</strong></span> <span class='ocrx_word' id='word_1_117' title='bbox 1394 1658 1545 1711; x_wconf 85' lang='lat' dir='ltr'><strong>timet</strong></span> <span class='ocrx_word' id='word_1_118' title='bbox 1586 1650 1895 1723; x_wconf 80' lang='lat' dir='ltr'><strong>temporalia</strong></span> 
     </span>
    </p>
   </div>
   <div class='ocr_carea' id='block_1_16' title="bbox 312 1744 1897 1823">
    <p class='ocr_par' dir='ltr' id='par_1_16' title="bbox 312 1744 1897 1823">
     <span class='ocr_line' id='line_1_16' title="bbox 312 1744 1897 1823; baseline -0.012 -6"><span class='ocrx_word' id='word_1_119' title='bbox 312 1764 474 1818; x_wconf 88' lang='lat' dir='ltr'><strong>mala.</strong></span> <span class='ocrx_word' id='word_1_120' title='bbox 504 1758 747 1814; x_wconf 88' lang='lat' dir='ltr'><strong>Deﬁnitio</strong></span> <span class='ocrx_word' id='word_1_121' title='bbox 771 1757 911 1812; x_wconf 90' lang='lat' dir='ltr'><strong>enim</strong></span> <span class='ocrx_word' id='word_1_122' title='bbox 941 1753 1228 1823; x_wconf 78' lang='lat' dir='ltr'><strong>prudentiae</strong></span> <span class='ocrx_word' id='word_1_123' title='bbox 1250 1752 1300 1804; x_wconf 92' lang='lat' dir='ltr'><strong>in</strong></span> <span class='ocrx_word' id='word_1_124' title='bbox 1328 1747 1638 1819; x_wconf 87' lang='lat' dir='ltr'><strong>appetendis</strong></span> <span class='ocrx_word' id='word_1_125' title='bbox 1665 1744 1815 1799; x_wconf 89' lang='lat' dir='ltr'><strong>bonis</strong></span> <span class='ocrx_word' id='word_1_126' title='bbox 1841 1751 1897 1799; x_wconf 88' lang='lat' dir='ltr'><strong>et</strong></span> 
     </span>
    </p>
   </div>
   <div class='ocr_carea' id='block_1_17' title="bbox 312 1841 1896 1916">
    <p class='ocr_par' dir='ltr' id='par_1_17' title="bbox 312 1841 1896 1916">
     <span class='ocr_line' id='line_1_17' title="bbox 312 1841 1896 1916; baseline -0.013 -9"><span class='ocrx_word' id='word_1_127' title='bbox 312 1852 548 1907; x_wconf 74' lang='lat' dir='ltr'><strong>vitandis</strong></span> <span class='ocrx_word' id='word_1_128' title='bbox 590 1850 739 1904; x_wconf 89' lang='lat' dir='ltr'><strong>malis</strong></span> <span class='ocrx_word' id='word_1_129' title='bbox 782 1844 1032 1916; x_wconf 83' lang='lat' dir='ltr'><strong>explicari</strong></span> <span class='ocrx_word' id='word_1_130' title='bbox 1075 1845 1227 1898; x_wconf 81' lang='lat' dir='ltr'><strong>solet.</strong></span> <span class='ocrx_word' id='word_1_131' title='bbox 1260 1841 1592 1909; x_wconf 86' lang='lat' dir='ltr'><strong>Quapropter</strong></span> <span class='ocrx_word' id='word_1_132' title='bbox 1625 1845 1769 1891; x_wconf 87' lang='lat' dir='ltr'><strong>recte</strong></span> <span class='ocrx_word' id='word_1_133' title='bbox 1798 1850 1896 1905; x_wconf 88' lang='lat' dir='ltr'><strong>ap-</strong></span> 
     </span>
    </p>
   </div>
   <div class='ocr_carea' id='block_1_18' title="bbox 316 1928 1897 2015">
    <p class='ocr_par' dir='ltr' id='par_1_18' title="bbox 316 1928 1897 2015">
     <span class='ocr_line' id='line_1_18' title="bbox 316 1928 1897 2015; baseline -0.012 -17"><span class='ocrx_word' id='word_1_134' title='bbox 316 1944 479 2015; x_wconf 81' lang='lat' dir='ltr'><strong>pellat</strong></span> <span class='ocrx_word' id='word_1_135' title='bbox 510 1941 790 2012; x_wconf 83' lang='lat' dir='ltr'><strong>Apostolus</strong></span> <span class='ocrx_word' id='word_1_136' title='bbox 831 1937 1006 1993; x_wconf 91' lang='lat' dir='ltr'><strong>carnis</strong></span> <span class='ocrx_word' id='word_1_137' title='bbox 1046 1934 1375 2005; x_wconf 89' lang='lat' dir='ltr'><strong>prudentiam</strong></span> <span class='ocrx_word' id='word_1_138' title='bbox 1400 1972 1414 1994; x_wconf 89' lang='lat'><strong>,</strong></span> <span class='ocrx_word' id='word_1_139' title='bbox 1444 1944 1546 2000; x_wconf 90' lang='lat' dir='ltr'><strong>qua</strong></span> <span class='ocrx_word' id='word_1_140' title='bbox 1576 1928 1689 1983; x_wconf 63' lang='lat' dir='ltr'><strong>hate</strong></span> <span class='ocrx_word' id='word_1_141' title='bbox 1731 1940 1897 1995; x_wconf 88' lang='lat' dir='ltr'><strong>appe-</strong></span> 
     </span>
    </p>
   </div>
   <div class='ocr_carea' id='block_1_19' title="bbox 318 2027 1895 2104">
    <p class='ocr_par' dir='ltr' id='par_1_19' title="bbox 318 2027 1895 2104">
     <span class='ocr_line' id='line_1_19' title="bbox 318 2027 1895 2104; baseline -0.012 -14"><span class='ocrx_word' id='word_1_142' title='bbox 318 2044 503 2091; x_wconf 92' lang='lat' dir='ltr'><strong>tuntur</strong></span> <span class='ocrx_word' id='word_1_143' title='bbox 527 2049 625 2104; x_wconf 90' lang='lat' dir='ltr'><strong>pro</strong></span> <span class='ocrx_word' id='word_1_144' title='bbox 660 2031 864 2101; x_wconf 80' lang='lat' dir='ltr'><strong>magnis</strong></span> <span class='ocrx_word' id='word_1_145' title='bbox 904 2029 1055 2084; x_wconf 89' lang='lat' dir='ltr'><strong>bouis</strong></span> <span class='ocrx_word' id='word_1_146' title='bbox 1079 2070 1093 2091; x_wconf 96' lang='lat'><strong>,</strong></span> <span class='ocrx_word' id='word_1_147' title='bbox 1125 2041 1243 2096; x_wconf 71' lang='lat' dir='ltr'><strong>qua:</strong></span> <span class='ocrx_word' id='word_1_148' title='bbox 1271 2039 1377 2078; x_wconf 91' lang='lat' dir='ltr'><strong>non</strong></span> <span class='ocrx_word' id='word_1_149' title='bbox 1404 2027 1747 2092; x_wconf 83' lang='lat' dir='ltr'><strong>perseverant</strong></span> <span class='ocrx_word' id='word_1_150' title='bbox 1776 2032 1895 2072; x_wconf 94' lang='lat' dir='ltr'><strong>cum</strong></span> 
     </span>
    </p>
   </div>
   <div class='ocr_carea' id='block_1_20' title="bbox 315 2108 1897 2189">
    <p class='ocr_par' dir='ltr' id='par_1_20' title="bbox 315 2108 1897 2189">
     <span class='ocr_line' id='line_1_20' title="bbox 315 2108 1897 2189; baseline -0.013 -8"><span class='ocrx_word' id='word_1_151' title='bbox 315 2126 572 2189; x_wconf 87' lang='lat' dir='ltr'><strong>homine;</strong></span> <span class='ocrx_word' id='word_1_152' title='bbox 604 2131 657 2177; x_wconf 88' lang='lat' dir='ltr'><strong>et</strong></span> <span class='ocrx_word' id='word_1_153' title='bbox 683 2138 746 2176; x_wconf 88' lang='lat' dir='ltr'><strong>ne</strong></span> <span class='ocrx_word' id='word_1_154' title='bbox 768 2121 881 2174; x_wconf 74' lang='lat' dir='ltr'><strong>lucc</strong></span> <span class='ocrx_word' id='word_1_155' title='bbox 902 2120 1210 2172; x_wconf 90' lang='lat' dir='ltr'><strong>amittantur</strong></span> <span class='ocrx_word' id='word_1_156' title='bbox 1240 2115 1472 2179; x_wconf 86' lang='lat' dir='ltr'><strong>timetur,</strong></span> <span class='ocrx_word' id='word_1_157' title='bbox 1507 2126 1626 2180; x_wconf 63' lang='lat' dir='ltr'><strong>quae</strong></span> <span class='ocrx_word' id='word_1_158' title='bbox 1655 2108 1897 2179; x_wconf 86' lang='lat' dir='ltr'><strong>quando-</strong></span> 
     </span>
    </p>
   </div>
   <div class='ocr_carea' id='block_1_21' title="bbox 316 2198 1896 2287">
    <p class='ocr_par' dir='ltr' id='par_1_21' title="bbox 316 2198 1896 2287">
     <span class='ocr_line' id='line_1_21' title="bbox 316 2198 1896 2287; baseline -0.013 -16"><span class='ocrx_word' id='word_1_159' title='bbox 316 2232 419 2287; x_wconf 91' lang='lat' dir='ltr'><strong>que</strong></span> <span class='ocrx_word' id='word_1_160' title='bbox 445 2213 734 2269; x_wconf 88' lang='lat' dir='ltr'><strong>amittenda</strong></span> <span class='ocrx_word' id='word_1_161' title='bbox 761 2221 902 2266; x_wconf 91' lang='lat' dir='ltr'><strong>sunt.</strong></span> <span class='ocrx_word' id='word_1_162' title='bbox 930 2209 1047 2264; x_wconf 89' lang='lat' dir='ltr'><strong>Non</strong></span> <span class='ocrx_word' id='word_1_163' title='bbox 1076 2214 1246 2277; x_wconf 90' lang='lat' dir='ltr'><strong>potest</strong></span> <span class='ocrx_word' id='word_1_164' title='bbox 1271 2212 1445 2259; x_wconf 89' lang='lat' dir='ltr'><strong>autem</strong></span> <span class='ocrx_word' id='word_1_165' title='bbox 1475 2202 1592 2256; x_wconf 87' lang='lat' dir='ltr'><strong>talis</strong></span> <span class='ocrx_word' id='word_1_166' title='bbox 1618 2198 1896 2270; x_wconf 87' lang='lat' dir='ltr'><strong>prudentia</strong></span> 
     </span>
    </p>
   </div>
   <div class='ocr_carea' id='block_1_22' title="bbox 314 2288 1892 2373">
    <p class='ocr_par' dir='ltr' id='par_1_22' title="bbox 314 2288 1892 2373">
     <span class='ocr_line' id='line_1_22' title="bbox 314 2288 1892 2373; baseline -0.013 -11"><span class='ocrx_word' id='word_1_167' title='bbox 314 2306 444 2373; x_wconf 85' lang='lat' dir='ltr'><strong>Legi</strong></span> <span class='ocrx_word' id='word_1_168' title='bbox 478 2305 567 2360; x_wconf 91' lang='lat' dir='ltr'><strong>Dei</strong></span> <span class='ocrx_word' id='word_1_169' title='bbox 594 2305 981 2371; x_wconf 84' lang='lat' dir='ltr'><strong>obtemperare.</strong></span> <span class='ocrx_word' id='word_1_170' title='bbox 1024 2297 1128 2353; x_wconf 89' lang='lat' dir='ltr'><strong>Sed</strong></span> <span class='ocrx_word' id='word_1_171' title='bbox 1170 2305 1293 2350; x_wconf 89' lang='lat' dir='ltr'><strong>tunc</strong></span> <span class='ocrx_word' id='word_1_172' title='bbox 1321 2294 1717 2361; x_wconf 89' lang='lat' dir='ltr'><strong>obtemperatur</strong></span> <span class='ocrx_word' id='word_1_173' title='bbox 1745 2288 1892 2355; x_wconf 81' lang='lat' dir='ltr'><strong>Legi,</strong></span> 
     </span>
    </p>
   </div>
   <div class='ocr_carea' id='block_1_23' title="bbox 315 2380 1901 2464">
    <p class='ocr_par' dir='ltr' id='par_1_23' title="bbox 315 2380 1901 2464">
     <span class='ocr_line' id='line_1_23' title="bbox 315 2380 1901 2464; baseline -0.012 -12"><span class='ocrx_word' id='word_1_174' title='bbox 315 2414 437 2453; x_wconf 89' lang='lat' dir='ltr'><strong>cum</strong></span> <span class='ocrx_word' id='word_1_175' title='bbox 484 2397 599 2450; x_wconf 72' lang='lat' dir='ltr'><strong>hmo</strong></span> <span class='ocrx_word' id='word_1_176' title='bbox 644 2393 917 2464; x_wconf 83' lang='lat' dir='ltr'><strong>prudentia</strong></span> <span class='ocrx_word' id='word_1_177' title='bbox 951 2389 1207 2444; x_wconf 84' lang='lat' dir='ltr'><strong>exstincta</strong></span> <span class='ocrx_word' id='word_1_178' title='bbox 1249 2386 1434 2450; x_wconf 80' lang='lat' dir='ltr'><strong>fuerit,</strong></span> <span class='ocrx_word' id='word_1_179' title='bbox 1464 2393 1521 2439; x_wconf 92' lang='lat' dir='ltr'><strong>ut</strong></span> <span class='ocrx_word' id='word_1_180' title='bbox 1559 2383 1608 2439; x_wconf 91' lang='lat' dir='ltr'><strong>ei</strong></span> <span class='ocrx_word' id='word_1_181' title='bbox 1650 2380 1901 2437; x_wconf 84' lang='lat' dir='ltr'><strong>succedat</strong></span> 
     </span>
    </p>
   </div>
   <div class='ocr_carea' id='block_1_24' title="bbox 315 2474 1899 2562">
    <p class='ocr_par' dir='ltr' id='par_1_24' title="bbox 315 2474 1899 2562">
     <span class='ocr_line' id='line_1_24' title="bbox 315 2474 1899 2562; baseline -0.011 -19"><span class='ocrx_word' id='word_1_182' title='bbox 315 2488 600 2562; x_wconf 86' lang='lat' dir='ltr'><strong>prudentia</strong></span> <span class='ocrx_word' id='word_1_183' title='bbox 619 2486 856 2555; x_wconf 81' lang='lat' dir='ltr'><strong>Spiritus,</strong></span> <span class='ocrx_word' id='word_1_184' title='bbox 879 2498 979 2552; x_wconf 90' lang='lat' dir='ltr'><strong>qua</strong></span> <span class='ocrx_word' id='word_1_185' title='bbox 1003 2496 1100 2535; x_wconf 90' lang='lat' dir='ltr'><strong>nec</strong></span> <span class='ocrx_word' id='word_1_186' title='bbox 1124 2482 1175 2534; x_wconf 94' lang='lat' dir='ltr'><strong>in</strong></span> <span class='ocrx_word' id='word_1_187' title='bbox 1201 2477 1581 2547; x_wconf 85' lang='lat' dir='ltr'><strong>temporalibus</strong></span> <span class='ocrx_word' id='word_1_188' title='bbox 1601 2474 1754 2529; x_wconf 89' lang='lat' dir='ltr'><strong>bonis</strong></span> <span class='ocrx_word' id='word_1_189' title='bbox 1776 2487 1899 2541; x_wconf 83' lang='lat' dir='ltr'><strong>Spes</strong></span> 
     </span>
    </p>
   </div>
   <div class='ocr_carea' id='block_1_25' title="bbox 314 2566 1900 2648">
    <p class='ocr_par' dir='ltr' id='par_1_25' title="bbox 314 2566 1900 2648">
     <span class='ocr_line' id='line_1_25' title="bbox 314 2566 1900 2648; baseline -0.011 -12"><span class='ocrx_word' id='word_1_190' title='bbox 314 2591 500 2637; x_wconf 89' lang='lat' dir='ltr'><strong>nostra</strong></span> <span class='ocrx_word' id='word_1_191' title='bbox 548 2588 649 2641; x_wconf 90' lang='lat' dir='ltr'><strong>cst,</strong></span> <span class='ocrx_word' id='word_1_192' title='bbox 698 2591 869 2648; x_wconf 88' lang='lat' dir='ltr'><strong>neque</strong></span> <span class='ocrx_word' id='word_1_193' title='bbox 916 2574 970 2626; x_wconf 91' lang='lat' dir='ltr'><strong>in</strong></span> <span class='ocrx_word' id='word_1_194' title='bbox 1010 2572 1163 2625; x_wconf 85' lang='lat' dir='ltr'><strong>malis</strong></span> <span class='ocrx_word' id='word_1_195' title='bbox 1209 2570 1384 2623; x_wconf 89' lang='lat' dir='ltr'><strong>timor.</strong></span> <span class='ocrx_word' id='word_1_196' title='bbox 1428 2566 1628 2621; x_wconf 90' lang='lat' dir='ltr'><strong>Eadem</strong></span> <span class='ocrx_word' id='word_1_197' title='bbox 1670 2576 1900 2631; x_wconf 81' lang='lat' dir='ltr'><strong>namque</strong></span> 
     </span>
    </p>
   </div>
   <div class='ocr_carea' id='block_1_26' title="bbox 312 2655 1897 2736">
    <p class='ocr_par' dir='ltr' id='par_1_26' title="bbox 312 2655 1897 2736">
     <span class='ocr_line' id='line_1_26' title="bbox 312 2655 1897 2736; baseline -0.013 -9"><span class='ocrx_word' id='word_1_198' title='bbox 312 2676 510 2727; x_wconf 71' lang='lat' dir='ltr'><strong>asiimae</strong></span> <span class='ocrx_word' id='word_1_199' title='bbox 539 2678 724 2725; x_wconf 91' lang='lat' dir='ltr'><strong>natura</strong></span> <span class='ocrx_word' id='word_1_200' title='bbox 755 2675 809 2722; x_wconf 90' lang='lat' dir='ltr'><strong>et</strong></span> <span class='ocrx_word' id='word_1_201' title='bbox 852 2664 1181 2736; x_wconf 89' lang='lat' dir='ltr'><strong>prudentiam</strong></span> <span class='ocrx_word' id='word_1_202' title='bbox 1223 2660 1398 2716; x_wconf 91' lang='lat' dir='ltr'><strong>carnis</strong></span> <span class='ocrx_word' id='word_1_203' title='bbox 1438 2658 1633 2723; x_wconf 84' lang='lat' dir='ltr'><strong>habet,</strong></span> <span class='ocrx_word' id='word_1_204' title='bbox 1664 2671 1783 2711; x_wconf 91' lang='lat' dir='ltr'><strong>cum</strong></span> <span class='ocrx_word' id='word_1_205' title='bbox 1814 2655 1897 2707; x_wconf 90' lang='lat' dir='ltr'><strong>iu-</strong></span> 
     </span>
    </p>
   </div>
   <div class='ocr_carea' id='block_1_27' title="bbox 311 2752 1900 2826">
    <p class='ocr_par' dir='ltr' id='par_1_27' title="bbox 311 2752 1900 2826">
     <span class='ocr_line' id='line_1_27' title="bbox 311 2752 1900 2826; baseline -0.014 -5"><span class='ocrx_word' id='word_1_206' title='bbox 311 2765 510 2821; x_wconf 80' lang='lat' dir='ltr'><strong>feriora</strong></span> <span class='ocrx_word' id='word_1_207' title='bbox 549 2768 812 2825; x_wconf 84' lang='lat' dir='ltr'><strong>sectatur;</strong></span> <span class='ocrx_word' id='word_1_208' title='bbox 844 2767 897 2813; x_wconf 88' lang='lat' dir='ltr'><strong>et</strong></span> <span class='ocrx_word' id='word_1_209' title='bbox 939 2754 1273 2826; x_wconf 90' lang='lat' dir='ltr'><strong>prudentiam</strong></span> <span class='ocrx_word' id='word_1_210' title='bbox 1300 2752 1517 2821; x_wconf 87' lang='lat' dir='ltr'><strong>spiritus</strong></span> <span class='ocrx_word' id='word_1_211' title='bbox 1539 2792 1553 2815; x_wconf 89' lang='lat'><strong>,</strong></span> <span class='ocrx_word' id='word_1_212' title='bbox 1587 2764 1707 2803; x_wconf 92' lang='lat' dir='ltr'><strong>cum</strong></span> <span class='ocrx_word' id='word_1_213' title='bbox 1737 2762 1900 2814; x_wconf 85' lang='lat' dir='ltr'><strong>supc—</strong></span> 
     </span>
    </p>
   </div>
   <div class='ocr_carea' id='block_1_28' title="bbox 313 2846 1903 2925">
    <p class='ocr_par' dir='ltr' id='par_1_28' title="bbox 313 2846 1903 2925">
     <span class='ocr_line' id='line_1_28' title="bbox 313 2846 1903 2925; baseline -0.012 -13"><span class='ocrx_word' id='word_1_214' title='bbox 313 2859 455 2912; x_wconf 80' lang='lat' dir='ltr'><strong>riora</strong></span> <span class='ocrx_word' id='word_1_215' title='bbox 495 2854 639 2925; x_wconf 81' lang='lat' dir='ltr'><strong>eligit</strong></span> <span class='ocrx_word' id='word_1_216' title='bbox 673 2872 686 2907; x_wconf 90' lang='lat'>:</span> <span class='ocrx_word' id='word_1_217' title='bbox 725 2849 1168 2922; x_wconf 79' lang='lat' dir='ltr'><strong>quemadmodum</strong></span> <span class='ocrx_word' id='word_1_218' title='bbox 1211 2846 1395 2902; x_wconf 85' lang='lat' dir='ltr'><strong>eadem</strong></span> <span class='ocrx_word' id='word_1_219' title='bbox 1434 2860 1583 2912; x_wconf 69' lang='lat' dir='ltr'><strong>aqum</strong></span> <span class='ocrx_word' id='word_1_220' title='bbox 1622 2853 1806 2896; x_wconf 89' lang='lat' dir='ltr'><strong>natura</strong></span> <span class='ocrx_word' id='word_1_221' title='bbox 1848 2846 1903 2894; x_wconf 89' lang='lat' dir='ltr'><strong>ct</strong></span> 
     </span>
    </p>
   </div>
   <div class='ocr_carea' id='block_1_29' title="bbox 314 2932 1899 3017">
    <p class='ocr_par' dir='ltr' id='par_1_29' title="bbox 314 2932 1899 3017">
     <span class='ocr_line' id='line_1_29' title="bbox 314 2932 1899 3017; baseline -0.011 -14"><span class='ocrx_word' id='word_1_222' title='bbox 314 2947 515 3017; x_wconf 80' lang='lat' dir='ltr'><strong>frigore</strong></span> <span class='ocrx_word' id='word_1_223' title='bbox 541 2943 861 3013; x_wconf 81' lang='lat' dir='ltr'><strong>congelascit</strong></span> <span class='ocrx_word' id='word_1_224' title='bbox 883 2982 897 3005; x_wconf 94' lang='lat'><strong>,</strong></span> <span class='ocrx_word' id='word_1_225' title='bbox 927 2951 980 2996; x_wconf 89' lang='lat' dir='ltr'><strong>et</strong></span> <span class='ocrx_word' id='word_1_226' title='bbox 1014 2939 1190 2994; x_wconf 86' lang='lat' dir='ltr'><strong>calore</strong></span> <span class='ocrx_word' id='word_1_227' title='bbox 1218 2937 1519 2992; x_wconf 84' lang='lat' dir='ltr'><strong>resolvitur.</strong></span> <span class='ocrx_word' id='word_1_228' title='bbox 1548 2934 1635 2989; x_wconf 92' lang='lat' dir='ltr'><strong>Sic</strong></span> <span class='ocrx_word' id='word_1_229' title='bbox 1661 2947 1787 3003; x_wconf 84' lang='lat' dir='ltr'><strong>ergo</strong></span> <span class='ocrx_word' id='word_1_230' title='bbox 1817 2932 1899 2986; x_wconf 89' lang='lat' dir='ltr'><strong>di-</strong></span> 
     </span>
    </p>
   </div>
   <div class='ocr_carea' id='block_1_30' title="bbox 314 3025 1900 3106">
    <p class='ocr_par' dir='ltr' id='par_1_30' title="bbox 314 3025 1900 3106">
     <span class='ocr_line' id='line_1_30' title="bbox 314 3025 1900 3106; baseline -0.012 -11"><span class='ocrx_word' id='word_1_231' title='bbox 314 3052 461 3096; x_wconf 90' lang='lat' dir='ltr'><strong>ctum</strong></span> <span class='ocrx_word' id='word_1_232' title='bbox 493 3047 611 3103; x_wconf 87' lang='lat' dir='ltr'><strong>est,</strong></span> <span class='ocrx_word' id='word_1_233' title='bbox 644 3036 767 3106; x_wconf 84' lang='lat' dir='ltr'><strong>Legi</strong></span> <span class='ocrx_word' id='word_1_234' title='bbox 797 3035 892 3087; x_wconf 84' lang='lat' dir='ltr'><strong>Dei</strong></span> <span class='ocrx_word' id='word_1_235' title='bbox 932 3050 1031 3086; x_wconf 91' lang='lat' dir='ltr'><strong>non</strong></span> <span class='ocrx_word' id='word_1_236' title='bbox 1057 3040 1126 3085; x_wconf 88' lang='lat' dir='ltr'><strong>est</strong></span> <span class='ocrx_word' id='word_1_237' title='bbox 1156 3030 1376 3101; x_wconf 88' lang='lat' dir='ltr'><strong>subjecta</strong></span> <span class='ocrx_word' id='word_1_238' title='bbox 1403 3026 1668 3098; x_wconf 81' lang='lat' dir='ltr'><strong>prudentia</strong></span> <span class='ocrx_word' id='word_1_239' title='bbox 1696 3025 1900 3090; x_wconf 85' lang='lat' dir='ltr'><strong>carnis;</strong></span> 
     </span>
    </p>
   </div>
   <div class='ocr_carea' id='block_1_31' title="bbox 316 3119 1894 3198">
    <p class='ocr_par' dir='ltr' id='par_1_31' title="bbox 316 3119 1894 3198">
     <span class='ocr_line' id='line_1_31' title="bbox 316 3119 1894 3198; baseline -0.01 -11"><span class='ocrx_word' id='word_1_240' title='bbox 316 3148 410 3186; x_wconf 80' lang='lat' dir='ltr'><strong>nec</strong></span> <span class='ocrx_word' id='word_1_241' title='bbox 436 3130 567 3184; x_wconf 87' lang='lat' dir='ltr'><strong>enim</strong></span> <span class='ocrx_word' id='word_1_242' title='bbox 595 3136 753 3198; x_wconf 82' lang='lat' dir='ltr'><strong>potest</strong></span> <span class='ocrx_word' id='word_1_243' title='bbox 774 3142 793 3191; x_wconf 86' lang='lat'><strong>;</strong></span> <span class='ocrx_word' id='word_1_244' title='bbox 818 3123 1083 3196; x_wconf 89' lang='lat' dir='ltr'><strong>quomodo</strong></span> <span class='ocrx_word' id='word_1_245' title='bbox 1110 3131 1250 3177; x_wconf 89' lang='lat' dir='ltr'><strong>recte</strong></span> <span class='ocrx_word' id='word_1_246' title='bbox 1276 3121 1561 3184; x_wconf 89' lang='lat' dir='ltr'><strong>diceretur,</strong></span> <span class='ocrx_word' id='word_1_247' title='bbox 1587 3119 1759 3173; x_wconf 89' lang='lat' dir='ltr'><strong>nivem</strong></span> <span class='ocrx_word' id='word_1_248' title='bbox 1788 3132 1894 3172; x_wconf 76' lang='lat' dir='ltr'><strong>non</strong></span> 
     </span>
    </p>
   </div>
   <div class='ocr_carea' id='block_1_32' title="bbox 319 3208 1900 3295">
    <p class='ocr_par' dir='ltr' id='par_1_32' title="bbox 319 3208 1900 3295">
     <span class='ocr_line' id='line_1_32' title="bbox 319 3208 1900 3295; baseline -0.013 -15"><span class='ocrx_word' id='word_1_249' title='bbox 319 3240 479 3295; x_wconf 86' lang='lat' dir='ltr'><strong>posse</strong></span> <span class='ocrx_word' id='word_1_250' title='bbox 522 3222 783 3285; x_wconf 90' lang='lat' dir='ltr'><strong>caleﬁeri;</strong></span> <span class='ocrx_word' id='word_1_251' title='bbox 831 3234 1001 3287; x_wconf 89' lang='lat' dir='ltr'><strong>neque</strong></span> <span class='ocrx_word' id='word_1_252' title='bbox 1040 3217 1180 3271; x_wconf 86' lang='lat' dir='ltr'><strong>cnim</strong></span> <span class='ocrx_word' id='word_1_253' title='bbox 1211 3220 1385 3283; x_wconf 79' lang='lat' dir='ltr'><strong>potest</strong></span> <span class='ocrx_word' id='word_1_254' title='bbox 1416 3228 1428 3264; x_wconf 90' lang='lat'><strong>:</strong></span> <span class='ocrx_word' id='word_1_255' title='bbox 1463 3210 1557 3265; x_wconf 90' lang='lat' dir='ltr'><strong>sed</strong></span> <span class='ocrx_word' id='word_1_256' title='bbox 1594 3225 1714 3264; x_wconf 85' lang='lat' dir='ltr'><strong>cum</strong></span> <span class='ocrx_word' id='word_1_257' title='bbox 1744 3208 1900 3263; x_wconf 89' lang='lat' dir='ltr'><strong>adbi-</strong></span> 
     </span>
    </p>
   </div>
   <div class='ocr_carea' id='block_1_33' title="bbox 317 3302 1901 3375">
    <p class='ocr_par' dir='ltr' id='par_1_33' title="bbox 317 3302 1901 3375">
     <span class='ocr_line' id='line_1_33' title="bbox 317 3302 1901 3375; baseline -0.011 -3"><span class='ocrx_word' id='word_1_258' title='bbox 317 3318 432 3372; x_wconf 91' lang='lat' dir='ltr'><strong>bito</strong></span> <span class='ocrx_word' id='word_1_259' title='bbox 457 3316 635 3371; x_wconf 89' lang='lat' dir='ltr'><strong>calore</strong></span> <span class='ocrx_word' id='word_1_260' title='bbox 668 3313 887 3367; x_wconf 86' lang='lat' dir='ltr'><strong>solvitur</strong></span> <span class='ocrx_word' id='word_1_261' title='bbox 907 3352 921 3375; x_wconf 93' lang='lat'><strong>,</strong></span> <span class='ocrx_word' id='word_1_262' title='bbox 954 3317 1008 3363; x_wconf 90' lang='lat' dir='ltr'><strong>et</strong></span> <span class='ocrx_word' id='word_1_263' title='bbox 1033 3308 1248 3362; x_wconf 89' lang='lat' dir='ltr'><strong>calescit</strong></span> <span class='ocrx_word' id='word_1_264' title='bbox 1270 3320 1402 3375; x_wconf 89' lang='lat' dir='ltr'><strong>aqua</strong></span> <span class='ocrx_word' id='word_1_265' title='bbox 1428 3346 1443 3371; x_wconf 90' lang='lat'><strong>,</strong></span> <span class='ocrx_word' id='word_1_266' title='bbox 1468 3302 1577 3374; x_wconf 86' lang='lat' dir='ltr'><strong>jam</strong></span> <span class='ocrx_word' id='word_1_267' title='bbox 1614 3317 1772 3358; x_wconf 87' lang='lat' dir='ltr'><strong>nemo</strong></span> <span class='ocrx_word' id='word_1_268' title='bbox 1803 3316 1901 3372; x_wconf 88' lang='lat' dir='ltr'><strong>po-</strong></span> 
     </span>
    </p>
   </div>
   <div class='ocr_carea' id='block_1_34' title="bbox 320 3403 996 3464">
    <p class='ocr_par' dir='ltr' id='par_1_34' title="bbox 320 3403 996 3464">
     <span class='ocr_line' id='line_1_34' title="bbox 320 3403 996 3464; baseline -0.015 -1"><span class='ocrx_word' id='word_1_269' title='bbox 320 3417 423 3464; x_wconf 89' lang='lat' dir='ltr'><strong>test</strong></span> <span class='ocrx_word' id='word_1_270' title='bbox 449 3422 567 3462; x_wconf 91' lang='lat' dir='ltr'><strong>eam</strong></span> <span class='ocrx_word' id='word_1_271' title='bbox 596 3406 768 3459; x_wconf 87' lang='lat' dir='ltr'><strong>nivem</strong></span> <span class='ocrx_word' id='word_1_272' title='bbox 800 3403 996 3456; x_wconf 89' lang='lat' dir='ltr'><strong>dicere.</strong></span> 
     </span>
    </p>
   </div>
   <div class='ocr_carea' id='block_1_35' title="bbox 393 3484 1904 3570">
    <p class='ocr_par' dir='ltr' id='par_1_35' title="bbox 393 3484 1904 3570">
     <span class='ocr_line' id='line_1_35' title="bbox 393 3484 1904 3570; baseline -0.012 -17"><span class='ocrx_word' id='word_1_273' title='bbox 393 3499 455 3552; x_wconf 92' lang='lat' dir='ltr'><strong>L.</strong></span> <span class='ocrx_word' id='word_1_274' title='bbox 491 3497 590 3570; x_wconf 72' lang='grc'><strong>[11).</strong></span> <span class='ocrx_word' id='word_1_275' title='bbox 619 3512 742 3561; x_wconf 87' lang='lat' dir='ltr'><strong>vm,</strong></span> <span class='ocrx_word' id='word_1_276' title='bbox 775 3492 885 3565; x_wconf 87' lang='grc'><strong>10.]</strong></span> <span class='ocrx_word' id='word_1_277' title='bbox 925 3490 1075 3560; x_wconf 91' lang='lat' dir='ltr'><strong>Quod</strong></span> <span class='ocrx_word' id='word_1_278' title='bbox 1117 3498 1293 3544; x_wconf 91' lang='lat' dir='ltr'><strong>autem</strong></span> <span class='ocrx_word' id='word_1_279' title='bbox 1334 3488 1406 3541; x_wconf 88' lang='lat' dir='ltr'><strong>ait</strong></span> <span class='ocrx_word' id='word_1_280' title='bbox 1436 3528 1449 3551; x_wconf 92' lang='lat'><strong>,</strong></span> <span class='ocrx_word' id='word_1_281' title='bbox 1479 3486 1675 3557; x_wconf 87' lang='lat' dir='ltr'><strong>Corpus</strong></span> <span class='ocrx_word' id='word_1_282' title='bbox 1704 3484 1904 3556; x_wconf 81' lang='lat' dir='ltr'><strong>quidem</strong></span> 
     </span>
    </p>
   </div>
   <div class='ocr_carea' id='block_1_36' title="bbox 321 3577 1905 3657">
    <p class='ocr_par' dir='ltr' id='par_1_36' title="bbox 321 3577 1905 3657">
     <span class='ocr_line' id='line_1_36' title="bbox 321 3577 1905 3657; baseline -0.013 -11"><span class='ocrx_word' id='word_1_283' title='bbox 321 3602 575 3646; x_wconf 88' lang='lat' dir='ltr'><strong>mortuum</strong></span> <span class='ocrx_word' id='word_1_284' title='bbox 613 3599 684 3642; x_wconf 88' lang='lat' dir='ltr'><strong>est</strong></span> <span class='ocrx_word' id='word_1_285' title='bbox 720 3595 919 3657; x_wconf 83' lang='lat' dir='ltr'><strong>propter</strong></span> <span class='ocrx_word' id='word_1_286' title='bbox 946 3592 1203 3654; x_wconf 81' lang='lat' dir='ltr'><strong>peccatum</strong></span> <span class='ocrx_word' id='word_1_287' title='bbox 1227 3622 1240 3645; x_wconf 90' lang='lat'><strong>,</strong></span> <span class='ocrx_word' id='word_1_288' title='bbox 1269 3580 1476 3649; x_wconf 82' lang='lat' dir='ltr'><strong>spiritus</strong></span> <span class='ocrx_word' id='word_1_289' title='bbox 1501 3588 1667 3631; x_wconf 90' lang='lat' dir='ltr'><strong>autem</strong></span> <span class='ocrx_word' id='word_1_290' title='bbox 1692 3577 1792 3627; x_wconf 86' lang='lat' dir='ltr'><strong>vita</strong></span> <span class='ocrx_word' id='word_1_291' title='bbox 1834 3583 1905 3628; x_wconf 85' lang='lat' dir='ltr'><strong>est</strong></span> 
     </span>
    </p>
   </div>
   <div class='ocr_carea' id='block_1_37' title="bbox 324 3667 1903 3753">
    <p class='ocr_par' dir='ltr' id='par_1_37' title="bbox 324 3667 1903 3753">
     <span class='ocr_line' id='line_1_37' title="bbox 324 3667 1903 3753; baseline -0.012 -17"><span class='ocrx_word' id='word_1_292' title='bbox 324 3692 531 3753; x_wconf 86' lang='lat' dir='ltr'><strong>propter</strong></span> <span class='ocrx_word' id='word_1_293' title='bbox 546 3678 833 3750; x_wconf 83' lang='lat' dir='ltr'><strong>justitiam;</strong></span> <span class='ocrx_word' id='word_1_294' title='bbox 874 3673 1066 3745; x_wconf 88' lang='lat' dir='ltr'><strong>Corpus</strong></span> <span class='ocrx_word' id='word_1_295' title='bbox 1105 3680 1355 3724; x_wconf 90' lang='lat' dir='ltr'><strong>mortuum</strong></span> <span class='ocrx_word' id='word_1_296' title='bbox 1396 3668 1589 3722; x_wconf 86' lang='lat' dir='ltr'><strong>dicitur</strong></span> <span class='ocrx_word' id='word_1_297' title='bbox 1614 3708 1628 3729; x_wconf 90' lang='lat'><strong>,</strong></span> <span class='ocrx_word' id='word_1_298' title='bbox 1658 3667 1903 3720; x_wconf 80' lang='lat' dir='ltr'><strong>mortale.</strong></span> 
     </span>
    </p>
   </div>
   <div class='ocr_carea' id='block_1_38' title="bbox 324 3762 1909 3843">
    <p class='ocr_par' dir='ltr' id='par_1_38' title="bbox 324 3762 1909 3843">
     <span class='ocr_line' id='line_1_38' title="bbox 324 3762 1909 3843; baseline -0.011 -15"><span class='ocrx_word' id='word_1_299' title='bbox 324 3776 404 3828; x_wconf 79' lang='lat' dir='ltr'><strong>Ex</strong></span> <span class='ocrx_word' id='word_1_300' title='bbox 433 3773 598 3843; x_wconf 88' lang='lat' dir='ltr'><strong>ipsius</strong></span> <span class='ocrx_word' id='word_1_301' title='bbox 623 3771 763 3825; x_wconf 92' lang='lat' dir='ltr'><strong>enim</strong></span> <span class='ocrx_word' id='word_1_302' title='bbox 796 3767 1113 3821; x_wconf 88' lang='lat' dir='ltr'><strong>mortalitate</strong></span> <span class='ocrx_word' id='word_1_303' title='bbox 1144 3762 1429 3833; x_wconf 80' lang='lat' dir='ltr'><strong>indigentia</strong></span> <span class='ocrx_word' id='word_1_304' title='bbox 1455 3776 1632 3815; x_wconf 87' lang='lat' dir='ltr'><strong>rerum</strong></span> <span class='ocrx_word' id='word_1_305' title='bbox 1669 3769 1909 3813; x_wconf 87' lang='lat' dir='ltr'><strong>terrena-</strong></span> 
     </span>
    </p>
   </div>
   <div class='ocr_carea' id='block_1_39' title="bbox 324 3857 1905 3929">
    <p class='ocr_par' dir='ltr' id='par_1_39' title="bbox 324 3857 1905 3929">
     <span class='ocr_line' id='line_1_39' title="bbox 324 3857 1905 3929; baseline -0.009 -4"><span class='ocrx_word' id='word_1_306' title='bbox 324 3884 444 3925; x_wconf 84' lang='lat' dir='ltr'><strong>rum</strong></span> <span class='ocrx_word' id='word_1_307' title='bbox 476 3866 725 3922; x_wconf 83' lang='lat' dir='ltr'><strong>sollicitat</strong></span> <span class='ocrx_word' id='word_1_308' title='bbox 767 3863 994 3917; x_wconf 91' lang='lat' dir='ltr'><strong>animam</strong></span> <span class='ocrx_word' id='word_1_309' title='bbox 1020 3902 1035 3927; x_wconf 92' lang='lat'><strong>,</strong></span> <span class='ocrx_word' id='word_1_310' title='bbox 1061 3868 1115 3915; x_wconf 91' lang='lat' dir='ltr'><strong>et</strong></span> <span class='ocrx_word' id='word_1_311' title='bbox 1140 3859 1382 3929; x_wconf 72' lang='lat' dir='ltr'><strong>quzedam</strong></span> <span class='ocrx_word' id='word_1_312' title='bbox 1405 3857 1663 3912; x_wconf 85' lang='lat' dir='ltr'><strong>desideria</strong></span> <span class='ocrx_word' id='word_1_313' title='bbox 1692 3859 1905 3925; x_wconf 86' lang='lat' dir='ltr'><strong>excitat,</strong></span> 
     </span>
    </p>
   </div>
   <div class='ocr_carea' id='block_1_40' title="bbox 326 3949 1911 4027">
    <p class='ocr_par' dir='ltr' id='par_1_40' title="bbox 326 3949 1911 4027">
     <span class='ocr_line' id='line_1_40' title="bbox 326 3949 1911 4027; baseline -0.006 -13"><span class='ocrx_word' id='word_1_314' title='bbox 326 3960 521 4027; x_wconf 87' lang='lat' dir='ltr'><strong>quibus</strong></span> <span class='ocrx_word' id='word_1_315' title='bbox 549 3956 615 4011; x_wconf 92' lang='lat' dir='ltr'><strong>ad</strong></span> <span class='ocrx_word' id='word_1_316' title='bbox 641 3954 967 4026; x_wconf 89' lang='lat' dir='ltr'><strong>peccandum</strong></span> <span class='ocrx_word' id='word_1_317' title='bbox 993 3968 1096 4007; x_wconf 91' lang='lat' dir='ltr'><strong>non</strong></span> <span class='ocrx_word' id='word_1_318' title='bbox 1118 3951 1450 4020; x_wconf 86' lang='lat' dir='ltr'><strong>obtemperat</strong></span> <span class='ocrx_word' id='word_1_319' title='bbox 1477 3950 1563 4019; x_wconf 90' lang='lat' dir='ltr'><strong>qui</strong></span> <span class='ocrx_word' id='word_1_320' title='bbox 1588 3949 1696 4019; x_wconf 85' lang='lat' dir='ltr'><strong>jam</strong></span> <span class='ocrx_word' id='word_1_321' title='bbox 1732 3960 1911 4006; x_wconf 87' lang='lat' dir='ltr'><strong>mente</strong></span> 
     </span>
    </p>
   </div>
   <div class='ocr_carea' id='block_1_41' title="bbox 326 4048 785 4118">
    <p class='ocr_par' dir='ltr' id='par_1_41' title="bbox 326 4048 785 4118">
     <span class='ocr_line' id='line_1_41' title="bbox 326 4048 785 4118; baseline -0.011 -13"><span class='ocrx_word' id='word_1_322' title='bbox 326 4052 493 4105; x_wconf 73' lang='lat' dir='ltr'><strong>servit</strong></span> <span class='ocrx_word' id='word_1_323' title='bbox 519 4050 643 4118; x_wconf 84' lang='lat' dir='ltr'><strong>Legi</strong></span> <span class='ocrx_word' id='word_1_324' title='bbox 673 4048 785 4102; x_wconf 88' lang='lat' dir='ltr'><strong>Dei.</strong></span> 
     </span>
    </p>
   </div>
   <div class='ocr_carea' id='block_1_42' title="bbox 402 4132 1913 4210">
    <p class='ocr_par' dir='ltr' id='par_1_42' title="bbox 402 4132 1913 4210">
     <span class='ocr_line' id='line_1_42' title="bbox 402 4132 1913 4210; baseline -0.005 -16"><span class='ocrx_word' id='word_1_325' title='bbox 402 4139 487 4194; x_wconf 89' lang='lat' dir='ltr'><strong>LI.</strong></span> <span class='ocrx_word' id='word_1_326' title='bbox 521 4139 619 4210; x_wconf 73' lang='grc'><strong>[11).</strong></span> <span class='ocrx_word' id='word_1_327' title='bbox 650 4136 890 4208; x_wconf 79' lang='lat' dir='ltr'><strong>vm,ll.]</strong></span> <span class='ocrx_word' id='word_1_328' title='bbox 904 4135 1053 4203; x_wconf 87' lang='lat' dir='ltr'><strong>Quod</strong></span> <span class='ocrx_word' id='word_1_329' title='bbox 1070 4144 1243 4189; x_wconf 90' lang='lat' dir='ltr'><strong>autem</strong></span> <span class='ocrx_word' id='word_1_330' title='bbox 1262 4135 1353 4199; x_wconf 90' lang='lat' dir='ltr'><strong>ait,</strong></span> <span class='ocrx_word' id='word_1_331' title='bbox 1372 4132 1431 4189; x_wconf 90' lang='lat' dir='ltr'><strong>Si</strong></span> <span class='ocrx_word' id='word_1_332' title='bbox 1451 4132 1670 4204; x_wconf 80' lang='lat' dir='ltr'><strong>Spiritus</strong></span> <span class='ocrx_word' id='word_1_333' title='bbox 1701 4134 1807 4205; x_wconf 85' lang='lat' dir='ltr'><strong>ejus</strong></span> <span class='ocrx_word' id='word_1_334' title='bbox 1828 4134 1913 4203; x_wconf 88' lang='lat' dir='ltr'><strong>qui</strong></span> 
     </span>
    </p>
   </div>
   <div class='ocr_carea' id='block_1_43' title="bbox 328 4223 1913 4291">
    <p class='ocr_par' dir='ltr' id='par_1_43' title="bbox 328 4223 1913 4291">
     <span class='ocr_line' id='line_1_43' title="bbox 328 4223 1913 4291; baseline -0.006 -6"><span class='ocrx_word' id='word_1_335' title='bbox 328 4232 589 4285; x_wconf 83' lang='lat' dir='ltr'><strong>suscitavit</strong></span> <span class='ocrx_word' id='word_1_336' title='bbox 617 4229 791 4283; x_wconf 82' lang='lat' dir='ltr'><strong>Jesum</strong></span> <span class='ocrx_word' id='word_1_337' title='bbox 820 4228 1074 4283; x_wconf 80' lang='lat' dir='ltr'><strong>Christum</strong></span> <span class='ocrx_word' id='word_1_338' title='bbox 1102 4243 1134 4278; x_wconf 83' lang='grc' dir='ltr'>α</span> <span class='ocrx_word' id='word_1_339' title='bbox 1167 4225 1378 4279; x_wconf 83' lang='lat' dir='ltr'><strong>mortuis</strong></span> <span class='ocrx_word' id='word_1_340' title='bbox 1402 4266 1416 4291; x_wconf 93' lang='lat'><strong>,</strong></span> <span class='ocrx_word' id='word_1_341' title='bbox 1449 4225 1637 4277; x_wconf 84' lang='lat' dir='ltr'><strong>habitat</strong></span> <span class='ocrx_word' id='word_1_342' title='bbox 1663 4224 1717 4277; x_wconf 89' lang='lat' dir='ltr'><strong>in</strong></span> <span class='ocrx_word' id='word_1_343' title='bbox 1742 4223 1913 4289; x_wconf 87' lang='lat' dir='ltr'><strong>vobis;</strong></span> 
     </span>
    </p>
   </div>
   <div class='ocr_carea' id='block_1_44' title="bbox 330 4315 1916 4392">
    <p class='ocr_par' dir='ltr' id='par_1_44' title="bbox 330 4315 1916 4392">
     <span class='ocr_line' id='line_1_44' title="bbox 330 4315 1916 4392; baseline -0.004 -19"><span class='ocrx_word' id='word_1_344' title='bbox 330 4323 419 4392; x_wconf 90' lang='lat' dir='ltr'><strong>qui</strong></span> <span class='ocrx_word' id='word_1_345' title='bbox 446 4321 701 4375; x_wconf 85' lang='lat' dir='ltr'><strong>suscitauit</strong></span> <span class='ocrx_word' id='word_1_346' title='bbox 725 4317 900 4373; x_wconf 70' lang='lat' dir='ltr'><strong>Iesum</strong></span> <span class='ocrx_word' id='word_1_347' title='bbox 941 4317 1198 4370; x_wconf 87' lang='lat' dir='ltr'><strong>Christum</strong></span> <span class='ocrx_word' id='word_1_348' title='bbox 1236 4333 1268 4370; x_wconf 92' lang='lat' dir='ltr'><strong>a</strong></span> <span class='ocrx_word' id='word_1_349' title='bbox 1292 4316 1503 4369; x_wconf 84' lang='lat' dir='ltr'><strong>mortuis</strong></span> <span class='ocrx_word' id='word_1_350' title='bbox 1527 4355 1541 4379; x_wconf 91' lang='lat'><strong>,</strong></span> <span class='ocrx_word' id='word_1_351' title='bbox 1574 4315 1839 4384; x_wconf 80' lang='lat' dir='ltr'><strong>viviﬁcabit</strong></span> <span class='ocrx_word' id='word_1_352' title='bbox 1870 4323 1916 4367; x_wconf 88' lang='lat' dir='ltr'><strong>et</strong></span> 
     </span>
    </p>
   </div>
   <div class='ocr_carea' id='block_1_45' title="bbox 332 4405 1916 4482">
    <p class='ocr_par' dir='ltr' id='par_1_45' title="bbox 332 4405 1916 4482">
     <span class='ocr_line' id='line_1_45' title="bbox 332 4405 1916 4482; baseline -0.007 -14"><span class='ocrx_word' id='word_1_353' title='bbox 332 4414 568 4468; x_wconf 84' lang='lat' dir='ltr'><strong>mortalia</strong></span> <span class='ocrx_word' id='word_1_354' title='bbox 592 4427 804 4482; x_wconf 86' lang='lat' dir='ltr'><strong>corpora</strong></span> <span class='ocrx_word' id='word_1_355' title='bbox 830 4418 993 4464; x_wconf 84' lang='lat' dir='ltr'><strong>vestra</strong></span> <span class='ocrx_word' id='word_1_356' title='bbox 1022 4424 1110 4478; x_wconf 86' lang='lat' dir='ltr'><strong>per</strong></span> <span class='ocrx_word' id='word_1_357' title='bbox 1144 4406 1502 4460; x_wconf 84' lang='lat' dir='ltr'><strong>inhabitantem</strong></span> <span class='ocrx_word' id='word_1_358' title='bbox 1531 4405 1779 4476; x_wconf 83' lang='lat' dir='ltr'><strong>Spiritum</strong></span> <span class='ocrx_word' id='word_1_359' title='bbox 1807 4406 1916 4474; x_wconf 83' lang='lat' dir='ltr'><strong>ejus</strong></span> 
     </span>
    </p>
   </div>
   <div class='ocr_carea' id='block_1_46' title="bbox 330 4496 1917 4571">
    <p class='ocr_par' dir='ltr' id='par_1_46' title="bbox 330 4496 1917 4571">
     <span class='ocr_line' id='line_1_46' title="bbox 330 4496 1917 4571; baseline -0.004 -15"><span class='ocrx_word' id='word_1_360' title='bbox 330 4504 389 4556; x_wconf 89' lang='lat' dir='ltr'><strong>in</strong></span> <span class='ocrx_word' id='word_1_361' title='bbox 431 4503 588 4566; x_wconf 80' lang='lat' dir='ltr'><strong>vobis,</strong></span> <span class='ocrx_word' id='word_1_362' title='bbox 630 4500 738 4571; x_wconf 82' lang='lat' dir='ltr'><strong>jam</strong></span> <span class='ocrx_word' id='word_1_363' title='bbox 781 4509 1025 4570; x_wconf 87' lang='lat' dir='ltr'><strong>quartum</strong></span> <span class='ocrx_word' id='word_1_364' title='bbox 1068 4497 1287 4567; x_wconf 85' lang='lat' dir='ltr'><strong>gradum</strong></span> <span class='ocrx_word' id='word_1_365' title='bbox 1326 4496 1655 4551; x_wconf 86' lang='lat' dir='ltr'><strong>demonstrat</strong></span> <span class='ocrx_word' id='word_1_366' title='bbox 1700 4511 1764 4549; x_wconf 82' lang='lat' dir='ltr'><strong>ex</strong></span> <span class='ocrx_word' id='word_1_367' title='bbox 1813 4496 1917 4550; x_wconf 93' lang='lat' dir='ltr'><strong>illis</strong></span> 
     </span>
    </p>
   </div>
   <div class='ocr_carea' id='block_1_47' title="bbox 332 4588 1917 4669">
    <p class='ocr_par' dir='ltr' id='par_1_47' title="bbox 332 4588 1917 4669">
     <span class='ocr_line' id='line_1_47' title="bbox 332 4588 1917 4669; baseline -0.006 -19"><span class='ocrx_word' id='word_1_368' title='bbox 332 4606 562 4669; x_wconf 90' lang='lat' dir='ltr'><strong>quatuor</strong></span> <span class='ocrx_word' id='word_1_369' title='bbox 595 4610 731 4666; x_wconf 89' lang='lat' dir='ltr'><strong>quos</strong></span> <span class='ocrx_word' id='word_1_370' title='bbox 768 4594 1010 4663; x_wconf 90' lang='lat' dir='ltr'><strong>superius</strong></span> <span class='ocrx_word' id='word_1_371' title='bbox 1062 4591 1403 4647; x_wconf 81' lang='lat' dir='ltr'><strong>distinximus</strong></span> <span class='ocrx_word' id='word_1_372' title='bbox 1440 4588 1623 4662; x_wconf 85' lang='lat' dir='ltr'><strong>(Prop.</strong></span> <span class='ocrx_word' id='word_1_373' title='bbox 1670 4588 1781 4660; x_wconf 77' lang='grc'><strong>15).</strong></span> <span class='ocrx_word' id='word_1_374' title='bbox 1813 4588 1917 4643; x_wconf 91' lang='lat' dir='ltr'><strong>Sed</strong></span> 
     </span>
    </p>
   </div>
   <div class='ocr_carea' id='block_1_48' title="bbox 331 4681 1916 4758">
    <p class='ocr_par' dir='ltr' id='par_1_48' title="bbox 331 4681 1916 4758">
     <span class='ocr_line' id='line_1_48' title="bbox 331 4681 1916 4758; baseline -0.005 -17"><span class='ocrx_word' id='word_1_375' title='bbox 331 4689 530 4758; x_wconf 85' lang='lat' dir='ltr'><strong>gradus</strong></span> <span class='ocrx_word' id='word_1_376' title='bbox 562 4688 663 4742; x_wconf 90' lang='lat' dir='ltr'><strong>iste</strong></span> <span class='ocrx_word' id='word_1_377' title='bbox 690 4688 743 4741; x_wconf 93' lang='lat' dir='ltr'><strong>in</strong></span> <span class='ocrx_word' id='word_1_378' title='bbox 772 4686 873 4741; x_wconf 88' lang='lat' dir='ltr'><strong>hac</strong></span> <span class='ocrx_word' id='word_1_379' title='bbox 897 4686 1001 4739; x_wconf 90' lang='lat' dir='ltr'><strong>vita</strong></span> <span class='ocrx_word' id='word_1_380' title='bbox 1036 4700 1143 4738; x_wconf 90' lang='lat' dir='ltr'><strong>non</strong></span> <span class='ocrx_word' id='word_1_381' title='bbox 1187 4683 1470 4738; x_wconf 82' lang='lat' dir='ltr'><strong>invenitur.</strong></span> <span class='ocrx_word' id='word_1_382' title='bbox 1509 4682 1743 4736; x_wconf 84' lang='lat' dir='ltr'><strong>Pertinet</strong></span> <span class='ocrx_word' id='word_1_383' title='bbox 1777 4681 1916 4735; x_wconf 90' lang='lat' dir='ltr'><strong>cnim</strong></span> 
     </span>
    </p>
   </div>
   <div class='ocr_carea' id='block_1_49' title="bbox 334 4773 1919 4848">
    <p class='ocr_par' dir='ltr' id='par_1_49' title="bbox 334 4773 1919 4848">
     <span class='ocr_line' id='line_1_49' title="bbox 334 4773 1919 4848; baseline -0.003 -17"><span class='ocrx_word' id='word_1_384' title='bbox 334 4778 404 4832; x_wconf 84' lang='lat' dir='ltr'><strong>ad</strong></span> <span class='ocrx_word' id='word_1_385' title='bbox 452 4794 605 4848; x_wconf 89' lang='lat' dir='ltr'><strong>spem</strong></span> <span class='ocrx_word' id='word_1_386' title='bbox 648 4793 751 4847; x_wconf 89' lang='lat' dir='ltr'><strong>qua</strong></span> <span class='ocrx_word' id='word_1_387' title='bbox 794 4784 1162 4845; x_wconf 82' lang='lat' dir='ltr'><strong>exspectamus</strong></span> <span class='ocrx_word' id='word_1_388' title='bbox 1209 4773 1624 4842; x_wconf 89' lang='lat' dir='ltr'><strong>redemptionem</strong></span> <span class='ocrx_word' id='word_1_389' title='bbox 1681 4773 1919 4842; x_wconf 90' lang='lat' dir='ltr'><strong>corporis</strong></span> 
     </span>
    </p>
   </div>
   <div class='ocr_carea' id='block_1_50' title="bbox 337 4867 1922 4941">
    <p class='ocr_par' dir='ltr' id='par_1_50' title="bbox 337 4867 1922 4941">
     <span class='ocr_line' id='line_1_50' title="bbox 337 4867 1922 4941; baseline -0.003 -17"><span class='ocrx_word' id='word_1_390' title='bbox 337 4872 547 4937; x_wconf 90' lang='lat' dir='ltr'><strong>nostri,</strong></span> <span class='ocrx_word' id='word_1_391' title='bbox 577 4869 791 4941; x_wconf 90' lang='lat' dir='ltr'><strong>quando</strong></span> <span class='ocrx_word' id='word_1_392' title='bbox 829 4869 1171 4937; x_wconf 87' lang='lat' dir='ltr'><strong>corruptibile</strong></span> <span class='ocrx_word' id='word_1_393' title='bbox 1211 4867 1312 4921; x_wconf 89' lang='lat' dir='ltr'><strong>hoc</strong></span> <span class='ocrx_word' id='word_1_394' title='bbox 1360 4867 1541 4921; x_wconf 88' lang='lat' dir='ltr'><strong>induet</strong></span> <span class='ocrx_word' id='word_1_395' title='bbox 1571 4868 1922 4936; x_wconf 90' lang='lat' dir='ltr'><strong>incorruptio-</strong></span> 
     </span>
    </p>
   </div>
   <div class='ocr_carea' id='block_1_51' title="bbox 336 4956 1919 5025">
    <p class='ocr_par' dir='ltr' id='par_1_51' title="bbox 336 4956 1919 5025">
     <span class='ocr_line' id='line_1_51' title="bbox 336 4956 1919 5025; baseline -0.002 -10"><span class='ocrx_word' id='word_1_396' title='bbox 336 4977 461 5015; x_wconf 78' lang='lat' dir='ltr'><strong>nem</strong></span> <span class='ocrx_word' id='word_1_397' title='bbox 484 5002 499 5025; x_wconf 96' lang='lat'><strong>,</strong></span> <span class='ocrx_word' id='word_1_398' title='bbox 542 4969 598 5015; x_wconf 91' lang='lat' dir='ltr'><strong>et</strong></span> <span class='ocrx_word' id='word_1_399' title='bbox 631 4960 851 5015; x_wconf 89' lang='lat' dir='ltr'><strong>mortale</strong></span> <span class='ocrx_word' id='word_1_400' title='bbox 894 4958 996 5014; x_wconf 88' lang='lat' dir='ltr'><strong>hoc</strong></span> <span class='ocrx_word' id='word_1_401' title='bbox 1029 4958 1209 5013; x_wconf 89' lang='lat' dir='ltr'><strong>induet</strong></span> <span class='ocrx_word' id='word_1_402' title='bbox 1254 4956 1700 5013; x_wconf 83' lang='lat' dir='ltr'><strong>immortalitatem</strong></span> <span class='ocrx_word' id='word_1_403' title='bbox 1731 4958 1775 5024; x_wconf 86' lang='grc'><strong>(1</strong></span> <span class='ocrx_word' id='word_1_404' title='bbox 1802 4956 1919 5012; x_wconf 88' lang='lat' dir='ltr'><strong>Cor.</strong></span> 
     </span>
    </p>
   </div>
   <div class='ocr_carea' id='block_1_52' title="bbox 338 5048 1923 5121">
    <p class='ocr_par' dir='ltr' id='par_1_52' title="bbox 338 5048 1923 5121">
     <span class='ocr_line' id='line_1_52' title="bbox 338 5048 1923 5121; baseline -0.003 -14"><span class='ocrx_word' id='word_1_405' title='bbox 338 5068 439 5116; x_wconf 80' lang='lat' dir='ltr'><strong>xv,</strong></span> <span class='ocrx_word' id='word_1_406' title='bbox 468 5054 558 5119; x_wconf 78' lang='grc'><strong>55,</strong></span> <span class='ocrx_word' id='word_1_407' title='bbox 583 5052 697 5121; x_wconf 70' lang='grc'><strong>54).</strong></span> <span class='ocrx_word' id='word_1_408' title='bbox 722 5052 797 5106; x_wconf 90' lang='lat' dir='ltr'><strong>lbi</strong></span> <span class='ocrx_word' id='word_1_409' title='bbox 828 5067 927 5121; x_wconf 84' lang='lat' dir='ltr'><strong>pax</strong></span> <span class='ocrx_word' id='word_1_410' title='bbox 957 5048 1188 5120; x_wconf 87' lang='lat' dir='ltr'><strong>perfecta</strong></span> <span class='ocrx_word' id='word_1_411' title='bbox 1217 5058 1319 5115; x_wconf 90' lang='lat' dir='ltr'><strong>est,</strong></span> <span class='ocrx_word' id='word_1_412' title='bbox 1343 5048 1463 5118; x_wconf 90' lang='lat' dir='ltr'><strong>quia</strong></span> <span class='ocrx_word' id='word_1_413' title='bbox 1494 5048 1624 5103; x_wconf 87' lang='lat' dir='ltr'><strong>nihil</strong></span> <span class='ocrx_word' id='word_1_414' title='bbox 1655 5048 1923 5102; x_wconf 89' lang='lat' dir='ltr'><strong>molestia-</strong></span> 
     </span>
    </p>
   </div>
   <div class='ocr_carea' id='block_1_53' title="bbox 338 5139 1920 5211">
    <p class='ocr_par' dir='ltr' id='par_1_53' title="bbox 338 5139 1920 5211">
     <span class='ocr_line' id='line_1_53' title="bbox 338 5139 1920 5211; baseline -0.003 -14"><span class='ocrx_word' id='word_1_415' title='bbox 338 5160 458 5197; x_wconf 77' lang='lat' dir='ltr'><strong>rum</strong></span> <span class='ocrx_word' id='word_1_416' title='bbox 502 5143 681 5196; x_wconf 90' lang='lat' dir='ltr'><strong>anima</strong></span> <span class='ocrx_word' id='word_1_417' title='bbox 720 5141 787 5196; x_wconf 90' lang='lat' dir='ltr'><strong>de</strong></span> <span class='ocrx_word' id='word_1_418' title='bbox 829 5157 1053 5211; x_wconf 88' lang='lat' dir='ltr'><strong>corpore</strong></span> <span class='ocrx_word' id='word_1_419' title='bbox 1094 5141 1288 5210; x_wconf 87' lang='lat' dir='ltr'><strong>patitur</strong></span> <span class='ocrx_word' id='word_1_420' title='bbox 1309 5139 1420 5209; x_wconf 88' lang='lat' dir='ltr'><strong>jam</strong></span> <span class='ocrx_word' id='word_1_421' title='bbox 1450 5139 1712 5194; x_wconf 88' lang='lat' dir='ltr'><strong>viviﬁcato</strong></span> <span class='ocrx_word' id='word_1_422' title='bbox 1735 5180 1750 5207; x_wconf 92' lang='lat'><strong>,</strong></span> <span class='ocrx_word' id='word_1_423' title='bbox 1779 5148 1833 5193; x_wconf 89' lang='lat' dir='ltr'><strong>et</strong></span> <span class='ocrx_word' id='word_1_424' title='bbox 1870 5140 1920 5193; x_wconf 89' lang='lat' dir='ltr'><strong>in</strong></span> 
     </span>
    </p>
   </div>
   <div class='ocr_carea' id='block_1_54' title="bbox 340 5233 1273 5302">
    <p class='ocr_par' dir='ltr' id='par_1_54' title="bbox 340 5233 1273 5302">
     <span class='ocr_line' id='line_1_54' title="bbox 340 5233 1273 5302; baseline -0.004 -16"><span class='ocrx_word' id='word_1_425' title='bbox 340 5234 618 5287; x_wconf 74' lang='lat' dir='ltr'><strong>cuzlestem</strong></span> <span class='ocrx_word' id='word_1_426' title='bbox 645 5233 949 5302; x_wconf 88' lang='lat' dir='ltr'><strong>qualitatem</strong></span> <span class='ocrx_word' id='word_1_427' title='bbox 978 5234 1273 5284; x_wconf 78' lang='lat' dir='ltr'><strong>immutate.</strong></span> 
     </span>
    </p>
   </div>
   <div class='ocr_carea' id='block_1_55' title="bbox 418 5318 1925 5395">
    <p class='ocr_par' dir='ltr' id='par_1_55' title="bbox 418 5318 1925 5395">
     <span class='ocr_line' id='line_1_55' title="bbox 418 5318 1925 5395; baseline -0.003 -17"><span class='ocrx_word' id='word_1_428' title='bbox 418 5324 526 5378; x_wconf 88' lang='lat' dir='ltr'><strong>Lll.</strong></span> <span class='ocrx_word' id='word_1_429' title='bbox 563 5322 663 5395; x_wconf 89' lang='grc'><strong>[11).</strong></span> <span class='ocrx_word' id='word_1_430' title='bbox 694 5339 806 5388; x_wconf 88' lang='lat' dir='ltr'><strong>vm,</strong></span> <span class='ocrx_word' id='word_1_431' title='bbox 841 5324 928 5391; x_wconf 79' lang='grc'><strong>15,</strong></span> <span class='ocrx_word' id='word_1_432' title='bbox 971 5320 1083 5394; x_wconf 86' lang='grc'><strong>16.]</strong></span> <span class='ocrx_word' id='word_1_433' title='bbox 1111 5321 1261 5390; x_wconf 90' lang='lat' dir='ltr'><strong>Quod</strong></span> <span class='ocrx_word' id='word_1_434' title='bbox 1290 5329 1467 5376; x_wconf 90' lang='lat' dir='ltr'><strong>autem</strong></span> <span class='ocrx_word' id='word_1_435' title='bbox 1508 5321 1602 5386; x_wconf 86' lang='lat' dir='ltr'><strong>ait,</strong></span> <span class='ocrx_word' id='word_1_436' title='bbox 1634 5318 1756 5375; x_wconf 88' lang='lat' dir='ltr'><strong>Non</strong></span> <span class='ocrx_word' id='word_1_437' title='bbox 1792 5322 1925 5374; x_wconf 85' lang='lat' dir='ltr'><strong>enim</strong></span> 
     </span>
    </p>
   </div>
   <div class='ocr_carea' id='block_1_56' title="bbox 346 5412 1927 5488">
    <p class='ocr_par' dir='ltr' id='par_1_56' title="bbox 346 5412 1927 5488">
     <span class='ocr_line' id='line_1_56' title="bbox 346 5412 1927 5488; baseline -0.003 -16"><span class='ocrx_word' id='word_1_438' title='bbox 346 5419 613 5488; x_wconf 82' lang='lat' dir='ltr'><strong>accepistis</strong></span> <span class='ocrx_word' id='word_1_439' title='bbox 637 5417 870 5487; x_wconf 84' lang='lat' dir='ltr'><strong>spiritum</strong></span> <span class='ocrx_word' id='word_1_440' title='bbox 892 5416 1137 5471; x_wconf 83' lang='lat' dir='ltr'><strong>seruitutis</strong></span> <span class='ocrx_word' id='word_1_441' title='bbox 1158 5415 1210 5468; x_wconf 90' lang='lat' dir='ltr'><strong>in</strong></span> <span class='ocrx_word' id='word_1_442' title='bbox 1239 5415 1465 5467; x_wconf 86' lang='lat' dir='ltr'><strong>timorem</strong></span> <span class='ocrx_word' id='word_1_443' title='bbox 1487 5414 1527 5478; x_wconf 75' lang='grc' dir='ltr'><strong>ί,</strong></span> <span class='ocrx_word' id='word_1_444' title='bbox 1554 5412 1642 5467; x_wconf 89' lang='lat' dir='ltr'><strong>sed</strong></span> <span class='ocrx_word' id='word_1_445' title='bbox 1666 5413 1927 5483; x_wconf 77' lang='lat' dir='ltr'><strong>accepistis</strong></span> 
     </span>
    </p>
   </div>
   <div class='ocr_carea' id='block_1_57' title="bbox 346 5505 1923 5583">
    <p class='ocr_par' dir='ltr' id='par_1_57' title="bbox 346 5505 1923 5583">
     <span class='ocr_line' id='line_1_57' title="bbox 346 5505 1923 5583; baseline -0.004 -18"><span class='ocrx_word' id='word_1_446' title='bbox 346 5514 585 5583; x_wconf 79' lang='lat' dir='ltr'><strong>spiritum</strong></span> <span class='ocrx_word' id='word_1_447' title='bbox 626 5510 912 5581; x_wconf 87' lang='lat' dir='ltr'><strong>adoptionis</strong></span> <span class='ocrx_word' id='word_1_448' title='bbox 955 5509 1194 5578; x_wconf 83' lang='lat' dir='ltr'><strong>ﬁliorum,</strong></span> <span class='ocrx_word' id='word_1_449' title='bbox 1225 5506 1278 5560; x_wconf 90' lang='lat' dir='ltr'><strong>in</strong></span> <span class='ocrx_word' id='word_1_450' title='bbox 1305 5521 1401 5573; x_wconf 90' lang='lat' dir='ltr'><strong>quo</strong></span> <span class='ocrx_word' id='word_1_451' title='bbox 1439 5506 1735 5572; x_wconf 84' lang='lat' dir='ltr'><strong>clamamus,</strong></span> <span class='ocrx_word' id='word_1_452' title='bbox 1767 5505 1923 5572; x_wconf 83' lang='lat' dir='ltr'><strong>Abba,</strong></span> 
     </span>
    </p>
   </div>
   <div class='ocr_carea' id='block_1_58' title="bbox 417 5613 1931 5686">
    <p class='ocr_par' dir='ltr' id='par_1_58' title="bbox 417 5613 1931 5686">
     <span class='ocr_line' id='line_1_58' title="bbox 417 5613 1931 5686; baseline -0.005 -13"><span class='ocrx_word' id='word_1_453' title='bbox 417 5627 432 5661; x_wconf 73' lang='grc'><strong>⁸</strong></span> <span class='ocrx_word' id='word_1_454' title='bbox 460 5624 597 5686; x_wconf 85' lang='lat' dir='ltr'><strong>Editi,</strong></span> <span class='ocrx_word' id='word_1_455' title='bbox 621 5623 875 5675; x_wconf 74' lang='lat' dir='ltr'><strong>intimare.</strong></span> <span class='ocrx_word' id='word_1_456' title='bbox 905 5628 958 5686; x_wconf 62' lang='lat' dir='ltr'><strong>st</strong></span> <span class='ocrx_word' id='word_1_457' title='bbox 979 5628 1106 5686; x_wconf 78' lang='lat' dir='ltr'><strong>Mss_..</strong></span> <span class='ocrx_word' id='word_1_458' title='bbox 1124 5615 1177 5672; x_wconf 84' lang='lat' dir='ltr'><strong>in</strong></span> <span class='ocrx_word' id='word_1_459' title='bbox 1199 5617 1415 5686; x_wconf 76' lang='lat' dir='ltr'><strong>timorem</strong></span> <span class='ocrx_word' id='word_1_460' title='bbox 1433 5630 1450 5678; x_wconf 91' lang='lat'><strong>;</strong></span> <span class='ocrx_word' id='word_1_461' title='bbox 1468 5618 1606 5686; x_wconf 80' lang='lat' dir='ltr'><strong>juxta</strong></span> <span class='ocrx_word' id='word_1_462' title='bbox 1629 5613 1931 5686; x_wconf 64' lang='lat' dir='ltr'><strong>grzecumeis</strong></span> 
     </span>
    </p>
   </div>
   <div class='ocr_carea' id='block_1_59' title="bbox 348 5678 1931 5798">
    <p class='ocr_par' dir='ltr' id='par_1_59' title="bbox 348 5678 1931 5798">
     <span class='ocr_line' id='line_1_59' title="bbox 348 5678 1931 5798; baseline -0.005 -62"><span class='ocrx_word' id='word_1_463' title='bbox 348 5678 682 5798; x_wconf 40' lang='grc' dir='ltr'><strong>ἕΰὲηίειιὶ</strong></span> <span class='ocrx_word' id='word_1_464' title='bbox 704 5684 947 5737; x_wconf 83' lang='lat' dir='ltr'><strong>consentit</strong></span> <span class='ocrx_word' id='word_1_465' title='bbox 988 5681 1187 5745; x_wconf 75' lang='lat' dir='ltr'><strong>Vulgata</strong></span> <span class='ocrx_word' id='word_1_466' title='bbox 1230 5682 1281 5732; x_wconf 90' lang='lat' dir='ltr'><strong>in</strong></span> <span class='ocrx_word' id='word_1_467' title='bbox 1321 5678 1529 5743; x_wconf 80' lang='lat' dir='ltr'><strong>antiquis</strong></span> <span class='ocrx_word' id='word_1_468' title='bbox 1562 5678 1931 5730; x_wconf 80' lang='lat' dir='ltr'><strong>Corbciensibus</strong></span> 
     </span>
    </p>
   </div>
   <div class='ocr_carea' id='block_1_60' title="bbox 1758 331 2132 389">
    <p class='ocr_par' dir='ltr' id='par_1_60' title="bbox 1758 331 2132 389">
     <span class='ocr_line' id='line_1_60' title="bbox 1758 331 2132 389; baseline -0.005 -1"><span class='ocrx_word' id='word_1_469' title='bbox 1758 331 2132 389; x_wconf 83' lang='lat' dir='ltr'><strong>EXPOSITIO.</strong></span> 
     </span>
    </p>
   </div>
   <div class='ocr_carea' id='block_1_61' title="bbox 3438 342 3580 400">
    <p class='ocr_par' dir='ltr' id='par_1_61' title="bbox 3438 342 3580 400">
     <span class='ocr_line' id='line_1_61' title="bbox 3438 342 3580 400; baseline 0.014 -3"><span class='ocrx_word' id='word_1_470' title='bbox 3438 342 3580 400; x_wconf 61' lang='lat'><strong>2074</strong></span> 
     </span>
    </p>
   </div>
   <div class='ocr_carea' id='block_1_62' title="bbox 2002 449 3575 517">
    <p class='ocr_par' dir='ltr' id='par_1_62' title="bbox 2002 449 3575 517">
     <span class='ocr_line' id='line_1_62' title="bbox 2002 449 3575 517; baseline 0.009 -15"><span class='ocrx_word' id='word_1_471' title='bbox 2002 449 2179 517; x_wconf 79' lang='lat' dir='ltr'><strong>Pater,</strong></span> <span class='ocrx_word' id='word_1_472' title='bbox 2192 450 2583 510; x_wconf 79' lang='lat' dir='ltr'><strong>evidentissima</strong></span> <span class='ocrx_word' id='word_1_473' title='bbox 2598 452 2826 509; x_wconf 91' lang='lat' dir='ltr'><strong>duorum</strong></span> <span class='ocrx_word' id='word_1_474' title='bbox 2844 455 3303 515; x_wconf 85' lang='lat' dir='ltr'><strong>Testamentorum</strong></span> <span class='ocrx_word' id='word_1_475' title='bbox 3324 459 3575 516; x_wconf 82' lang='lat' dir='ltr'><strong>distincta</strong></span> 
     </span>
    </p>
   </div>
   <div class='ocr_carea' id='block_1_63' title="bbox 1999 543 3572 618">
    <p class='ocr_par' dir='ltr' id='par_1_63' title="bbox 1999 543 3572 618">
     <span class='ocr_line' id='line_1_63' title="bbox 1999 543 3572 618; baseline 0.006 -25"><span class='ocrx_word' id='word_1_476' title='bbox 1999 549 2123 595; x_wconf 88' lang='lat' dir='ltr'><strong>sunt</strong></span> <span class='ocrx_word' id='word_1_477' title='bbox 2142 550 2396 612; x_wconf 89' lang='lat' dir='ltr'><strong>tempora.</strong></span> <span class='ocrx_word' id='word_1_478' title='bbox 2425 543 2559 599; x_wconf 84' lang='lat' dir='ltr'><strong>Illud</strong></span> <span class='ocrx_word' id='word_1_479' title='bbox 2575 544 2715 599; x_wconf 89' lang='lat' dir='ltr'><strong>enim</strong></span> <span class='ocrx_word' id='word_1_480' title='bbox 2740 544 2805 599; x_wconf 93' lang='lat' dir='ltr'><strong>ad</strong></span> <span class='ocrx_word' id='word_1_481' title='bbox 2832 547 3075 602; x_wconf 89' lang='lat' dir='ltr'><strong>timorem</strong></span> <span class='ocrx_word' id='word_1_482' title='bbox 3100 549 3347 618; x_wconf 85' lang='lat' dir='ltr'><strong>pertinet,</strong></span> <span class='ocrx_word' id='word_1_483' title='bbox 3368 550 3572 605; x_wconf 87' lang='lat' dir='ltr'><strong>Novum</strong></span> 
     </span>
    </p>
   </div>
   <div class='ocr_carea' id='block_1_64' title="bbox 1999 633 3570 709">
    <p class='ocr_par' dir='ltr' id='par_1_64' title="bbox 1999 633 3570 709">
     <span class='ocr_line' id='line_1_64' title="bbox 1999 633 3570 709; baseline 0.007 -26"><span class='ocrx_word' id='word_1_484' title='bbox 1999 638 2175 685; x_wconf 90' lang='lat' dir='ltr'><strong>autem</strong></span> <span class='ocrx_word' id='word_1_485' title='bbox 2214 633 2278 687; x_wconf 93' lang='lat' dir='ltr'><strong>ad</strong></span> <span class='ocrx_word' id='word_1_486' title='bbox 2316 634 2647 690; x_wconf 87' lang='lat' dir='ltr'><strong>charitatem.</strong></span> <span class='ocrx_word' id='word_1_487' title='bbox 2677 635 2783 691; x_wconf 86' lang='lat' dir='ltr'><strong>Sed</strong></span> <span class='ocrx_word' id='word_1_488' title='bbox 2809 638 3068 706; x_wconf 64' lang='lat' dir='ltr'><strong>quaeritur</strong></span> <span class='ocrx_word' id='word_1_489' title='bbox 3091 639 3212 709; x_wconf 88' lang='lat' dir='ltr'><strong>quis</strong></span> <span class='ocrx_word' id='word_1_490' title='bbox 3249 640 3318 694; x_wconf 87' lang='lat' dir='ltr'><strong>sit</strong></span> <span class='ocrx_word' id='word_1_491' title='bbox 3354 641 3570 709; x_wconf 89' lang='lat' dir='ltr'><strong>spiritus</strong></span> 
     </span>
    </p>
   </div>
   <div class='ocr_carea' id='block_1_65' title="bbox 2000 722 3576 801">
    <p class='ocr_par' dir='ltr' id='par_1_65' title="bbox 2000 722 3576 801">
     <span class='ocr_line' id='line_1_65' title="bbox 2000 722 3576 801; baseline 0.008 -26"><span class='ocrx_word' id='word_1_492' title='bbox 2000 722 2305 777; x_wconf 87' lang='lat' dir='ltr'><strong>servitutis?</strong></span> <span class='ocrx_word' id='word_1_493' title='bbox 2341 724 2473 779; x_wconf 85' lang='lat' dir='ltr'><strong>Nam</strong></span> <span class='ocrx_word' id='word_1_494' title='bbox 2499 727 2719 795; x_wconf 87' lang='lat' dir='ltr'><strong>spiritus</strong></span> <span class='ocrx_word' id='word_1_495' title='bbox 2759 727 3063 798; x_wconf 88' lang='lat' dir='ltr'><strong>adoptionis</strong></span> <span class='ocrx_word' id='word_1_496' title='bbox 3101 730 3326 785; x_wconf 89' lang='lat' dir='ltr'><strong>ﬁliorum</strong></span> <span class='ocrx_word' id='word_1_497' title='bbox 3352 770 3366 794; x_wconf 88' lang='lat'><strong>,</strong></span> <span class='ocrx_word' id='word_1_498' title='bbox 3396 731 3576 801; x_wconf 87' lang='lat' dir='ltr'><strong>utique</strong></span> 
     </span>
    </p>
   </div>
   <div class='ocr_carea' id='block_1_66' title="bbox 1998 810 3578 890">
    <p class='ocr_par' dir='ltr' id='par_1_66' title="bbox 1998 810 3578 890">
     <span class='ocr_line' id='line_1_66' title="bbox 1998 810 3578 890; baseline 0.006 -23"><span class='ocrx_word' id='word_1_499' title='bbox 1998 810 2224 881; x_wconf 89' lang='lat' dir='ltr'><strong>Spiritus</strong></span> <span class='ocrx_word' id='word_1_500' title='bbox 2266 827 2478 869; x_wconf 88' lang='lat' dir='ltr'><strong>sanctus</strong></span> <span class='ocrx_word' id='word_1_501' title='bbox 2518 825 2617 870; x_wconf 90' lang='lat' dir='ltr'><strong>est.</strong></span> <span class='ocrx_word' id='word_1_502' title='bbox 2663 817 2890 886; x_wconf 89' lang='lat' dir='ltr'><strong>Spiritus</strong></span> <span class='ocrx_word' id='word_1_503' title='bbox 2931 835 3059 890; x_wconf 84' lang='lat' dir='ltr'><strong>ergo</strong></span> <span class='ocrx_word' id='word_1_504' title='bbox 3102 821 3374 875; x_wconf 88' lang='lat' dir='ltr'><strong>servitutis</strong></span> <span class='ocrx_word' id='word_1_505' title='bbox 3408 821 3462 875; x_wconf 94' lang='lat' dir='ltr'><strong>in</strong></span> <span class='ocrx_word' id='word_1_506' title='bbox 3509 822 3578 876; x_wconf 84' lang='lat' dir='ltr'><strong>ti-</strong></span> 
     </span>
    </p>
   </div>
   <div class='ocr_carea' id='block_1_67' title="bbox 1999 904 3574 989">
    <p class='ocr_par' dir='ltr' id='par_1_67' title="bbox 1999 904 3574 989">
     <span class='ocr_line' id='line_1_67' title="bbox 1999 904 3574 989; baseline 0.006 -32"><span class='ocrx_word' id='word_1_507' title='bbox 1999 917 2167 969; x_wconf 89' lang='lat' dir='ltr'><strong>more,</strong></span> <span class='ocrx_word' id='word_1_508' title='bbox 2197 904 2284 959; x_wconf 90' lang='lat' dir='ltr'><strong>ille</strong></span> <span class='ocrx_word' id='word_1_509' title='bbox 2312 913 2394 960; x_wconf 91' lang='lat' dir='ltr'><strong>est</strong></span> <span class='ocrx_word' id='word_1_510' title='bbox 2418 907 2505 989; x_wconf 87' lang='lat' dir='ltr'><strong>qui</strong></span> <span class='ocrx_word' id='word_1_511' title='bbox 2535 915 2846 975; x_wconf 87' lang='lat' dir='ltr'><strong>potestatem</strong></span> <span class='ocrx_word' id='word_1_512' title='bbox 2872 909 3031 965; x_wconf 88' lang='lat' dir='ltr'><strong>habet</strong></span> <span class='ocrx_word' id='word_1_513' title='bbox 3054 911 3275 975; x_wconf 86' lang='lat' dir='ltr'><strong>mortis;</strong></span> <span class='ocrx_word' id='word_1_514' title='bbox 3303 912 3425 981; x_wconf 85' lang='lat' dir='ltr'><strong>quia</strong></span> <span class='ocrx_word' id='word_1_515' title='bbox 3457 912 3574 980; x_wconf 90' lang='lat' dir='ltr'><strong>ipso</strong></span> 
     </span>
    </p>
   </div>
   <div class='ocr_carea' id='block_1_68' title="bbox 2001 992 3575 1071">
    <p class='ocr_par' dir='ltr' id='par_1_68' title="bbox 2001 992 3575 1071">
     <span class='ocr_line' id='line_1_68' title="bbox 2001 992 3575 1071; baseline 0.007 -25"><span class='ocrx_word' id='word_1_516' title='bbox 2001 992 2191 1048; x_wconf 90' lang='lat' dir='ltr'><strong>timore</strong></span> <span class='ocrx_word' id='word_1_517' title='bbox 2229 1009 2323 1063; x_wconf 89' lang='lat' dir='ltr'><strong>per</strong></span> <span class='ocrx_word' id='word_1_518' title='bbox 2351 1003 2513 1049; x_wconf 88' lang='lat' dir='ltr'><strong>totam</strong></span> <span class='ocrx_word' id='word_1_519' title='bbox 2551 997 2710 1051; x_wconf 91' lang='lat' dir='ltr'><strong>vitam</strong></span> <span class='ocrx_word' id='word_1_520' title='bbox 2740 999 2816 1053; x_wconf 90' lang='lat' dir='ltr'><strong>rei</strong></span> <span class='ocrx_word' id='word_1_521' title='bbox 2855 1009 3007 1054; x_wconf 90' lang='lat' dir='ltr'><strong>erant</strong></span> <span class='ocrx_word' id='word_1_522' title='bbox 3045 1002 3315 1056; x_wconf 88' lang='lat' dir='ltr'><strong>servitutis</strong></span> <span class='ocrx_word' id='word_1_523' title='bbox 3354 1003 3442 1071; x_wconf 86' lang='lat' dir='ltr'><strong>qui</strong></span> <span class='ocrx_word' id='word_1_524' title='bbox 3475 1002 3575 1057; x_wconf 91' lang='lat' dir='ltr'><strong>sub</strong></span> 
     </span>
    </p>
   </div>
   <div class='ocr_carea' id='block_1_69' title="bbox 1999 1084 3571 1164">
    <p class='ocr_par' dir='ltr' id='par_1_69' title="bbox 1999 1084 3571 1164">
     <span class='ocr_line' id='line_1_69' title="bbox 1999 1084 3571 1164; baseline 0.006 -26"><span class='ocrx_word' id='word_1_525' title='bbox 1999 1084 2140 1155; x_wconf 90' lang='lat' dir='ltr'><strong>Lege</strong></span> <span class='ocrx_word' id='word_1_526' title='bbox 2166 1086 2385 1155; x_wconf 85' lang='lat' dir='ltr'><strong>agebant</strong></span> <span class='ocrx_word' id='word_1_527' title='bbox 2410 1127 2425 1153; x_wconf 93' lang='lat'><strong>,</strong></span> <span class='ocrx_word' id='word_1_528' title='bbox 2456 1101 2559 1141; x_wconf 91' lang='lat' dir='ltr'><strong>non</strong></span> <span class='ocrx_word' id='word_1_529' title='bbox 2599 1089 2697 1143; x_wconf 89' lang='lat' dir='ltr'><strong>sub</strong></span> <span class='ocrx_word' id='word_1_530' title='bbox 2722 1090 2907 1157; x_wconf 86' lang='lat' dir='ltr'><strong>gratia.</strong></span> <span class='ocrx_word' id='word_1_531' title='bbox 2952 1090 3062 1145; x_wconf 91' lang='lat' dir='ltr'><strong>Nec</strong></span> <span class='ocrx_word' id='word_1_532' title='bbox 3090 1092 3279 1146; x_wconf 90' lang='lat' dir='ltr'><strong>mirum</strong></span> <span class='ocrx_word' id='word_1_533' title='bbox 3319 1100 3401 1146; x_wconf 86' lang='lat' dir='ltr'><strong>est</strong></span> <span class='ocrx_word' id='word_1_534' title='bbox 3428 1092 3571 1164; x_wconf 83' lang='lat' dir='ltr'><strong>quod</strong></span> 
     </span>
    </p>
   </div>
   <div class='ocr_carea' id='block_1_70' title="bbox 2000 1178 3570 1253">
    <p class='ocr_par' dir='ltr' id='par_1_70' title="bbox 2000 1178 3570 1253">
     <span class='ocr_line' id='line_1_70' title="bbox 2000 1178 3570 1253; baseline 0.004 -22"><span class='ocrx_word' id='word_1_535' title='bbox 2000 1190 2120 1231; x_wconf 91' lang='lat' dir='ltr'><strong>eum</strong></span> <span class='ocrx_word' id='word_1_536' title='bbox 2150 1185 2467 1245; x_wconf 88' lang='lat' dir='ltr'><strong>acceperunt</strong></span> <span class='ocrx_word' id='word_1_537' title='bbox 2508 1193 2602 1247; x_wconf 90' lang='lat' dir='ltr'><strong>per</strong></span> <span class='ocrx_word' id='word_1_538' title='bbox 2628 1178 2857 1233; x_wconf 90' lang='lat' dir='ltr'><strong>divinam</strong></span> <span class='ocrx_word' id='word_1_539' title='bbox 2893 1182 3274 1249; x_wconf 89' lang='lat' dir='ltr'><strong>providentiam</strong></span> <span class='ocrx_word' id='word_1_540' title='bbox 3314 1183 3405 1253; x_wconf 93' lang='lat' dir='ltr'><strong>qui</strong></span> <span class='ocrx_word' id='word_1_541' title='bbox 3431 1183 3570 1238; x_wconf 84' lang='lat' dir='ltr'><strong>bona</strong></span> 
     </span>
    </p>
   </div>
   <div class='ocr_carea' id='block_1_71' title="bbox 2000 1269 3575 1342">
    <p class='ocr_par' dir='ltr' id='par_1_71' title="bbox 2000 1269 3575 1342">
     <span class='ocr_line' id='line_1_71' title="bbox 2000 1269 3575 1342; baseline 0.005 -20"><span class='ocrx_word' id='word_1_542' title='bbox 2000 1269 2307 1338; x_wconf 88' lang='lat' dir='ltr'><strong>temporalia</strong></span> <span class='ocrx_word' id='word_1_543' title='bbox 2348 1270 2686 1324; x_wconf 90' lang='lat' dir='ltr'><strong>sectabantur</strong></span> <span class='ocrx_word' id='word_1_544' title='bbox 2709 1312 2724 1336; x_wconf 89' lang='lat'><strong>,</strong></span> <span class='ocrx_word' id='word_1_545' title='bbox 2759 1285 2863 1326; x_wconf 92' lang='lat' dir='ltr'><strong>non</strong></span> <span class='ocrx_word' id='word_1_546' title='bbox 2902 1273 3024 1342; x_wconf 89' lang='lat' dir='ltr'><strong>quia</strong></span> <span class='ocrx_word' id='word_1_547' title='bbox 3056 1274 3219 1342; x_wconf 90' lang='lat' dir='ltr'><strong>ipsius</strong></span> <span class='ocrx_word' id='word_1_548' title='bbox 3261 1282 3343 1329; x_wconf 89' lang='lat' dir='ltr'><strong>est</strong></span> <span class='ocrx_word' id='word_1_549' title='bbox 3380 1275 3487 1329; x_wconf 87' lang='lat' dir='ltr'><strong>Lex</strong></span> <span class='ocrx_word' id='word_1_550' title='bbox 3518 1283 3575 1330; x_wconf 88' lang='lat' dir='ltr'><strong>et</strong></span> 
     </span>
    </p>
   </div>
   <div class='ocr_carea' id='block_1_72' title="bbox 2000 1361 3574 1431">
    <p class='ocr_par' dir='ltr' id='par_1_72' title="bbox 2000 1361 3574 1431">
     <span class='ocr_line' id='line_1_72' title="bbox 2000 1361 3574 1431; baseline 0.003 -15"><span class='ocrx_word' id='word_1_551' title='bbox 2000 1362 2325 1417; x_wconf 87' lang='lat' dir='ltr'><strong>mandatum.</strong></span> <span class='ocrx_word' id='word_1_552' title='bbox 2353 1362 2483 1416; x_wconf 86' lang='lat' dir='ltr'><strong>Nam</strong></span> <span class='ocrx_word' id='word_1_553' title='bbox 2514 1361 2621 1417; x_wconf 74' lang='lat' dir='ltr'><strong>Lex</strong></span> <span class='ocrx_word' id='word_1_554' title='bbox 2645 1374 2839 1430; x_wconf 86' lang='lat' dir='ltr'><strong>sancta,</strong></span> <span class='ocrx_word' id='word_1_555' title='bbox 2867 1372 2913 1418; x_wconf 89' lang='lat' dir='ltr'><strong>et</strong></span> <span class='ocrx_word' id='word_1_556' title='bbox 2942 1366 3235 1419; x_wconf 86' lang='lat' dir='ltr'><strong>mandatum</strong></span> <span class='ocrx_word' id='word_1_557' title='bbox 3254 1377 3504 1431; x_wconf 89' lang='lat' dir='ltr'><strong>sanctum,</strong></span> <span class='ocrx_word' id='word_1_558' title='bbox 3527 1376 3574 1420; x_wconf 81' lang='lat' dir='ltr'><strong>et</strong></span> 
     </span>
    </p>
   </div>
   <div class='ocr_carea' id='block_1_73' title="bbox 1991 1452 3577 1527">
    <p class='ocr_par' dir='ltr' id='par_1_73' title="bbox 1991 1452 3577 1527">
     <span class='ocr_line' id='line_1_73' title="bbox 1991 1452 3577 1527; baseline 0.003 -21"><span class='ocrx_word' id='word_1_559' title='bbox 1991 1454 2189 1524; x_wconf 87' lang='lat' dir='ltr'><strong>justum</strong></span> <span class='ocrx_word' id='word_1_560' title='bbox 2222 1462 2266 1507; x_wconf 91' lang='lat' dir='ltr'><strong>et</strong></span> <span class='ocrx_word' id='word_1_561' title='bbox 2295 1456 2479 1507; x_wconf 89' lang='lat' dir='ltr'><strong>bonum</strong></span> <span class='ocrx_word' id='word_1_562' title='bbox 2509 1454 2685 1523; x_wconf 82' lang='lat' dir='ltr'><strong>(Rom.</strong></span> <span class='ocrx_word' id='word_1_563' title='bbox 2717 1471 2826 1519; x_wconf 88' lang='lat' dir='ltr'><strong>vu,</strong></span> <span class='ocrx_word' id='word_1_564' title='bbox 2862 1452 2950 1527; x_wconf 72' lang='lat'><strong>12)</strong></span> <span class='ocrx_word' id='word_1_565' title='bbox 2986 1473 2999 1509; x_wconf 93' lang='lat'>:</span> <span class='ocrx_word' id='word_1_566' title='bbox 3032 1456 3117 1511; x_wconf 90' lang='lat' dir='ltr'><strong>ille</strong></span> <span class='ocrx_word' id='word_1_567' title='bbox 3154 1466 3328 1510; x_wconf 90' lang='lat' dir='ltr'><strong>autem</strong></span> <span class='ocrx_word' id='word_1_568' title='bbox 3361 1456 3577 1525; x_wconf 89' lang='lat' dir='ltr'><strong>spiritus</strong></span> 
     </span>
    </p>
   </div>
   <div class='ocr_carea' id='block_1_74' title="bbox 2001 1544 3577 1615">
    <p class='ocr_par' dir='ltr' id='par_1_74' title="bbox 2001 1544 3577 1615">
     <span class='ocr_line' id='line_1_74' title="bbox 2001 1544 3577 1615; baseline 0.001 -17"><span class='ocrx_word' id='word_1_569' title='bbox 2001 1544 2268 1598; x_wconf 87' lang='lat' dir='ltr'><strong>servitutis</strong></span> <span class='ocrx_word' id='word_1_570' title='bbox 2294 1559 2399 1598; x_wconf 92' lang='lat' dir='ltr'><strong>non</strong></span> <span class='ocrx_word' id='word_1_571' title='bbox 2426 1545 2605 1614; x_wconf 90' lang='lat' dir='ltr'><strong>utique</strong></span> <span class='ocrx_word' id='word_1_572' title='bbox 2633 1545 2824 1611; x_wconf 89' lang='lat' dir='ltr'><strong>bonus,</strong></span> <span class='ocrx_word' id='word_1_573' title='bbox 2854 1561 3009 1615; x_wconf 85' lang='lat' dir='ltr'><strong>quem</strong></span> <span class='ocrx_word' id='word_1_574' title='bbox 3038 1545 3301 1614; x_wconf 88' lang='lat' dir='ltr'><strong>accipiunt</strong></span> <span class='ocrx_word' id='word_1_575' title='bbox 3328 1547 3417 1615; x_wconf 87' lang='lat' dir='ltr'><strong>qui</strong></span> <span class='ocrx_word' id='word_1_576' title='bbox 3439 1559 3577 1614; x_wconf 72' lang='lat' dir='ltr'><strong>prae-</strong></span> 
     </span>
    </p>
   </div>
   <div class='ocr_carea' id='block_1_75' title="bbox 2000 1634 3577 1706">
    <p class='ocr_par' dir='ltr' id='par_1_75' title="bbox 2000 1634 3577 1706">
     <span class='ocr_line' id='line_1_75' title="bbox 2000 1634 3577 1706; baseline -0.001 -14"><span class='ocrx_word' id='word_1_577' title='bbox 2000 1643 2151 1705; x_wconf 88' lang='lat' dir='ltr'><strong>cepta</strong></span> <span class='ocrx_word' id='word_1_578' title='bbox 2178 1634 2313 1690; x_wconf 70' lang='lat' dir='ltr'><strong>data:</strong></span> <span class='ocrx_word' id='word_1_579' title='bbox 2342 1635 2496 1705; x_wconf 89' lang='lat' dir='ltr'><strong>Legis</strong></span> <span class='ocrx_word' id='word_1_580' title='bbox 2526 1636 2746 1705; x_wconf 88' lang='lat' dir='ltr'><strong>implere</strong></span> <span class='ocrx_word' id='word_1_581' title='bbox 2775 1652 2881 1690; x_wconf 91' lang='lat' dir='ltr'><strong>non</strong></span> <span class='ocrx_word' id='word_1_582' title='bbox 2911 1644 3149 1706; x_wconf 87' lang='lat' dir='ltr'><strong>possunt,</strong></span> <span class='ocrx_word' id='word_1_583' title='bbox 3182 1635 3306 1689; x_wconf 90' lang='lat' dir='ltr'><strong>dum</strong></span> <span class='ocrx_word' id='word_1_584' title='bbox 3339 1636 3577 1691; x_wconf 87' lang='lat' dir='ltr'><strong>serviunt</strong></span> 
     </span>
    </p>
   </div>
   <div class='ocr_carea' id='block_1_76' title="bbox 2001 1727 3576 1798">
    <p class='ocr_par' dir='ltr' id='par_1_76' title="bbox 2001 1727 3576 1798">
     <span class='ocr_line' id='line_1_76' title="bbox 2001 1727 3576 1798; baseline 0 -15"><span class='ocrx_word' id='word_1_585' title='bbox 2001 1727 2277 1783; x_wconf 91' lang='lat' dir='ltr'><strong>desideriis</strong></span> <span class='ocrx_word' id='word_1_586' title='bbox 2304 1728 2603 1782; x_wconf 87' lang='lat' dir='ltr'><strong>carnalibus</strong></span> <span class='ocrx_word' id='word_1_587' title='bbox 2622 1769 2637 1791; x_wconf 89' lang='lat'><strong>,</strong></span> <span class='ocrx_word' id='word_1_588' title='bbox 2669 1727 2901 1782; x_wconf 89' lang='lat' dir='ltr'><strong>nondum</strong></span> <span class='ocrx_word' id='word_1_589' title='bbox 2932 1729 3095 1798; x_wconf 88' lang='lat' dir='ltr'><strong>gratia</strong></span> <span class='ocrx_word' id='word_1_590' title='bbox 3125 1728 3456 1782; x_wconf 90' lang='lat' dir='ltr'><strong>Liberatoris</strong></span> <span class='ocrx_word' id='word_1_591' title='bbox 3484 1743 3576 1783; x_wconf 81' lang='lat' dir='ltr'><strong>as-</strong></span> 
     </span>
    </p>
   </div>
   <div class='ocr_carea' id='block_1_77' title="bbox 2002 1820 3579 1890">
    <p class='ocr_par' dir='ltr' id='par_1_77' title="bbox 2002 1820 3579 1890">
     <span class='ocr_line' id='line_1_77' title="bbox 2002 1820 3579 1890; baseline -0.001 -16"><span class='ocrx_word' id='word_1_592' title='bbox 2002 1822 2195 1890; x_wconf 90' lang='lat' dir='ltr'><strong>sumpti</strong></span> <span class='ocrx_word' id='word_1_593' title='bbox 2226 1820 2277 1875; x_wconf 91' lang='lat' dir='ltr'><strong>in</strong></span> <span class='ocrx_word' id='word_1_594' title='bbox 2310 1820 2535 1874; x_wconf 88' lang='lat' dir='ltr'><strong>ﬁliorum</strong></span> <span class='ocrx_word' id='word_1_595' title='bbox 2564 1820 2921 1890; x_wconf 91' lang='lat' dir='ltr'><strong>adoptionem.</strong></span> <span class='ocrx_word' id='word_1_596' title='bbox 2968 1820 3100 1887; x_wconf 89' lang='lat' dir='ltr'><strong>Quia</strong></span> <span class='ocrx_word' id='word_1_597' title='bbox 3128 1830 3183 1874; x_wconf 90' lang='lat' dir='ltr'><strong>et</strong></span> <span class='ocrx_word' id='word_1_598' title='bbox 3220 1820 3332 1888; x_wconf 91' lang='lat' dir='ltr'><strong>ipse</strong></span> <span class='ocrx_word' id='word_1_599' title='bbox 3359 1820 3579 1888; x_wconf 86' lang='lat' dir='ltr'><strong>spiritus</strong></span> 
     </span>
    </p>
   </div>
   <div class='ocr_carea' id='block_1_78' title="bbox 2002 1909 3580 1981">
    <p class='ocr_par' dir='ltr' id='par_1_78' title="bbox 2002 1909 3580 1981">
     <span class='ocr_line' id='line_1_78' title="bbox 2002 1909 3580 1981; baseline -0.002 -15"><span class='ocrx_word' id='word_1_600' title='bbox 2002 1912 2269 1966; x_wconf 89' lang='lat' dir='ltr'><strong>servitutis</strong></span> <span class='ocrx_word' id='word_1_601' title='bbox 2294 1926 2396 1965; x_wconf 92' lang='lat' dir='ltr'><strong>non</strong></span> <span class='ocrx_word' id='word_1_602' title='bbox 2425 1911 2583 1966; x_wconf 89' lang='lat' dir='ltr'><strong>habet</strong></span> <span class='ocrx_word' id='word_1_603' title='bbox 2607 1926 2926 1981; x_wconf 88' lang='lat' dir='ltr'><strong>quemquam</strong></span> <span class='ocrx_word' id='word_1_604' title='bbox 2957 1912 3011 1964; x_wconf 92' lang='lat' dir='ltr'><strong>in</strong></span> <span class='ocrx_word' id='word_1_605' title='bbox 3042 1919 3299 1979; x_wconf 89' lang='lat' dir='ltr'><strong>potestate</strong></span> <span class='ocrx_word' id='word_1_606' title='bbox 3319 1951 3333 1975; x_wconf 91' lang='lat'><strong>,</strong></span> <span class='ocrx_word' id='word_1_607' title='bbox 3362 1910 3462 1964; x_wconf 89' lang='lat' dir='ltr'><strong>nisi</strong></span> <span class='ocrx_word' id='word_1_608' title='bbox 3487 1909 3580 1980; x_wconf 83' lang='lat' dir='ltr'><strong>qui</strong></span> 
     </span>
    </p>
   </div>
   <div class='ocr_carea' id='block_1_79' title="bbox 2001 1998 3577 2071">
    <p class='ocr_par' dir='ltr' id='par_1_79' title="bbox 2001 1998 3577 2071">
     <span class='ocr_line' id='line_1_79' title="bbox 2001 1998 3577 2071; baseline -0.002 -15"><span class='ocrx_word' id='word_1_609' title='bbox 2001 2003 2051 2057; x_wconf 91' lang='lat' dir='ltr'><strong>ei</strong></span> <span class='ocrx_word' id='word_1_610' title='bbox 2095 2017 2190 2071; x_wconf 89' lang='lat' dir='ltr'><strong>per</strong></span> <span class='ocrx_word' id='word_1_611' title='bbox 2229 2003 2466 2057; x_wconf 87' lang='lat' dir='ltr'><strong>ordinem</strong></span> <span class='ocrx_word' id='word_1_612' title='bbox 2509 2002 2701 2057; x_wconf 77' lang='lat' dir='ltr'><strong>divina:</strong></span> <span class='ocrx_word' id='word_1_613' title='bbox 2746 2000 3089 2071; x_wconf 70' lang='lat' dir='ltr'><strong>providentiae</strong></span> <span class='ocrx_word' id='word_1_614' title='bbox 3134 2000 3360 2054; x_wconf 84' lang='lat' dir='ltr'><strong>traditus</strong></span> <span class='ocrx_word' id='word_1_615' title='bbox 3398 1998 3577 2064; x_wconf 81' lang='lat' dir='ltr'><strong>fuerit,</strong></span> 
     </span>
    </p>
   </div>
   <div class='ocr_carea' id='block_1_80' title="bbox 2003 2092 3577 2165">
    <p class='ocr_par' dir='ltr' id='par_1_80' title="bbox 2003 2092 3577 2165">
     <span class='ocr_line' id='line_1_80' title="bbox 2003 2092 3577 2165; baseline -0.002 -17"><span class='ocrx_word' id='word_1_616' title='bbox 2003 2094 2096 2150; x_wconf 93' lang='lat' dir='ltr'><strong>Dei</strong></span> <span class='ocrx_word' id='word_1_617' title='bbox 2132 2095 2331 2165; x_wconf 88' lang='lat' dir='ltr'><strong>justitia</strong></span> <span class='ocrx_word' id='word_1_618' title='bbox 2361 2110 2453 2149; x_wconf 90' lang='lat' dir='ltr'><strong>sua</strong></span> <span class='ocrx_word' id='word_1_619' title='bbox 2494 2095 2683 2165; x_wconf 90' lang='lat' dir='ltr'><strong>cuique</strong></span> <span class='ocrx_word' id='word_1_620' title='bbox 2722 2094 3010 2148; x_wconf 84' lang='lat' dir='ltr'><strong>tribuente.</strong></span> <span class='ocrx_word' id='word_1_621' title='bbox 3052 2092 3219 2161; x_wconf 90' lang='lat' dir='ltr'><strong>Quam</strong></span> <span class='ocrx_word' id='word_1_622' title='bbox 3261 2099 3577 2161; x_wconf 86' lang='lat' dir='ltr'><strong>potestatem</strong></span> 
     </span>
    </p>
   </div>
   <div class='ocr_carea' id='block_1_81' title="bbox 2002 2180 3580 2254">
    <p class='ocr_par' dir='ltr' id='par_1_81' title="bbox 2002 2180 3580 2254">
     <span class='ocr_line' id='line_1_81' title="bbox 2002 2180 3580 2254; baseline -0.004 -14"><span class='ocrx_word' id='word_1_623' title='bbox 2002 2195 2277 2254; x_wconf 79' lang='lat' dir='ltr'><strong>acceperat</strong></span> <span class='ocrx_word' id='word_1_624' title='bbox 2302 2185 2581 2254; x_wconf 84' lang='lat' dir='ltr'><strong>Apostolus</strong></span> <span class='ocrx_word' id='word_1_625' title='bbox 2604 2225 2619 2250; x_wconf 91' lang='lat'><strong>,</strong></span> <span class='ocrx_word' id='word_1_626' title='bbox 2650 2199 2769 2238; x_wconf 89' lang='lat' dir='ltr'><strong>cum</strong></span> <span class='ocrx_word' id='word_1_627' title='bbox 2799 2184 2924 2237; x_wconf 91' lang='lat' dir='ltr'><strong>dicit</strong></span> <span class='ocrx_word' id='word_1_628' title='bbox 2952 2183 3019 2238; x_wconf 91' lang='lat' dir='ltr'><strong>de</strong></span> <span class='ocrx_word' id='word_1_629' title='bbox 3053 2181 3367 2250; x_wconf 84' lang='lat' dir='ltr'><strong>quibusdam</strong></span> <span class='ocrx_word' id='word_1_630' title='bbox 3392 2221 3408 2247; x_wconf 89' lang='lat'><strong>,</strong></span> <span class='ocrx_word' id='word_1_631' title='bbox 3440 2180 3580 2247; x_wconf 84' lang='lat' dir='ltr'><strong>Quos</strong></span> 
     </span>
    </p>
   </div>
   <div class='ocr_carea' id='block_1_82' title="bbox 2005 2268 3577 2344">
    <p class='ocr_par' dir='ltr' id='par_1_82' title="bbox 2005 2268 3577 2344">
     <span class='ocr_line' id='line_1_82' title="bbox 2005 2268 3577 2344; baseline -0.001 -16"><span class='ocrx_word' id='word_1_632' title='bbox 2005 2276 2190 2328; x_wconf 83' lang='lat' dir='ltr'><strong>tradidi</strong></span> <span class='ocrx_word' id='word_1_633' title='bbox 2218 2284 2410 2328; x_wconf 77' lang='lat' dir='ltr'><strong>satana:</strong></span> <span class='ocrx_word' id='word_1_634' title='bbox 2427 2285 2481 2327; x_wconf 90' lang='lat' dir='ltr'><strong>ut</strong></span> <span class='ocrx_word' id='word_1_635' title='bbox 2501 2275 2693 2328; x_wconf 82' lang='lat' dir='ltr'><strong>discant</strong></span> <span class='ocrx_word' id='word_1_636' title='bbox 2710 2290 2809 2327; x_wconf 89' lang='lat' dir='ltr'><strong>non</strong></span> <span class='ocrx_word' id='word_1_637' title='bbox 2827 2275 3169 2344; x_wconf 84' lang='lat' dir='ltr'><strong>blasphemare</strong></span> <span class='ocrx_word' id='word_1_638' title='bbox 3183 2273 3223 2343; x_wconf 88' lang='lat' dir='ltr'><strong>(l</strong></span> <span class='ocrx_word' id='word_1_639' title='bbox 3246 2271 3379 2326; x_wconf 88' lang='lat' dir='ltr'><strong>Tim.</strong></span> <span class='ocrx_word' id='word_1_640' title='bbox 3399 2287 3436 2339; x_wconf 86' lang='grc' dir='ltr'>ι,</span> <span class='ocrx_word' id='word_1_641' title='bbox 3454 2268 3577 2344; x_wconf 75' lang='lat'><strong>20):</strong></span> 
     </span>
    </p>
   </div>
   <div class='ocr_carea' id='block_1_83' title="bbox 2003 2363 3579 2436">
    <p class='ocr_par' dir='ltr' id='par_1_83' title="bbox 2003 2363 3579 2436">
     <span class='ocr_line' id='line_1_83' title="bbox 2003 2363 3579 2436; baseline -0.005 -13"><span class='ocrx_word' id='word_1_642' title='bbox 2003 2376 2058 2423; x_wconf 90' lang='lat' dir='ltr'><strong>et</strong></span> <span class='ocrx_word' id='word_1_643' title='bbox 2080 2367 2269 2421; x_wconf 91' lang='lat' dir='ltr'><strong>iterum</strong></span> <span class='ocrx_word' id='word_1_644' title='bbox 2298 2366 2363 2422; x_wconf 90' lang='lat' dir='ltr'><strong>de</strong></span> <span class='ocrx_word' id='word_1_645' title='bbox 2387 2366 2511 2432; x_wconf 89' lang='lat' dir='ltr'><strong>alio,</strong></span> <span class='ocrx_word' id='word_1_646' title='bbox 2538 2364 2657 2417; x_wconf 84' lang='lat' dir='ltr'><strong>Jam</strong></span> <span class='ocrx_word' id='word_1_647' title='bbox 2669 2364 2916 2436; x_wconf 85' lang='lat' dir='ltr'><strong>judicavi,</strong></span> <span class='ocrx_word' id='word_1_648' title='bbox 2952 2364 3140 2433; x_wconf 89' lang='lat' dir='ltr'><strong>inquit,</strong></span> <span class='ocrx_word' id='word_1_649' title='bbox 3165 2363 3363 2416; x_wconf 86' lang='lat' dir='ltr'><strong>tradere</strong></span> <span class='ocrx_word' id='word_1_650' title='bbox 3393 2364 3579 2432; x_wconf 82' lang='lat' dir='ltr'><strong>hujus-</strong></span> 
     </span>
    </p>
   </div>
   <div class='ocr_carea' id='block_1_84' title="bbox 2003 2453 3584 2520">
    <p class='ocr_par' dir='ltr' id='par_1_84' title="bbox 2003 2453 3584 2520">
     <span class='ocr_line' id='line_1_84' title="bbox 2003 2453 3584 2520; baseline -0.003 -9"><span class='ocrx_word' id='word_1_651' title='bbox 2003 2458 2140 2512; x_wconf 88' lang='lat' dir='ltr'><strong>modi</strong></span> <span class='ocrx_word' id='word_1_652' title='bbox 2182 2466 2376 2512; x_wconf 71' lang='lat' dir='ltr'><strong>satana:</strong></span> <span class='ocrx_word' id='word_1_653' title='bbox 2419 2458 2473 2511; x_wconf 90' lang='lat' dir='ltr'><strong>in</strong></span> <span class='ocrx_word' id='word_1_654' title='bbox 2509 2457 2765 2511; x_wconf 85' lang='lat' dir='ltr'><strong>interitum</strong></span> <span class='ocrx_word' id='word_1_655' title='bbox 2807 2456 2992 2520; x_wconf 85' lang='lat' dir='ltr'><strong>carnis,</strong></span> <span class='ocrx_word' id='word_1_656' title='bbox 3032 2462 3086 2507; x_wconf 89' lang='lat' dir='ltr'><strong>ut</strong></span> <span class='ocrx_word' id='word_1_657' title='bbox 3130 2454 3301 2506; x_wconf 88' lang='lat' dir='ltr'><strong>anima</strong></span> <span class='ocrx_word' id='word_1_658' title='bbox 3338 2454 3479 2506; x_wconf 82' lang='lat' dir='ltr'><strong>salva</strong></span> <span class='ocrx_word' id='word_1_659' title='bbox 3516 2453 3584 2508; x_wconf 83' lang='lat' dir='ltr'><strong>sit</strong></span> 
     </span>
    </p>
   </div>
   <div class='ocr_carea' id='block_1_85' title="bbox 2005 2542 3584 2620">
    <p class='ocr_par' dir='ltr' id='par_1_85' title="bbox 2005 2542 3584 2620">
     <span class='ocr_line' id='line_1_85' title="bbox 2005 2542 3584 2620; baseline -0.006 -16"><span class='ocrx_word' id='word_1_660' title='bbox 2005 2550 2047 2620; x_wconf 95' lang='grc'><strong>(1</strong></span> <span class='ocrx_word' id='word_1_661' title='bbox 2073 2548 2190 2603; x_wconf 87' lang='lat' dir='ltr'><strong>Cor.</strong></span> <span class='ocrx_word' id='word_1_662' title='bbox 2222 2565 2278 2613; x_wconf 88' lang='lat' dir='ltr'><strong>v,</strong></span> <span class='ocrx_word' id='word_1_663' title='bbox 2307 2550 2360 2615; x_wconf 77' lang='lat'><strong>3,</strong></span> <span class='ocrx_word' id='word_1_664' title='bbox 2390 2546 2467 2619; x_wconf 81' lang='grc'><strong>5).</strong></span> <span class='ocrx_word' id='word_1_665' title='bbox 2500 2547 2599 2616; x_wconf 92' lang='lat' dir='ltr'><strong>Qui</strong></span> <span class='ocrx_word' id='word_1_666' title='bbox 2629 2560 2757 2616; x_wconf 85' lang='lat' dir='ltr'><strong>ergo</strong></span> <span class='ocrx_word' id='word_1_667' title='bbox 2784 2545 3016 2599; x_wconf 89' lang='lat' dir='ltr'><strong>nondum</strong></span> <span class='ocrx_word' id='word_1_668' title='bbox 3042 2543 3140 2597; x_wconf 90' lang='lat' dir='ltr'><strong>sub</strong></span> <span class='ocrx_word' id='word_1_669' title='bbox 3166 2542 3331 2613; x_wconf 86' lang='lat' dir='ltr'><strong>gratia</strong></span> <span class='ocrx_word' id='word_1_670' title='bbox 3358 2549 3501 2609; x_wconf 87' lang='lat' dir='ltr'><strong>sunt,</strong></span> <span class='ocrx_word' id='word_1_671' title='bbox 3529 2549 3584 2596; x_wconf 91' lang='lat' dir='ltr'><strong>et</strong></span> 
     </span>
    </p>
   </div>
   <div class='ocr_carea' id='block_1_86' title="bbox 2001 2620 3577 2708">
    <p class='ocr_par' dir='ltr' id='par_1_86' title="bbox 2001 2620 3577 2708">
     <span class='ocr_line' id='line_1_86' title="bbox 2001 2620 3577 2708; baseline -0.006 -15"><span class='ocrx_word' id='word_1_672' title='bbox 2001 2639 2102 2694; x_wconf 87' lang='lat' dir='ltr'><strong>sub</strong></span> <span class='ocrx_word' id='word_1_673' title='bbox 2125 2638 2265 2708; x_wconf 87' lang='lat' dir='ltr'><strong>[.ege</strong></span> <span class='ocrx_word' id='word_1_674' title='bbox 2290 2638 2559 2692; x_wconf 87' lang='lat' dir='ltr'><strong>constituti</strong></span> <span class='ocrx_word' id='word_1_675' title='bbox 2583 2637 2865 2691; x_wconf 88' lang='lat' dir='ltr'><strong>vincuntur</strong></span> <span class='ocrx_word' id='word_1_676' title='bbox 2886 2634 3113 2703; x_wconf 88' lang='lat' dir='ltr'><strong>peccatis</strong></span> <span class='ocrx_word' id='word_1_677' title='bbox 3129 2632 3196 2686; x_wconf 91' lang='lat' dir='ltr'><strong>ad</strong></span> <span class='ocrx_word' id='word_1_678' title='bbox 3220 2620 3577 2687; x_wconf 90' lang='lat' dir='ltr'><strong>obediendum</strong></span> 
     </span>
    </p>
   </div>
   <div class='ocr_carea' id='block_1_87' title="bbox 2003 2725 3582 2796">
    <p class='ocr_par' dir='ltr' id='par_1_87' title="bbox 2003 2725 3582 2796">
     <span class='ocr_line' id='line_1_87' title="bbox 2003 2725 3582 2796; baseline -0.006 -11"><span class='ocrx_word' id='word_1_679' title='bbox 2003 2730 2279 2785; x_wconf 90' lang='lat' dir='ltr'><strong>desideriis</strong></span> <span class='ocrx_word' id='word_1_680' title='bbox 2299 2728 2614 2793; x_wconf 89' lang='lat' dir='ltr'><strong>carnalibus,</strong></span> <span class='ocrx_word' id='word_1_681' title='bbox 2636 2735 2691 2783; x_wconf 89' lang='lat' dir='ltr'><strong>et</strong></span> <span class='ocrx_word' id='word_1_682' title='bbox 2712 2725 3145 2796; x_wconf 64' lang='lat' dir='ltr'><strong>praevaricatione</strong></span> <span class='ocrx_word' id='word_1_683' title='bbox 3166 2731 3357 2793; x_wconf 81' lang='lat' dir='ltr'><strong>augent</strong></span> <span class='ocrx_word' id='word_1_684' title='bbox 3374 2730 3582 2777; x_wconf 88' lang='lat' dir='ltr'><strong>reatum</strong></span> 
     </span>
    </p>
   </div>
   <div class='ocr_carea' id='block_1_88' title="bbox 2003 2814 3582 2890">
    <p class='ocr_par' dir='ltr' id='par_1_88' title="bbox 2003 2814 3582 2890">
     <span class='ocr_line' id='line_1_88' title="bbox 2003 2814 3582 2890; baseline -0.004 -13"><span class='ocrx_word' id='word_1_685' title='bbox 2003 2822 2282 2878; x_wconf 91' lang='lat' dir='ltr'><strong>criminum</strong></span> <span class='ocrx_word' id='word_1_686' title='bbox 2312 2836 2529 2876; x_wconf 89' lang='lat' dir='ltr'><strong>suorum</strong></span> <span class='ocrx_word' id='word_1_687' title='bbox 2550 2862 2563 2885; x_wconf 91' lang='lat'><strong>,</strong></span> <span class='ocrx_word' id='word_1_688' title='bbox 2596 2820 2837 2890; x_wconf 89' lang='lat' dir='ltr'><strong>spiritum</strong></span> <span class='ocrx_word' id='word_1_689' title='bbox 2866 2826 3189 2887; x_wconf 73' lang='lat' dir='ltr'><strong>acceperunt,</strong></span> <span class='ocrx_word' id='word_1_690' title='bbox 3206 2816 3492 2882; x_wconf 88' lang='lat' dir='ltr'><strong>servitutis,</strong></span> <span class='ocrx_word' id='word_1_691' title='bbox 3526 2814 3582 2871; x_wconf 91' lang='lat' dir='ltr'><strong>id</strong></span> 
     </span>
    </p>
   </div>
   <div class='ocr_carea' id='block_1_89' title="bbox 2004 2906 3582 2984">
    <p class='ocr_par' dir='ltr' id='par_1_89' title="bbox 2004 2906 3582 2984">
     <span class='ocr_line' id='line_1_89' title="bbox 2004 2906 3582 2984; baseline -0.004 -16"><span class='ocrx_word' id='word_1_692' title='bbox 2004 2922 2118 2980; x_wconf 93' lang='lat' dir='ltr'><strong>est,</strong></span> <span class='ocrx_word' id='word_1_693' title='bbox 2149 2914 2386 2984; x_wconf 87' lang='lat' dir='ltr'><strong>spiritum</strong></span> <span class='ocrx_word' id='word_1_694' title='bbox 2411 2911 2527 2981; x_wconf 87' lang='lat' dir='ltr'><strong>ejus</strong></span> <span class='ocrx_word' id='word_1_695' title='bbox 2562 2912 2652 2981; x_wconf 91' lang='lat' dir='ltr'><strong>qui</strong></span> <span class='ocrx_word' id='word_1_696' title='bbox 2682 2917 2995 2979; x_wconf 89' lang='lat' dir='ltr'><strong>potestatem</strong></span> <span class='ocrx_word' id='word_1_697' title='bbox 3027 2909 3212 2962; x_wconf 92' lang='lat' dir='ltr'><strong>mortis</strong></span> <span class='ocrx_word' id='word_1_698' title='bbox 3242 2907 3421 2984; x_wconf 85' lang='lat' dir='ltr'><strong>habet.</strong></span> <span class='ocrx_word' id='word_1_699' title='bbox 3449 2906 3582 2961; x_wconf 89' lang='lat' dir='ltr'><strong>Nam</strong></span> 
     </span>
    </p>
   </div>
   <div class='ocr_carea' id='block_1_90' title="bbox 2004 2981 3585 3075">
    <p class='ocr_par' dir='ltr' id='par_1_90' title="bbox 2004 2981 3585 3075">
     <span class='ocr_line' id='line_1_90' title="bbox 2004 2981 3585 3075; baseline -0.006 -16"><span class='ocrx_word' id='word_1_700' title='bbox 2004 3005 2049 3060; x_wconf 87' lang='lat' dir='ltr'><strong>si</strong></span> <span class='ocrx_word' id='word_1_701' title='bbox 2090 2981 2329 3075; x_wconf 81' lang='lat' dir='ltr'><strong>spiritum</strong></span> <span class='ocrx_word' id='word_1_702' title='bbox 2363 3002 2631 3057; x_wconf 87' lang='lat' dir='ltr'><strong>servitutis</strong></span> <span class='ocrx_word' id='word_1_703' title='bbox 2670 3001 2843 3071; x_wconf 92' lang='lat' dir='ltr'><strong>ipsum</strong></span> <span class='ocrx_word' id='word_1_704' title='bbox 2881 2999 3120 3068; x_wconf 88' lang='lat' dir='ltr'><strong>spiritum</strong></span> <span class='ocrx_word' id='word_1_705' title='bbox 3164 2981 3392 3052; x_wconf 83' lang='lat' dir='ltr'><strong>hominis</strong></span> <span class='ocrx_word' id='word_1_706' title='bbox 3420 2997 3585 3051; x_wconf 81' lang='lat' dir='ltr'><strong>intel-</strong></span> 
     </span>
    </p>
   </div>
   <div class='ocr_carea' id='block_1_91' title="bbox 2006 3086 3579 3161">
    <p class='ocr_par' dir='ltr' id='par_1_91' title="bbox 2006 3086 3579 3161">
     <span class='ocr_line' id='line_1_91' title="bbox 2006 3086 3579 3161; baseline -0.006 -11"><span class='ocrx_word' id='word_1_707' title='bbox 2006 3094 2321 3159; x_wconf 84' lang='lat' dir='ltr'><strong>lexerimus,</strong></span> <span class='ocrx_word' id='word_1_708' title='bbox 2351 3092 2533 3161; x_wconf 91' lang='lat' dir='ltr'><strong>incipit</strong></span> <span class='ocrx_word' id='word_1_709' title='bbox 2557 3100 2611 3146; x_wconf 91' lang='lat' dir='ltr'><strong>et</strong></span> <span class='ocrx_word' id='word_1_710' title='bbox 2637 3091 2852 3159; x_wconf 89' lang='lat' dir='ltr'><strong>spiritus</strong></span> <span class='ocrx_word' id='word_1_711' title='bbox 2880 3088 3176 3158; x_wconf 90' lang='lat' dir='ltr'><strong>adoptionis</strong></span> <span class='ocrx_word' id='word_1_712' title='bbox 3216 3088 3330 3156; x_wconf 91' lang='lat' dir='ltr'><strong>ipse</strong></span> <span class='ocrx_word' id='word_1_713' title='bbox 3360 3086 3579 3156; x_wconf 79' lang='lat' dir='ltr'><strong>intelligi</strong></span> 
     </span>
    </p>
   </div>
   <div class='ocr_carea' id='block_1_92' title="bbox 2007 3176 3581 3254">
    <p class='ocr_par' dir='ltr' id='par_1_92' title="bbox 2007 3176 3581 3254">
     <span class='ocr_line' id='line_1_92' title="bbox 2007 3176 3581 3254; baseline -0.006 -15"><span class='ocrx_word' id='word_1_714' title='bbox 2007 3193 2256 3254; x_wconf 87' lang='lat' dir='ltr'><strong>tanquam</strong></span> <span class='ocrx_word' id='word_1_715' title='bbox 2299 3182 2351 3236; x_wconf 92' lang='lat' dir='ltr'><strong>in</strong></span> <span class='ocrx_word' id='word_1_716' title='bbox 2394 3181 2584 3236; x_wconf 92' lang='lat' dir='ltr'><strong>melius</strong></span> <span class='ocrx_word' id='word_1_717' title='bbox 2617 3186 2987 3234; x_wconf 88' lang='lat' dir='ltr'><strong>commutatus.</strong></span> <span class='ocrx_word' id='word_1_718' title='bbox 3035 3176 3140 3232; x_wconf 88' lang='lat' dir='ltr'><strong>Sed</strong></span> <span class='ocrx_word' id='word_1_719' title='bbox 3170 3177 3291 3246; x_wconf 90' lang='lat' dir='ltr'><strong>quia</strong></span> <span class='ocrx_word' id='word_1_720' title='bbox 3336 3176 3581 3244; x_wconf 92' lang='lat' dir='ltr'><strong>spiritum</strong></span> 
     </span>
    </p>
   </div>
   <div class='ocr_carea' id='block_1_93' title="bbox 2006 3267 3586 3346">
    <p class='ocr_par' dir='ltr' id='par_1_93' title="bbox 2006 3267 3586 3346">
     <span class='ocr_line' id='line_1_93' title="bbox 2006 3267 3586 3346; baseline -0.008 -13"><span class='ocrx_word' id='word_1_721' title='bbox 2006 3275 2305 3346; x_wconf 82' lang='lat' dir='ltr'><strong>adoptionis</strong></span> <span class='ocrx_word' id='word_1_722' title='bbox 2336 3273 2590 3343; x_wconf 90' lang='lat' dir='ltr'><strong>Spiritum</strong></span> <span class='ocrx_word' id='word_1_723' title='bbox 2616 3280 2853 3326; x_wconf 84' lang='lat' dir='ltr'><strong>sanctum</strong></span> <span class='ocrx_word' id='word_1_724' title='bbox 2882 3269 3191 3337; x_wconf 90' lang='lat' dir='ltr'><strong>accipimus,</strong></span> <span class='ocrx_word' id='word_1_725' title='bbox 3220 3281 3377 3337; x_wconf 90' lang='lat' dir='ltr'><strong>quem</strong></span> <span class='ocrx_word' id='word_1_726' title='bbox 3404 3267 3586 3320; x_wconf 88' lang='lat' dir='ltr'><strong>mani-</strong></span> 
     </span>
    </p>
   </div>
   <div class='ocr_carea' id='block_1_94' title="bbox 2006 3357 3584 3431">
    <p class='ocr_par' dir='ltr' id='par_1_94' title="bbox 2006 3357 3584 3431">
     <span class='ocr_line' id='line_1_94' title="bbox 2006 3357 3584 3431; baseline -0.01 -6"><span class='ocrx_word' id='word_1_727' title='bbox 2006 3368 2142 3425; x_wconf 83' lang='lat' dir='ltr'><strong>feste</strong></span> <span class='ocrx_word' id='word_1_728' title='bbox 2182 3365 2415 3422; x_wconf 88' lang='lat' dir='ltr'><strong>ostendit</strong></span> <span class='ocrx_word' id='word_1_729' title='bbox 2449 3379 2569 3419; x_wconf 90' lang='lat' dir='ltr'><strong>cmn</strong></span> <span class='ocrx_word' id='word_1_730' title='bbox 2611 3362 2775 3425; x_wconf 90' lang='lat' dir='ltr'><strong>dicit,</strong></span> <span class='ocrx_word' id='word_1_731' title='bbox 2815 3359 2937 3431; x_wconf 87' lang='lat' dir='ltr'><strong>Ipse</strong></span> <span class='ocrx_word' id='word_1_732' title='bbox 2981 3358 3207 3428; x_wconf 80' lang='lat' dir='ltr'><strong>Spiritus</strong></span> <span class='ocrx_word' id='word_1_733' title='bbox 3246 3357 3584 3411; x_wconf 83' lang='lat' dir='ltr'><strong>testimonium</strong></span> 
     </span>
    </p>
   </div>
   <div class='ocr_carea' id='block_1_95' title="bbox 2007 3446 3579 3528">
    <p class='ocr_par' dir='ltr' id='par_1_95' title="bbox 2007 3446 3579 3528">
     <span class='ocr_line' id='line_1_95' title="bbox 2007 3446 3579 3528; baseline -0.01 -12"><span class='ocrx_word' id='word_1_734' title='bbox 2007 3461 2172 3516; x_wconf 84' lang='lat' dir='ltr'><strong>reddit</strong></span> <span class='ocrx_word' id='word_1_735' title='bbox 2196 3458 2394 3528; x_wconf 84' lang='lat' dir='ltr'><strong>spiritui</strong></span> <span class='ocrx_word' id='word_1_736' title='bbox 2418 3464 2620 3518; x_wconf 85' lang='lat' dir='ltr'><strong>nostro;</strong></span> <span class='ocrx_word' id='word_1_737' title='bbox 2656 3460 2823 3509; x_wconf 88' lang='lat' dir='ltr'><strong>restat</strong></span> <span class='ocrx_word' id='word_1_738' title='bbox 2852 3460 2910 3506; x_wconf 90' lang='lat' dir='ltr'><strong>ut</strong></span> <span class='ocrx_word' id='word_1_739' title='bbox 2936 3451 3178 3520; x_wconf 90' lang='lat' dir='ltr'><strong>spiritum</strong></span> <span class='ocrx_word' id='word_1_740' title='bbox 3221 3448 3488 3503; x_wconf 88' lang='lat' dir='ltr'><strong>servitutis</strong></span> <span class='ocrx_word' id='word_1_741' title='bbox 3511 3446 3579 3501; x_wconf 87' lang='lat' dir='ltr'><strong>il-</strong></span> 
     </span>
    </p>
   </div>
   <div class='ocr_carea' id='block_1_96' title="bbox 2010 3543 3589 3618">
    <p class='ocr_par' dir='ltr' id='par_1_96' title="bbox 2010 3543 3589 3618">
     <span class='ocr_line' id='line_1_96' title="bbox 2010 3543 3589 3618; baseline -0.01 -12"><span class='ocrx_word' id='word_1_742' title='bbox 2010 3552 2118 3606; x_wconf 90' lang='lat' dir='ltr'><strong>lum</strong></span> <span class='ocrx_word' id='word_1_743' title='bbox 2146 3549 2496 3618; x_wconf 79' lang='lat' dir='ltr'><strong>intelligamus</strong></span> <span class='ocrx_word' id='word_1_744' title='bbox 2519 3586 2533 3611; x_wconf 92' lang='lat'><strong>,</strong></span> <span class='ocrx_word' id='word_1_745' title='bbox 2562 3545 2645 3599; x_wconf 90' lang='lat' dir='ltr'><strong>cui</strong></span> <span class='ocrx_word' id='word_1_746' title='bbox 2674 3543 2912 3598; x_wconf 87' lang='lat' dir='ltr'><strong>serviunt</strong></span> <span class='ocrx_word' id='word_1_747' title='bbox 2938 3550 3250 3611; x_wconf 82' lang='lat' dir='ltr'><strong>peccatores</strong></span> <span class='ocrx_word' id='word_1_748' title='bbox 3278 3556 3292 3591; x_wconf 91' lang='lat'><strong>:</strong></span> <span class='ocrx_word' id='word_1_749' title='bbox 3325 3549 3381 3591; x_wconf 94' lang='lat' dir='ltr'><strong>ut</strong></span> <span class='ocrx_word' id='word_1_750' title='bbox 3403 3552 3589 3606; x_wconf 87' lang='lat' dir='ltr'><strong>quem-</strong></span> 
     </span>
    </p>
   </div>
   <div class='ocr_carea' id='block_1_97' title="bbox 2010 3629 3582 3708">
    <p class='ocr_par' dir='ltr' id='par_1_97' title="bbox 2010 3629 3582 3708">
     <span class='ocr_line' id='line_1_97' title="bbox 2010 3629 3582 3708; baseline -0.01 -12"><span class='ocrx_word' id='word_1_751' title='bbox 2010 3640 2293 3696; x_wconf 89' lang='lat' dir='ltr'><strong>admodum</strong></span> <span class='ocrx_word' id='word_1_752' title='bbox 2324 3638 2552 3708; x_wconf 91' lang='lat' dir='ltr'><strong>Spiritus</strong></span> <span class='ocrx_word' id='word_1_753' title='bbox 2579 3643 2791 3690; x_wconf 88' lang='lat' dir='ltr'><strong>sanctus</strong></span> <span class='ocrx_word' id='word_1_754' title='bbox 2817 3649 2844 3687; x_wconf 89' lang='lat' dir='ltr'><strong>a</strong></span> <span class='ocrx_word' id='word_1_755' title='bbox 2876 3634 3066 3687; x_wconf 91' lang='lat' dir='ltr'><strong>timore</strong></span> <span class='ocrx_word' id='word_1_756' title='bbox 3092 3631 3277 3684; x_wconf 91' lang='lat' dir='ltr'><strong>mortis</strong></span> <span class='ocrx_word' id='word_1_757' title='bbox 3316 3629 3546 3683; x_wconf 90' lang='lat' dir='ltr'><strong>vindicat</strong></span> <span class='ocrx_word' id='word_1_758' title='bbox 3565 3669 3582 3692; x_wconf 91' lang='lat'><strong>,</strong></span> 
     </span>
    </p>
   </div>
   <div class='ocr_carea' id='block_1_98' title="bbox 2011 3718 3585 3800">
    <p class='ocr_par' dir='ltr' id='par_1_98' title="bbox 2011 3718 3585 3800">
     <span class='ocr_line' id='line_1_98' title="bbox 2011 3718 3585 3800; baseline -0.011 -13"><span class='ocrx_word' id='word_1_759' title='bbox 2011 3734 2089 3787; x_wconf 89' lang='lat' dir='ltr'><strong>sic</strong></span> <span class='ocrx_word' id='word_1_760' title='bbox 2131 3730 2345 3800; x_wconf 80' lang='lat' dir='ltr'><strong>Spiritus</strong></span> <span class='ocrx_word' id='word_1_761' title='bbox 2383 3726 2652 3782; x_wconf 89' lang='lat' dir='ltr'><strong>servitutis</strong></span> <span class='ocrx_word' id='word_1_762' title='bbox 2696 3725 2781 3793; x_wconf 90' lang='lat' dir='ltr'><strong>qui</strong></span> <span class='ocrx_word' id='word_1_763' title='bbox 2828 3729 3141 3792; x_wconf 88' lang='lat' dir='ltr'><strong>potestatem</strong></span> <span class='ocrx_word' id='word_1_764' title='bbox 3180 3718 3333 3773; x_wconf 86' lang='lat' dir='ltr'><strong>habet</strong></span> <span class='ocrx_word' id='word_1_765' title='bbox 3377 3718 3585 3779; x_wconf 90' lang='lat' dir='ltr'><strong>mortis,</strong></span> 
     </span>
    </p>
   </div>
   <div class='ocr_carea' id='block_1_99' title="bbox 2012 3808 3589 3891">
    <p class='ocr_par' dir='ltr' id='par_1_99' title="bbox 2012 3808 3589 3891">
     <span class='ocr_line' id='line_1_99' title="bbox 2012 3808 3589 3891; baseline -0.011 -15"><span class='ocrx_word' id='word_1_766' title='bbox 2012 3820 2247 3891; x_wconf 87' lang='lat' dir='ltr'><strong>ejusdem</strong></span> <span class='ocrx_word' id='word_1_767' title='bbox 2276 3817 2462 3872; x_wconf 91' lang='lat' dir='ltr'><strong>mortis</strong></span> <span class='ocrx_word' id='word_1_768' title='bbox 2488 3825 2690 3870; x_wconf 89' lang='lat' dir='ltr'><strong>terrore</strong></span> <span class='ocrx_word' id='word_1_769' title='bbox 2714 3827 2833 3867; x_wconf 89' lang='lat' dir='ltr'><strong>reos</strong></span> <span class='ocrx_word' id='word_1_770' title='bbox 2863 3821 3036 3866; x_wconf 86' lang='lat' dir='ltr'><strong>teneat</strong></span> <span class='ocrx_word' id='word_1_771' title='bbox 3060 3828 3074 3875; x_wconf 96' lang='lat'><strong>;</strong></span> <span class='ocrx_word' id='word_1_772' title='bbox 3105 3818 3160 3863; x_wconf 91' lang='lat' dir='ltr'><strong>ut</strong></span> <span class='ocrx_word' id='word_1_773' title='bbox 3184 3823 3242 3863; x_wconf 88' lang='lat' dir='ltr'><strong>se</strong></span> <span class='ocrx_word' id='word_1_774' title='bbox 3267 3808 3332 3862; x_wconf 91' lang='lat' dir='ltr'><strong>ad</strong></span> <span class='ocrx_word' id='word_1_775' title='bbox 3364 3808 3589 3881; x_wconf 52' lang='lat' dir='ltr'><strong>Libera.</strong></span> 
     </span>
    </p>
   </div>
   <div class='ocr_carea' id='block_1_100' title="bbox 2013 3895 3588 3976">
    <p class='ocr_par' dir='ltr' id='par_1_100' title="bbox 2013 3895 3588 3976">
     <span class='ocr_line' id='line_1_100' title="bbox 2013 3895 3588 3976; baseline -0.012 -9"><span class='ocrx_word' id='word_1_776' title='bbox 2013 3912 2145 3967; x_wconf 92' lang='lat' dir='ltr'><strong>toris</strong></span> <span class='ocrx_word' id='word_1_777' title='bbox 2173 3908 2421 3963; x_wconf 78' lang='lat' dir='ltr'><strong>auxilium</strong></span> <span class='ocrx_word' id='word_1_778' title='bbox 2448 3907 2668 3976; x_wconf 89' lang='lat' dir='ltr'><strong>quisque</strong></span> <span class='ocrx_word' id='word_1_779' title='bbox 2704 3909 2975 3958; x_wconf 84' lang='lat' dir='ltr'><strong>convertat</strong></span> <span class='ocrx_word' id='word_1_780' title='bbox 2999 3941 3012 3964; x_wconf 88' lang='lat'><strong>,</strong></span> <span class='ocrx_word' id='word_1_781' title='bbox 3042 3900 3200 3953; x_wconf 89' lang='lat' dir='ltr'><strong>etiam</strong></span> <span class='ocrx_word' id='word_1_782' title='bbox 3233 3898 3346 3966; x_wconf 91' lang='lat' dir='ltr'><strong>ipso</strong></span> <span class='ocrx_word' id='word_1_783' title='bbox 3371 3895 3588 3950; x_wconf 90' lang='lat' dir='ltr'><strong>diabolo</strong></span> 
     </span>
    </p>
   </div>
   <div class='ocr_carea' id='block_1_101' title="bbox 2014 3985 3584 4071">
    <p class='ocr_par' dir='ltr' id='par_1_101' title="bbox 2014 3985 3584 4071">
     <span class='ocr_line' id='line_1_101' title="bbox 2014 3985 3584 4071; baseline -0.013 -12"><span class='ocrx_word' id='word_1_784' title='bbox 2014 4005 2179 4060; x_wconf 77' lang='lat' dir='ltr'><strong>invito</strong></span> <span class='ocrx_word' id='word_1_785' title='bbox 2206 4043 2221 4068; x_wconf 91' lang='lat'><strong>,</strong></span> <span class='ocrx_word' id='word_1_786' title='bbox 2272 4001 2361 4071; x_wconf 90' lang='lat' dir='ltr'><strong>qui</strong></span> <span class='ocrx_word' id='word_1_787' title='bbox 2409 4014 2530 4053; x_wconf 91' lang='lat' dir='ltr'><strong>eum</strong></span> <span class='ocrx_word' id='word_1_788' title='bbox 2577 4010 2788 4065; x_wconf 88' lang='lat' dir='ltr'><strong>semper</strong></span> <span class='ocrx_word' id='word_1_789' title='bbox 2831 3994 2882 4047; x_wconf 93' lang='lat' dir='ltr'><strong>iu</strong></span> <span class='ocrx_word' id='word_1_790' title='bbox 2935 3999 3194 4063; x_wconf 86' lang='lat' dir='ltr'><strong>potestate</strong></span> <span class='ocrx_word' id='word_1_791' title='bbox 3242 3988 3439 4043; x_wconf 88' lang='lat' dir='ltr'><strong>habere</strong></span> <span class='ocrx_word' id='word_1_792' title='bbox 3484 3985 3584 4040; x_wconf 90' lang='lat' dir='ltr'><strong>de-</strong></span> 
     </span>
    </p>
   </div>
   <div class='ocr_carea' id='block_1_102' title="bbox 2015 4095 2231 4151">
    <p class='ocr_par' dir='ltr' id='par_1_102' title="bbox 2015 4095 2231 4151">
     <span class='ocr_line' id='line_1_102' title="bbox 2015 4095 2231 4151; baseline -0.019 -1"><span class='ocrx_word' id='word_1_793' title='bbox 2015 4095 2231 4151; x_wconf 90' lang='lat' dir='ltr'><strong>siderat.</strong></span> 
     </span>
    </p>
   </div>
   <div class='ocr_carea' id='block_1_103' title="bbox 2088 4167 3593 4253">
    <p class='ocr_par' dir='ltr' id='par_1_103' title="bbox 2088 4167 3593 4253">
     <span class='ocr_line' id='line_1_103' title="bbox 2088 4167 3593 4253; baseline -0.014 -15"><span class='ocrx_word' id='word_1_794' title='bbox 2088 4183 2218 4238; x_wconf 85' lang='lat' dir='ltr'><strong>Llll.</strong></span> <span class='ocrx_word' id='word_1_795' title='bbox 2247 4179 2344 4253; x_wconf 85' lang='grc'><strong>[11).</strong></span> <span class='ocrx_word' id='word_1_796' title='bbox 2372 4194 2487 4243; x_wconf 87' lang='lat' dir='ltr'><strong>vm,</strong></span> <span class='ocrx_word' id='word_1_797' title='bbox 2511 4174 2719 4249; x_wconf 70' lang='lat'><strong>19-25.]</strong></span> <span class='ocrx_word' id='word_1_798' title='bbox 2739 4172 2890 4241; x_wconf 91' lang='lat' dir='ltr'><strong>Quod</strong></span> <span class='ocrx_word' id='word_1_799' title='bbox 2909 4180 3082 4227; x_wconf 91' lang='lat' dir='ltr'><strong>autem</strong></span> <span class='ocrx_word' id='word_1_800' title='bbox 3106 4169 3199 4234; x_wconf 92' lang='lat' dir='ltr'><strong>ait,</strong></span> <span class='ocrx_word' id='word_1_801' title='bbox 3224 4167 3361 4221; x_wconf 88' lang='lat' dir='ltr'><strong>Nam</strong></span> <span class='ocrx_word' id='word_1_802' title='bbox 3384 4181 3593 4236; x_wconf 72' lang='lat' dir='ltr'><strong>exspec-</strong></span> 
     </span>
    </p>
   </div>
   <div class='ocr_carea' id='block_1_104' title="bbox 2019 4254 3595 4333">
    <p class='ocr_par' dir='ltr' id='par_1_104' title="bbox 2019 4254 3595 4333">
     <span class='ocr_line' id='line_1_104' title="bbox 2019 4254 3595 4333; baseline -0.014 -5"><span class='ocrx_word' id='word_1_803' title='bbox 2019 4276 2139 4329; x_wconf 91' lang='lat' dir='ltr'><strong>tatio</strong></span> <span class='ocrx_word' id='word_1_804' title='bbox 2168 4282 2409 4326; x_wconf 70' lang='lat' dir='ltr'><strong>creatura:</strong></span> <span class='ocrx_word' id='word_1_805' title='bbox 2437 4268 2785 4323; x_wconf 81' lang='lat' dir='ltr'><strong>reuelationem</strong></span> <span class='ocrx_word' id='word_1_806' title='bbox 2811 4265 3032 4333; x_wconf 81' lang='lat' dir='ltr'><strong>ﬁliorum</strong></span> <span class='ocrx_word' id='word_1_807' title='bbox 3060 4260 3155 4313; x_wconf 87' lang='lat' dir='ltr'><strong>Dei</strong></span> <span class='ocrx_word' id='word_1_808' title='bbox 3182 4264 3454 4328; x_wconf 72' lang='lat' dir='ltr'><strong>exspectat.</strong></span> <span class='ocrx_word' id='word_1_809' title='bbox 3492 4254 3595 4307; x_wconf 82' lang='lat' dir='ltr'><strong>Va-</strong></span> 
     </span>
    </p>
   </div>
   <div class='ocr_carea' id='block_1_105' title="bbox 2019 4356 3597 4427">
    <p class='ocr_par' dir='ltr' id='par_1_105' title="bbox 2019 4356 3597 4427">
     <span class='ocr_line' id='line_1_105' title="bbox 2019 4356 3597 4427; baseline -0.012 -7"><span class='ocrx_word' id='word_1_810' title='bbox 2019 4366 2165 4421; x_wconf 88' lang='lat' dir='ltr'><strong>nitati</strong></span> <span class='ocrx_word' id='word_1_811' title='bbox 2192 4364 2323 4418; x_wconf 89' lang='lat' dir='ltr'><strong>enim</strong></span> <span class='ocrx_word' id='word_1_812' title='bbox 2346 4370 2575 4414; x_wconf 88' lang='lat' dir='ltr'><strong>creatura</strong></span> <span class='ocrx_word' id='word_1_813' title='bbox 2603 4358 2825 4427; x_wconf 86' lang='lat' dir='ltr'><strong>subjecta</strong></span> <span class='ocrx_word' id='word_1_814' title='bbox 2846 4362 2919 4408; x_wconf 89' lang='lat' dir='ltr'><strong>est</strong></span> <span class='ocrx_word' id='word_1_815' title='bbox 2944 4369 3044 4406; x_wconf 88' lang='lat' dir='ltr'><strong>non</strong></span> <span class='ocrx_word' id='word_1_816' title='bbox 3071 4358 3267 4420; x_wconf 87' lang='lat' dir='ltr'><strong>sponte,</strong></span> <span class='ocrx_word' id='word_1_817' title='bbox 3281 4356 3410 4413; x_wconf 92' lang='lat' dir='ltr'><strong>etc.,</strong></span> <span class='ocrx_word' id='word_1_818' title='bbox 3426 4360 3597 4415; x_wconf 85' lang='lat' dir='ltr'><strong>usque</strong></span> 
     </span>
    </p>
   </div>
   <div class='ocr_carea' id='block_1_106' title="bbox 2020 4436 3683 4522">
    <p class='ocr_par' dir='ltr' id='par_1_106' title="bbox 2020 4436 3683 4522">
     <span class='ocr_line' id='line_1_106' title="bbox 2020 4436 3683 4522; baseline -0.016 -12"><span class='ocrx_word' id='word_1_819' title='bbox 2020 4456 2086 4510; x_wconf 85' lang='lat' dir='ltr'><strong>ad</strong></span> <span class='ocrx_word' id='word_1_820' title='bbox 2113 4454 2163 4509; x_wconf 91' lang='lat' dir='ltr'><strong>id</strong></span> <span class='ocrx_word' id='word_1_821' title='bbox 2193 4451 2332 4522; x_wconf 91' lang='lat' dir='ltr'><strong>quod</strong></span> <span class='ocrx_word' id='word_1_822' title='bbox 2358 4450 2430 4504; x_wconf 89' lang='lat' dir='ltr'><strong>ait</strong></span> <span class='ocrx_word' id='word_1_823' title='bbox 2454 4490 2468 4514; x_wconf 90' lang='lat'><strong>,</strong></span> <span class='ocrx_word' id='word_1_824' title='bbox 2499 4447 2563 4501; x_wconf 87' lang='lat' dir='ltr'><strong>Et</strong></span> <span class='ocrx_word' id='word_1_825' title='bbox 2590 4447 2689 4516; x_wconf 89' lang='lat' dir='ltr'><strong>ipsi</strong></span> <span class='ocrx_word' id='word_1_826' title='bbox 2713 4446 2766 4499; x_wconf 93' lang='lat' dir='ltr'><strong>in</strong></span> <span class='ocrx_word' id='word_1_827' title='bbox 2794 4441 3157 4509; x_wconf 87' lang='lat' dir='ltr'><strong>nobismetipsis</strong></span> <span class='ocrx_word' id='word_1_828' title='bbox 3185 4436 3552 4508; x_wconf 86' lang='lat' dir='ltr'><strong>ingemiscimus</strong></span> <span class='ocrx_word' id='word_1_829' title='bbox 3576 4472 3592 4498; x_wconf 93' lang='lat'><strong>,</strong></span> <span class='ocrx_word' id='word_1_830' title='bbox 3670 4503 3683 4514; x_wconf 21' lang='grc' dir='ltr'>ἣ</span> 
     </span>
    </p>
   </div>
   <div class='ocr_carea' id='block_1_107' title="bbox 2020 4526 3592 4618">
    <p class='ocr_par' dir='ltr' id='par_1_107' title="bbox 2020 4526 3592 4618">
     <span class='ocr_line' id='line_1_107' title="bbox 2020 4526 3592 4618; baseline -0.017 -16"><span class='ocrx_word' id='word_1_831' title='bbox 2020 4548 2341 4618; x_wconf 86' lang='lat' dir='ltr'><strong>adoptionem</strong></span> <span class='ocrx_word' id='word_1_832' title='bbox 2367 4550 2727 4612; x_wconf 71' lang='lat' dir='ltr'><strong>exspectantes,</strong></span> <span class='ocrx_word' id='word_1_833' title='bbox 2756 4535 3143 4605; x_wconf 86' lang='lat' dir='ltr'><strong>redemptionem</strong></span> <span class='ocrx_word' id='word_1_834' title='bbox 3165 4528 3389 4598; x_wconf 89' lang='lat' dir='ltr'><strong>corporis</strong></span> <span class='ocrx_word' id='word_1_835' title='bbox 3414 4526 3592 4590; x_wconf 87' lang='lat' dir='ltr'><strong>nostri,</strong></span> 
     </span>
    </p>
   </div>
   <div class='ocr_carea' id='block_1_108' title="bbox 2022 4616 3594 4704">
    <p class='ocr_par' dir='ltr' id='par_1_108' title="bbox 2022 4616 3594 4704">
     <span class='ocr_line' id='line_1_108' title="bbox 2022 4616 3594 4704; baseline -0.018 -11"><span class='ocrx_word' id='word_1_836' title='bbox 2022 4639 2099 4693; x_wconf 92' lang='lat' dir='ltr'><strong>sic</strong></span> <span class='ocrx_word' id='word_1_837' title='bbox 2120 4616 2513 4704; x_wconf 87' lang='lat' dir='ltr'><strong>intelligendum</strong></span> <span class='ocrx_word' id='word_1_838' title='bbox 2539 4637 2641 4695; x_wconf 86' lang='lat' dir='ltr'><strong>est,</strong></span> <span class='ocrx_word' id='word_1_839' title='bbox 2674 4636 2731 4682; x_wconf 91' lang='lat' dir='ltr'><strong>ut</strong></span> <span class='ocrx_word' id='word_1_840' title='bbox 2756 4641 2926 4695; x_wconf 90' lang='lat' dir='ltr'><strong>neque</strong></span> <span class='ocrx_word' id='word_1_841' title='bbox 2946 4636 3159 4679; x_wconf 90' lang='lat' dir='ltr'><strong>sensum</strong></span> <span class='ocrx_word' id='word_1_842' title='bbox 3187 4616 3401 4673; x_wconf 91' lang='lat' dir='ltr'><strong>dolendi</strong></span> <span class='ocrx_word' id='word_1_843' title='bbox 3430 4624 3484 4695; x_wconf 84' lang='lat' dir='ltr'><strong>et</strong></span> <span class='ocrx_word' id='word_1_844' title='bbox 3502 4628 3594 4682; x_wconf 83' lang='lat' dir='ltr'><strong>ge-</strong></span> 
     </span>
    </p>
   </div>
   <div class='ocr_carea' id='block_1_109' title="bbox 2022 4703 3596 4795">
    <p class='ocr_par' dir='ltr' id='par_1_109' title="bbox 2022 4703 3596 4795">
     <span class='ocr_line' id='line_1_109' title="bbox 2022 4703 3596 4795; baseline -0.018 -12"><span class='ocrx_word' id='word_1_845' title='bbox 2022 4727 2203 4784; x_wconf 89' lang='lat' dir='ltr'><strong>mendi</strong></span> <span class='ocrx_word' id='word_1_846' title='bbox 2232 4703 2510 4795; x_wconf 84' lang='lat' dir='ltr'><strong>opinemur</strong></span> <span class='ocrx_word' id='word_1_847' title='bbox 2532 4735 2650 4776; x_wconf 89' lang='lat' dir='ltr'><strong>esse</strong></span> <span class='ocrx_word' id='word_1_848' title='bbox 2678 4719 2733 4772; x_wconf 90' lang='lat' dir='ltr'><strong>in</strong></span> <span class='ocrx_word' id='word_1_849' title='bbox 2759 4713 3037 4771; x_wconf 91' lang='lat' dir='ltr'><strong>arboribus</strong></span> <span class='ocrx_word' id='word_1_850' title='bbox 3060 4720 3114 4766; x_wconf 89' lang='lat' dir='ltr'><strong>et</strong></span> <span class='ocrx_word' id='word_1_851' title='bbox 3132 4708 3362 4763; x_wconf 87' lang='lat' dir='ltr'><strong>oleribus</strong></span> <span class='ocrx_word' id='word_1_852' title='bbox 3388 4713 3438 4759; x_wconf 91' lang='lat' dir='ltr'><strong>et</strong></span> <span class='ocrx_word' id='word_1_853' title='bbox 3462 4703 3596 4770; x_wconf 85' lang='lat' dir='ltr'><strong>lapi-</strong></span> 
     </span>
    </p>
   </div>
   <div class='ocr_carea' id='block_1_110' title="bbox 2023 4792 3595 4884">
    <p class='ocr_par' dir='ltr' id='par_1_110' title="bbox 2023 4792 3595 4884">
     <span class='ocr_line' id='line_1_110' title="bbox 2023 4792 3595 4884; baseline -0.019 -10"><span class='ocrx_word' id='word_1_854' title='bbox 2023 4819 2211 4884; x_wconf 89' lang='lat' dir='ltr'><strong>dibus,</strong></span> <span class='ocrx_word' id='word_1_855' title='bbox 2244 4792 2299 4871; x_wconf 76' lang='lat' dir='ltr'><strong>et</strong></span> <span class='ocrx_word' id='word_1_856' title='bbox 2342 4813 2548 4869; x_wconf 66' lang='lat' dir='ltr'><strong>cancris</strong></span> <span class='ocrx_word' id='word_1_857' title='bbox 2589 4804 2951 4879; x_wconf 85' lang='lat' dir='ltr'><strong>hujuscemodi</strong></span> <span class='ocrx_word' id='word_1_858' title='bbox 2991 4800 3284 4864; x_wconf 89' lang='lat' dir='ltr'><strong>creaturis;</strong></span> <span class='ocrx_word' id='word_1_859' title='bbox 3324 4796 3409 4849; x_wconf 89' lang='lat' dir='ltr'><strong>hic</strong></span> <span class='ocrx_word' id='word_1_860' title='bbox 3453 4792 3595 4847; x_wconf 91' lang='lat' dir='ltr'><strong>enim</strong></span> 
     </span>
    </p>
   </div>
   <div class='ocr_carea' id='block_1_111' title="bbox 2025 4892 3596 4969">
    <p class='ocr_par' dir='ltr' id='par_1_111' title="bbox 2025 4892 3596 4969">
     <span class='ocr_line' id='line_1_111' title="bbox 2025 4892 3596 4969; baseline -0.02 -1"><span class='ocrx_word' id='word_1_861' title='bbox 2025 4928 2175 4969; x_wconf 91' lang='lat' dir='ltr'><strong>error</strong></span> <span class='ocrx_word' id='word_1_862' title='bbox 2202 4907 2608 4965; x_wconf 62' lang='lat' dir='ltr'><strong>Manichaeorum</strong></span> <span class='ocrx_word' id='word_1_863' title='bbox 2648 4910 2729 4956; x_wconf 90' lang='lat' dir='ltr'><strong>est</strong></span> <span class='ocrx_word' id='word_1_864' title='bbox 2766 4918 2778 4953; x_wconf 90' lang='lat'><strong>:</strong></span> <span class='ocrx_word' id='word_1_865' title='bbox 2811 4912 2982 4967; x_wconf 88' lang='lat' dir='ltr'><strong>neque</strong></span> <span class='ocrx_word' id='word_1_866' title='bbox 3012 4892 3238 4962; x_wconf 82' lang='lat' dir='ltr'><strong>Angelos</strong></span> <span class='ocrx_word' id='word_1_867' title='bbox 3264 4896 3476 4944; x_wconf 89' lang='lat' dir='ltr'><strong>sanctos</strong></span> <span class='ocrx_word' id='word_1_868' title='bbox 3499 4900 3596 4939; x_wconf 79' lang='lat' dir='ltr'><strong>va-</strong></span> 
     </span>
    </p>
   </div>
   <div class='ocr_carea' id='block_1_112' title="bbox 2025 4976 3596 5065">
    <p class='ocr_par' dir='ltr' id='par_1_112' title="bbox 2025 4976 3596 5065">
     <span class='ocr_line' id='line_1_112' title="bbox 2025 4976 3596 5065; baseline -0.018 -8"><span class='ocrx_word' id='word_1_869' title='bbox 2025 5002 2173 5057; x_wconf 88' lang='lat' dir='ltr'><strong>nitati</strong></span> <span class='ocrx_word' id='word_1_870' title='bbox 2204 4999 2468 5065; x_wconf 86' lang='lat' dir='ltr'><strong>subjectos</strong></span> <span class='ocrx_word' id='word_1_871' title='bbox 2504 5008 2622 5049; x_wconf 90' lang='lat' dir='ltr'><strong>esse</strong></span> <span class='ocrx_word' id='word_1_872' title='bbox 2654 4990 3001 5051; x_wconf 91' lang='lat' dir='ltr'><strong>arbitremur;</strong></span> <span class='ocrx_word' id='word_1_873' title='bbox 3028 4991 3083 5038; x_wconf 90' lang='lat' dir='ltr'><strong>et</strong></span> <span class='ocrx_word' id='word_1_874' title='bbox 3110 4982 3175 5037; x_wconf 90' lang='lat' dir='ltr'><strong>de</strong></span> <span class='ocrx_word' id='word_1_875' title='bbox 3204 4978 3288 5034; x_wconf 80' lang='lat' dir='ltr'><strong>his</strong></span> <span class='ocrx_word' id='word_1_876' title='bbox 3324 4976 3596 5031; x_wconf 84' lang='lat' dir='ltr'><strong>existime-</strong></span> 
     </span>
    </p>
   </div>
   <div class='ocr_carea' id='block_1_113' title="bbox 2028 5071 3599 5160">
    <p class='ocr_par' dir='ltr' id='par_1_113' title="bbox 2028 5071 3599 5160">
     <span class='ocr_line' id='line_1_113' title="bbox 2028 5071 3599 5160; baseline -0.018 -13"><span class='ocrx_word' id='word_1_877' title='bbox 2028 5106 2147 5147; x_wconf 91' lang='lat' dir='ltr'><strong>mus</strong></span> <span class='ocrx_word' id='word_1_878' title='bbox 2190 5088 2331 5160; x_wconf 89' lang='lat' dir='ltr'><strong>quod</strong></span> <span class='ocrx_word' id='word_1_879' title='bbox 2376 5085 2740 5141; x_wconf 90' lang='lat' dir='ltr'><strong>liberabuntur</strong></span> <span class='ocrx_word' id='word_1_880' title='bbox 2776 5095 2805 5133; x_wconf 91' lang='lat' dir='ltr'><strong>a</strong></span> <span class='ocrx_word' id='word_1_881' title='bbox 2849 5075 3103 5132; x_wconf 88' lang='lat' dir='ltr'><strong>servitute</strong></span> <span class='ocrx_word' id='word_1_882' title='bbox 3149 5071 3428 5134; x_wconf 88' lang='lat' dir='ltr'><strong>interitus,</strong></span> <span class='ocrx_word' id='word_1_883' title='bbox 3476 5080 3599 5120; x_wconf 92' lang='lat' dir='ltr'><strong>cum</strong></span> 
     </span>
    </p>
   </div>
   <div class='ocr_carea' id='block_1_114' title="bbox 2030 5156 3598 5247">
    <p class='ocr_par' dir='ltr' id='par_1_114' title="bbox 2030 5156 3598 5247">
     <span class='ocr_line' id='line_1_114' title="bbox 2030 5156 3598 5247; baseline -0.02 -9"><span class='ocrx_word' id='word_1_884' title='bbox 2030 5182 2289 5238; x_wconf 90' lang='lat' dir='ltr'><strong>interituri</strong></span> <span class='ocrx_word' id='word_1_885' title='bbox 2322 5179 2498 5247; x_wconf 90' lang='lat' dir='ltr'><strong>utique</strong></span> <span class='ocrx_word' id='word_1_886' title='bbox 2523 5190 2628 5230; x_wconf 93' lang='lat' dir='ltr'><strong>non</strong></span> <span class='ocrx_word' id='word_1_887' title='bbox 2658 5174 2762 5228; x_wconf 92' lang='lat' dir='ltr'><strong>sint</strong></span> <span class='ocrx_word' id='word_1_888' title='bbox 2790 5187 2805 5223; x_wconf 93' lang='lat'><strong>:</strong></span> <span class='ocrx_word' id='word_1_889' title='bbox 2845 5166 2938 5223; x_wconf 90' lang='lat' dir='ltr'><strong>sed</strong></span> <span class='ocrx_word' id='word_1_890' title='bbox 2974 5178 3185 5222; x_wconf 90' lang='lat' dir='ltr'><strong>omnem</strong></span> <span class='ocrx_word' id='word_1_891' title='bbox 3220 5169 3515 5216; x_wconf 90' lang='lat' dir='ltr'><strong>creaturam</strong></span> <span class='ocrx_word' id='word_1_892' title='bbox 3545 5156 3598 5209; x_wconf 89' lang='lat' dir='ltr'><strong>in</strong></span> 
     </span>
    </p>
   </div>
   <div class='ocr_carea' id='block_1_115' title="bbox 2031 5248 3600 5346">
    <p class='ocr_par' dir='ltr' id='par_1_115' title="bbox 2031 5248 3600 5346">
     <span class='ocr_line' id='line_1_115' title="bbox 2031 5248 3600 5346; baseline -0.018 -17"><span class='ocrx_word' id='word_1_893' title='bbox 2031 5277 2147 5346; x_wconf 91' lang='lat' dir='ltr'><strong>ipso</strong></span> <span class='ocrx_word' id='word_1_894' title='bbox 2174 5272 2388 5328; x_wconf 90' lang='lat' dir='ltr'><strong>homine</strong></span> <span class='ocrx_word' id='word_1_895' title='bbox 2416 5270 2530 5323; x_wconf 91' lang='lat' dir='ltr'><strong>sine</strong></span> <span class='ocrx_word' id='word_1_896' title='bbox 2556 5267 2660 5321; x_wconf 89' lang='lat' dir='ltr'><strong>ulla</strong></span> <span class='ocrx_word' id='word_1_897' title='bbox 2690 5261 2950 5318; x_wconf 88' lang='lat' dir='ltr'><strong>calumnia</strong></span> <span class='ocrx_word' id='word_1_898' title='bbox 2974 5258 3285 5328; x_wconf 86' lang='lat' dir='ltr'><strong>cogitemus.</strong></span> <span class='ocrx_word' id='word_1_899' title='bbox 3315 5252 3428 5306; x_wconf 88' lang='lat' dir='ltr'><strong>Non</strong></span> <span class='ocrx_word' id='word_1_900' title='bbox 3456 5248 3600 5303; x_wconf 90' lang='lat' dir='ltr'><strong>enim</strong></span> 
     </span>
    </p>
   </div>
   <div class='ocr_carea' id='block_1_116' title="bbox 2030 5343 3602 5427">
    <p class='ocr_par' dir='ltr' id='par_1_116' title="bbox 2030 5343 3602 5427">
     <span class='ocr_line' id='line_1_116' title="bbox 2030 5343 3602 5427; baseline -0.018 -7"><span class='ocrx_word' id='word_1_901' title='bbox 2030 5343 2268 5421; x_wconf 73' lang='lat' dir='ltr'><strong>creatura</strong></span> <span class='ocrx_word' id='word_1_902' title='bbox 2296 5362 2402 5415; x_wconf 91' lang='lat' dir='ltr'><strong>ulla</strong></span> <span class='ocrx_word' id='word_1_903' title='bbox 2426 5374 2544 5414; x_wconf 84' lang='lat' dir='ltr'><strong>esse</strong></span> <span class='ocrx_word' id='word_1_904' title='bbox 2568 5362 2762 5427; x_wconf 88' lang='lat' dir='ltr'><strong>potest,</strong></span> <span class='ocrx_word' id='word_1_905' title='bbox 2789 5350 2888 5405; x_wconf 89' lang='lat' dir='ltr'><strong>nisi</strong></span> <span class='ocrx_word' id='word_1_906' title='bbox 2909 5357 3001 5403; x_wconf 91' lang='lat' dir='ltr'><strong>aut</strong></span> <span class='ocrx_word' id='word_1_907' title='bbox 3023 5343 3334 5418; x_wconf 88' lang='lat' dir='ltr'><strong>spiritualis,</strong></span> <span class='ocrx_word' id='word_1_908' title='bbox 3362 5356 3483 5412; x_wconf 66' lang='lat' dir='ltr'><strong>quae</strong></span> <span class='ocrx_word' id='word_1_909' title='bbox 3502 5354 3602 5394; x_wconf 84' lang='lat' dir='ltr'><strong>ex-</strong></span> 
     </span>
    </p>
   </div>
   <div class='ocr_carea' id='block_1_117' title="bbox 2032 5430 3603 5522">
    <p class='ocr_par' dir='ltr' id='par_1_117' title="bbox 2032 5430 3603 5522">
     <span class='ocr_line' id='line_1_117' title="bbox 2032 5430 3603 5522; baseline -0.018 -10"><span class='ocrx_word' id='word_1_910' title='bbox 2032 5456 2175 5512; x_wconf 86' lang='lat' dir='ltr'><strong>cellit</strong></span> <span class='ocrx_word' id='word_1_911' title='bbox 2200 5455 2251 5508; x_wconf 92' lang='lat' dir='ltr'><strong>in</strong></span> <span class='ocrx_word' id='word_1_912' title='bbox 2278 5451 2489 5522; x_wconf 84' lang='lat' dir='ltr'><strong>Angelis</strong></span> <span class='ocrx_word' id='word_1_913' title='bbox 2514 5464 2529 5513; x_wconf 90' lang='lat'><strong>;</strong></span> <span class='ocrx_word' id='word_1_914' title='bbox 2557 5456 2646 5501; x_wconf 91' lang='lat' dir='ltr'><strong>aut</strong></span> <span class='ocrx_word' id='word_1_915' title='bbox 2672 5441 2935 5505; x_wconf 91' lang='lat' dir='ltr'><strong>animalis,</strong></span> <span class='ocrx_word' id='word_1_916' title='bbox 2960 5453 3079 5510; x_wconf 89' lang='lat' dir='ltr'><strong>quae</strong></span> <span class='ocrx_word' id='word_1_917' title='bbox 3107 5437 3264 5492; x_wconf 91' lang='lat' dir='ltr'><strong>etiam</strong></span> <span class='ocrx_word' id='word_1_918' title='bbox 3294 5434 3349 5488; x_wconf 92' lang='lat' dir='ltr'><strong>in</strong></span> <span class='ocrx_word' id='word_1_919' title='bbox 3378 5432 3482 5486; x_wconf 86' lang='lat' dir='ltr'><strong>vita</strong></span> <span class='ocrx_word' id='word_1_920' title='bbox 3510 5430 3603 5485; x_wconf 89' lang='lat' dir='ltr'><strong>be-</strong></span> 
     </span>
    </p>
   </div>
   <div class='ocr_carea' id='block_1_118' title="bbox 2032 5523 3604 5610">
    <p class='ocr_par' dir='ltr' id='par_1_118' title="bbox 2032 5523 3604 5610">
     <span class='ocr_line' id='line_1_118' title="bbox 2032 5523 3604 5610; baseline -0.018 -8"><span class='ocrx_word' id='word_1_921' title='bbox 2032 5548 2251 5604; x_wconf 88' lang='lat' dir='ltr'><strong>stiarum</strong></span> <span class='ocrx_word' id='word_1_922' title='bbox 2277 5544 2407 5599; x_wconf 85' lang='lat' dir='ltr'><strong>satis</strong></span> <span class='ocrx_word' id='word_1_923' title='bbox 2430 5546 2678 5610; x_wconf 87' lang='lat' dir='ltr'><strong>apparet;</strong></span> <span class='ocrx_word' id='word_1_924' title='bbox 2710 5542 2800 5589; x_wconf 87' lang='lat' dir='ltr'><strong>aut</strong></span> <span class='ocrx_word' id='word_1_925' title='bbox 2821 5530 3113 5602; x_wconf 86' lang='lat' dir='ltr'><strong>corporalis</strong></span> <span class='ocrx_word' id='word_1_926' title='bbox 3130 5571 3146 5597; x_wconf 94' lang='lat'><strong>,</strong></span> <span class='ocrx_word' id='word_1_927' title='bbox 3176 5541 3295 5598; x_wconf 63' lang='lat' dir='ltr'><strong>quae</strong></span> <span class='ocrx_word' id='word_1_928' title='bbox 3317 5523 3483 5581; x_wconf 89' lang='lat' dir='ltr'><strong>videri</strong></span> <span class='ocrx_word' id='word_1_929' title='bbox 3513 5530 3604 5575; x_wconf 89' lang='lat' dir='ltr'><strong>aut</strong></span> 
     </span>
    </p>
   </div>
   <div class='ocr_carea' id='block_1_119' title="bbox 2035 5612 3599 5709">
    <p class='ocr_par' dir='ltr' id='par_1_119' title="bbox 2035 5612 3599 5709">
     <span class='ocr_line' id='line_1_119' title="bbox 2035 5612 3599 5709; baseline -0.019 -15"><span class='ocrx_word' id='word_1_930' title='bbox 2035 5638 2175 5709; x_wconf 85' lang='lat' dir='ltr'><strong>tangi</strong></span> <span class='ocrx_word' id='word_1_931' title='bbox 2201 5642 2374 5706; x_wconf 90' lang='lat' dir='ltr'><strong>potest</strong></span> <span class='ocrx_word' id='word_1_932' title='bbox 2400 5652 2413 5688; x_wconf 91' lang='lat'><strong>:</strong></span> <span class='ocrx_word' id='word_1_933' title='bbox 2444 5630 2614 5686; x_wconf 90' lang='lat' dir='ltr'><strong>omnis</strong></span> <span class='ocrx_word' id='word_1_934' title='bbox 2634 5634 2807 5682; x_wconf 89' lang='lat' dir='ltr'><strong>autem</strong></span> <span class='ocrx_word' id='word_1_935' title='bbox 2837 5632 2918 5679; x_wconf 89' lang='lat' dir='ltr'><strong>est</strong></span> <span class='ocrx_word' id='word_1_936' title='bbox 2937 5623 3095 5678; x_wconf 90' lang='lat' dir='ltr'><strong>etiam</strong></span> <span class='ocrx_word' id='word_1_937' title='bbox 3121 5622 3174 5675; x_wconf 91' lang='lat' dir='ltr'><strong>in</strong></span> <span class='ocrx_word' id='word_1_938' title='bbox 3197 5618 3413 5673; x_wconf 89' lang='lat' dir='ltr'><strong>homine</strong></span> <span class='ocrx_word' id='word_1_939' title='bbox 3437 5631 3451 5679; x_wconf 94' lang='lat'><strong>;</strong></span> <span class='ocrx_word' id='word_1_940' title='bbox 3477 5612 3599 5683; x_wconf 83' lang='lat' dir='ltr'><strong>quia</strong></span> 
     </span>
    </p>
   </div>
   <div class='ocr_carea' id='block_1_120' title="bbox 2036 5707 3576 5801">
    <p class='ocr_par' dir='ltr' id='par_1_120' title="bbox 2036 5707 3576 5801">
     <span class='ocr_line' id='line_1_120' title="bbox 2036 5707 3576 5801; baseline -0.019 -16"><span class='ocrx_word' id='word_1_941' title='bbox 2036 5707 2197 5787; x_wconf 88' lang='lat' dir='ltr'><strong>homo</strong></span> <span class='ocrx_word' id='word_1_942' title='bbox 2218 5732 2425 5801; x_wconf 87' lang='lat' dir='ltr'><strong>constat</strong></span> <span class='ocrx_word' id='word_1_943' title='bbox 2448 5720 2632 5793; x_wconf 87' lang='lat' dir='ltr'><strong>spiritu</strong></span> <span class='ocrx_word' id='word_1_944' title='bbox 2662 5728 2713 5774; x_wconf 89' lang='lat' dir='ltr'><strong>ct</strong></span> <span class='ocrx_word' id='word_1_945' title='bbox 2749 5716 2925 5791; x_wconf 87' lang='lat' dir='ltr'><strong>anima</strong></span> <span class='ocrx_word' id='word_1_946' title='bbox 2942 5722 3005 5771; x_wconf 85' lang='lat' dir='ltr'><strong>et</strong></span> <span class='ocrx_word' id='word_1_947' title='bbox 3029 5724 3268 5785; x_wconf 81' lang='lat' dir='ltr'><strong>corpore.</strong></span> <span class='ocrx_word' id='word_1_948' title='bbox 3297 5707 3436 5777; x_wconf 77' lang='lat' dir='ltr'><strong>Ergo</strong></span> <span class='ocrx_word' id='word_1_949' title='bbox 3459 5718 3576 5759; x_wconf 73' lang='lat' dir='ltr'><strong>crta</strong></span> 
     </span>
    </p>
   </div>
  </div>
