4076 6510
505 329 644 390 2075

503 454 616 498 tura
637 441 984 498 reuelationem
1007 443 1225 511 ﬁliorum
1251 440 1344 494 Dei
1362 447 1632 509 exspectat,
1655 432 1906 504 quidquid
1931 445 2069 486 nunc

503 534 556 589 in
589 533 801 588 homine
826 533 1046 598 laborat,
1074 543 1127 586 et
1160 530 1480 598 corruptioni
1509 528 1764 595 subiacet,
1792 524 1934 578 illam
1965 521 2070 576 sei—

502 624 626 679 licet
663 623 1136 678 manifestationem
1176 622 1242 674 de
1274 633 1376 689 qua
1416 618 1552 672 idem
1596 616 1722 669 dicit
1750 613 2064 683 apostolus:

503 713 696 767 Μονιαὶ
736 713 869 766 enim
909 714 1044 776 estis,
1075 719 1122 766 et
1167 711 1264 763 vita
1309 717 1471 762 vestra
1511 705 1800 761 abscondita
1841 711 1914 758 est
1955 717 2070 754 cum

504 801 698 858 Christo
719 803 770 855 in
792 800 896 854 Deo
917 817 934 854 :
954 817 1068 854 cum
1088 799 1316 855 Christus
1333 797 1622 868 apparuerit
1639 795 1737 848 vita
1751 800 1931 854 vestra,
1951 799 2069 843 tunc

499 901 548 945 et
567 909 652 947 vos
678 908 793 944 cum
817 891 926 959 ipso
948 890 1250 961 apparebitis
1273 889 1326 942 in
1346 888 1506 959 gloria
1532 885 1744 960 (Coloss.
1773 899 1861 948 111,
1891 884 1925 937 '5
1943 923 1958 947 ,
1989 881 2064 950 4).

501 983 709 1040 Dicitet
738 984 964 1038 Joannes
996 1003 1010 1039 :
1042 983 1363 1036 Dilectissimi
1384 1023 1399 1047 ,
1431 997 1563 1035 nunc
1589 979 1683 1048 ﬁlii
1706 977 1802 1030 Dei
1823 981 2067 1031 sumus'et

500 1076 724 1130 nondum
759 1076 992 1146 apparuit
1011 1075 1132 1144 quid
1157 1075 1339 1129 erimus
1365 1089 1385 1128 :
1409 1074 1593 1128 scimus
1617 1080 1784 1125 autem
1811 1069 1929 1139 quia
1953 1083 2066 1121 cum

497 1148 805 1236 apparuerit,
834 1162 1020 1219 similes
1053 1166 1098 1219 ei
1124 1166 1328 1230 erimus,
1369 1163 1604 1234 quoniam
1644 1159 1915 1214 videbimus
1952 1159 2065 1211 eum

497 1254 645 1306 sicuti
653 1261 725 1306 est
738 1251 946 1322 (lJoan.
962 1251 1127 1326 111,2).
1146 1253 1292 1308 Hanc
1306 1267 1432 1322 ergo
1445 1250 1821 1306 revelationem
1838 1246 2061 1301 ﬁliorum

496 1343 590 1398 Dei
603 1353 1121 1411 exspectatcreatura
1139 1360 1256 1414 quae
1269 1345 1321 1398 in
1336 1342 1548 1398 homine
1567 1355 1705 1395 nunc
1723 1338 1934 1394 vanitati
1948 1336 2066 1392 sub-

490 1435 630 1504 jeeta
657 1443 767 1502 est,
785 1436 1033 1506 quamdiu
1059 1436 1233 1492 dedita
1251 1443 1332 1491 est
1348 1433 1721 1504 temporalibus
1736 1431 1892 1485 rebus
1907 1470 1922 1494 ,
1944 1443 2063 1498 qua:

496 1531 771 1579 transeunt
787 1535 1030 1595 tanquam
1049 1525 1253 1580 umbra.
1278 1525 1428 1581 Unde
1449 1532 1502 1579 et
1521 1524 1572 1578 in
1598 1522 1810 1578 Psalmo
1827 1519 2021 1574 dicitur
2046 1537 2059 1574 :

493 1612 663 1668 Homo
691 1615 897 1668 vanitati
920 1614 1098 1670 similis
1123 1615 1286 1685 factus
1305 1625 1411 1680 est;
1441 1615 1546 1668 dies
1586 1614 1697 1682 ejus
1727 1611 1859 1666 velut
1886 1609 2063 1664 umbra

494 1712 794 1772 praztereunt
814 1702 982 1776 (Psal.
1001 1719 1186 1768 CXLIII,
1211 1703 1288 1775 l).
1313 1705 1388 1758 De
1415 1718 1515 1774 qua
1542 1702 1771 1756 vanitate
1787 1701 1945 1756 etiam
1968 1700 2064 1755 Sa-

493 1794 671 1850 lomon
701 1795 950 1866 loquitur,
981 1812 1101 1852 cum
1129 1796 1258 1851 dicit
1285 1814 1298 1852 :
1339 1795 1550 1850 Vanitas
1577 1793 1906 1848 vanitantium
1937 1794 1954 1824 ¹
1977 1833 1990 1858 ,
2016 1801 2064 1847 et

493 1887 661 1939 omnia
685 1887 874 1941 vanitas
905 1903 922 1941 :
948 1904 1056 1958 qua:
1095 1888 1402 1942 abundantia
1429 1888 1618 1941 homini
1654 1887 1707 1939 in
1735 1886 1870 1940 omni
1895 1884 2064 1938 labore

495 1992 619 2042 suo,
649 1994 744 2046 quo
777 1979 884 2048 ipse
907 1979 1100 2032 laborat
1130 1979 1222 2033 sub
1246 1979 1350 2033 sole
1374 1977 1564 2048 (Eccle.
1601 1993 1639 2044 1,
1659 1977 1714 2042 2,
1741 1977 1833 2045 5)?
1862 1977 1935 2030 De
1960 1991 2062 2044 qua

489 2065 617 2122 item
644 2068 803 2122 David
829 2068 955 2123 dicit
983 2060 995 2122 Ξ
1023 2068 1068 2123 1]
1073 2067 1214 2138 tquid
1238 2069 1445 2138 diligitis
1469 2068 1755 2134 vanitatem,
1777 2076 1825 2120 et
1842 2066 2063 2134 quaeritis

491 2159 806 2212 mendacium
829 2158 998 2231 (Psal.
1030 2175 1106 2226 1v,
1130 2159 1223 2230 5)?
1246 2159 1359 2214 Non
1387 2166 1576 2228 sponte
1598 2169 1773 2214 autem
1799 2158 1926 2212 dicit
1944 2171 2063 2212 esse

488 2249 781 2318 subiectam
818 2251 1035 2306 vanitati
1071 2259 1401 2318 creaturam,
1434 2252 1682 2321 quoniam
1722 2251 1945 2321 ptenalis
1981 2259 2064 2306 est

491 2340 592 2395 ista
621 2342 897 2410 subjectio.
927 2342 1043 2398 Non
1071 2343 1212 2399 enim
1242 2344 1402 2399 homo
1427 2344 1563 2400 sicut
1587 2351 1776 2414 sponte
1802 2344 2059 2415 peccavit,

489 2432 568 2487 sic
595 2433 754 2488 etiam
775 2443 965 2503 sponte
988 2435 1266 2490 damnatus
1295 2442 1378 2492 est
1403 2452 1415 2488 :
1444 2450 1564 2508 qua:
1589 2445 1764 2492 tamen
1793 2435 2064 2492 damnatio

488 2534 596 2575 non
626 2522 742 2578 sine
768 2537 862 2592 spe
889 2525 1234 2593 reparationis
1258 2525 1486 2596 irrogata
1508 2534 1590 2582 est
1613 2535 1817 2582 natura:
1840 2533 2058 2581 nostrae.

488 2609 558 2666 Et
585 2612 723 2676 ideo,
756 2612 974 2684 Propter
996 2632 1128 2681 eum,
1160 2615 1349 2685 inquit,
1380 2616 1465 2685 qui
1491 2615 1698 2686 subjecit
1725 2617 1779 2669 in
1803 2631 1926 2686 spe;
1945 2617 2062 2685 quia

485 2709 534 2754 et
558 2701 670 2770 ipsa
693 2711 919 2756 creatura
943 2704 1232 2758 liberabitur
1259 2720 1290 2757 a
1313 2705 1547 2758 servitute
1564 2705 1814 2770 interitus,
1839 2705 1892 2758 in
1913 2705 2062 2758 liber-

488 2801 636 2846 tatem
658 2794 832 2864 glorite
853 2795 1072 2862 ﬁliorum
1101 2794 1233 2860 Dei;
1263 2795 1314 2850 id
1339 2803 1440 2861 est,
1473 2797 1632 2851 etiam
1661 2797 1773 2864 ipsa
1804 2812 1919 2865 qua:
1947 2805 2062 2850 tau-

487 2883 758 2944 tummodo
784 2893 1026 2939 creatura
1055 2894 1169 2953 est,
1198 2885 1429 2940 nondum
1460 2900 1554 2955 per
1593 2886 1752 2942 ﬁdem
1779 2894 2060 2956 aggregata

486 2987 710 3029 numero
735 2973 962 3029 ﬁliorum
990 2975 1081 3029 Dei
1113 2991 1126 3028 :
1159 2975 1253 3031 sed
1292 2984 1464 3031 tamen
1501 2976 1554 3031 in
1583 2977 1661 3031 eis
1689 2977 1776 3046 qui
1807 2977 2060 3032 credituri

486 3071 658 3129 erant,
682 3064 895 3120 videbat
929 3066 1212 3135 Apostolus
1238 3067 1377 3136 quod
1415 3067 1563 3134 dicit,
1589 3069 1710 3138 quia
1737 3076 1964 3121 creatura
1987 3069 2059 3122 ti-

487 3152 739 3208 berabitur
761 3171 793 3208 a
817 3155 1048 3209 servitute
1071 3157 1299 3211 interitus
1322 3197 1336 3223 ,
1367 3165 1424 3211 ut
1449 3157 1681 3212 intcritui
1707 3173 1812 3214 non
1841 3159 2055 3224 serviat,

486 3244 571 3298 cui
592 3244 829 3299 serviunt
851 3259 1037 3300 omnes
1057 3255 1379 3316 peccatores.
1403 3247 1676 3304 Peccatori
1693 3248 1833 3305 enim
1860 3250 2058 3305 dictum

487 3343 588 3400 est,
618 3334 782 3389 Morte
804 3336 1030 3391 morieris
1055 3336 1207 3406 (Gen.
1236 3353 1292 3405 ιι,
1320 3337 1434 3408 l7).
1465 3337 1779 3394 Liberabitur
1801 3351 1976 3396 autem
2005 3341 2059 3397 in

489 3424 763 3480 libertatem
791 3427 966 3496 gloria:
991 3427 1213 3496 filiorum
1237 3427 1362 3494 Dei,
1391 3429 1443 3483 id
1471 3439 1582 3496 est,
1617 3439 1678 3485 ut
1718 3439 1772 3484 et
1800 3431 1908 3500 ipsa
1940 3447 2061 3500 per-

488 3516 664 3570 veniat
689 3518 709 3548 ¹
736 3517 802 3571 ad
828 3517 1122 3572 libertatem
1146 3519 1327 3588 glorias
1356 3521 1582 3574 ﬁliorum
1609 3521 1704 3576 Dei
1733 3537 1828 3590 per
1856 3521 2011 3576 ﬁdem
2041 3539 2055 3578 :

487 3621 604 3675 quae
632 3607 762 3663 ﬁdes
787 3622 905 3664 cum
936 3609 987 3663 in
1015 3623 1080 3664 ea
1109 3624 1213 3665 non
1240 3618 1357 3667 erat
1381 3652 1394 3674 ,
1425 3612 1789 3667 tantummodo
1815 3621 2058 3670 creatura

487 3696 780 3753 dicebatur.
812 3697 880 3753 Et
905 3698 972 3754 ad
1002 3699 1171 3770 ipsam
1198 3700 1362 3756 refert
1384 3703 1523 3772 quod
1547 3702 1789 3772 sequitur
1814 3721 1826 3756 :
1858 3702 2060 3758 Scimus

485 3789 619 3842 enim
650 3790 768 3858 quia
799 3801 1030 3843 creatura
1068 3793 1388 3861 congemiscit
1428 3803 1477 3846 et
1513 3794 1647 3850 dolet
1687 3809 1842 3864 usque
1868 3794 2057 3852 adhuc.

485 3879 650 3935 Erant
677 3881 816 3936 enim
847 3881 1018 3937 adhuc
1043 3883 1293 3940 credituri
1324 3885 1412 3955 qui
1450 3887 1608 3941 etiam
1649 3889 1838 3958 spiritu
1877 3888 2059 3957 subja-

487 3970 678 4025 cebant
711 3971 987 4028 laboriosis
1020 3975 1308 4029 erroribus.
1350 3976 1456 4031 Sed
1494 3993 1560 4031 ne
1602 3980 1720 4047 quis
1749 3988 1955 4048 putaret
1991 3978 2061 4036 de

488 4057 721 4126 ipsorum
748 4060 924 4114 labore
949 4069 1150 4116 tantum
1181 4063 1378 4118 dictum
1405 4080 1522 4124 esse
1547 4107 1564 4130 ,
1604 4067 1872 4136 Sultjungit
1895 4068 2058 4122 etiam

487 4149 556 4205 de
581 4151 644 4205 iis
683 4153 771 4221 qui
791 4154 898 4222 jam
939 4156 1288 4211 crediderant.
1318 4156 1626 4226 Quanquam
1656 4160 1797 4213 enim
1827 4161 2012 4228 spiritu
2039 4202 2055 4228 ,

489 4240 592 4296 hoc
617 4252 718 4310 est,
749 4255 926 4301 mente
945 4249 1202 4302 servirent
1230 4249 1353 4317 Legi
1384 4250 1470 4304 Dei
1500 4291 1514 4312 ,
1549 4260 1724 4305 tamen
1753 4254 1870 4321 quia
1897 4267 2060 4310 carne

489 4333 716 4388 servitur
740 4335 843 4404 legi
869 4338 1068 4405 peccati
1098 4337 1272 4407 (Rom.
1316 4356 1386 4394 vn
1411 4382 1426 4404 ,
1455 4341 1544 4409 9.3)
1571 4382 1585 4404 ,
1617 4343 1867 4411 quamdiu
1894 4346 2060 4399 inole-

487 4423 618 4478 stias
661 4433 716 4480 et
753 4426 1152 4485 sollicitationes
1197 4431 1531 4486 mortalitatis
1577 4443 1771 4487 nostra:
1809 4437 2055 4503 patimur,

487 4513 610 4570 ideo
633 4515 851 4583 addidit,
875 4515 1056 4573 dicens
1080 4537 1093 4572 :
1124 4519 1245 4575 Non
1265 4523 1427 4575 solum
1449 4532 1614 4574 autem
1642 4523 1740 4588 ipsi
1749 4566 1758 4583 ,
1788 4527 1874 4577 sed
1903 4535 1946 4578 et
1970 4543 2058 4580 nos

490 4604 738 4674 primitias
773 4607 979 4675 spiritus
1006 4608 1238 4665 habentes
1263 4652 1278 4676 ,
1317 4622 1361 4665 et
1388 4613 1486 4682 ipsi
1513 4613 1566 4665 in
1596 4614 1956 4685 nobismetipsis
1982 4618 2059 4671 itt-

487 4696 822 4766 gemiscimus.
861 4697 975 4752 Non
1015 4699 1187 4755 solum
1227 4716 1388 4772 ergo,
1419 4705 1618 4774 inquit,
1648 4703 1763 4775 ipsa
1797 4724 1914 4776 qua:
1945 4718 2062 4764 tan-

489 4788 764 4843 tummodo
790 4797 1032 4844 creatura
1061 4791 1255 4847 dicitur
1285 4794 1336 4847 in
1366 4795 1665 4854 hominibus
1702 4800 1793 4870 qui
1826 4801 2058 4857 nondum

485 4877 864 4943 crediderunt,
891 4889 943 4935 et
969 4881 1091 4937 ideo
1120 4883 1349 4938 nondum
1377 4887 1431 4940 in
1462 4887 1686 4945 ﬁliorum
1714 4892 1807 4946 Dei
1838 4909 2060 4949 numero

487 4969 763 5022 constituti
787 4979 928 5036 sunt,
956 4973 1303 5042 congemiscit
1325 4985 1379 5030 et
1401 4976 1546 5032 dolet
1575 4997 1590 5034 :
1623 4981 1716 5036 sed
1745 4985 1902 5038 etiam
1933 5000 2060 5039 nos-

488 5058 697 5126 metipsi
725 5060 814 5129 qui
851 5061 1136 5128 credimus,
1169 5072 1220 5118 et
1246 5065 1460 5133 spiritus
1498 5071 1755 5135 primitias
1781 5073 2057 5142 habemus,

489 5149 611 5216 quia
625 5149 732 5218 jam
751 5152 939 5219 spiritu
958 5153 1291 5209 adhaeremus
1313 5155 1420 5209 Deo
1439 5159 1727 5226 per-ﬁdem,
1744 5171 1798 5216 et
1815 5163 1932 5218 ideo
1955 5181 2058 5218 non

491 5237 596 5308 jam
624 5250 862 5295 creatura
881 5281 896 5308 ,
927 5242 1022 5297 sed
1058 5243 1151 5298 ﬁlii
1179 5243 1272 5299 Dei
1299 5247 1660 5315 appellamur;
1693 5259 1867 5307 tamen
1895 5264 1942 5306 et
1965 5256 2060 5324 ipsi

492 5331 547 5386 in
571 5332 936 5403 nobismetipsis
954 5334 1339 5406 ingemiscimus,
1361 5338 1679 5408 adeptionem
1698 5353 2059 5412 exspectantes,

975 5474 1249 5547 vtmt'tatum-
1283 5483 1336 5527 Αἱ
1356 5484 1483 5540 MSS»
1510 5481 1697 5547 Vanilas
1717 5482 2024 5547 Militantium
2046 5502 2064 5547 ;

493 5532 636 5606 sicuti
647 5541 710 5606 se
728 5532 1192 5606 aliquando_legisse
1216 5545 1421 5590 testatur
1452 5532 1742 5606 Augustinus
1762 5532 1816 5592 in
1829 5532 1917 5594 lib.
1930 5532 1952 5594 ι
1965 5532 2063 5599 ἢεί

493 5597 846 5657 tractationum,
861 5607 964 5657 cap.
985 5599 1033 5645 7.

559 5652 734 5730 iit-pud
757 5652 856 5730 Am.
884 5652 936 5706 et
956 5664 1027 5706 Er.
1056 5660 1304 5730 omittitur,
1331 5662 1396 5730 id
1418 5671 1485 5715 est
1506 5665 1650 5730 etiam
1684 5666 1789 5730 ipsa
1817 5681 1926 5730 quae
1957 5674 2063 5720 tan-

494 5712 753 5776 nmunoao,
779 5724 872 5768 etc.
913 5731 1070 5782 usque
1088 5724 1145 5773 ad
1171 5712 1304 5786 illud,
1325 5712 2016 5796 nasiavinulentiae;

1014 324 1440 393 QUARUMDAM
1477 318 2017 400 PROPOSlTlONUM
2059 316 2147 371 EX
2185 317 2398 374 EPIST.
2441 323 2531 376 AD
2569 324 2750 392 ROM.,
2791 327 2847 390 S,
2889 327 3248 384 AUGUSTINI

2065 5817 2132 5849 ,δι

3606 326 3764 386 ’2076

2179 432 2566 502 redemptionem
2591 438 2814 503 corporis
2839 440 3014 492 nostri.
3043 441 3166 494 llaec
3194 440 3340 495 enim
3359 441 3597 512 adoptio,
3625 459 3758 512 qua:

2173 522 2280 592 jam
2311 523 2443 580 facta
2471 535 2554 582 est
2578 527 2628 582 in
2660 529 2724 584 iis
2749 531 2837 599 qui
2865 531 3236 595 crediderunt,
3265 532 3455 602 spiritu
3484 549 3587 588 non
3617 551 3752 588 cor-

2175 629 2304 683 pore
2323 615 2457 671 facta
2477 627 2575 672 est.
2598 618 2838 674 Nondum
2854 621 2994 676 enim
3013 623 3170 678 etiam
3187 639 3381 693 corpus
3400 626 3756 682 reiormatum

2175 712 2257 758 est
2299 705 2349 760 in
2389 707 2660 764 caelestem
2699 710 2844 765 illam
2885 712 3324 780 immutationem,
3351 715 3489 770 sicut
3526 718 3756 786 spiritus

2169 792 2278 862 jam
2327 805 2558 852 mutatus
2595 807 2679 854 est
2725 801 3152 858 reconciliatione
3187 802 3312 859 ﬁdei
3356 805 3424 860 ab
3469 809 3756 863 erroribus

2173 898 2459 942 conversus
2477 887 2545 943 ad
2564 889 2751 946 Deum.
2774 891 2916 962 Ergo
2935 893 3091 948 etiam
3118 894 3170 948 in
3191 895 3255 950 iis
3275 898 3364 965 qui
3379 896 3756 964 crediderunt,

2172 984 2506 1045 exspectatur
2528 978 2700 1035 adhuc
2715 980 2804 1035 illa
2819 981 3171 1039 manilestatio
3185 1000 3304 1054 qua:
3319 985 3372 1040 in
3386 989 3623 1055 corporis
3648 1003 3750 1042 re-

2171 1066 2497 1122 surrectione
2535 1071 2807 1139 proveniet
2837 1088 2850 1124 :
2884 1087 3002 1142 qua:
3028 1074 3256 1142 pertinet
3291 1075 3358 1130 ad
3384 1084 3632 1146 quartum
3670 1077 3753 1132 il-

2172 1153 2280 1210 lum
2317 1157 2534 1225 gradum
2557 1199 2574 1226 ,
2603 1160 2692 1214 ubi
2716 1175 2783 1216 ex
2806 1168 2919 1216 toto
2951 1162 3184 1232 perfecta
3214 1180 3314 1234 pax
3339 1166 3441 1220 erit
3463 1207 3480 1235 ,
3511 1175 3564 1221 et
3588 1167 3761 1238 quies

2177 1255 2371 1301 aeterna
2389 1287 2405 1314 ,
2432 1247 2574 1304 nulla
2599 1250 2752 1306 nobis
2775 1267 2841 1307 ex
2867 1253 3041 1323 aliqua
3068 1263 3218 1324 parte
3240 1261 3577 1328 corruptione
3604 1257 3750 1313 resi-

2170 1343 2364 1403 stente,
2391 1345 2484 1392 aut
2505 1338 2820 1397 sollicitante
2845 1344 3086 1398 molestia
3117 1343 3219 1417 (a).

2240 1423 2372 1480 LIV.
2405 1424 2649 1498 [lb.'v111,
2674 1429 2766 1497 26,
2795 1430 2912 1505 27.]
2936 1431 3088 1501 Quod
3128 1442 3304 1490 autem
3344 1437 3451 1504 ait,
3493 1436 3770 1493 Similiter

2170 1522 2216 1569 et
2241 1514 2465 1586 Spiritus
2510 1518 2718 1590 adjuvat
2771 1521 3111 1590 infirmitatem
3160 1535 3382 1580 nostram
3406 1542 3426 1580 :
3449 1527 3568 1596 quid
3605 1529 3746 1582 enim

2168 1619 2386 1670 oremus,
2416 1608 2544 1661 sicut
2584 1619 2797 1680 oportet,
2837 1613 3102 1679 nescimus,
3139 1615 3476 1672 manifestum
3512 1627 3592 1672 est
3617 1634 3748 1673 eum

2169 1692 2235 1750 de
2256 1694 2454 1765 Spiritu
2506 1709 2691 1754 sancto
2738 1699 2951 1767 dicere;
3001 1702 3141 1773 quod
3191 1705 3244 1758 in
3292 1707 3748 1775 consequentibus

2168 1783 2370 1840 clarum
2400 1797 2512 1854 est,
2539 1789 2632 1844 ubi
2658 1791 2759 1857 ait,
2795 1791 2927 1859 Quia
2953 1795 3226 1848 secundum
3269 1794 3430 1850 Deum
3455 1798 3748 1867 interpellat

2167 1892 2260 1943 pro
2288 1879 2492 1934 sanctis.
2516 1879 2622 1936 Nos
2651 1897 2777 1950 ergo
2805 1883 2926 1950 quid
2941 1899 3156 1951 oremus,
3185 1886 3315 1939 sicut
3338 1896 3548 1955 Oportet,
3577 1890 3744 1942 nesci-

2169 1981 2300 2032 mus,
2329 1964 2459 2020 duas
2486 1967 2554 2022 ob
2581 1983 2669 2023 res
2703 1986 2714 2022 :
2745 1971 2883 2039 quod
2911 1972 3122 2026 etillud
3151 1973 3292 2043 quod
3337 1975 3567 2030 futurum
3612 1992 3743 2048 spe-

2167 2069 2366 2122 ramus,
2395 2065 2450 2110 et
2473 2073 2578 2126 quo
2623 2059 2902 2126 tendimus,
2935 2063 3166 2117 nondum
3194 2074 3416 2134 apparet
3439 2081 3454 2130 ;
3475 2075 3525 2120 et
3555 2066 3606 2120 in
3641 2068 3745 2122 hac

2169 2145 2281 2218 ipsa
2319 2148 2423 2202 vita
2468 2149 2633 2205 multa
2681 2161 2902 2221 possunt
2930 2155 3081 2209 nobis
3126 2171 3380 2226 prospera
3421 2157 3584 2212 videri
3619 2174 3745 2228 qua:

2167 2239 2385 2294 adversa
2412 2250 2556 2308 sunt,
2584 2250 2639 2298 et
2664 2243 2885 2300 adversa
2914 2262 3032 2318 qua:
3073 2262 3348 2318 prospera.
3385 2248 3516 2304 Nam
3555 2260 3607 2306 et
3643 2251 3745 2304 tri-

2166 2327 2364 2384 bulatio
2392 2331 2602 2400 quando
2628 2334 2819 2389 accidit
2844 2350 3000 2391 servo
3029 2337 3120 2391 Dei
3154 2337 3222 2392 ad
3249 2339 3614 2407 probationem
3653 2340 3744 2394 vel

2167 2420 2611 2490 emendationem,
2645 2424 2855 2480 videtur
2895 2441 3274 2498 nonnunquam
3315 2431 3490 2484 minus
3539 2431 3740 2485 intelli—

2164 2513 2410 2582 gentibus
2461 2515 2659 2571 inutilis
2700 2533 2713 2570 :
2753 2517 2849 2574 sed
2901 2519 2946 2574 si
3000 2519 3260 2575 referatur
3301 2521 3368 2576 ad
3416 2521 3541 2576 illud
3597 2523 3745 2592 quod

2166 2600 2363 2657 dictum
2388 2613 2470 2659 est
2490 2646 2504 2670 ,
2537 2605 2620 2660 Da
2644 2607 2785 2661 nobis
2810 2611 3060 2664 auxilium
3082 2611 3144 2665 de
3163 2598 3512 2676 tribulatione;
3542 2624 3586 2667 et
3606 2630 3738 2667 vana

2166 2694 2302 2748 salus
2345 2695 2558 2751 hominis
2599 2697 2766 2770 (Psal.
2813 2701 3078 2773 1.1x,l3),
3126 2702 3434 2772 intelligitur
3461 2704 3581 2774 quia
3622 2705 3740 2772 plc-

2166 2802 2392 2856 rumque
2417 2788 2483 2842 de
2513 2789 2852 2847 tribulatione
2889 2808 2987 2848 nos
3014 2795 3226 2862 adjuvat
3254 2795 3391 2850 Deus
3416 2812 3430 2860 ;
3461 2803 3516 2851 et
3545 2795 3742 2850 frustra

2165 2877 2306 2932 salus
2332 2887 2563 2948 Optatur,
2587 2897 2704 2952 quae
2726 2883 3009 2952 aliquando
3034 2884 3257 2940 adversa
3283 2894 3386 2952 est,
3413 2900 3532 2939 cum
3561 2887 3742 2942 delec-

2167 2968 2364 3023 tatione
2391 2978 2444 3024 et
2465 2986 2646 3027 amore
2673 2972 2830 3042 hujus
2849 2975 2968 3028 vita:
2985 2974 3217 3044 implicat
3245 2977 3496 3029 animam.
3519 2975 3645 3031 Inde
3661 2987 3752 3032 est.

2167 3067 2224 3114 et
2267 3060 2434 3116 illud:
2469 3061 2867 3118 Tribulationem
2910 3074 2956 3120 et
2998 3066 3221 3120 dolorem
3257 3069 3440 3134 inveni,
3475 3078 3520 3121 et
3562 3084 3748 3124 nomen

2166 3146 2373 3204 Domini
2400 3152 2622 3206 invocavi
2663 3153 2828 3224 (Psal.
2859 3170 3008 3219 cnv,
3039 3156 3074 3211 5
3095 3165 3142 3209 et
3169 3155 3245 3228 4).
3275 3156 3405 3211 Cum
3426 3157 3567 3211 enim
3591 3156 3755 3222 dicit,.

2163 3238 2346 3307 inveni,
2373 3241 2633 3311 signiﬁcat
2657 3243 2838 3298 utilem
2868 3261 2882 3298 :
2915 3260 3019 3300 non
3055 3246 3196 3301 enim
3239 3255 3384 3302 recte
3411 3248 3742 3317 gratulamur

2166 3346 2264 3387 nos
2290 3333 2574 3400 invenisse,
2605 3336 2705 3390 nisi
2740 3337 2879 3407 quod
2908 3338 3294 3408 quazrebamus.
3324 3339 3464 3410 Ergo
3485 3340 3603 3409 quid
3624 3356 3738 3394 ore-

2165 3437 2295 3486 mus,
2324 3423 2451 3477 sicut
2477 3435 2688 3496 Oportet,
2713 3428 2976 3482 nescimus.
3003 3429 3144 3483 Deus
3169 3430 3310 3484 enim
3344 3430 3491 3484 novit
3516 3439 3570 3484 et
3611 3430 3738 3500 quid

2165 3513 2319 3568 nobis
2341 3514 2392 3570 in
2423 3514 2523 3571 hac
2567 3518 2672 3571 vita
2699 3519 2970 3588 expediat,
3012 3529 3066 3574 et
3104 3520 3227 3591 quid
3258 3529 3378 3592 post
3413 3520 3551 3576 hanc
3572 3520 3732 3574 vitam

2165 3601 2385 3659 daturus
2413 3605 2500 3660 sit.
2531 3606 2636 3663 Sed
2657 3608 2766 3677 ipse
2792 3609 3016 3678 Spiritus
3041 3611 3324 3680 interpellat
3353 3611 3610 3682 gemitibus
3655 3612 3736 3665 in-

2171 3697 2553 3752 enarrabilibus.
2573 3699 2796 3755 Gemere
2815 3700 2939 3755 dicit
2964 3701 3236 3776 Spiritum,
3249 3702 3387 3772 quod
3410 3717 3505 3756 nos
3524 3717 3754 3771 gemere-

2166 3785 2322 3841 faciat
2360 3788 2634 3855 charitate,
2661 3791 2934 3848 concitans
2975 3792 3295 3848 desideriqu
3340 3793 3527 3849 futura:
3571 3795 3690 3847 vitm
3725 3813 3738 3844 ε

2164 3877 2298 3931 sicut
2314 3876 2462 3943 dicit,
2485 3878 2664 3933 Tentat
2690 3898 2773 3935 vos
2799 3881 3044 3936 Dominus
3080 3881 3217 3938 Deus
3244 3894 3422 3950 vester,
3446 3893 3502 3937 ut
3545 3885 3671 3937 sciat
3695 3885 3745 3935 si

2165 3970 2370 4041 diligitis
2393 3987 2504 4025 eum
2533 3972 2703 4044 (Deut.
2733 3990 2850 4037 xm,
2880 3976 2934 4040 ’5)
2955 4016 2971 4041 ,
3007 3974 3057 4029 id
3083 3983 3180 4041 est,
3203 3984 3261 4030 ut
3287 3975 3424 4030 scire
3443 3991 3535 4030 vos
3560 3975 3734 4029 faciat.

2163 4061 2278 4116 Non
2305 4063 2446 4116 enim
2470 4061 2632 4118 Deum
2662 4063 2857 4134 aliquid
2884 4066 3028 4120 latet.

2234 4151 2342 4206 LV.
2373 4151 2470 4225 [lb.
2503 4170 2617 4220 Vill,
2641 4154 2856 4228 28-30.]
2877 4156 3027 4225 Quod
3057 4166 3230 4212 autem
3257 4158 3349 4223 ait,
3375 4157 3510 4225 Quos
3526 4159 3748 4223 vocavit,

2163 4243 2297 4312 ipsos
2346 4251 2392 4296 et
2433 4245 2749 4314 justiﬁcavit,
2799 4256 2972 4315 potest
3012 4263 3246 4314 movere,
3277 4257 3331 4303 et
3359 4251 3520 4319 qumri
3561 4258 3738 4303 utrum

2163 4345 2349 4386 omnes
2387 4333 2477 4402 qni
2509 4334 2678 4388 vocati
2730 4344 2874 4400 sunt,
2900 4336 3271 4406 justiﬁcentnr.
3321 4337 3422 4392 Sed
3451 4337 3575 4393 alibi
3606 4339 3738 4408 legi-

2163 4437 2304 4490 mus,
2341 4422 2494 4478 Mulli
2518 4427 2695 4492 vocati,
2720 4428 2868 4496 pauci
2892 4436 3056 4481 autem
3073 4429 3211 4483 electi
3229 4427 3438 4499 (Matth.
3467 4445 3593 4493 χχιι,
3624 4431 3736 4498 14).

2164 4512 2362 4568 Tamen
2386 4514 2507 4584 quia
2556 4515 2653 4585 ipsi
2684 4531 2891 4587 quoque
2943 4518 3097 4573 electi
3138 4519 3318 4588 utique
3362 4519 3534 4573 vocati
3576 4527 3733 4583 sunt,

2164 4604 2500 4661 manifestum
2528 4615 2610 4662 est
2646 4623 2752 4662 non
2779 4608 3091 4677 justilicatos
3139 4611 3240 4666 nisi
3278 4620 3516 4677 vocatos,
3565 4628 3736 4681 quan-

2163 4709 2320 4764 quam
2343 4711 2448 4750 non
2481 4712 2665 4751 omnes
2692 4707 2926 4766 vocatos,
2959 4701 3050 4755 sed
3075 4717 3166 4756 eos
3191 4703 3277 4772 qni
3321 4703 3592 4756 secundum
3614 4721 3738 4773 pro-

2166 4789 2382 4857 positum
2410 4789 2569 4853 vocati
2597 4802 2732 4857 stmt,
2761 4792 2897 4846 sicut
2931 4795 3175 4863 superius
3214 4794 3364 4849 dixit.
3403 4795 3736 4864 Propositum

2164 4887 2340 4933 autem
2367 4880 2455 4934 Dei
2483 4882 2844 4951 accipiendum
2867 4893 2966 4949 est,
2993 4900 3096 4939 non
3129 4885 3382 4955 ipsorum.
3418 4887 3535 4956 lpse
3559 4897 3738 4943 autem

2165 4970 2382 5038 exponit
2421 4970 2547 5039 quid
2585 4973 2652 5025 sit
2700 4974 2985 5028 secundum
3029 4977 3381 5046 propositum,
3428 4992 3546 5032 cum
3586 4977 3738 5042 dicit,

2170 5061 2416 5127 Quoniam
2433 5079 2557 5132 quos
2585 5074 2701 5116 ante
2721 5066 2986 5134 praesciuit,
3041 5077 3088 5120 et
3130 5068 3503 5136 prtedestinavit
3529 5072 3747 5138 confor-

2167 5166 2271 5204 mes
2293 5152 2524 5221 imaginis
2553 5152 2676 5206 Filii
2701 5155 2828 5224 cjns.
2879 5155 2991 5210 Non
3034 5158 3173 5212 enim
3217 5174 3402 5212 omnes
3437 5159 3524 5227 qui
3567 5161 3744 5210 vocati

2166 5253 2308 5306 sunt,
2341 5245 2631 5299 secundum
2677 5248 3006 5315 prepositum
3058 5249 3226 5304 vocati
3269 5259 3390 5303 sunt
3420 5269 3430 5302 :
3457 5250 3554 5303 hoc
3596 5250 3746 5304 enim

2168 5334 2494 5403 propositum
2516 5335 2581 5389 ad
2614 5338 3000 5404 praescientiam
3040 5348 3094 5394 et
3121 5340 3184 5394 ad
3220 5341 3744 5410 prmdcstinationcm

2168 5423 2258 5478 Dei
2289 5426 2550 5493 pertinet;
2600 5443 2699 5482 nec
2725 5430 3119 5498 prtedestinavit
3160 5432 3409 5500 aliquem,
3446 5431 3543 5486 nisi
3578 5445 3754 5501 quem.

2168 5517 2430 5585 prmscivit
2459 5519 2782 5573 crediturum
2810 5529 3179 5576 etsccuturum
3208 5523 3535 5577 vocationem
3560 5537 3738 5584 suam,

2168 5619 2302 5675 quos
2346 5616 2400 5661 ct
2440 5608 2638 5663 electos
2662 5609 2807 5665 dicit.
2853 5612 2997 5669 Multi
3028 5614 3168 5670 enim
3198 5629 3302 5669 non
3347 5615 3582 5682 veniunt,
3614 5627 3750 5668 cum;

2195 5814 2201 5822 ι
2233 5737 2304 5804 (a)
2331 5741 2427 5791 \‘id.
2453 5750 2584 5805 Prop.
2616 5745 2686 5795 £5.
