4076 6478
329 337 471 391 εον

326 445 501 501 vocati
546 443 781 500 fuerint:
813 454 969 496 nemo
1006 446 1182 493 autem
1234 436 1376 492 venit
1416 434 1503 505 qui
1540 441 1756 488 vocatus
1796 446 1901 483 non

325 539 506 593 fuerit.

254 692 257 695 ν
398 626 531 681 LVI.
568 624 666 697 [lb.
696 639 809 687 vut,
839 619 953 693 29.]
975 618 1125 688 Quod
1155 627 1330 673 autem
1372 617 1520 685 dicit,
1542 614 1605 669 Ut
1629 614 1690 667 sit
1713 613 1905 683 primo-

327 717 529 789 genitus
555 718 605 769 in
634 715 803 768 multis
834 713 1093 782 fratribus,
1143 710 1271 763 satis
1312 708 1467 762 docet
1517 706 1669 760 aliter
1712 703 1907 759 inlcllio

326 806 559 877 gendum
581 805 861 861 Dominum
890 813 1126 856 nostrum
1154 799 1501 869 unigenitum,
1529 797 1682 850 aliter
1711 796 1908 864 primo-

326 897 587 966 genitum.
615 894 745 948 Nam
792 893 881 946 ubi
939 891 1247 961 Unigenitus
1295 888 1508 950 dicitur,
1563 884 1751 939 fratres
1798 898 1905 936 non

326 986 508 1050 habet,
536 993 591 1039 et
617 983 921 1038 naturaliter
948 990 1030 1038 est
1063 981 1225 1035 Filius
1254 979 1368 1045 Dei,
1399 976 1635 1032 Verbum
1662 975 1713 1029 in
1756 975 1907 1043 prin-

327 1078 489 1146 cipio,
514 1093 608 1146 per
634 1075 775 1147 quod
805 1072 941 1129 facta
968 1082 1095 1129 sunt
1115 1072 1289 1128 omnia
1317 1069 1497 1142 (Joan.
1527 1086 1565 1134 ι,
1610 1068 1662 1133 1,
1695 1067 1772 1138 5).
1807 1064 1907 1120 Se—

326 1166 559 1223 cundum
581 1166 972 1235 susceptionem
1022 1174 1198 1219 autem
1229 1161 1461 1217 hominis
1504 1168 1557 1215 et
1592 1157 1910 1213 incarnatio-

327 1257 412 1310 nis
435 1255 911 1325 dispensationem,
941 1270 1036 1324 per
1061 1268 1218 1324 quam
1250 1266 1346 1306 nos
1376 1251 1533 1307 etiam
1562 1265 1666 1304 non
1689 1255 1907 1302 natura-

326 1345 451 1399 liter
475 1344 612 1398 filios
667 1346 718 1398 in
765 1343 1103 1414 adoptionem
1152 1341 1379 1397 ﬁliorum
1423 1354 1617 1395 vocare
1666 1338 1909 1407 dignatus

327 1443 444 1500 est,
491 1435 873 1505 primogenitus
899 1435 1233 1489 diciturcum
1279 1432 1620 1502 adjunctiooe
1660 1428 1906 1484 fratrum.

330 1525 429 1582 Ubi
448 1526 598 1603 enim
623 1526 823 1593 primus
848 1524 1062 1591 dicitur,
1089 1539 1196 1580 non
1228 1524 1409 1593 utique
1437 1523 1603 1588 solus,
1646 1519 1741 1575 sed
1784 1532 1913 1574 con-

327 1616 593 1669 secuturis
619 1614 868 1670 fratribus
897 1616 949 1669 in
982 1614 1034 1669 id
1086 1629 1190 1685 quo
1218 1614 1330 1685 ipse
1361 1611 1649 1683 praecessit.
1682 1608 1832 1665 Unde
1859 1617 1912 1664 et

327 1708 435 1761 alio
462 1707 580 1760 loco
611 1706 1017 1775 primogenitum
1047 1721 1167 1760 eum
1195 1721 1225 1759 a
1267 1704 1491 1759 mortuis
1538 1702 1683 1766 dicit,
1734 1711 1792 1755 ut
1843 1701 1911 1755 sit

330 1798 445 1867 ipse
502 1798 787 1868 primatum
836 1807 1023 1853 tenens
1075 1796 1290 1869 (Coloss.
1334 1812 1371 1864 ι,
1416 1796 1524 1866 18).
1571 1794 1913 1850 Rcsurrectio

328 1890 475 1944 enim
508 1899 837 1945 mortuorum
884 1899 939 1945 ut
964 1889 1072 1958 jam
1118 1905 1223 1943 non
1253 1888 1562 1952 moriantur,
1609 1895 1729 1939 ante
1768 1885 1912 1939 illum

330 1983 475 2036 nulla
508 2000 520 2034 :
553 1992 671 2051 post
715 1983 861 2036 illum
908 1990 1083 2036 autem
1128 1981 1412 2035 multorum
1448 1988 1751 2035 sanctorum
1798 1986 1910 2044 est,

330 2087 467 2142 quos
496 2072 685 2127 fratres
712 2088 817 2127 non
845 2071 1186 2127 confunditur
1211 2071 1479 2141 appellare
1508 2078 1723 2140 propter
1746 2069 1913 2139 ipsam

330 2163 869 2217 communicationem
898 2162 1261 2217 humanitatis.

404 2254 557 2310 LVII.
592 2254 690 2328 [lb.
724 2271 839 2319 vin,
872 2253 985 2327 35.]
1013 2254 1162 2324 Quod
1191 2262 1367 2309 autem
1396 2252 1543 2317 dicit,
1577 2252 1700 2319 Quis
1719 2268 1810 2306 nos
1836 2268 1915 2305 se-

334 2347 534 2416 parabit
561 2365 592 2399 a
610 2347 852 2401 charitate
873 2346 1098 2401 Christi?
1143 2344 1440 2399 tribulatio?
1467 2360 1533 2397 an
1553 2343 1822 2414 angustia?
1850 2359 1918 2395 an

334 2439 655 2508 persecutio?
683 2451 811 2505 etc.,
841 2454 907 2493 ex
935 2436 1208 2507 superiore
1257 2436 1522 2491 sententia
1566 2434 1780 2505 pendet,
1828 2432 1917 2487 ubi

334 2530 431 2592 ait,
462 2527 522 2583 Si
552 2538 714 2582 tamen
742 2531 1099 2599 compatimur,
1128 2536 1180 2581 ut
1206 2536 1250 2580 et
1278 2527 1620 2597 gloriﬁcemur
1645 2524 1916 2580 :existimo

334 2621 469 2674 enim
492 2619 626 2690 quod
651 2636 751 2673 non
774 2628 890 2673 sunt
916 2619 1177 2690 condigna:
1204 2619 1458 2689 passiones
1488 2618 1638 2687 hujus
1683 2615 1919 2684 temporis

334 2712 649 2781 adfuturam
698 2711 913 2781 gloriam
960 2726 1071 2780 qua:
1118 2708 1418 2764 revelabitur
1447 2709 1499 2761 in
1554 2707 1696 2760 nobis
1741 2706 1917 2776 (Rom.

334 2816 451 2867 vm,
490 2802 574 2865 17,
602 2801 710 2871 18).
740 2801 820 2855 Α(1
848 2802 1015 2871 ipsam
1046 2801 1187 2856 enim
1219 2800 1574 2853 hortationem
1618 2798 1792 2853 omnis
1820 2796 1917 2851 hu-

333 2894 424 2964 jus
465 2892 567 2947 Ioei
602 2894 826 2948 intentio
855 2893 1054 2947 directa
1094 2900 1196 2959 est,
1230 2907 1297 2947 nc
1342 2890 1415 2944 illi
1458 2890 1648 2959 quibus
1686 2888 1921 2958 loquitur

338 2984 797 3053 persecutionibus
824 2982 1223 3053 frangerentur,
1275 2980 1319 3036 si
1350 2981 1590 3035 viverent
1629 2978 1922 3034 secundum

340 3075 680 3143 prudentiam
702 3074 899 3140 carnis,
931 3090 1030 3144 qua
1064 3073 1375 3144 temporalia
1414 3071 1552 3127 bona
1579 3078 1918 3142 appetuntur,

338 3173 396 3223 et
420 3165 676 3220 timentur
701 3166 1010 3236 temporalia
1033 3166 1189 3220 mala.

410 3254 592 3310 LVIII.
626 3253 724 3327 [lb.
752 3272 866 3323 VIII,
895 3253 1009 3327 '58.]
1039 3254 1191 3323 Quod
1234 3262 1411 3310 autem
1442 3255 1548 3321 ait,
1592 3251 1766 3309 Certus
1810 3269 1925 3307 sum

339 3346 494 3412 enim,
518 3355 573 3402 et
602 3360 706 3401 non
738 3346 890 3410 dixit,
918 3345 1120 3420 Opinor
1158 3347 1332 3409 enim;
1378 3345 1533 3415 plena
1585 3343 1689 3399 fide
1719 3343 1921 3410 tenuit,

340 3437 475 3511 quod
493 3453 581 3491 nec
604 3455 739 3492 mors
766 3438 889 3504 ulla,
922 3454 1012 3492 nec
1036 3439 1135 3490 vita
1163 3436 1467 3506 temporalis
1499 3436 1782 3504 promissa,
1824 3448 1923 3489 nec

340 3536 534 3581 caetera
584 3527 957 3597 subsequentia
987 3534 1211 3596 possunt
1256 3525 1560 3583 credentem
1593 3540 1622 3579 a
1668 3524 1926 3579 charitate

343 3617 439 3680 Dei
465 3618 805 3687 detorquere.
836 3617 1002 3672 Nemo
1028 3632 1154 3686 ergo
1188 3626 1421 3685 separat,
1446 3631 1546 3670 nec
1574 3617 1662 3684 qui
1692 3615 1926 3668 minatur

342 3719 606 3774 mortem;
639 3709 760 3781 quia
794 3708 881 3779 qui
907 3707 1076 3763 credit
1122 3707 1176 3762 in
1207 3705 1437 3773 Christo,
1480 3707 1604 3761 licet
1649 3706 1922 3771 moriatur,

343 3799 486 3854 vivet
513 3817 527 3853 :
559 3815 728 3870 neque
748 3801 837 3869 qui
864 3800 1139 3870 pollicetur
1165 3799 1361 3863 vitam;
1390 3798 1509 3868 quia
1539 3797 1624 3851 ille
1655 3797 1745 3851 dat
1764 3798 1924 3849 vitam

342 3898 621 3945 arternam.
652 3889 783 3945 Nam
815 3889 1122 3960 temporalis
1164 3889 1286 3942 vita:
1339 3886 1669 3957 pollicitatio,
1710 3896 1927 3942 mternzc

344 3982 742 4049 comparatione
764 3980 1149 4036 contemnenda
1180 3988 1282 4035 est.
1317 3978 1494 4049 Neque
1514 3980 1736 4050 Angelus
1771 3994 1926 4048 sepa-

344 4080 429 4126 rat
449 4114 462 4137 ,
490 4072 612 4141 quia
663 4071 1045 4143 licetAngelus,
1075 4072 1263 4142 inquit,
1308 4070 1369 4126 de
1397 4072 1520 4125 caelo
1550 4071 1841 4136 descendat,
1881 4080 1930 4125 et

344 4166 611 4219 annuntiat
648 4165 781 4220 vobis
806 4174 1138 4236 praeterquam
1166 4163 1301 4234 quod
1328 4164 1611 4232 accepistis,
1651 4164 1921 4235 anathema

344 4256 410 4311 sit
435 4255 634 4325 (Galat.
657 4272 697 4322 ι,
727 4256 785 4320 8,
808 4254 885 4326 9).
918 4254 1096 4326 Neque
1114 4255 1448 4325 principatus,
1478 4253 1529 4307 id
1564 4263 1665 4320 cst,
1712 4262 1927 4311 contra-

345 4346 459 4401 rius
479 4388 494 4412 ,
517 4347 638 4417 quia
668 4348 812 4401 exuit
838 4362 897 4402 se
927 4347 1039 4415 ipse
1061 4346 1157 4401 hos
1184 4346 1509 4414 principatus
1539 4353 1592 4400 et
1613 4350 1925 4413 potestates,

347 4437 685 4507 triumphans
714 4451 807 4492 eos
850 4438 902 4491 in
933 4438 1219 4505 semetipso
1272 4434 1487 4507 (Coloss.
1516 4451 1573 4501 ιι,
1609 4432 1719 4505 15)-
1755 4433 1932 4503 Neque

346 4530 618 4600 pra’sentia
660 4547 815 4600 neque
853 4534 1046 4600 futura,
1100 4529 1153 4584 id
1199 4536 1301 4592 est,
1352 4528 1659 4598 temporalia
1693 4529 1774 4583 vel
1812 4544 1931 4603 qua:

346 4620 634 4681 delectant,
661 4623 742 4676 vel
765 4638 881 4692 qua:
908 4629 1180 4691 premunt,
1207 4621 1290 4674 vel
1319 4635 1436 4690 quas
1458 4634 1608 4689 spem
1640 4619 1801 4685 dant,
1846 4619 1930 4674 vel

348 4731 471 4786 qua:
518 4715 779 4769 incutiunt
828 4715 1092 4768 timorem.
1125 4710 1300 4783 Neque
1328 4712 1485 4765 virtus
1510 4726 1529 4785 ς
1557 4720 1609 4765 ct
1638 4710 1723 4765 hic
1765 4712 1933 4765 virtu-

348 4816 458 4862 tem
488 4808 813 4861 contrariam
840 4804 1307 4875 oportetintelligi,
1337 4803 1627 4859 secundum
1657 4818 1815 4873 quam
1846 4802 1929 4856 di—

348 4899 443 4962 cit,
488 4896 654 4950 Nemo
695 4913 816 4950 vasa
864 4897 1009 4967 fortis
1052 4895 1273 4963 diripiet,
1329 4895 1425 4947 nisi
1460 4894 1601 4963 prius
1651 4894 1931 4963 alligaverit

350 4992 532 5061 fortem
567 4987 774 5059 (Matth.
808 5002 903 5054 xu,
930 4986 1043 5058 29).
1078 4985 1255 5056 Neque
1275 4985 1507 5047 altitudo,
1536 5000 1692 5053 neque
1717 4985 1932 5053 profun-

348 5081 489 5131 dum.
522 5079 839 5147 Plerumque
868 5079 1007 5132 enim
1039 5078 1208 5131 inanis
1235 5077 1514 5131 curiositas
1541 5090 1722 5130 earum
1751 5090 1930 5129 rerum

348 5185 469 5239 quae
497 5170 719 5224 inveniri
745 5184 849 5223 non
879 5178 1121 5238 possunt,
1150 5176 1239 5221 aut.
1261 5166 1451 5221 frustra
1471 5167 1629 5221 etiam
1655 5167 1930 5221 inveniun-

348 5273 435 5317 tur
467 5264 580 5318 sive
624 5263 676 5316 in
716 5263 852 5318 casio
878 5263 989 5317 sive
1016 5262 1068 5315 in
1099 5262 1311 5332 abysso,
1344 5268 1555 5330 separat
1595 5275 1625 5313 a
1667 5260 1798 5326 Deo,
1829 5260 1931 5314 nisi

348 5355 585 5409 charitas
605 5355 815 5421 vincat,
840 5369 959 5425 qua:
989 5353 1054 5408 ad
1080 5362 1226 5408 certa
1252 5353 1543 5423 spiritualia
1570 5368 1674 5408 non
1702 5353 1933 5406 vanitate

348 5461 530 5500 rerum
554 5461 674 5515 quae
696 5445 822 5500 foris
839 5452 984 5510 sunt,
1001 5444 1093 5498 sed
1120 5444 1338 5497 veritate
1363 5458 1480 5513 qum
1505 5443 1664 5509 intus,
1691 5441 1932 5496 homines

350 5535 540 5590 invitat
570 5536 611 5589 ί.
642 5534 819 5605 Neque
838 5543 1065 5588 creatura
1087 5534 1209 5587 alia.
1234 5532 1385 5599 Quod
1419 5532 1625 5586 duobus
1657 5532 1829 5586 modis
1852 5532 1931 5585 in-

352 5627 518 5696 telligi
543 5635 717 5696 potest
743 5643 755 5678 :
782 5634 875 5680 aut
920 5624 1141 5678 visibilis
1184 5631 1449 5689 creatura,
1479 5623 1599 5691 quia
1627 5631 1679 5677 et
1727 5637 1841 5687 nos,
1880 5622 1930 5674 id

354 5800 361 5803 _
417 5743 433 5774 ι
453 5745 661 5799 Quatuor
673 5746 796 5795 Mss,
818 5735 903 5789 scd
926 5735 1108 5789 interno
1130 5734 1315 5788 homine
1336 5732 1517 5788 inritat.
1544 5742 1643 5784 Am.
1672 5742 1720 5785 et
1737 5741 1832 5791 En,
1846 5733 1930 5785 sed

1772 318 2143 375 EXPUSITIO.

3444 328 3585 386 2078

2010 440 2091 485 est
2120 431 2312 497 anima,
2341 442 2578 488 creatura
2623 450 2822 502 sumus,
2872 436 2965 491 sed
3005 439 3314 506 invisibilis;
3366 449 3423 495 ut
3476 442 3578 497 hoc

2011 521 2221 588 dixerit,
2249 524 2387 593 quod
2420 540 2514 580 nos
2542 542 2647 579 non
2696 537 2907 595 separat
2936 528 3037 582 alia
3080 538 3343 597 creatura,
3379 531 3428 585 id
3470 542 3575 599 est,

2011 628 2163 667 amor
2190 629 2467 683 corporum
2503 635 2515 670 :
2540 628 2630 671 aut
2655 626 2799 673 certe
2828 620 2948 688 quia
2973 635 3070 673 nos
3096 610 3201 674 nan
3248 629 3458 689 separat
3480 621 3581 674 alia

2011 712 2249 757 creatura
2272 720 2301 758 a
2328 708 2582 762 charilate
2610 708 2723 783 Dei,
2770 724 2836 763 ex
2885 724 2952 764 eo
2992 711 3131 780 quod
3162 710 3303 763 nulla
3341 722 3579 766 creatura

2011 800 2096 847 est
2121 794 2220 846 alia
2252 795 2385 850 inter
2428 812 2525 851 nos
2570 807 2623 853 et
2670 800 2859 865 Deum,
2912 817 3031 870 qua:
3069 817 3126 856 se
3160 811 3411 871 opponat,
3459 811 3513 855 et
3554 818 3583 856 a

2012 884 2290 952 complexu
2312 884 2425 953 ejus
2450 888 2711 942 excludat.
2756 889 2923 959 Supra
2957 892 3214 945 humanas
3244 892 3384 947 enim
3431 906 3584 946 men-

2014 982 2094 1029 tes
2124 990 2241 1045 qua:
2261 977 2545 1034 rationales
2568 989 2709 1049 sunt,
2724 981 2835 1052 jam
2861 983 3004 1037 nulla
3034 992 3298 1051 creatura,
3322 982 3415 1038 sed
3443 982 3585 1038 Deus

2013 1077 2114 1123 est.

2084 1158 2219 1215 LIX.
2252 1159 2353 1233 [lb.
2385 1177 2461 1227 1x,
2493 1161 2572 1235 5.]
2600 1162 2750 1230 Quod
2784 1172 2961 1219 autem
2987 1163 3133 1232 dicit,
3167 1163 3394 1231 Quorum
3422 1170 3587 1233 patres

2014 1256 2063 1302 et
2088 1265 2151 1304 ea:
2195 1250 2375 1320 quibus
2416 1248 2646 1306 Christus
2687 1252 2961 1306 secundum
3002 1268 3225 1320 carnem,
3272 1260 3326 1305 et
3374 1250 3588 1319 adjecit,

2019 1341 2120 1409 Qui
2140 1350 2209 1396 est
2234 1359 2386 1411 super
2410 1359 2581 1397 omnes
2610 1343 2748 1398 Deus
2774 1344 3052 1399 benedictus
3072 1345 3124 1399 in
3150 1343 3355 1409 secula,
3384 1342 3586 1413 plenis-

2015 1434 2203 1488 simam
2230 1433 2387 1488 fidem
2411 1433 2780 1501 commendat,
2813 1434 2934 1505 quia
2966 1434 3250 1489 Dominum
3278 1442 3517 1487 nostrum
3537 1440 3593 1486 et

2015 1523 2307 1579 secundum
2330 1525 2718 1593 susceptionem
2749 1526 2924 1583 carnis
2964 1526 3129 1580 lilium
3157 1525 3387 1579 hominis
3426 1521 3591 1578 conli-

2018 1621 2209 1680 temur,
2241 1622 2293 1668 et
2318 1614 2607 1669 secundum
2624 1615 2977 1669 mternitatem
3003 1615 3230 1670 Verbum
3258 1613 3309 1667 in
3333 1612 3592 1683 principio

2017 1703 2219 1770 Deum,
2245 1703 2581 1759 benedictum
2626 1719 2787 1781 super
2830 1720 3017 1760 omnes
3068 1704 3123 1759 in
3164 1703 3378 1757 saecula.
3426 1702 3592 1771 Hujus

2017 1804 2191 1851 autem
2219 1796 2567 1851 confessionis
2588 1795 2755 1851 Judzni
2777 1797 3024 1866 quoniam
3061 1804 3265 1867 partem
3309 1800 3595 1848 tenuerunt

2017 1887 2326 1942 refelluntur
2354 1904 2383 1941 a
2422 1887 2669 1943 Domino.
2698 1889 2828 1943 Nam
2879 1903 2998 1943 cum
3046 1901 3141 1943 eos
3193 1886 3591 1951 interrogasset,

2017 1977 2167 2047 cujus
2200 1976 2360 2032 filium
2391 1977 2629 2033 dicerent
2670 1993 2791 2033 esse
2829 1977 3137 2043 Christum;
3183 1974 3594 2045 responderunt,

2017 2066 2203 2122 David.
2237 2068 2349 2125 Hoc
2384 2079 2559 2125 autem
2590 2069 2882 2127 secundum
2909 2083 3123 2123 carnem
3163 2075 3263 2124 est.
3300 2066 3374 2120 De
3406 2063 3599 2118 divini-

2020 2166 2127 2213 tate
2157 2174 2283 2213 vero
2319 2160 2437 2229 ejus
2483 2160 2624 2230 quod
2676 2161 2815 2215 Deus
2853 2170 2966 2226 est,
3009 2159 3139 2214 nihil
3188 2156 3595 2228 responderunt.

2020 2249 2142 2304 Ideo
2166 2250 2420 2305 Dominus
2439 2251 2511 2306 ait
2536 2252 2615 2307 eis
2636 2294 2648 2315 ,
2681 2252 2941 2320 Quomodo
2967 2268 3085 2322 ergo
3110 2248 3279 2304 David
3320 2249 3374 2302 in
3406 2247 3589 2317 spiritu

2020 2351 2161 2395 vocat
2178 2358 2291 2396 eum
2318 2341 2589 2396 Dominum
2612 2341 2820 2416 (Matth.
2845 2343 3081 2409 xxu,42,
3105 2339 3230 2413 45)?
3246 2340 3309 2397 Ut
3332 2340 3600 2409 intellige-

2021 2443 2142 2489 rent
2171 2433 2273 2489 boc
2292 2450 2351 2490 se
2378 2433 2651 2491 confessos
2696 2449 2815 2490 esse
2859 2444 3082 2501 tantum,
3106 2432 3246 2503 quod
3265 2432 3506 2487 Christus
3532 2429 3598 2484 ti-

2022 2523 2123 2578 lius
2146 2533 2230 2579 est
2264 2525 2460 2591 David;
2489 2525 2589 2581 hoc
2612 2536 2789 2580 autem
2821 2525 3067 2592 tacuisse,
3091 2524 3231 2595 quod
3257 2532 3339 2579 est
3354 2522 3597 2578 Christus

2022 2613 2277 2669 Dominus
2304 2614 2469 2684 ipsius
2499 2615 2683 2670 David.
2710 2614 2844 2669 Illud
2874 2615 3014 2670 enim
3045 2622 3128 2670 est
3164 2612 3454 2669 secundum
3485 2626 3603 2666 sus-

2024 2708 2323 2778 ceptionem
2351 2709 2545 2775 carnis,
2584 2708 2687 2763 hoc
2714 2708 3004 2763 secundum
3035 2707 3386 2761 aeternitatem
3409 2702 3605 2759 divini-

2027 2799 2168 2853 tatis.

2096 2886 2208 2942 LX.
2252 2886 2452 2960 [1b.rx,
2507 2887 2717 2962 11-13.]
2759 2888 2909 2955 Quod
2956 2896 3134 2943 autem
3176 2872 3275 2952 ait,
3305 2903 3324 2937 ι
3358 2883 3603 2940 Nondum

2025 2980 2166 3035 enim
2198 2981 2549 3046 nascentium,
2599 2996 2771 3050 neque
2815 2979 3082 3049 agentium
3114 2977 3312 3046 aliquid
3355 2976 3480 3031 boni
3516 2984 3608 3030 aut

2025 3071 2173 3138 mali,
2205 3080 2262 3125 ut
2281 3071 2573 3127 secundum
2596 3071 2917 3127 electionem
2944 3069 3269 3140 pr0positum
3300 3069 3390 3123 Dei
3422 3081 3608 3123 mane-

2026 3170 2130 3230 ret,
2149 3177 2255 3217 non
2267 3179 2333 3223 ex
2346 3163 2618 3232 operibus,
2636 3161 2728 3217 sed
2745 3178 2812 3217 ex
2831 3170 3053 3217 vocante
3067 3160 3263 3214 dictum
3280 3167 3361 3213 est
3381 3157 3450 3225 ei,
3473 3156 3606 3223 Quia

2028 3253 2200 3324 major
2220 3254 2415 3310 serviet
2443 3253 2656 3318 minori,
2685 3253 2822 3307 sicut
2845 3252 3098 3320 srciptum
3115 3257 3215 3313 est,
3233 3248 3395 3304 Jacob
3424 3246 3604 3313 dilexi,

2030 3346 2169 3401 Esau
2192 3355 2368 3401 autem
2390 3345 2513 3399 odio
2530 3344 2741 3409 habui,»
2776 3342 3060 3398 nonnullos
3099 3348 3296 3407 movet,
3339 3347 3397 3393 ut
3418 3345 3609 3409 putent

2029 3437 2326 3508 apostolum
2363 3436 2582 3491 Paulum
2604 3436 2887 3491 abstulisse
2911 3434 3139 3489 liberum
3154 3429 3439 3485 voluntatis
3465 3427 3609 3483 arbi-

2032 3530 2209 3594 trium,
2231 3544 2335 3597 quo
2356 3543 2722 3596 promeremur
2744 3526 2909 3580 Deum
2943 3524 3081 3578 bono
3106 3521 3337 3593 pietatis,
3364 3520 3448 3573 vel
3470 3519 3611 3573 malo

2031 3619 2317 3689 impietatis
2343 3618 2681 3675 offendimus.
2730 3618 2921 3672 Dicunt
2949 3619 3090 3670 enim
3135 3612 3275 3683 quod
3301 3618 3423 3664 ante
3444 3624 3607 3679 opera

2029 3712 2339 3781 aliqua,seu
2369 3710 2506 3765 bona
2528 3725 2622 3765 seu
2646 3710 2804 3774 mala,
2838 3708 3066 3763 duorum
3106 3704 3339 3760 nondum
3386 3716 3611 3756 nascen-

2034 3801 2162 3855 tium
2191 3801 2329 3854 Deus
2357 3815 2520 3854 unum
2548 3798 2816 3864 dilexerit,
2834 3797 3059 3851 alterum
3074 3794 3196 3849 odio
3220 3792 3483 3846 habuerit.
3506 3789 3612 3845 Sed

2032 3892 2415 3962 respondemus
2447 3933 2463 3958 ,
2518 3890 2846 3961 prtescientia
2900 3888 2995 3942 Dei
3046 3886 3240 3940 factum
3301 3898 3448 3948 esse,
3509 3896 3611 3951 qua

2033 3985 2178 4038 novit
2206 3984 2365 4039 etiam
2394 3983 2461 4039 de
2491 3984 2722 4037 nondum
2753 3981 2912 4047 natis,
2949 3979 3119 4051 qualis
3161 3978 3381 4048 quisque
3407 3975 3613 4029 futurus

2033 4076 2121 4130 sit.
2153 4074 2255 4129 Sed
2282 4089 2347 4129 ne
2390 4075 2508 4145 quis
2536 4074 2715 4129 dicat:
2742 4072 2913 4143 Opera
2943 4087 3071 4142 ergo
3108 4071 3267 4141 elegit
3297 4070 3435 4124 Deus
3465 4069 3517 4122 in
3548 4083 3614 4122 eo

2034 4182 2193 4237 quem
2222 4166 2429 4231 dilexit,
2463 4180 2765 4236 quanquam
2788 4163 3021 4219 nondum
3052 4168 3224 4227 erant,
3250 4159 3390 4230 quod
3421 4174 3482 4215 ea
3529 4158 3614 4212 fu—

2035 4269 2149 4317 tura
2173 4260 2487 4331 prmsciebat
2505 4261 2519 4291 ί
2540 4275 2555 4326 ;
2579 4258 2719 4329 quod
2735 4258 2780 4311 si
2807 4271 2967 4327 opera
2988 4256 3167 4326 elegit,
3194 4250 3460 4323 quomodo
3488 4250 3618 4307 dicit

2036 4353 2324 4423 Apostolus
2352 4367 2457 4407 non
2489 4367 2555 4406 ex
2584 4350 2832 4419 operibus
2858 4349 3048 4404 factam
3087 4342 3438 4400 electionem?
3483 4342 3617 4397 Pro-

2035 4456 2218 4515 pterea
2238 4458 2367 4513 ergo
2396 4440 2795 4511 intelligendum
2826 4446 2928 4503 est,
2956 4452 3119 4507 Opera
3162 4436 3299 4490 bona
3330 4447 3424 4503 per
3448 4432 3617 4486 dilec-

2038 4542 2234 4591 tionem
2283 4536 2414 4600 fieri,
2466 4534 2803 4590 dilectionem
2853 4540 3030 4586 autem
3070 4542 3190 4584 esse
3241 4528 3294 4581 in
3320 4524 3473 4580 nobis
3522 4538 3619 4592 per

2036 4628 2234 4684 donum
2284 4626 2513 4696 Spiritus
2563 4624 2754 4689 sancti,
2787 4621 2923 4679 sicut
2968 4620 3109 4675 idem
3145 4617 3415 4687 apostolus
3441 4614 3571 4669 dicit
3600 4629 3613 4666 :

2036 4719 2270 4775 Charitas
2296 4718 2391 4771 Dei
2421 4716 2611 4783 diffusa
2640 4726 2711 4771 est
2739 4715 2793 4768 in
2836 4712 3068 4768 cordibus
3103 4710 3284 4764 nostris
3333 4724 3421 4777 per
3447 4704 3618 4775 Spiri-

2038 4826 2144 4869 tum
2189 4823 2418 4868 sanctum
2466 4811 2550 4881 qui
2580 4810 2727 4864 datus
2758 4816 2826 4863 est
2855 4807 2995 4862 nobis
3037 4804 3208 4876 (Rom.
3253 4817 3319 4879 v,
3363 4797 3438 4870 5).
3496 4796 3614 4851 Non

2038 4922 2165 4975 ergo
2192 4905 2472 4975 quisquam
2513 4900 2726 4971 gloriari
2775 4898 2936 4954 debet
2977 4912 3041 4952 ex
3082 4892 3331 4963 operibus
3363 4900 3612 4957 tanquam

2038 4999 2169 5062 suis,
2200 5011 2317 5067 qua:
2350 5009 2443 5063 per
2470 4993 2669 5048 donum
2696 4991 2790 5046 Dei
2829 4990 3005 5053 habet,
3033 5001 3152 5041 cum
3176 4985 3289 5053 ipsa
3320 4980 3532 5036 dilectio
3561 4979 3612 5030 in

2040 5105 2106 5145 eo
2132 5091 2326 5143 bonum
2357 5095 2627 5156 cperetnr.
2663 5082 2799 5150 Quid
2832 5094 2959 5150 ergo
2995 5077 3153 5146 elegit
3183 5073 3357 5129 Deus?
3384 5072 3438 5126 Si
3472 5069 3616 5124 enim

2038 5182 2122 5235 cui
2152 5181 2260 5233 vult
2293 5178 2455 5233 donat
2484 5177 2736 5246 Spiritum
2768 5183 3004 5229 sanctum
3025 5212 3038 5235 ,
3085 5185 3177 5238 per
3205 5182 3361 5235 quem
3403 5162 3619 5219 dilectio

2038 5273 2235 5327 bonum
2263 5278 2531 5339 operatur,
2563 5265 2826 5338 quomodo
2854 5263 3010 5331 elegit
3037 5261 3121 5315 cui
3150 5257 3349 5313 donet?
3375 5256 3429 5310 Si
3470 5254 3612 5308 enim

2039 5365 2184 5421 nullo
2204 5364 2415 5429 merito,
2440 5379 2542 5417 non
2572 5369 2653 5416 est
2695 5358 2922 5422 electio;
2975 5354 3207 5426 :equales
3247 5351 3387 5405 enim
3428 5362 3617 5404 omnes

2038 5544 2224 5595 interno
2246 5541 2477 5593 volumine
2507 5538 2687 5590 invitat.
2711 5534 3048 5587 Germanensis
3068 5538 3172 5592 Ms.,
3199 5526 3285 5582 sed
3306 5528 3434 5579 intra
3452 5522 3620 5576 homs-

2039 5613 2313 5723 "81"“???
2316 5610 2447 5729 ‘quod
2480 5668 2615 5712 erant
2645 5663 2810 5723 futura
2844 5656 3142 5725 prtesciebat.
3182 5662 3254 5706 Er.
3300 5650 3450 5715 ωεά·
3498 5656 3601 5698 Ve“

2040 5739 2147 5781 Lov.
2178 5731 2333 5780 secuti
2358 5740 2540 5777 smnus.
2610 5733 2661 5773 at.
