4076 6468
535 350 674 407 20'9

533 475 657 519 sunt
680 471 800 517 ante
827 461 1091 528 meritum,
1113 476 1207 514 nec
1235 466 1407 528 potest
1429 458 1478 512 iu
1510 457 1671 512 rebus
1691 455 1904 510 omnino
1921 471 2097 524 mqua-

533 555 670 609 libus
693 554 884 609 electio
911 551 1190 606 nominari.
1222 551 1328 606 Sed
1358 551 1606 619 quoniam
1633 549 1862 617 Spiritus
1882 557 2099 601 sanctus

534 660 639 698 non
666 643 820 697 datur
863 642 963 696 nisi
1010 641 1366 702 credentibus,
1401 655 1504 692 non
1533 637 1748 708 quidem
1780 637 1918 691 Deus
1941 635 2100 704 elegit

532 750 694 805 opera
720 750 834 804 qua:
859 734 970 802 ipse
991 733 1228 804 largitur,
1270 725 1388 786 cum
1423 730 1515 785 dat
1547 727 1802 799 Spiritum
1830 737 2092 790 sanctum,

533 834 590 879 ut
633 842 725 894 per
749 824 1059 879 charitatem
1088 823 1225 877 bona
1245 837 1544 892 operemur
1570 838 1582 874 :
1611 819 1704 874 sed
1734 828 1906 872 tamen
1938 815 2098 886 elegit

534 915 711 970 fidem.
739 913 870 982 Quia
901 915 1001 968 nisi
1039 913 1258 982 quisque
1294 911 1477 966 credat
1517 911 1568 964 in
1598 925 1740 970 eum.
1786 917 1840 963 et
1874 909 1926 961 in
1955 909 2097 961 acci-

530 1004 706 1074 piendi
733 1005 998 1058 voluntate
1038 1011 1362 1072 permaneat,
1392 1017 1495 1056 non
1521 1001 1713 1070 accipit
1747 999 1943 1053 donum
1982 999 2092 1061 Dei,

533 1095 584 1148 id
623 1103 732 1160 est,
765 1093 1016 1162 Spiritum
1037 1100 1298 1154 sanctum,
1318 1107 1412 1160 per
1439 1105 1596 1160 quem
1623 1089 1811 1143 diffusa
1839 1087 2095 1141 charitate
2142 1147 2145 1150 ἠ

535 1184 731 1239 bonum
773 1185 940 1254 possit
975 1183 1204 1253 operari.
1245 1181 1360 1236 Non
1405 1196 1531 1250 ergo
1571 1179 1733 1248 elegit
1761 1178 1898 1232 Deus
1937 1191 2098 1245 opera

529 1277 835 1346 cujusquam
884 1276 934 1329 in
989 1274 1349 1344 prmseientia,
1401 1288 1522 1342 qua:
1573 1272 1686 1340 ipse
1723 1270 1940 1324 daturus
1979 1277 2094 1335 est;

529 1367 620 1420 sed
651 1365 806 1420 ﬁdem
845 1366 1002 1436 elegit
1031 1366 1081 1418 in
1111 1364 1436 1434 prmscientia
1461 1381 1474 1416 :
1505 1371 1560 1416 ut
1605 1377 1760 1431 quem
1800 1360 1898 1415 sibi
1925 1360 2098 1414 credi-

530 1467 704 1511 turum
731 1471 849 1511 esse
877 1456 1179 1526 praescivit,
1234 1455 1406 1524 ipsum
1454 1453 1671 1523 elegerit
1717 1452 1801 1506 cui
1844 1451 2097 1520 Spiritum

529 1555 772 1600 sanctum
801 1545 987 1612 daret,
1018 1553 1073 1598 ut
1101 1544 1238 1598 bona
1262 1542 1529 1613 operando
1557 1543 1714 1596 etiam
1744 1542 1904 1594 vitam
1933 1549 2094 1594 teter-

529 1652 651 1690 nam
681 1643 1114 1706 consequeretur.
1142 1634 1277 1689 Dicit
1303 1634 1444 1689 enim
1476 1631 1612 1686 idem
1641 1630 1933 1700 apostolus,
1951 1627 2098 1683 Idem

527 1725 668 1780 Deus
688 1727 771 1796 qui
797 1735 1032 1796 operatur
1081 1725 1249 1778 omnia
1298 1725 1351 1778 in
1400 1723 1626 1778 omnibus
1657 1722 1698 1796 (l
1729 1721 1846 1776 Cor.
1891 1737 1988 1785 xu,
2019 1721 2094 1790 6).

527 1817 798 1889 Nusquam
859 1827 1036 1873 autem
1079 1817 1278 1872 dictum
1325 1825 1440 1882 est,
1500 1815 1642 1870 Deus
1709 1812 1880 1868 credit
1921 1813 2097 1867 omnia

529 1910 583 1964 in
633 1910 898 1964 omnibus.
958 1907 1110 1976 Quod
1156 1923 1282 1978 ergo
1333 1905 1635 1971 credimus,
1679 1911 1920 1958 nostrum
1973 1910 2094 1958 est:

531 2000 672 2070 quod
726 2009 902 2054 autem
950 1999 1149 2054 bonum
1196 2012 1496 2067 Operamur,
1545 1995 1686 2049 illius
1736 1995 1826 2064 qui
1874 1993 2097 2050 creden-

532 2090 670 2145 tibus
715 2091 768 2144 in
797 2105 856 2145 se
897 2089 988 2143 dat
1029 2088 1286 2158 Spiritum
1327 2097 1566 2140 sanctum
1615 2083 1711 2158 (a).
1763 2085 1878 2139 lloc
1918 2092 2096 2139 autem

523 2182 827 2251 exemplum
844 2180 1155 2252 quibusdam
1167 2179 1367 2235 Iudaeis
1379 2179 1644 2248 objectum
1661 2185 1762 2241 est,
1777 2177 1864 2246 qui
1883 2174 2096 2231 Christo

529 2273 890 2337 crediderunt,
909 2281 965 2328 et
979 2272 1046 2327 de
1065 2271 1314 2340 operibus
1334 2279 1456 2325 ante
1471 2270 1692 2340 gratiam
1713 2267 2091 2340 gloriabantur,

525 2372 582 2418 et
605 2363 850 2418 dicebant
875 2378 934 2417 se
958 2363 1125 2432 ipsam
1152 2361 1422 2430 Evangelii
1446 2360 1669 2431 gratiam
1702 2373 1798 2428 per
1836 2373 1932 2413 sua
1957 2357 2096 2413 bona

526 2469 688 2524 opera
735 2454 1089 2524 praecedentia
1133 2453 1423 2519 meruisse;
1481 2466 1602 2506 cum
1651 2450 1788 2506 bona
1839 2463 2000 2519 opera
2043 2449 2097 2502 in

525 2545 673 2601 nullo
697 2560 815 2600 esse
853 2545 1074 2614 possint,
1125 2545 1226 2599 nisi
1273 2544 1362 2614 qui
1405 2543 1673 2611 acceperit
1705 2540 1951 2611 gratiam.
2002 2540 2098 2594 Est

525 2645 702 2688 autem
728 2635 894 2704 gratia
924 2644 980 2689 ut
1022 2635 1229 2689 vocatio
1264 2632 1527 2703 peccatori
1557 2641 1882 2702 prterogetur
1906 2631 1947 2695 ¹,
1975 2644 2095 2684 cum

523 2723 639 2793 ejus
656 2725 840 2779 merita
868 2725 1029 2792 nulla,
1058 2725 1160 2778 nisi
1186 2723 1252 2778 ad
1277 2723 1672 2778 damnationem
1705 2721 2093 2791 przeeesserint.

523 2812 676 2879 Quod
705 2814 750 2868 si
777 2823 994 2868 vocatus
1030 2822 1304 2867 vocantem
1350 2823 1562 2867 secutus
1612 2811 1804 2878 fuerit,
1842 2810 1984 2881 quod
2014 2820 2097 2865 est

519 2903 628 2973 jam
659 2904 890 2958 iulibero
917 2904 1154 2970 arbitrio,
1183 2903 1471 2958 merebitur
1487 2903 1809 2972 etSpiritum
1829 2911 2092 2965 sanctum,

522 3008 618 3063 per
645 3007 801 3063 quem
854 2994 988 3047 bona
1041 2993 1208 3063 possit
1252 2994 1498 3062 onerari;
1547 2993 1599 3046 in
1642 3007 1747 3062 quo
1776 3006 2094 3061 permanens

523 3086 687 3156 (quod
711 3086 1052 3140 nihilominus
1092 3096 1174 3141 est
1218 3086 1270 3139 in
1320 3086 1490 3139 libero
1515 3084 1758 3155 arbitrio)
1807 3085 2097 3140 merebitur

521 3175 680 3228 etiam
705 3175 863 3231 vitam
883 3183 1159 3238 teternam,
1183 3191 1301 3244 qua:
1317 3175 1457 3228 nulla
1482 3175 1648 3244 possit
1664 3175 1780 3229 labe
1801 3175 2090 3244 corrumpi.

591 3265 727 3320 LXI.
767 3264 867 3337 [lb.
908 3281 982 3331 ιχ,
1025 3264 1232 3338 1145.]
1271 3265 1422 3334 Quod
1458 3274 1633 3319 autem
1669 3265 1774 3330 ait,
1822 3264 2096 3320 Miserebor

519 3359 603 3413 cui
633 3359 860 3411 misertus
888 3373 991 3422 ero,
1022 3367 1066 3411 et
1094 3357 1484 3412 misericordiam
1514 3357 1760 3428 prwslabo
1789 3357 1868 3410 cui
1896 3358 2095 3410 miseri-

521 3467 634 3505 cors
662 3453 825 3522 fuero,
857 3449 980 3504 hinc
1008 3449 1303 3504 ostenditur
1327 3464 1430 3503 non
1457 3463 1576 3502 esse
1601 3449 1929 3518 iniquitatem
1956 3449 2094 3519 apud

522 3543 721 3605 Deum;
760 3541 900 3612 quod
941 3550 1160 3610 possunt
1202 3541 1380 3595 dicere
1413 3539 1646 3610 quidam,
1688 3555 1806 3594 cum
1841 3540 2091 3606 audiunt,

518 3635 797 3703 Antequam
836 3643 1175 3698 nascerentur,
1219 3630 1379 3684 Iacob
1409 3631 1582 3698 dilexi,
1607 3630 1747 3684 Esau
1775 3641 1941 3686 autem
1978 3632 2094 3684 odio

519 3725 688 3778 habui.
719 3723 989 3778 Miserbor
1013 3725 1175 3788 enim,
1206 3723 1392 3792 inquit,
1421 3723 1503 3775 cui
1531 3723 1758 3776 misertus
1784 3739 1886 3776 ero.
1916 3722 2094 3777 Primo

517 3816 658 3870 enim
685 3817 932 3869 misertus
959 3823 1040 3869 est
1069 3813 1234 3867 nostri
1268 3814 1429 3877 Deus,
1461 3828 1580 3867 eum
1615 3821 1921 3882 peccatores
1950 3827 2096 3866 esse-

517 3923 636 3963 mus
673 3916 729 3962 ut
758 3915 969 3961 vocaret
1005 3921 1119 3960 nos.
1143 3904 1234 3959 Cui
1258 3921 1384 3975 ergo
1412 3908 1642 3958 misertus
1674 3920 1779 3970 ero,
1812 3903 2009 3972 inquit,
2036 3911 2094 3956 ut

517 4014 637 4052 eum
686 4013 890 4063 vocem,
940 3997 1205 4050 miserebor
1248 3995 1420 4049 adhuc
1466 3995 1582 4062 ejus
1623 4009 1742 4048 cum
1788 3992 2088 4048 crediderit.

518 4089 794 4158 Quomodo
813 4098 986 4142 autem
1011 4088 1202 4153 adhuc,
1228 4089 1325 4141 nisi
1355 4096 1410 4141 ut
1436 4087 1525 4141 det
1553 4085 1790 4140 credenti
1817 4094 1870 4140 et
1892 4087 2089 4154 petenti

519 4181 774 4249 Spiritum
800 4180 1070 4233 sanetum?
1091 4179 1205 4246 Quo
1233 4178 1354 4231 dato
1376 4175 1792 4231 misericordiam
1820 4175 2092 4244 praestabit

515 4270 601 4325 cui
629 4270 928 4325 misericors
955 4268 1132 4333 fuerit,
1166 4269 1215 4323 id
1244 4277 1344 4331 est,
1376 4281 1430 4322 ut
1457 4268 1613 4322 faciat
1635 4281 1754 4320 eum
1785 4267 2088 4321 misericor-

514 4360 657 4425 dem,
687 4374 789 4429 quo
817 4359 952 4414 bona
985 4361 1150 4429 possit
1176 4375 1268 4428 per
1297 4358 1631 4412 dilectionem
1666 4357 1894 4426 operari.
1921 4356 2088 4413 Nemo

513 4463 640 4520 ergo
667 4451 762 4506 sibi
789 4441 981 4506 audeat
1019 4450 1252 4505 tribuere
1284 4448 1422 4519 quod
1455 4448 1866 4503 misericorditer
1893 4463 2076 4518 opera-

514 4550 626 4606 tur;
659 4541 780 4610 quia
811 4540 951 4595 Deus
979 4540 1050 4594 illi
1090 4555 1183 4610 per
1223 4537 1476 4610 Spiritum
1507 4546 1748 4593 sanctum
1781 4539 1925 4594 dedit
1951 4538 2088 4596 dile—

511 4632 739 4686 ctiouem
758 4674 773 4699 ,
801 4633 916 4686 sine
940 4647 1040 4702 qua
1070 4647 1228 4686 nemo
1254 4640 1428 4701 potest
1465 4645 1584 4686 esse
1620 4631 1941 4686 misericors.
1971 4631 2082 4686 Non

510 4739 639 4796 ergo
687 4725 846 4795 elegit
897 4725 1039 4780 Deus
1092 4724 1226 4780 bene
1280 4731 1561 4793 operantes
1589 4765 1604 4789 ,
1659 4722 1752 4776 sed
1807 4723 2086 4778 credentes

511 4816 706 4884 potius,
752 4825 812 4870 ut
848 4816 960 4884 ipse
1006 4815 1124 4870 illos
1171 4814 1326 4868 faciat
1377 4815 1514 4868 bene
1556 4813 1784 4881 operari.
1837 4813 2082 4867 Nostrum

508 4906 651 4958 enim
694 4913 778 4960 est
821 4905 1040 4961 credere
1084 4916 1137 4961 et
1174 4905 1329 4970 velle,
1374 4904 1516 4959 illius
1562 4914 1738 4958 autem
1787 4903 1916 4959 dare
1963 4919 2082 4959 cre-

508 4993 757 5049 dentibus
813 5004 864 5050 et
915 4996 1212 5051 volentibus
1273 4995 1572 5049 facultatem
1637 4994 1773 5048 bene
1832 4994 2082 5063 operandi

509 5099 606 5154 per
656 5086 908 5155 Spiritum
961 5095 1221 5152 sanctum,
1269 5101 1366 5155 per
1408 5099 1564 5155 quem
1591 5083 1820 5138 charitas
1846 5084 1942 5140 Dei
1981 5085 2084 5140 dif-

509 5173 748 5229 funditur
777 5175 829 5229 in
877 5175 1124 5231 cordibus
1173 5175 1404 5242 nostris,
1453 5182 1510 5228 ut
1563 5188 1661 5228 nos
1714 5174 2082 5228 misericordes

507 5262 702 5318 efficiat
729 5264 824 5334 (b).

580 5354 738 5409 LXII.
769 5355 868 5428 [lb.
899 5372 955 5412 ιχ
975 5397 990 5423 ,
1028 5354 1234 5430 i5-2l.]
1258 5355 1407 5424 Quod
1432 5362 1607 5409 autem
1654 5355 1755 5421 ait,
1788 5354 1955 5425 Igitur
1981 5372 2081 5410 non

569 5469 586 5537 ξ
613 5467 748 5537 Editi,
796 5473 845 5517 ut
862 5474 1040 5520 vacatio
1055 5467 1313 5534 peccatoris
1335 5471 1633 5533 prorogetur.
1657 5465 1825 5515 Melius
1839 5475 1961 5527 3:85.,
1977 5480 2082 5531 pec-

505 5534 659 5579 eatori
680 5539 995 5594 prazrogetur.

567 5610 667 5675 (_a)l
691 5616 890 5675 Retract.
905 5624 1007 5673 cap.
1023 5611 1102 5675 25,
1126 5625 1175 5662 ιι.
1199 5611 1259 5674 2,
1283 5617 1334 5664 ct
1353 5610 1436 5662 lib.
1467 5612 1486 5662 ι
1519 5610 1583 5662 de
1609 5609 1832 5660 Pmdest.
1858 5616 1950 5672 $8.,
1967 5622 2010 5662 c.
2030 5611 2079 5672 5,

505 5670 628 5720 dicit
640 5684 695 5719 se
719 5671 796 5719 hic
810 5670 1018 5722 errasse.

568 5731 640 5795 (b)
665 5732 799 5796 lbid.,
821 5746 870 5782 ιι.
894 5733 940 5782 '5.

1023 342 1456 414 QUARUMDUM
1497 339 2033 398 PROPOSlTlONUil
2073 341 2164 395 EX
2206 341 2417 396 EPIST.
2459 341 2548 396 AD
2586 340 2772 408 ROM.,
2812 341 2871 399 S.
2913 341 3278 400 AUGUSTINI

3637 346 3784 406 εθδο

2208 456 2434 522 volentis,
2480 472 2635 524 neque
2667 458 2929 522 currentis,
2961 457 3057 512 sed
3081 459 3361 513 miserentis
3405 467 3475 513 est
3515 459 3629 520 Dei.
3673 478 3780 518 non

2205 547 2341 600 tollit
2365 547 2585 600 liberum
2614 547 2894 601 voluntatis
2921 549 3227 613 arbitrium;
3265 557 3360 604 sed
3390 566 3495 605 non
3534 551 3780 609 sufﬁcere

2203 635 2330 691 dicit
2357 636 2491 691 velle
2533 645 2768 691 nostrum
2787 678 2803 703 ,
2835 638 2935 692 nisi
2966 639 3175 709 adjuvet
3210 641 3378 706 Deus,
3407 643 3780 700 misericordes

2203 742 2301 780 nos
2325 726 2601 782 efficiendo
2621 728 2688 782 ad
2709 730 2842 784 bene
2863 730 3187 798 operandum
3216 747 3308 800 per
3327 733 3523 788 donum
3551 734 3778 802 Spiritus

2202 818 2390 882 sancti,
2410 817 2475 872 ad
2498 817 2598 872 hoc
2619 817 2874 885 referens,
2899 819 3038 888 quod
3058 822 3300 890 superius
3318 821 3472 887 dixit,
3503 822 3779 878 Miserebor

2201 908 2284 960 cui
2309 908 2538 962 misertus
2562 925 2675 976 ero,
2704 917 2752 962 et
2775 911 3166 964 misericordiam
3193 914 3438 982 prastabo
3471 915 3549 967 cui
3577 915 3777 968 miseri-

2199 1015 2312 1054 cors
2335 1002 2496 1070 fuero.
2528 999 2658 1064 Quia
2688 1016 2859 1071 neque
2882 1001 3018 1056 velle
3041 1017 3339 1072 possumus,
3369 1005 3469 1058 nisi
3489 1019 3776 1069 vocemur;

2201 1102 2254 1145 et
2287 1107 2404 1146 cum
2433 1100 2551 1161 post
2585 1094 2913 1148 vocationem
2952 1094 3304 1161 voluerimus,
3328 1111 3432 1150 non
3459 1097 3652 1151 sufficit
3677 1111 3777 1151 vo-

2203 1181 2372 1235 luntas
2415 1191 2594 1236 nostra
2640 1192 2694 1237 et
2733 1199 2918 1238 cursus
2961 1193 3162 1248 noster,
3211 1186 3310 1239 nisi
3357 1186 3496 1242 Deus
3543 1195 3598 1242 et
3637 1188 3778 1243 vires

2201 1274 2532 1328 currentibus
2577 1275 2840 1344 praebeat,
2883 1283 2940 1330 et
2980 1276 3230 1344 perducat
3269 1292 3376 1346 quo
3407 1287 3580 1332 vocat.
3609 1277 3778 1332 Mani-

2201 1364 2392 1420 fesmm
2438 1373 2521 1420 est
2555 1381 2683 1436 ergo
2723 1381 2830 1420 non
2871 1367 3093 1421 volentis
3133 1381 3305 1436 neque
3336 1369 3634 1434 currentis,
3679 1367 3777 1424 sed

2202 1455 2501 1511 miserentis
2531 1456 2624 1510 Dei
2663 1470 2799 1521 esse,
2843 1455 2983 1525 quod
3017 1455 3214 1510 bonum
3252 1471 3534 1526 operamur
3561 1475 3574 1510 :
3602 1473 3778 1527 quan-

2201 1561 2356 1616 quam
2402 1547 2470 1600 ibi
2509 1548 2579 1601 sit
2619 1547 2778 1601 etiam
2808 1547 3050 1600 voluntas
3096 1531 3297 1610 nostra,
3339 1562 3458 1616 quae
3495 1547 3607 1600 sola
3646 1547 3780 1603 nihil

2201 1646 2399 1707 posset.
2430 1636 2582 1693 Unde
2615 1637 2851 1707 sequitur
2890 1637 3050 1691 etiam
3089 1636 3156 1692 de
3190 1636 3482 1692 Pharaonis
3515 1638 3780 1708 supplicio

2202 1729 2580 1794 testimonium,
2621 1743 2741 1784 cum
2785 1728 2860 1783 ait
2895 1727 3166 1797 Scriptura
3207 1727 3274 1783 de
3308 1727 3604 1794 Pharaone,
3644 1728 3781 1796 Quia

2200 1817 2268 1870 ad
2291 1818 2384 1872 hoc
2413 1827 2458 1870 te
2484 1817 2694 1871 excitavi
2709 1857 2726 1884 ,
2757 1826 2811 1870 ut
2841 1816 3102 1871 ostendam
3127 1817 3183 1871 in
3210 1825 3257 1870 te
3280 1817 3554 1888 potentiam
3581 1834 3776 1882 meam,

2200 1916 2245 1961 et
2272 1916 2324 1960 ut
2351 1908 2676 1961 annuntietur
2703 1923 2882 1961 nomen
2904 1922 3070 1961 meum
3099 1907 3154 1960 in
3181 1907 3412 1961 universa
3449 1915 3608 1961 terra.
3630 1907 3782 1961 Sicut

2199 1999 2340 2052 enim
2367 1999 2589 2069 legimus
2609 1998 2661 2052 in
2691 1997 2902 2064 Exodo,
2930 1997 3245 2053 obduratum
3268 2007 3349 2054 est
3369 2013 3464 2053 eor
3486 1997 3780 2052 Pharaonis

2202 2085 2394 2159 (Exod.
2426 2103 2482 2153 ιι,
2526 2087 2610 2159 1),
2641 2096 2699 2142 ιιι
2726 2095 2829 2141 tam
2857 2087 3187 2143 evidentibus
3207 2087 3374 2157 signis
3398 2103 3504 2142 non
3531 2103 3779 2142 movere-

2203 2188 2302 2233 tur.
2335 2178 2487 2246 Quod
2521 2194 2648 2250 ergo
2683 2187 2809 2234 tunc
2833 2179 3042 2234 Pharao
3073 2195 3180 2234 non
3205 2179 3604 2250 obtemperabat
3635 2194 3779 2250 pra:-

2200 2270 2366 2340 ccptis
2408 2271 2537 2338 Dei,
2563 2271 2672 2341 jam
2715 2271 2783 2326 de
2827 2271 3085 2342 supplicio
3127 2273 3392 2327 veniebat.
3435 2270 3552 2326 Non
3599 2281 3780 2326 autem

2199 2362 2476 2432 quisquam
2521 2371 2693 2433 potest
2737 2362 2917 2418 dicere
2959 2361 3364 2419 obdurationem
3413 2362 3556 2417 illam
3597 2362 3780 2417 cordis

2199 2450 2464 2508 immerito
2503 2453 2760 2509 accidisse
2787 2453 3081 2520 Pharaoni,
3113 2452 3209 2509 sed
3242 2451 3443 2523 judicio
3477 2453 3571 2508 Dei
3613 2454 3777 2508 retri-

2198 2541 2407 2597 buentis
2447 2543 2804 2599 incredulitati
2839 2543 2952 2614 ejus
2980 2543 3212 2600 debitam
3241 2528 3473 2614 poenam.
3501 2543 3618 2599 Non
3648 2559 3782 2614 ergo

2200 2630 2301 2686 hoc
2343 2632 2417 2687 illi
2470 2633 2772 2702 imputatur,
2822 2633 2964 2704 quod
3012 2643 3136 2688 tunc
3190 2649 3296 2688 non
3351 2634 3779 2704 obtemperaret,

2198 2724 2622 2794 quandoquidem
2653 2725 2912 2780 obdurato
2941 2725 3100 2782 corde
3137 2726 3509 2796 obtemperare
3538 2741 3644 2781 non
3678 2743 3780 2796 po-

2202 2825 2361 2882 terat;
2393 2816 2486 2871 sed
2508 2816 2628 2886 quia
2656 2817 2871 2887 dignum
2915 2831 2974 2871 se
3013 2817 3265 2886 prmbuit,
3299 2819 3384 2872 cui
3421 2832 3515 2872 cor
3540 2817 3783 2872 obdura-

2199 2915 2344 2960 retur
2368 2908 2542 2976 priore
2568 2907 2893 2964 infidelitate.
2918 2907 3065 2963 Sicut
3093 2909 3234 2963 enim
3261 2909 3312 2963 in
3353 2909 3418 2964 iis
3457 2924 3591 2980 quos
3617 2909 3784 2979 elegit

2201 2995 2370 3062 Deus,
2413 3011 2517 3051 non
2560 3011 2720 3067 opera
2762 2997 2855 3052 sed
2887 2997 3017 3052 fides
3045 2997 3258 3053 inchoat
3293 2999 3562 3063 meritum,
3582 3008 3643 3053 ut
3681 3014 3782 3068 per

2199 3104 2387 3143 munus
2416 3087 2509 3143 Dei
2547 3089 2681 3143 bene
2705 3099 2991 3160 operentur
3021 3108 3034 3144 :
3064 3091 3140 3145 sic
3171 3093 3222 3144 in
3259 3091 3342 3145 his
3371 3106 3503 3161 quos
3526 3091 3777 3156 damnat,

2199 3176 2478 3231 inﬁdelitas
2503 3185 2558 3232 et
2582 3178 2823 3246 impietas
2852 3177 3063 3234 inchoat
3088 3194 3261 3250 paena:
3291 3181 3560 3248 meritum,
3595 3190 3652 3235 ut
3679 3197 3780 3252 per

2199 3267 2363 3336 ipsam
2390 3283 2597 3338 pinnam
2616 3270 2773 3324 etiam
2797 3271 2933 3325 male
2955 3279 3278 3340 operentur;
3301 3271 3435 3324 sicut
3454 3281 3505 3325 et
3526 3272 3780 3339 superius

2197 3357 2338 3412 idem
2382 3357 2508 3412 dicit
2553 3359 2856 3428 apostolus,
2903 3357 2972 3413 Et
3013 3364 3251 3431 quoniam
3294 3377 3394 3414 non
3441 3360 3782 3431 probaverunt

2196 3447 2359 3502 Deum
2384 3448 2436 3503 in
2462 3450 2637 3502 notitia
2662 3449 2861 3514 habere,
2885 3451 3092 3504 tradidit
3116 3451 3232 3506 illos
3263 3451 3400 3506 Deus
3426 3454 3477 3506 in
3505 3453 3779 3523 reprobum

2196 3557 2423 3608 sensum,
2455 3550 2508 3594 ut
2533 3543 2723 3612 faciant
2764 3559 2875 3614 qua:
2900 3561 3000 3598 non
3043 3547 3338 3599 conveniunt
3377 3545 3552 3614 (Rom.
3586 3564 3622 3614 ι,
3653 3549 3776 3619 28),

2196 3631 2525 3702 Quapropter
2571 3632 2638 3686 ita
2685 3633 2952 3688 concludit
2995 3635 3315 3704 Apostolus,
3365 3633 3503 3707 Ergo
3541 3637 3625 3690 cui
3664 3639 3778 3691 vult

2197 3723 2471 3787 miseretur,
2501 3731 2547 3776 et
2571 3739 2714 3793 quem
2733 3723 2834 3776 vult
2858 3723 3086 3777 obdurat.
3110 3725 3270 3794 Cujus
3294 3727 3436 3780 enim
3462 3727 3773 3792 miseretur,

2197 3812 2320 3868 facit
2347 3829 2466 3868 eum
2511 3813 2647 3869 bene
2679 3815 2916 3884 operari;
2948 3823 3001 3869 et
3029 3831 3183 3884 quem
3221 3816 3475 3880 obdurat,
3519 3819 3780 3887 relinquit

2195 3919 2314 3958 eum
2343 3911 2401 3956 ut
2426 3903 2563 3958 male
2600 3914 2866 3972 operetur.
2901 3904 3003 3959 Sed
3033 3912 3086 3960 et
3110 3906 3194 3959 illa
3229 3907 3586 3961 misericordia
3629 3924 3776 3977 pra:-

2194 3991 2399 4046 cedenti
2440 3993 2627 4048 merito
2666 3993 2785 4048 fidei
2809 3995 3070 4060 tribuitur,
3099 4004 3152 4048 et
3193 3996 3289 4049 ista
3323 3996 3601 4050 obduralio
3630 4013 3777 4066 prte—

2193 4083 2399 4137 cedenti
2443 4084 2693 4152 impietati
2737 4083 2812 4156 (a)
2853 4103 2865 4138 :
2912 4093 2970 4139 ut
3013 4096 3066 4140 et
3105 4085 3238 4140 bona
3286 4102 3384 4157 per
3421 4086 3619 4142 donum
3671 4089 3774 4144 Dei

2193 4188 2492 4242 operemur,
2512 4182 2563 4241 et
2583 4173 2720 4226 mala
2746 4189 2840 4243 per
2856 4175 3198 4243 supplicium;
3221 4191 3339 4230 cum
3364 4185 3539 4230 tamen
3563 4177 3773 4234 homini

2195 4279 2297 4316 nou
2337 4261 2605 4317 auferatur
2643 4264 2865 4317 liberum
2893 4265 3174 4319 voluntatis
3203 4266 3498 4331 arbitrium,
3546 4267 3658 4321 sive
3698 4268 3773 4323 ad

2191 4353 2512 4408 credendum
2535 4353 2642 4408 Deo
2674 4363 2729 4408 ut
2751 4363 3104 4423 consequatur
3124 4371 3218 4409 nos
3241 4356 3620 4422 misericordia,
3649 4359 3773 4414 sive

2190 4445 2255 4498 ad
2285 4445 2604 4515 impietatem
2635 4455 2693 4500 ut
2731 4456 3084 4516 consequatur
3123 4449 3456 4517 supplicium.
3485 4449 3596 4517 Qua
3628 4465 3772 4505 cou-

2190 4535 2428 4590 clusione
2463 4535 2622 4599 illata,
2653 4535 2808 4590 infert
2836 4537 3179 4604 qumstionem
3207 4546 3454 4607 tauquam
3493 4554 3522 4592 a
3550 4547 3774 4594 contra-

2189 4626 2414 4682 dicente.
2463 4629 2551 4681 Ait
2587 4628 2726 4682 enim
2774 4645 2786 4680 :
2839 4627 2978 4683 Dicis
3023 4629 3188 4697 itaque
3227 4631 3371 4695 mihi,
3417 4630 3550 4697 Quid
3593 4632 3772 4686 adhuc

2189 4717 2549 4786 conqueritur?
2577 4735 2691 4770 nam
2713 4719 2955 4772 voluntati
2983 4721 3092 4789 ejus
3121 4725 3231 4789 quis
3259 4721 3487 4775 resistit?
3514 4722 3606 4776 Cui
3632 4737 3772 4778 sane

2189 4809 2510 4878 inquisitioni
2533 4810 2611 4862 sic
2630 4809 2932 4879 respondet,
2959 4818 3013 4863 ut
3035 4811 3383 4880 intelligamus
3400 4812 3770 4880 Spiritualibus

2186 4898 2333 4961 viris,
2365 4898 2538 4967 etiam
2565 4913 2668 4952 non
2691 4899 2975 4953 secundum
3005 4909 3268 4954 terrenum
3292 4900 3558 4957 hominem
3583 4904 3770 4957 viven-

2188 4985 2356 5052 tibus,
2387 4997 2563 5056 patere
2596 5003 2753 5058 posse
2784 4988 2952 5057 prima
2987 4990 3172 5043 merita
3203 4989 3323 5045 fidei
3361 4999 3413 5045 ct
3443 4992 3761 5061 impietatis.

2186 5079 2451 5149 quomodo
2480 5079 2616 5134 Deus
2649 5081 2895 5148 prarscius
2930 5080 3087 5150 eligat
3111 5082 3405 5136 credituros
3424 5123 3438 5146 ,
3465 5092 3518 5136 ct
3545 5082 3768 5138 damnet

2187 5171 2516 5237 incredulos;
2561 5187 2658 5226 nec
2696 5172 2814 5226 illos
2849 5188 2912 5226 ex
2953 5173 3202 5240 operibus
3241 5174 3459 5243 eligens.
3500 5190 3598 5228 nec
3628 5174 3768 5229 istos
3858 5181 3862 5183 “

2185 5278 2249 5316 cx
2278 5263 2526 5333 operibus
2569 5262 2854 5326 damnans;
2883 5263 2975 5317 sed
3012 5264 3217 5318 illorum
3247 5264 3368 5318 ﬁdei
3405 5274 3663 5334 praestans
3702 5275 3767 5320 ut

2186 5355 2320 5409 bene
2370 5366 2687 5425 operentur,
2741 5364 2795 5409 et
2847 5355 3067 5409 istorum
3116 5356 3438 5424 impietatem
3491 5357 3768 5412 obdurans

2183 5446 2512 5512 deserendo,
2560 5455 2620 5500 ut
2662 5447 2798 5501 male
2837 5454 3137 5514 operentur.
3174 5446 3274 5514 Qui
3309 5447 3556 5516 quoniam
3601 5448 3766 5501 inter-

2185 5537 2372 5602 lcctus,
2409 5545 2466 5590 ut
2502 5535 2631 5602 dixi,
2676 5537 3031 5607 spiritualibus
3073 5545 3234 5608 patet,
3267 5552 3297 5590 a
3340 5537 3537 5592 carnali
3577 5549 3764 5593 autem

2185 5669 2521 5794 πξτζὲιιῗε
2545 5677 2595 5723 et
2615 5672 2943 5736 superioribus
2970 5669 3088 5723 locis
3108 5670 3205 5722 vid.
3232 5678 3435 5722 neu-act.
3463 5670 3545 5720 lib.
3576 5671 3619 5732 t,
3643 5683 3755 5734 cap.

2360 5768 2370 5780 .
2422 5769 2435 5794 ,
2469 5767 2472 5769 λ
2499 5767 2510 5780 .

2360 5768 2370 5780 .
2391 5767 2435 5794 ν,
2469 5767 2510 5781 λ..
