4076 6466
269 346 402 401 2081

270 475 553 550 prudentia
581 472 738 543 longe
764 477 1002 525 remotus
1028 471 1126 528 est,
1158 460 1237 517 sic
1261 456 1451 514 refellit
1477 450 1854 550 inquirentem,

272 538 327 626 iit
355 568 619 638 intelligat
649 538 707 619 se
741 563 1009 631 deponere
1037 555 1232 611 debere
1259 552 1404 622 prius
1428 546 1697 602 hominem
1727 538 1855 606 luti,

272 673 329 717 ut
374 662 475 715 ista
524 636 618 728 per
666 654 909 725 spiritum
960 646 1274 716 investigare
1312 649 1597 697 mereatur.
1645 636 1855 704 Itaque,

273 752 464 821 inquit,
571 750 720 801 homo
745 755 798 797 tu
826 742 938 813 quis
964 756 1046 806 es,
1076 739 1160 810 qui
1187 732 1489 805 respondeas
1514 727 1663 782 Deo?
1693 725 1861 779 Nunt-

272 820 393 915 quid
438 842 559 896 dicit
598 841 892 911 ﬁgmentum
940 834 987 888 ei
1028 832 1113 901 qui
1160 844 1212 884 se
1250 826 1419 895 ﬁnxit,
1452 824 1620 889 Quare
1666 820 1738 873 sic
1772 832 1863 915 me

273 908 436 1002 fecisti
457 933 483 986 Ρ
508 908 689 985 Annon
734 926 878 980 Itabet
907 931 1199 994 potestatem
1233 916 1418 988 ﬁgulus
1445 913 1537 968 luti
1557 953 1572 980 ,
1597 927 1663 967 ea:
1686 908 1863 1002 eadem

273 1001 628 1096 conspersione
649 1037 736 1075 vas
764 1020 948 1089 facere,
977 1015 1119 1069 aliud
1140 1010 1341 1083 quidem
1363 1009 1417 1063 in
1438 1008 1698 1070 honorem,
1722 1001 1863 1056 aliud

274 1121 325 1173 in
352 1093 748 1173 contumeliam?
772 1109 1034 1180 Quamdiu
1065 1107 1368 1176 ﬁgmentum
1399 1115 1478 1166 es,
1502 1098 1689 1168 inquit,
1718 1103 1772 1150 et
1795 1093 1863 1149 ad

274 1226 507 1268 massam
546 1208 641 1264 luti
681 1204 953 1276 pertines,
996 1199 1229 1255 nondum
1273 1193 1555 1264 perductus
1595 1188 1661 1244 ad
1701 1186 1862 1257 spiri-

276 1306 439 1363 tualia
458 1347 473 1373 ,
504 1314 556 1359 ut
587 1303 660 1358 sis
689 1297 979 1370 spiritualis
998 1293 1173 1349 omnia
1205 1289 1478 1361 judicans,
1508 1292 1563 1340 et
1593 1299 1623 1338 a
1652 1281 1865 1337 nemine

268 1397 553 1469 judiceris,
601 1392 852 1448 cohibens
886 1396 940 1442 te
968 1391 1176 1455 oportet
1210 1382 1278 1436 ab
1311 1375 1619 1469 bujusmodi
1643 1372 1866 1469 inquisi-

274 1463 447 1555 iione,
489 1496 543 1541 et
582 1499 686 1539 non
720 1478 1048 1550 respondeas
1080 1476 1208 1530 Deo.
1240 1471 1405 1541 Cujus
1438 1467 1715 1524 consilium
1745 1463 1865 1534 quis

273 1583 417 1635 scire
447 1577 686 1647 cupiens,
715 1579 924 1643 oportet
952 1578 1007 1623 ut
1028 1567 1174 1637 prius
1199 1566 1251 1620 in
1281 1564 1398 1633 ejus
1427 1558 1711 1615 amicitiam
1737 1556 1867 1612 reci-

275 1670 455 1739 piatur
479 1684 493 1721 :
523 1664 664 1736 quod
686 1662 992 1730 contingere
1019 1656 1121 1712 nisi
1142 1652 1502 1726 spiritualibus
1532 1665 1634 1704 non
1661 1656 1861 1718 potest,

268 1738 381 1830 jam
427 1754 763 1829 portantibus
815 1750 1096 1821 imaginem
1150 1745 1383 1801 caelestis
1432 1741 1700 1805 hominis;
1745 1738 1867 1792 1am

275 1852 422 1909 enim
454 1848 642 1919 inquit,
676 1862 776 1899 non
803 1860 889 1898 vos
918 1843 1084 1896 dicam
1107 1854 1295 1904 servos,
1323 1835 1411 1891 sed
1437 1835 1623 1887 amicos
1651 1848 1669 1886 :
1698 1832 1869 1885 omnia

276 1945 413 1999 enim
454 1956 567 2013 qua:
607 1938 778 1993 audivi
812 1953 844 1990 a
874 1933 1033 1988 Patre
1074 1949 1205 1997 meo,
1242 1938 1362 1983 nota
1403 1928 1496 2001 feci
1523 1926 1659 1980 vobis
1687 1922 1864 1989 (Joan.

279 2052 373 2099 xv,
410 2037 520 2106 15).
551 2031 811 2101 Quamdiu
842 2031 1018 2099 itaque
1044 2042 1135 2081 vas
1168 2024 1330 2079 ﬁctile
1358 2036 1450 2087 es,
1485 2017 1869 2075 conterendum

277 2139 360 2185 est
386 2129 491 2184 hoc
517 2128 686 2199 ipsum
724 2125 773 2178 in
803 2133 852 2177 te
882 2121 1027 2192 prius
1052 2120 1198 2189 virga
1227 2117 1316 2171 illa
1345 2114 1537 2179 ferrea,
1564 2111 1631 2166 de
1659 2126 1762 2181 qua
1787 2109 1870 2165 di-

277 2230 426 2275 ctum
470 2228 581 2282 est,
624 2215 784 2285 Reges
821 2229 903 2267 eos
929 2212 983 2265 in
1017 2211 1157 2281 virga
1197 2211 1388 2279 ferrea,
1429 2213 1475 2257 et
1513 2212 1751 2272 tanquam
1786 2216 1872 2253 vas

280 2313 429 2383 ﬁguli
456 2321 678 2365 conteres
709 2324 791 2361 eos
819 2304 990 2378 (Psal.
1022 2320 1079 2369 ιι,
1112 2303 1170 2373 9)
1203 2318 1215 2354 :
1242 2310 1297 2355 ut
1325 2305 1576 2368 corrupto
1605 2295 1874 2352 exteriore

281 2404 536 2467 homine,
580 2410 634 2455 et
677 2398 929 2453 interiore
973 2403 1262 2456 renovato,
1306 2390 1477 2461 possis
1518 2389 1571 2442 in
1616 2386 1875 2442 charitate

280 2495 553 2551 radicatus
603 2502 657 2547 et
706 2490 954 2545 fundatus
998 2480 1451 2557 comprehendere
1500 2479 1873 2547 latitudinem,

282 2585 693 2656 longitudinem,
725 2580 1079 2644 altitudinem,
1108 2588 1162 2633 et
1189 2574 1528 2648 profundum,
1552 2584 1877 2644 cognoscere

282 2680 443 2734 etiam
461 2675 943 2747 supereminentem
963 2671 1240 2727 scientiam
1257 2668 1529 2725 charitatis
1544 2665 1639 2723 Dei
1659 2665 1875 2738 (Ephes.

284 2785 361 2837 ιιι,
388 2767 599 2839 16-19).
628 2764 781 2821 Nunc
810 2764 991 2835 itaque
1018 2778 1136 2818 cum
1176 2777 1243 2816 ex
1277 2760 1463 2815 eadem
1498 2756 1880 2828 conspersione

286 2861 432 2916 Deus
457 2859 559 2915 alia
582 2873 706 2913 vasa
727 2857 782 2912 iu
811 2856 1072 2910 honorem
1096 2852 1244 2918 facit,
1275 2851 1448 2905 aliain
1476 2847 1875 2916 contumeliam,

286 2968 392 3007 non
414 2962 498 3007 est
523 2960 670 3005 tuum
692 2948 981 3014 discutere,
1010 2946 1249 3017 quisquis
1269 2941 1560 2999 secundum
1591 2940 1728 2995 hanc
1752 2953 1883 2994 con-

287 3043 621 3114 spersionem
651 3040 825 3095 adhuc
851 3038 1007 3107 vivis,
1037 3036 1091 3092 id
1117 3042 1219 3104 est,
1250 3044 1463 3091 terreno
1490 3046 1649 3088 sensu
1677 3038 1732 3087 et
1758 3045 1881 3085 car-

288 3135 486 3189 naliter
508 3134 673 3202 sapis.

357 3224 547 3281 LXIII.
570 3222 670 3297 [Ib.
702 3238 774 3287 ιιι,
804 3217 919 3293 22.]
940 3217 1093 3288 Quod
1117 3225 1294 3272 autem
1322 3213 1413 3282 ait,
1444 3213 1624 3268 Attulit
1644 3213 1697 3267 in
1724 3211 1884 3266 multa

290 3316 536 3388 patientia
576 3330 698 3368 vasa
741 3314 853 3379 irce,
882 3325 994 3382 qua:
1036 3313 1255 3381 perfecta
1283 3314 1400 3360 sunt
1425 3306 1477 3359 in
1509 3302 1877 3375 perditionem,

289 3410 417 3464 hinc
457 3408 587 3463 satis
629 3404 947 3476 signiﬁcavit
994 3400 1402 3458 obduratiouem
1449 3396 1625 3452 cordis
1668 3410 1786 3465 quae
1831 3394 1884 3449 in

289 3499 570 3555 Pharaone
610 3497 746 3552 facta
773 3505 874 3559 est,
905 3511 975 3551 ex
1006 3493 1212 3548 meritis
1234 3492 1446 3547 venisse
1472 3488 1694 3544 occultae
1722 3502 1885 3557 supe-

290 3589 452 3644 rioris
491 3587 777 3658 impietatis
821 3602 836 3639 :
886 3599 1045 3656 quam
1095 3590 1275 3638 tamen
1322 3581 1585 3651 patienter
1636 3577 1889 3633 sustinuit

290 3681 457 3745 Deus,
481 3679 655 3734 donec
675 3677 740 3732 ad
761 3676 890 3732 illud
914 3685 1121 3745 tempus
1139 3673 1543 3744 perduceretur,
1567 3686 1674 3741 quo
1700 3684 1890 3740 oppor-

290 3782 422 3826 tune
462 3771 518 3826 in
558 3785 681 3826 eum
726 3768 954 3823 vindicta
1000 3765 1346 3837 procederet,
1392 3763 1459 3818 ad
1499 3762 1886 3817 correctionem

292 3877 479 3917 eorum
502 3877 638 3932 quos
654 3861 723 3916 ab
742 3875 925 3917 errore
942 3859 1240 3913 instituerat
1260 3855 1504 3920 liberare,
1525 3865 1578 3909 et
1597 3853 1665 3908 ad
1686 3851 1886 3908 cultum

294 3968 450 4008 suum
480 3954 673 4024 pietate
700 3952 942 4008 vocando
964 3948 1257 4021 perducere
1279 3948 1323 4016 ί,
1348 3946 1596 4019 precibus
1621 3961 1805 4002 eorum
1834 3953 1889 4000 et

292 4044 580 4116 gemitibus
608 4060 764 4115 opem
791 4043 1055 4115 prmbens.

363 4133 555 4191 LXIV.
596 4134 695 4208 [lb.
728 4151 801 4202 ix,
836 4134 927 4200 24,
962 4131 1079 4207 25.]
1121 4131 1272 4202 Quod
1308 4140 1484 4187 autem
1525 4131 1618 4197 ait,
1660 4128 1797 4199 Quos
1839 4138 1888 4185 et

296 4227 490 4280 uocauit
527 4243 637 4292 nos,
682 4243 781 4280 non
810 4225 974 4279 solum
1013 4241 1076 4278 ea:
1110 4223 1327 4291 Judazis,
1358 4223 1446 4278 sed
1484 4224 1717 4277 etiamea:
1756 4222 1890 4277 Gen-

298 4321 429 4374 tibus
457 4336 477 4374 :
504 4320 632 4374 sicut
652 4329 699 4372 et
724 4320 778 4373 in
808 4317 935 4373 Osee
961 4317 1103 4383 dicit,
1136 4314 1338 4370 Vocabo
1362 4332 1463 4369 non
1489 4315 1681 4385 plebem
1703 4331 1887 4382 meam,

299 4410 495 4481 plebem
528 4427 708 4475 meam,
733 4418 860 4475 etc.,
895 4409 1055 4463 totius
1089 4407 1244 4476 hujus
1281 4406 1651 4476 disputationis
1693 4420 1889 4475 propo-

300 4506 463 4558 situm
481 4502 549 4557 ad
572 4503 673 4557 hoc
693 4501 951 4572 perducit,
973 4508 1032 4554 ut
1047 4495 1293 4571 quoniam
1315 4497 1495 4552 docuit
1515 4497 1892 4552 misericordia:

302 4597 395 4652 Dei
421 4611 544 4652 esse
577 4594 717 4666 quod
746 4594 883 4649 bene
920 4607 1226 4663 operamur,
1246 4606 1351 4645 non
1388 4599 1636 4660 tanquam
1662 4603 1727 4643 ex
1758 4603 1893 4659 0pc-

301 4691 450 4745 ribus
477 4688 649 4744 Iudzei
679 4688 997 4759 glorientur,
1026 4685 1115 4756 qui
1156 4700 1276 4740 cum
1317 4683 1661 4754 Evangelium
1702 4697 1892 4753 perce-

302 4783 544 4852 pissent,
585 4791 837 4852 tanquam
870 4780 1073 4836 meritis
1113 4778 1223 4835 suis
1252 4778 1303 4832 id
1340 4777 1674 4833 tribuendum
1708 4776 1895 4831 existi-

305 4884 535 4941 mantes,
563 4874 816 4929 nolebant
843 4871 1101 4929 Gentibus
1124 4868 1242 4924 dari
1275 4889 1288 4925 :
1318 4884 1347 4923 a
1376 4885 1478 4940 qua
1509 4868 1754 4939 superbia
1782 4867 1893 4937 jam

303 4964 504 5018 debent
548 4962 839 5031 desistere,
885 4962 1242 5032 intclligentes
1286 4961 1536 5030 quoniam
1579 4960 1625 5013 si
1678 4973 1786 5012 non
1829 4973 1897 5012 ex

305 5056 581 5125 operibus,
612 5057 704 5112 sed
725 5055 1088 5111 misericordia
1116 5055 1208 5111 Dei
1236 5068 1488 5109 vocamur
1512 5060 1567 5106 ut
1593 5050 1894 5115 credamus,

306 5159 359 5203 et
393 5149 738 5206 credentibus
770 5157 1049 5220 praestatur
1081 5158 1139 5202 ut
1176 5148 1313 5202 bene
1340 5160 1645 5216 operemur,
1674 5160 1783 5198 non
1818 5154 1901 5200 est

309 5240 571 5295 Gentibus
599 5239 700 5295 ista
738 5239 1023 5295 invidenda
1053 5237 1419 5293 misericordia
1451 5236 1547 5307 (a),
1576 5237 1728 5306 quasi
1759 5251 1900 5307 prae-

312 5330 421 5385 lato
449 5331 644 5386 merito
666 5328 993 5397 Iudaeorum,
1022 5328 1162 5400 quod
1180 5328 1394 5383 «nullum
1423 5338 1523 5383 est.

383 5419 546 5475 LXV.
599 5419 698 5493 [11).
724 5436 800 5485 ιι,
829 5419 944 5492 27.]
966 5419 1119 5489 Quod
1148 5428 1322 5474 autem
1349 5419 1496 5484 dicit,
1532 5418 1700 5474 Isaias
1737 5428 1901 5473 autent

313 5510 500 5565 clamat
540 5528 634 5571 pro
671 5510 871 5580 Israel,
915 5511 976 5586 Si
1011 5511 1160 5575 fuerit
1201 5526 1436 5564 numerus
1473 5510 1695 5580 ﬁliorum
1738 5509 1907 5565 Israel

378 5648 397 5680 ¹
421 5652 577 5714 ιςοειιδί
600 5662 773 5703 omnes
784 5657 915 5712 Mss,
937 5655 983 5701 et
1000 5649 1065 5701 ad
1083 5650 1264 5702 cultant
1285 5661 1426 5704 suum
1449 5647 1763 5714 pietatemque
1780 5665 1910 5704 rivo-

317 5710 470 5762 cando
493 5715 775 5775 perducere.

380 5776 453 5836 (a)
476 5782 493 5823 ι
516 5783 719 5827 ltetract.
744 5789 847 5840 cap.
869 5776 947 5839 23,
974 5790 1022 5826 n.
1050 5776 1095 5824 4.

1713 307 2090 366 EXPOSITIO.

3404 316 3546 372 2082

1962 448 2106 517 quasi
2129 464 2282 504 arena
2306 451 2723 523 maris,reliquite
2749 453 2905 519 salvae
2937 454 3079 523 fient,
3103 455 3333 512 ostendit
3357 472 3548 529 quem-

1963 539 2249 596 admodum
2297 543 2365 597 sit
2402 544 2545 598 Deus
2600 545 2733 614 lapis
2781 547 3086 617 angularis,
3127 556 3411 619 utrumque
3449 566 3544 619 pa-

1965 629 2152 686 rietem
2184 632 2236 687 in
2266 649 2323 688 se
2352 637 2677 706 conjungens
2718 637 2949 708 (Ep/tes.
2992 656 3064 706 ιι,
3089 639 3161 695 20
3189 643 3227 711 ).
3275 641 3540 695 Testimo-

1970 721 2113 775 nium
2142 723 2284 777 enim
2312 723 2448 780 Osee
2479 727 2748 796 propheta:
2776 728 2976 783 dictum
3021 738 3105 785 est
3142 745 3237 799 pro
3267 730 3546 797 Gentibus,

1985 810 2177 865 Vocabo
2201 829 2301 866 non
2328 816 2518 882 plebem
2544 833 2725 883 meam,
2749 819 2939 888 plebem
2966 835 3149 886 meam,
3187 829 3232 873 et
3261 836 3361 873 non
3389 819 3550 873 dilec-

1969 910 2090 967 tam,
2113 904 2347 957 dilectam
2372 906 2526 977 (Osee
2554 924 2610 973 ιι,
2636 908 2761 981 24);
2786 921 2839 965 et
2864 909 3012 966 Isaia:
3041 912 3402 966 testimonium
3434 911 3548 966 dic-

1969 1001 2080 1048 tum
2103 1004 2185 1050 est
2210 1011 2306 1065 pro
2331 997 2513 1063 Israel,
2536 999 2794 1065 Quoniam
2823 1004 3046 1073 reliquiae
3071 1005 3224 1059 salva:
3253 1004 3372 1066 ﬁent
3394 1002 3547 1076 (Isai.

1970 1098 2029 1148 ι,
2058 1083 2190 1158 22),
2222 1097 2277 1142 ut
2318 1089 2447 1157 ipsa:
2483 1089 2805 1159 deputentur
2842 1093 2898 1147 in
2927 1108 3110 1150 semen
3150 1095 3396 1161 Abrahze,
3427 1109 3550 1164 qua:

1974 1176 2313 1232 crediderunt
2341 1179 2390 1232 in
2421 1180 2691 1235 Christum
2717 1200 2732 1237 :
2759 1184 2828 1237 ita
2852 1185 3141 1241 concordes
3166 1187 3351 1240 ambos
3378 1201 3550 1255 popu-

1969 1265 2053 1321 los
2080 1265 2225 1334 facit,
2258 1272 2549 1326 secundum
2592 1283 2646 1328 et
2684 1274 2897 1330 Domini
2940 1278 3296 1332 testimonium
3327 1277 3553 1333 dicentis

1970 1357 2022 1412 in
2051 1359 2339 1429 Evangelio
2369 1361 2437 1418 de
2466 1362 2743 1431 Gentibus,
2784 1365 2960 1421 Habeo
2986 1369 3115 1423 alias
3140 1385 3250 1424 oves
3294 1386 3406 1439 qua'
3447 1387 3551 1424 non

1969 1460 2085 1504 sunt
2108 1452 2171 1505 de
2190 1452 2282 1505 hoc
2306 1455 2442 1519 ovili,
2466 1471 2591 1525 quas
2612 1467 2804 1526 oportet
2830 1475 2909 1511 me
2931 1458 3211 1525 adducere;
3232 1470 3277 1514 et
3306 1463 3397 1515 erit
3422 1476 3552 1516 unus

1970 1558 2114 1612 grex,
2145 1551 2190 1596 et
2219 1561 2349 1598 unus
2375 1560 2548 1615 pastor
2578 1547 2771 1619 (Joan.
2800 1565 2856 1615 χ,
2889 1552 2955 1607 16

2044 1635 2226 1691 LXVI.
2260 1636 2358 1710 [11).
2391 1656 2449 1704 x,
2482 1640 2559 1713 1.]
2588 1643 2738 1709 Quod
2775 1655 2952 1699 autem
2995 1646 3107 1709 ait,
3153 1645 3382 1713 Fratres,
3425 1647 3557 1702 bona

1972 1726 2204 1782 voluntas
2228 1729 2395 1784 cordis
2422 1732 2520 1785 mei
2557 1742 2602 1785 et
2632 1733 2916 1803 deprecatio
2945 1735 3013 1788 ad
3038 1734 3202 1789 Deum
3242 1738 3299 1805 ﬁt
3330 1754 3422 1806 pro
3454 1738 3559 1791 illis

1941 1817 2025 1911 .in
2048 1819 2296 1887 salutem;
2329 1821 2454 1878 hinc
2478 1823 2585 1892 jam
2615 1824 2799 1895 incipit
2826 1826 2893 1882 de
2920 1842 3014 1897 spe
3045 1827 3347 1883 Iudzeorum
3376 1829 3557 1899 loqui,

1975 1924 2043 1963 ne
2066 1913 2224 1965 etiam
2253 1911 2451 1968 Gentes
2475 1918 2750 1986 superbire
2778 1918 3007 1973 audeant
3037 1920 3292 1975 adversus
3321 1920 3562 1980 Iudaeos:

1974 1996 2122 2055 Sicut
2149 2002 2291 2056 enim
2333 2003 2636 2060 Iudaeorum
2675 2009 2922 2077 superbia
2961 2008 3251 2066 refellenda
3293 2020 3409 2066 erat
3447 2020 3564 2066 tan-

1975 2105 2132 2160 quam
2161 2108 2225 2146 ex
2248 2094 2498 2162 operibus
2523 2097 2890 2167 gloriantinm;
2920 2101 2997 2157 sic
3015 2110 3067 2156 et
3090 2100 3345 2157 Gentibus
3372 2117 3562 2159 occur-

1976 2184 2198 2237 rendum
2225 2195 2325 2250 est,
2353 2202 2416 2240 ne
2441 2197 2685 2258 tanquam
2707 2176 2906 2247 Iudaéis
2930 2193 3128 2262 praelati
3150 2196 3483 2263 superbiant.

2049 2271 2256 2329 LXVII.
2294 2274 2398 2349 [11).
2432 2294 2486 2343 x,
2514 2278 2683 2353 8.10.]
2712 2282 2865 2349 Quod
2904 2293 3080 2337 autem
3107 2284 3274 2351 dicit,
3325 2303 3343 2336 ι
3392 2285 3565 2355 Prope

1980 2370 2065 2418 est
2099 2364 2318 2419 verbum
2348 2367 2398 2420 in
2431 2382 2522 2422 ore
2545 2377 2654 2433 tuo,
2688 2379 2742 2424 et
2770 2371 2822 2424 in
2855 2371 3018 2426 corde
3050 2381 3172 2436 tuo;
3203 2372 3306 2427 hoc
3332 2383 3412 2428 est
3442 2389 3566 2429 ver-

1983 2452 2111 2508 bum
2136 2453 2257 2510 ﬁdei
2280 2457 2419 2525 quod
2443 2459 2791 2528 praedicamus
2818 2478 2831 2513 :
2856 2462 2977 2532 quia
3001 2462 3046 2516 si
3072 2464 3373 2518 conﬁtearis
3396 2466 3445 2518 in
3474 2478 3569 2519 ore

1983 2553 2074 2601 tuo
2112 2549 2232 2617 quia
2274 2548 2532 2604 Dominus
2570 2560 2653 2605 est
2691 2551 2868 2619 Iesus,
2910 2562 2965 2607 et
3000 2553 3293 2609 credideris
3326 2554 3377 2609 in
3405 2554 3570 2610 corde

1985 2644 2080 2692 tuo
2108 2638 2229 2707 quia
2259 2639 2396 2694 Deus
2424 2640 2568 2694 illum
2597 2642 2873 2697 suscitavit
2897 2658 2926 2696 a
2957 2644 3200 2710 mortuis,
3232 2644 3410 2699 salvus
3438 2644 3567 2700 eris.

1983 2728 2158 2786 Corde
2186 2732 2329 2787 enim
2355 2733 2592 2788 creditur
2616 2734 2681 2788 ad
2707 2734 2997 2805 justitiam,
3033 2750 3128 2791 ore
3157 2744 3332 2791 autem
3361 2736 3571 2793 confes-

1985 2824 2067 2878 sio
2095 2824 2154 2879 ﬁt
2179 2824 2229 2878 in
2255 2826 2511 2891 salutem;
2542 2845 2562 2879 ι
2592 2835 2729 2881 totus
2760 2826 2845 2882 hic
2873 2827 3021 2883 locus
3052 2827 3119 2883 ad
3169 2828 3297 2883 illttd
3338 2828 3572 2886 refertur

1985 2916 2129 2987 quod
2155 2918 2400 2987 superius
2425 2917 2580 2985 dixit,
2612 2917 2830 2973 Verbum
2858 2921 2990 2974 enim
3018 2936 3372 2976 consummans
3392 2932 3437 2976 et
3460 2923 3574 2978 bre—

1987 3008 2130 3063 vians
2160 3011 2313 3080 faciet
2336 3007 2587 3064 Dominus
2612 3028 2762 3080 super
2782 3020 2965 3066 terram
2996 3012 3169 3085 (Rom.
3197 3028 3276 3079 ιιι,
3304 3011 3375 3070 28
3394 3014 3434 3086 ).
3468 3014 3574 3070 Re-

1990 3101 2152 3156 motis
2179 3101 2321 3155 enim
2366 3100 2843 3157 innumerabilibus
2885 3112 2940 3158 et
2983 3104 3360 3175 multiplicibus
3396 3119 3575 3160 sacra-

1940 3238 1947 3246 .
1990 3191 2188 3246 mentis
2214 3191 2405 3261 quibus
2427 3190 2678 3246 Iudaicus
2704 3194 2928 3262 populus
2955 3194 3315 3264 premebatur,
3349 3210 3445 3265 per
3475 3194 3577 3249 mi-

1990 3282 2336 3337 serieordiam
2373 3283 2469 3338 Dei
2504 3284 2697 3337 factum
2729 3293 2812 3339 est
2839 3292 2898 3341 ut
2937 3285 3199 3342 brevitate
3226 3287 3578 3342 confessionis

1991 3372 2115 3430 ﬁdei
2143 3374 2207 3427 ad
2234 3374 2461 3428 salutem
2490 3374 2908 3443 perveniremus.

2065 3464 2295 3519 LXVIII.
2324 3463 2424 3537 [11).
2456 3482 2512 3533 x,
2548 3465 2661 3539 19.]
2701 3467 2852 3534 Quod
2878 3478 3054 3523 autem
3084 3468 3209 3524 dicit
3232 3509 3246 3535 ,
3285 3470 3578 3525 secundum

1996 3557 2356 3611 testimonium
2380 3557 2568 3629 Moysi,
2593 3557 2704 3630 Ego
2724 3559 2793 3612 ad
2813 3561 3181 3614 mmulationem
3202 3577 3287 3614 ros
3304 3562 3580 3630 perducam

1995 3649 2048 3701 in
2077 3664 2176 3701 non
2206 3658 2433 3719 gentem;
2462 3649 2516 3702 in
2539 3659 2737 3719 gentem
2761 3650 3076 3721 insipientem
3112 3652 3320 3706 irritabo
3357 3668 3477 3717 vos;
3501 3653 3584 3708 di-

1993 3741 2184 3807 cendo,
2220 3752 2416 3812 gentem
2456 3741 2793 3811 insipientem,
2834 3743 3079 3811 exposuit
3112 3742 3237 3812 quid
3276 3744 3490 3809 dixerit,
3527 3744 3582 3799 in

1994 3849 2093 3886 non
2120 3843 2364 3903 gentem:
2403 3834 2553 3903 quasi
2589 3832 2731 3902 quod
2777 3848 2877 3889 nec
2921 3850 3052 3905 gens
3092 3836 3311 3890 dicenda
3351 3838 3420 3892 sit
3462 3853 3583 3909 quas

1996 3921 2254 3992 insipiens
2284 3931 2385 3977 est.
2438 3923 2512 3977 De
2550 3924 2700 3992 cujus
2733 3932 2911 3978 tamen
2952 3925 3055 3981 ﬁde
3092 3926 3409 3983 irritandum
3455 3929 3585 3984 dicit

1996 4013 2246 4083 populum
2289 4012 2603 4077 Iudaicum,
2649 4014 2771 4083 quia
2818 4014 2891 4069 illi
2930 4016 3399 4087 apprehenderuut
3442 4020 3585 4090 quod

1997 4104 2085 4159 isti
2126 4115 2461 4174 respucrunt.
2490 4104 2587 4161 Vel
2634 4115 2779 4161 certe
2802 4106 2871 4187 in
2900 4125 3000 4163 non
3027 4122 3223 4181 gentem
3246 4152 3260 4177 ,
3310 4113 3362 4166 in
3391 4123 3588 4183 gentem

1996 4198 2345 4269 insipientem;
2371 4201 2492 4269 quia
2521 4215 2641 4254 cum
2673 4210 2817 4255 esset
2844 4215 2978 4272 gens
3004 4201 3261 4273 insipiens
3291 4206 3465 4261 omnis
3493 4220 3590 4278 po-

2000 4291 2154 4361 pulus
2177 4290 2312 4343 idola
2335 4291 2537 4357 colens,
2561 4297 2736 4347 tamen
2762 4294 3110 4363 gentilitatem
3137 4296 3404 4351 credendo
3423 4297 3591 4368 depo-

1998 4382 2127 4436 suit.
2161 4379 2313 4436 Unde
2344 4382 2469 4435 illud
2497 4384 2655 4437 etiam
2684 4392 2764 4438 est
2789 4403 2801 4438 :
2838 4382 2899 4439 Si
2928 4385 3081 4456 igitur
3106 4388 3405 4457 pra'putium
3433 4389 3593 4458 justi-

2000 4478 2097 4550 tias
2125 4472 2274 4545 Legis
2303 4475 2573 4541 custodiat,
2608 4493 2771 4530 nonne
2799 4478 3099 4547 prwputium
3121 4480 3229 4545 ejus
3253 4481 3306 4533 in
3331 4482 3593 4535 circumci-

2002 4568 2143 4621 sione
2171 4565 2492 4634 deputabitur
2520 4564 2627 4636 (Id.
2658 4583 2715 4631 ιι,
2746 4566 2815 4623 26
2835 4567 2892 4640 )?
2916 4568 2985 4625 Ut
3009 4570 3080 4625 sit
3113 4571 3197 4625 hic
3222 4585 3412 4627 sensus
3436 4589 3449 4626 :
3477 4573 3591 4645 Ego

2004 4660 2056 4713 in
2087 4658 2479 4713 mmulationem
2511 4673 2606 4713 vos
2631 4658 2890 4714 adducam
2920 4661 2972 4715 in
3010 4676 3127 4717 eam
3162 4678 3278 4731 qua:
3326 4677 3430 4716 non
3458 4679 3591 4733 gens

2006 4751 2140 4808 facta
2170 4759 2273 4819 est,
2305 4747 2622 4821 deponendo
2663 4753 3012 4822 gentilitatem
3046 4768 3143 4823 per
3174 4752 3331 4809 ﬁdem
3356 4751 3591 4823 Christi,

2004 4861 2124 4901 cum
2155 4844 2343 4898 fuisset
2374 4858 2505 4914 gens
2535 4842 2789 4913 insipiens
2815 4845 3040 4901 colendo
3070 4846 3229 4901 idola.

2044 5018 2052 5025 .
2077 4935 2264 4991 LXIX.
2288 4934 2385 5007 [|b.
2407 4952 2480 4996 ιιι,
2507 4936 2565 4990 II
2581 4934 2619 5009 .‘]
2642 4936 2792 5002 Quod
2812 4947 2989 4993 autem
3010 4938 3101 5003 ait,
3129 4937 3394 5010 Numquid
3407 4939 3594 5009 repulit

2006 5028 2144 5082 Deus
2170 5027 2359 5098 plebem
2384 5028 2568 5081 suam?
2601 5027 2759 5082 Absit.
2802 5027 2943 5083 Nam
2979 5038 3023 5083 et
3052 5046 3141 5101 ego
3181 5029 3417 5086 Israelita
3454 5050 3587 5100 sum,

2007 5140 2068 5176 ex
2093 5120 2277 5176 semine
2301 5120 2577 5186 Abraham,
2610 5121 2673 5175 de
2698 5120 2829 5174 tribu
2853 5119 3145 5192 Benjamin,
3176 5122 3241 5177 ad
3284 5123 3385 5178 hoc
3421 5124 3592 5179 refcr-

2009 5225 2095 5270 tur
2137 5214 2279 5284 quod
2314 5215 2560 5284 superius
2603 5215 2773 5281 dixit,
2816 5212 2938 5268 Non
2972 5224 3131 5285 potest
3165 5226 3328 5271 autem
3367 5218 3597 5273 excidere

2010 5306 2211 5360 verbum
2245 5304 2355 5358 Dei.
2401 5304 2521 5358 Non
2560 5306 2691 5359 enim
2725 5320 2897 5358 omnes
2934 5305 3021 5373 qui
3062 5316 3178 5360 sunt
3217 5323 3280 5360 ex
3317 5305 3503 5375 Israel,
3547 5309 3599 5363 lu

2011 5408 2126 5451 sunt
2159 5396 2443 5460 Israelitce;
2484 5412 2642 5466 neque
2668 5395 2785 5465 quia
2810 5403 2927 5449 sunt
2966 5412 3132 5450 semen
3174 5396 3449 5461 Abraham,
3494 5416 3605 5453 om-

2014 5506 2101 5544 nes
2129 5488 2262 5559 ﬁlii;
2286 5487 2374 5541 sed
2399 5488 2451 5540 in
2476 5485 2628 5541 Isaac
2656 5486 2910 5539 vocabitur
2933 5485 3020 5540 tibi
3045 5503 3254 5542 semen:
3286 5497 3343 5544 ut
3380 5489 3444 5544 de
3486 5490 3601 5558 ipso

2015 5581 2221 5636 scilicet
2260 5578 2456 5650 popqu
2484 5577 2786 5632 Iudaeorum
2826 5577 2906 5632 illi
2942 5578 3263 5647 deputentur
3301 5582 3354 5633 in
3392 5594 3601 5649 semen,

2015 5673 2106 5743 qui
2132 5672 2358 5727 Domino
2380 5669 2740 5726 crediderunt.
2767 5670 2844 5725 De
2872 5669 2974 5725 hoc
3004 5671 3129 5725 item
3157 5671 3285 5728 dicit
3327 5672 3596 5743 superius,

2940 5764 2970 5781 ρ

2022 5767 2265 5839 Reliquite
2289 5766 2441 5821 salute
2459 5764 2577 5831 ﬁent
2603 5761 2725 5835 (Id.
2757 5778 2830 5833 Ix,
2854 5763 2908 5830 6,
2940 5764 2989 5828 7,
3023 5764 3134 5827 (ΞΤ).
