4028 6480
504 327 646 386 2083

570 441 735 501 LXX.
777 438 884 514 [lb.
925 455 1020 507 ιι,
1049 439 1175 513 11.]
1204 440 1356 509 Quod
1392 449 1568 496 autem
1603 441 1750 506 dicit,
1782 441 1906 497 Dico
1934 459 2072 513 ergo,

999 323 1427 394 QUARUMDAM
1463 312 2001 387 PROPOSITIONUM
2039 330 2134 386 EX
2173 332 2386 393 EPIST.
2428 341 2520 398 AD
2557 345 2739 415 ROM.,
2783 349 2838 406 S.
2869 351 3231 412 AUGUSTINI

3603 366 3746 424 2084

2183 455 2290 502 tum
2324 453 2404 507 eis
2444 469 2560 524 quae
2601 458 2715 515 haec
2741 475 2927 517 curant
2949 469 3326 537 potestatibus;
3356 470 3410 526 in
3438 487 3635 546 magno
3661 494 3746 532 er-

501 533 766 605 Numquid
779 535 852 588 sic
871 534 1181 604 deliquerunt
1200 544 1253 587 ut
1271 533 1538 588 caderent?
1557 534 1716 588 Absit.
1739 535 1844 589 Sed
1866 535 2073 590 illorum
2177 551 2298 628 rore
2321 553 2578 600 verSatur.
2615 547 2745 602 Item
2771 551 2814 605 si
2853 553 2971 621 quis
2995 556 3071 609 sic
3094 571 3153 611 se
3177 533 3326 628 putat
3358 576 3478 617 esse
3501 533 3744 622 subden-

501 629 682 683 delicto
700 627 842 683 salus
871 626 1110 682 Gentibus
1138 627 1180 694 ³,
1211 640 1314 680 non
1343 625 1463 681 ideo
1485 625 1633 692 dicit,
1656 642 1777 697 quia
1802 642 1908 682 non
1936 628 2074 683 ceci—
2175 625 2320 692 dum,
2354 640 2409 686 ut
2431 635 2587 690 etiam
2614 637 2666 692 in
2689 653 2836 694 suam
2860 641 3016 698 fidem
3040 625 3234 702 habere
3257 658 3572 718 potestatem
3596 657 3744 711 arbi-

499 720 722 784 derunt;
753 718 848 779 sed
869 719 990 789 quia
1015 731 1169 773 casus
1199 718 1433 787 ipsorum
1466 732 1571 772 non
1603 717 1701 773 fuit
1724 719 1914 786 inanis,
1937 735 2068 790 quo-

498 809 641 864 niam
669 809 736 863 ad
761 808 981 864 salutem
1006 806 1250 863 Gentium
1279 806 1523 877 profecit.
1549 808 1662 863 Non
1689 824 1815 880 ergo
1839 810 1910 864 ita
1934 810 2068 865 deli-

497 908 728 970 qnerunt
748 908 804 954 ut
822 898 1092 962 caderent,
1119 897 1172 953 id
1197 907 1298 960 est.
1322 909 1378 953 nt
1411 900 1774 956 tantummodo
1797 901 2065 969 caderent,

495 992 646 1061 quasi
674 990 741 1045 ad
767 1003 978 1062 poenam
1005 1005 1155 1045 suam
1178 991 1382 1057 solum;
1415 991 1506 1047 sed
1534 1000 1590 1046 ut
1610 992 1711 1047 hoc
1736 993 1905 1062 ipsum
1927 993 2066 1064 quod

494 1083 832 1146 ceciderunt,
863 1081 1140 1152 prodesset
1175 1081 1431 1138 Gentibus
1472 1083 1540 1138 ad
1577 1083 1818 1139 salutem.
1866 1085 2065 1140 Deinde

495 1173 680 1244 incipit
701 1189 765 1229 ex
795 1173 896 1228 hoc
916 1174 1034 1229 loco
1057 1172 1360 1228 Judaaorum
1387 1173 1641 1244 populum
1667 1175 2060 1240 commendare,

491 1264 649 1318 etiam
694 1263 763 1318 de
809 1263 928 1334 ipso
965 1279 1090 1318 casu
1119 1263 1482 1330 infidelitatis,
1518 1270 1578 1318 ut
1611 1277 1715 1320 non
1755 1265 2064 1334 superbiant

491 1351 724 1418 Gentes;
762 1353 884 1422 quia
925 1354 1083 1408 etiam
1113 1368 1267 1408 casus
1303 1353 1603 1409 Iudaeorum
1650 1365 1754 1410 tam
1801 1357 2061 1426 pretiosus

486 1444 669 1498 existit
692 1459 790 1514 pro
814 1442 991 1500 salute
1016 1441 1263 1501 Gentium
1287 1462 1300 1498 :
1323 1446 1415 1501 sed
1442 1447 1607 1517 magis
1639 1447 1834 1503 debent
1859 1463 2048 1506 cavere

485 1533 683 1590 Gentes
709 1549 798 1600 ne,
821 1535 968 1601 dum,
996 1535 1322 1604 superbiunt,
1346 1536 1588 1591 similiter
1612 1537 1818 1593 cadant.

555 1625 742 1680 LXXI.
774 1624 874 1697 [ιιι.
901 1641 998 1691 xu,
1025 1627 1113 1691 9.0,
1156 1627 1242 1690 l4,
1273 1624 1384 1698 17.]
1422 1627 1574 1695 Quod
1616 1639 1791 1685 autem
1820 1630 1970 1697 dixit,
1996 1632 2058 1688 Si

483 1716 715 1770 esurierit
759 1716 990 1770 inimicus
1020 1725 1158 1780 tuus,
1197 1717 1307 1770 ciba
1347 1717 1527 1781 illum;
1553 1718 1596 1771 si
1623 1719 1762 1784 sitit,
1795 1730 1966 1790 potum
1990 1723 2058 1776 da

483 1804 560 1858 illi
577 1804 701 1859 :ltoc
723 1806 855 1859 enim
877 1805 1085 1873 faciens,
1107 1797 1344 1860 carbones
1364 1807 1496 1876 ignis
1537 1819 1768 1878 congeres
1793 1826 1943 1880 super
1965 1828 2054 1865 ca-

483 1904 574 1966 put
599 1897 728 1966 ejus,
758 1896 938 1950 multis
956 1896 1122 1951 videri
1152 1904 1327 1964 potest
1355 1911 1646 1968 repugnare
1673 1898 1749 1952 illi
1777 1900 2054 1955 sententiae

481 1999 586 2054 qua
614 1983 874 2040 Dominus
901 1985 1146 2054 prmeepit
1179 1994 1237 2040 ut
1259 1985 1538 2056 diligamus
1559 1986 1798 2043 inimicos
1819 1997 2050 2056 nostros,

480 2083 535 2129 et
557 2088 772 2130 oremus
791 2090 886 2145 pro
911 2075 976 2130 iis
995 2076 1084 2146 qui
1113 2091 1209 2131 nos
1237 2086 1624 2146 persequuntur
1648 2077 1824 2148 (Matt.
1841 2095 1896 2146 v,
1919 2080 2009 2152 44)
2033 2098 2054 2136 ε,

477 2164 561 2220 vel
588 2164 710 2220 huic
735 2166 894 2220 etiam
921 2179 1079 2235 quam
1117 2165 1257 2221 idem
1295 2167 1566 2236 apostolus
1605 2169 1850 2238 superius
1883 2170 2048 2238 dixit,

476 2255 762 2311 Benedicite
789 2267 1130 2329 persequentes
1165 2274 1286 2322 vos;
1319 2257 1606 2326 benedicite,
1637 2270 1686 2315 et
1710 2263 1864 2316 nolite
1889 2265 2047 2318 male-

478 2345 678 2410 dicere;
703 2353 759 2400 et
786 2346 1000 2412 iterum,
1047 2345 1200 2399 Nulli
1238 2347 1428 2401 malum
1468 2364 1559 2416 pro
1599 2350 1733 2404 malo
1771 2351 2045 2408 recidentes.

477 2432 755 2503 Quomodo
781 2435 921 2491 enim
952 2435 1177 2504 quisque
1199 2434 1368 2505 diligit
1391 2452 1512 2491 eum
1537 2437 1622 2493 cui
1661 2448 1941 2509 propterea
1967 2443 2050 2497 ci-

475 2522 604 2579 bum
629 2534 683 2579 et
707 2532 885 2594 potum
912 2523 1026 2588 dat,
1059 2533 1115 2578 ut
1137 2523 1395 2579 carbones
1432 2525 1566 2595 ignis
1602 2537 1852 2598 congerat
1887 2545 2050 2602 super

475 2623 633 2680 caput
661 2613 797 2683 ejus,
835 2613 881 2667 si
911 2613 1168 2668 carbones
1206 2613 1342 2683 ignis
1381 2617 1482 2670 hoc
1521 2615 1638 2672 loco
1673 2617 1900 2688 aliquam
1929 2633 2051 2691 gra-

473 2719 594 2760 vem
619 2720 828 2774 poenam
845 2705 1177 2776 signiﬁcant?
1196 2703 1528 2776 Quapropter
1553 2702 1948 2778 intelligendum
1965 2720 2048 2767 est

472 2797 540 2853 ad
569 2797 670 2853 hoc
695 2797 891 2852 dictum
917 2811 1058 2863 esse,
1091 2805 1149 2852 ut
1175 2811 1295 2852 eum
1321 2797 1410 2866 qui
1437 2811 1536 2853 nos
1562 2799 1758 2856 laeserit
1787 2816 2042 2870 provoce-

473 2901 596 2944 mus
618 2887 685 2942 ad
715 2887 1077 2957 pmnitentiam
1105 2887 1226 2942 facti
1264 2887 1382 2952 sui,
1412 2902 1532 2942 cum
1567 2890 1617 2944 ei
1657 2907 1754 2946 nos
1780 2892 2044 2948 benefacia

470 2995 610 3036 mus.
653 2979 742 3034 Isti
769 2979 910 3034 enim
935 2978 1193 3034 carbones
1227 2977 1363 3049 ignis
1401 2978 1466 3033 ad
1502 2981 1855 3047 exustionem,
1884 2982 1936 3038 id
1960 2991 2044 3039 est

469 3069 964 3126 oontribulationem
993 3069 1211 3140 spiritus
1244 3069 1440 3137 valent,
1479 3069 1570 3138 qui
1598 3079 1681 3127 est
1708 3073 1857 3142 quasi
1885 3085 2044 3144 caput

467 3160 680 3226 animae,
718 3159 771 3214 in
813 3174 914 3230 qua
939 3160 1173 3215 exuritur
1192 3159 1368 3214 omnis
1403 3160 1622 3225 malitia,
1652 3176 1771 3217 cum
1799 3162 1960 3220 homo
1985 3166 2040 3220 in
2094 3231 2098 3238 ,

469 3251 660 3308 melius
683 3266 778 3321 per
798 3250 1161 3321 penitentiam
1185 3258 1560 3317 commutatur,
1592 3261 1649 3307 nt
1672 3261 1794 3307 sunt
1821 3255 1896 3309 illi
1922 3269 2040 3311 car-

468 3342 655 3407 bones,
680 3342 748 3397 de
772 3341 962 3413 quibus
989 3341 1180 3396 dicitur
1206 3342 1260 3396 in
1295 3341 1517 3398 Psalmis
1541 3359 1554 3396 :
1588 3342 1723 3410 Quid
1751 3345 1894 3400 detur
1927 3346 2036 3416 tibi,

466 3444 557 3489 aut
585 3434 706 3504 quid
731 3441 1019 3503 apponatur
1044 3431 1134 3486 tibi
1160 3431 1228 3485 ad
1254 3431 1477 3504 linguam
1499 3434 1802 3491 subdolam?
1825 3435 2040 3508 Sagitta:

466 3526 680 3596 potentis
704 3533 864 3578 acutte
881 3539 997 3577 cum
1019 3521 1315 3577 carbonibus
1335 3523 1660 3579 vastatoribus
1691 3525 1859 3598 (Psal.
1884 3542 2036 3598 cnx,

465 3615 530 3682 5,
558 3614 672 3684 44).

534 3704 743 3760 LXXII.
776 3701 876 3776 [1b.
907 3717 1020 3770 xui,
1049 3699 1126 3775 1.]
1159 3699 1310 3772 Quod
1334 3710 1509 3757 autem
1535 3701 1629 3767 ait,
1663 3701 1840 3758 Omnis
1867 3705 2037 3760 anima

463 3796 789 3868 potestatibus
815 3792 1184 3848 sublimioribus
1213 3792 1411 3848 subdita
1436 3793 1499 3846 sit
1523 3809 1540 3846 :
1569 3809 1668 3847 non
1697 3803 1767 3849 est
1791 3796 1922 3849 enim
1947 3813 2037 3867 po-

463 3895 612 3940 testas
637 3884 735 3938 nisi
761 3901 792 3936 a
817 3881 945 3948 Deo,
973 3881 1265 3937 rectissime
1283 3883 1395 3952 jam
1422 3892 1620 3949 monet,
1648 3899 1714 3940 ne
1737 3885 1856 3956 quis
1881 3901 1946 3941 ex
1971 3901 2036 3944 eo

461 3975 603 4046 quod
623 3990 654 4030 a
677 3973 899 4028 Domino
922 3988 1020 4027 suo
1054 3973 1105 4027 in
1136 3973 1435 4028 libertatem
1462 3983 1681 4030 vocatus
1707 3983 1807 4042 est,
1835 3977 2034 4034 factus-

466 4081 570 4136 que
594 4064 936 4128 cbristianus,
959 4062 1243 4116 extollatur
1263 4063 1314 4117 in
1336 4063 1657 4130 superbiam,
1681 4072 1735 4118 et
1754 4079 1862 4119 non
1889 4066 2033 4121 arbi-

463 4164 632 4209 tretur
655 4154 708 4207 in
735 4152 892 4221 hujus
919 4152 1042 4205 vita:
1071 4152 1262 4206 itinere
1305 4151 1622 4206 servandum
1651 4168 1770 4208 esse
1795 4155 2034 4211 ordinem

461 4258 640 4308 suum,
668 4251 723 4296 et
749 4239 1099 4311 potestatibus
1123 4239 1541 4306 sublimioribus,
1564 4243 1753 4310 quibus
1776 4258 1874 4312 pro
1895 4253 2027 4300 tem-

461 4343 593 4406 pore
631 4346 808 4388 rerum
849 4329 1214 4402 temporalium
1249 4329 1560 4399 gubernatio
1589 4332 1777 4388 tradita
1805 4343 1905 4401 est,
1936 4352 2034 4406 pu-

461 4437 536 4482 tet
560 4442 666 4482 non
697 4439 757 4479 se
783 4437 902 4478 esse
929 4420 1278 4478 subdendum.
1306 4419 1436 4475 Cum
1462 4421 1603 4475 enim
1629 4432 1932 4481 constemus
1963 4443 2028 4484 ex

459 4517 634 4572 anima
663 4523 718 4570 et
745 4525 988 4583 corpore,
1031 4518 1085 4565 et
1109 4509 1358 4581 quamdiu
1389 4511 1440 4564 in
1481 4509 1580 4568 hac
1605 4511 1714 4566 vita
1756 4518 2029 4586 temporali

459 4619 664 4672 sumus,
696 4603 855 4658 etiam
885 4600 1043 4656 rebus
1083 4599 1460 4669 temporalibus
1502 4599 1569 4655 ad
1605 4602 1896 4659 subsidium
1936 4607 2028 4663 de-

456 4697 643 4768 genda:
669 4695 824 4763 hujus
862 4692 984 4747 vita:
1022 4700 1259 4758 utamur;
1292 4700 1498 4762 oportet
1541 4706 1638 4746 nos
1675 4708 1740 4748 ex
1770 4709 1829 4750 ea
1854 4707 2023 4767 parte,

457 4803 577 4858 quae
603 4785 668 4840 ad
706 4783 842 4838 hanc
880 4782 1039 4836 vitam
1067 4781 1314 4851 pertinet,
1345 4780 1582 4837 subditos
1607 4797 1726 4838 esse
1753 4787 2026 4854 potestati-

457 4879 577 4942 bus,
617 4875 671 4931 id
714 4883 814 4941 est,
844 4871 1147 4927 hominibus
1183 4886 1270 4924 res
1297 4869 1554 4927 humanas
1583 4887 1704 4928 cum
1732 4875 1904 4946 aliquo
1932 4876 2026 4933 ho-

459 4978 586 5025 nore
615 4964 1124 5022 administrantibus.
1154 4962 1235 5016 Ex
1263 4961 1350 5016 illa
1375 4978 1501 5020 vero
1531 4975 1679 5033 parte
1715 4981 1815 5036 qua
1849 4969 2024 5024 credi-

457 5073 574 5113 mus
599 5059 731 5123 Deo,
755 5055 885 5112 etin
914 5069 1131 5124 regnum
1161 5053 1276 5123 ejus
1303 5069 1570 5119 vocamur,
1603 5071 1707 5110 non
1736 5073 1832 5113 nos
1860 5074 2020 5129 Opor-

451 5156 527 5203 tet
550 5162 669 5203 esse
695 5145 935 5201 subditos
973 5144 1218 5214 cuiquam
1253 5143 1745 5213 homini,‘idipsum
1781 5147 1834 5202 in
1869 5150 2020 5205 nobis

451 5249 692 5295 evertere
732 5237 998 5307 cupienti,
1045 5233 1185 5304 quod
1239 5235 1380 5290 Deus
1435 5234 1501 5288 ad
1551 5235 1714 5291 vitam
1766 5248 2016 5296 aeternam

449 5329 650 5385 donare
698 5327 943 5397 dignatus
982 5331 1082 5380 est.
1130 5323 1188 5380 Si
1235 5325 1351 5394 quis
1401 5339 1527 5395 ergo
1579 5336 1725 5395 putat
1767 5333 2015 5399 quoniam

453 5417 775 5473 christianus
819 5424 933 5484 est,
962 5430 1068 5470 non
1113 5413 1211 5469 sibi
1256 5427 1374 5469 esse
1411 5416 1630 5486 vectigal
1661 5418 2010 5490 reddendum,

448 5519 538 5565 aut
564 5507 836 5572 tributum,
859 5513 948 5562 aut
972 5521 1076 5561 non
1091 5521 1208 5562 esse
1225 5505 1576 5563 exhibendum
1596 5508 1850 5567 honorem
1867 5513 2014 5571 debi-

508 5664 526 5696 ι
553 5671 602 5712 ιιι
627 5661 772 5712 editis
790 5659 992 5734 additur,
1013 5660 1255 5774 esth
1275 5674 1303 5712 a
1323 5670 1430 5736 uss.
1456 5670 1507 5715 et
1527 5675 1556 5715 a
1577 5678 1737 5730 graeco
1759 5669 1900 5722 abest
1925 5685 1936 5721 :
1963 5680 2012 5723 at

513 5725 695 5774 ticanus
725 5731 805 5772 Ms.
832 5734 938 5774 eius
960 5722 1063 5774 loco
1213 5730 1250 5774 t.
1273 5731 1412 5774 renu.

447 5725 695 5774 vaticaxius
725 5731 805 5772 Ms.
832 5722 938 5784 ejus
960 5722 1063 5774 loco
1086 5722 1250 5788 habet,
1273 5724 1412 5776 venit.

2173 722 2341 814 tretur
2359 737 2479 778 eum
2500 727 2588 796 qui
2613 733 2985 801 temporalibus
3007 736 3437 796 administrandis
3456 744 3630 814 aliqua
3651 762 3746 802 su-

2171 805 2428 868 blimitate
2474 819 2755 888 prascellit;
2797 821 2850 878 in
2897 825 3152 894 majorem
3197 843 3435 886 errorem
3471 805 3744 892 'Iabitur‘.

2170 896 2276 955 Sed
2315 906 2504 960 modus
2546 909 2648 964 iste
2673 913 2962 970 servandus
2999 925 3116 985 est,
3146 933 3303 989 quem
3332 922 3590 980 Dominus
3627 926 3748 997 ipse

2171 993 2494 1083 praescribit,
2519 1005 2579 1052 ut
2601 1000 2883 1060 reddamus
2905 1004 3103 1063 Caesari
3127 1024 3244 1078 quae
3264 1011 3490 1070 Caesaris
3516 993 3666 1083 sunt,
3689 1028 3746 1076 et

2169 1079 2426 1172 Deoiquae
2457 1085 2546 1143 Dei
2574 1100 2697 1144 sunt
2720 1091 2928 1164 (Matth.
2952 1111 3086 1162 χχιι,
3115 1099 3228 1169 ﬁt).
3252 1099 3566 1172 Quanquam
3593 1079 3744 1163 enim

2166 1168 2232 1223 ad
2263 1171 2392 1226 illud
2419 1189 2636 1246 regnum
2662 1194 2912 1238 vocemur
2943 1184 3032 1240 ubi
3059 1168 3202 1241 nulla
3234 1190 3336 1245 erit
3359 1168 3597 1261 potestas
3636 1194 3744 1250 hu-

2163 1258 2413 1327 jusmodi,
2454 1266 2506 1320 in
2537 1267 2637 1322 hoc
2679 1277 2854 1326 tamen
2897 1273 3086 1331 itinere
3124 1276 3249 1332 dum
3288 1258 3528 1349 agimus,
3564 1283 3740 1342 donec

2164 1353 2529 1418 perveniamus
2555 1359 2621 1412 ad
2652 1360 2778 1415 illud
2805 1365 3057 1420 sarculum
3085 1367 3170 1422 ubi
3202 1369 3260 1423 fit
3299 1374 3575 1429 evacuatio
3611 1390 3736 1430 om-

2165 1439 2246 1494 nis
2266 1442 2592 1514 principatus
2612 1456 2667 1502 ct
2689 1454 2984 1518 potestatis,
3005 1457 3358 1516 conditionem
3380 1474 3617 1518 nostram
3638 1479 3736 1534 pro

2162 1530 2277 1600 ipso
2305 1549 2478 1590 rerum
2500 1536 2850 1595 humanarum
2870 1544 3056 1600 ordine
3076 1547 3390 1616 toleremus,
3406 1551 3539 1606 nihil
3563 1530 3736 1609 simu-

2160 1618 2264 1676 late
2292 1621 2564 1692 facientes,
2597 1637 2652 1682 et
2676 1630 2727 1683 in
2758 1646 2822 1686 eo
2847 1632 2961 1702 ipso
2991 1649 3096 1689 non
3118 1643 3224 1691 tam
3251 1636 3552 1696 hominibus
3571 1658 3734 1713 quam

2161 1708 2293 1777 Deo,
2317 1714 2405 1782 qui
2439 1713 2552 1770 haec
2569 1717 2740 1786 jubet,
2771 1721 3218 1792 obtemperantes.

2227 1800 2458 1858 LXXIII.
2505 1803 2604 1878 [Ib.
2635 1823 2750 1875 xui,
2775 1811 2828 1876 5,
2855 1809 2934 1884 4.]
2959 1812 3110 1878 Quod
3134 1823 3308 1870 autem
3328 1816 3422 1883 ait,
3453 1817 3544 1875 Vis
3563 1829 3734 1878 autem

2156 1906 2257 1946 non
2302 1893 2474 1948 timere
2513 1901 2844 1966 potestatem?
2871 1902 3053 1956 bonum
3081 1907 3182 1975 fac,
3211 1915 3259 1959 et
3295 1906 3496 1964 habebis
3528 1911 3732 1967 laudem

2156 1999 2218 2038 ea:
2239 1983 2366 2052 illa,
2404 1995 2578 2056 potest
2614 2005 2830 2048 movere
2857 1993 3085 2074 aliquos,
3113 2011 3234 2052 cum
3270 2000 3622 2071 cogitaverim
3661 2004 3731 2058 ab

2155 2073 2271 2130 istis
2299 2079 2647 2145 potestatibus
2693 2073 3112 2150 persecutionem
3156 2103 3298 2156 smpe
3337 2104 3523 2158 passos
3562 2090 3752 2150 fuisse.

2153 2163 2509 2224 Christianos.
2559 2168 2824 2242 Numquid
2871 2189 2999 2245 ergo
3048 2189 3152 2232 non
3198 2177 3462 2236 faciebant
3501 2181 3728 2250 bonum,

2152 2258 2273 2326 quia
2303 2273 2408 2314 non
2439 2260 2610 2316 solum
2655 2277 2760 2318 non
2797 2275 2921 2319 sunt
2957 2266 3152 2322 laudati
3193 2268 3261 2322 ab
3297 2269 3412 2324 istis
3449 2275 3730 2342 potestati-

2151 2346 2271 2414 bus,
2299 2348 2391 2404 sed
2420 2350 2578 2405 etiam
2607 2353 2779 2422 pmnis
2805 2353 2978 2410 affecti
3005 2366 3060 2412 et
3084 2359 3254 2412 necati
3281 2360 3437 2414 sunt?
3463 2361 3728 2420 Conside-

2150 2439 2314 2494 randa
2336 2455 2462 2511 ergo
2477 2451 2600 2497 sunt
2619 2443 2778 2498 verba
2805 2446 3062 2515 Apostoli.
3085 2447 3200 2503 Non
3227 2450 3370 2505 enim
3395 2453 3488 2518 ait,
3517 2452 3726 2509 Bonum

2151 2524 2254 2594 fac,
2276 2537 2331 2584 et
2360 2528 2593 2586 laudabit
2616 2541 2668 2588 te
2695 2543 2962 2604 potestas;
2987 2537 3082 2592 sed
3102 2539 3194 2606 ait,
3220 2538 3418 2594 Bonum
3437 2542 3538 2611 fac,
3567 2553 3614 2597 et
3635 2546 3724 2598 has

2150 2617 2280 2672 bebis
2307 2618 2506 2674 laudem
2549 2639 2611 2677 ea:
2645 2623 2756 2678 illa.
2793 2624 2921 2681 Sive
2956 2627 3098 2682 enim
3135 2629 3325 2699 probet
3351 2629 3548 2687 factum
3577 2643 3725 2689 tuum

2148 2708 2372 2778 bonum,
2400 2712 2517 2770 sive
2543 2725 2910 2786 persequatur,
2943 2719 3143 2774 laudem
3179 2720 3377 2776 habebis
3401 2740 3463 2778 ea:
3484 2723 3610 2792 illa;
3637 2727 3724 2782 vel

2151 2813 2270 2853 cum
2297 2815 2414 2856 eam
2444 2801 2497 2857 in
2537 2804 2848 2875 obsequium
2877 2807 2967 2863 Dei
2997 2809 3231 2867 lucratus
3261 2811 3423 2868 fueris
3442 2856 3458 2880 ,
3487 2816 3573 2870 vel
3599 2831 3725 2872 cum

2147 2891 2263 2961 ejus
2305 2895 2668 2962 persecutione
2695 2911 2946 2953 coronam
2989 2903 3267 2958 merueris.
3307 2905 3420 2960 lloc
3460 2907 3620 2962 etiam
3666 2909 3722 2964 in

2151 2984 2597 3052 consequentibus
2627 2985 2954 3058 intelligitur,
2988 3005 3108 3046 cum
3136 2991 3282 3059 dicit,
3336 2992 3436 3048 Dei
3457 2997 3586 3050 enim
3618 2999 3720 3052 ηιξ-ι

2145 3074 2299 3127 nister
2323 3085 2395 3128 est
2417 3075 2506 3129 tibi
2527 3077 2578 3130 in
2600 3077 2801 3144 bonum,
2826 3081 2984 3136 etiam
3003 3081 3048 3136 si
3076 3083 3175 3138 sibi
3204 3084 3258 3139 in
3285 3086 3504 3141 malum.

2213 3163 2448 3220 LXXIV.
2478 3164 2576 3238 [1b.
2603 3183 2718 3234 χιιι,
2746 3167 2826 3242 5.]
2857 3168 3009 3236 Quod
3032 3180 3208 3228 autem
3235 3174 3341 3241 ait,
3377 3173 3599 3246 Ideoque
3626 3194 3722 3233 nea

2143 3255 2360 3309 cessitati
2388 3257 2408 3287 ²
2428 3256 2614 3311 subditi
2635 3269 2807 3327 estote,
2843 3260 2910 3316 ad
2947 3260 3048 3317 hoc
3081 3263 3241 3330 valet,
3280 3273 3337 3319 ut
3363 3265 3721 3337 intelligamus

2142 3347 2263 3418 quia
2285 3362 2506 3404 necesse
2531 3358 2614 3406 est
2637 3359 2853 3422 propter
2873 3351 3009 3410 hanc
3025 3355 3184 3409 vitam
3210 3356 3451 3412 subditos
3471 3373 3567 3414 nos
3591 3374 3719 3414 esse

2141 3448 2404 3509 oportere,
2435 3455 2542 3496 non
2560 3442 2866 3500 resistentes
2887 3446 2934 3501 si
2957 3445 3082 3516 quid
3106 3446 3181 3502 illi
3205 3447 3415 3505 auferre
3431 3451 3716 3520 voluerint,

2141 3529 2194 3583 in
2220 3529 2358 3600 quod
2387 3531 2486 3586 sibi
2515 3541 2745 3604 potestas
2765 3535 2885 3590 data
2907 3545 3005 3602 est,
3030 3536 3098 3592 de
3119 3539 3496 3609 temporalibus
3521 3541 3712 3610 rebus;

2140 3635 2261 3691 qua:
2285 3623 2534 3692 quoniam
2565 3623 2858 3694 transeunt,
2890 3625 3009 3682 ideo
3034 3637 3087 3683 et
3113 3629 3211 3684 ista
3237 3631 3495 3701 subjectio
3521 3647 3627 3688 non
3658 3636 3716 3689 in

2138 3709 2293 3766 bonis
2321 3715 2470 3784 quasi
2497 3716 2878 3785 permansuris,
2900 3719 2992 3773 sed
3022 3719 3073 3774 in
3101 3723 3414 3776 necessariis
3434 3722 3554 3778 huic
3579 3734 3718 3779 teme

2138 3802 2254 3872 pori
2279 3804 2642 3860 constituenda
2668 3815 2770 3861 est.
2796 3806 2997 3864 Tamen
3033 3813 3281 3880 quoniam
3323 3813 3483 3879 dixit,
3516 3813 3715 3871 Neces-

2137 3895 2708 3976 sitatisubditi‘estote;
2744 3914 2812 3955 ne
2859 3900 2977 3971 quis
3027 3918 3134 3958 non
3177 3905 3381 3976 integro
3430 3908 3609 3964 animo
3658 3919 3715 3966 et

2138 3998 2271 4056 pura
2299 3986 2585 4044 dilectione
2623 3990 2864 4046 subditus
2903 3991 3052 4047 fieret
3091 3994 3391 4064 hujusmodi
3429 4003 3711 4068 potestatis

2135 4075 2254 4141 bus,
2279 4077 2500 4144 addidit,
2517 4077 2720 4144 dicens,
2739 4078 2862 4134 Non
2881 4082 3041 4135 solum
3057 4094 3261 4155 prapter
3274 4087 3422 4153 iram,
3443 4089 3534 4143 sed
3555 4091 3710 4145 etiam

2136 4176 2342 4237 propter
2368 4163 2720 4224 conscientiam
2739 4186 2758 4225 :
2783 4171 2835 4226 id
2868 4180 2972 4240 est,
3000 4188 3106 4228 non
3131 4176 3302 4231 solum
3325 4178 3392 4232 ad
3421 4177 3553 4235 iram
3581 4196 3712 4236 eva-

2134 4255 2363 4312 dendam
2385 4258 2427 4324 ',
2459 4259 2597 4330 quod
2626 4269 2799 4330 potest
2826 4262 2983 4317 etiam
3009 4264 3255 4321 simulate
3281 4267 3421 4334 fieri;
3445 4269 3540 4324 sed
3570 4278 3629 4323 ut
3654 4271 3710 4326 in

2135 4357 2223 4402 tua
2253 4350 2578 4405 conscientia
2606 4358 2781 4407 certus
2808 4352 2882 4408 sis
2901 4390 2916 4419 ,
2954 4353 3094 4408 illius
3115 4355 3398 4413 dilectione
3427 4368 3479 4414 te
3500 4356 3705 4425 facere,

2133 4440 2218 4496 cui
2254 4441 2493 4497 subditus
2531 4442 2691 4499 fueris
2712 4443 2862 4513 jussu
2897 4443 3108 4502 Domini
3143 4448 3252 4514 tui,
3287 4451 3375 4522 qui
3399 4467 3568 4506 omnes
3597 4455 3706 4506 vult

2130 4532 2294 4586 salvos
2314 4534 2443 4601 ﬁeri,
2462 4542 2506 4588 et
2525 4535 2579 4588 in
2600 4535 2905 4606 agnitionem
2923 4537 3143 4593 ueritatis
3164 4541 3329 4594 venire
3347 4540 3394 4612 (Ι
3409 4540 3537 4596 Tim.
3552 4557 3609 4608 ιι,
3623 4544 3703 4612 4).

2130 4616 2196 4678 Ει
2223 4622 2323 4678 hoc
2349 4625 2490 4678 enim
2519 4641 2639 4680 cum
2670 4626 2870 4684 diceret
2895 4629 3198 4698 Apostolus,
3222 4631 3288 4687 de
3311 4633 3440 4702 ipsis
3470 4643 3706 4704 potestad

2133 4714 2270 4769 tibus
2298 4715 2503 4783 agebat.
2549 4715 2661 4771 Iloc
2699 4725 2781 4773 est
2817 4718 2960 4789 quod
3001 4721 3168 4775 servis
3196 4721 3300 4776 alio
3329 4722 3446 4779 loco
3471 4724 3700 4791 suadet,

2131 4801 2251 4857 Non
2285 4805 2353 4857 ad
2385 4805 2586 4864 oculum
2617 4808 2898 4875 servientes,
2943 4809 3088 4880 quasi
3130 4811 3406 4867 hominibus
3449 4814 3705 4882 placentes

2132 4892 2345 4966 (Ephes.
2376 4911 2430 4950 vr
2451 4935 2466 4961 ,
2499 4895 2556 4967 6)
2587 4915 2598 4950 :
2627 4906 2685 4952 ut
2724 4897 2950 4968 idipsum
2975 4898 3119 4969 quod
3147 4901 3442 4956 subduntur
3470 4903 3706 4961 dominis

2126 4984 2255 5049 suis,
2272 4999 2375 5038 non
2388 5000 2481 5040 eos
2492 4986 2716 5053 oderint,
2734 4999 2825 5042 aut
2840 4986 3058 5044 fallaciis
3071 4993 3357 5060 promereri
3374 4992 3697 5050 desiderent.

2144 5089 2148 5094 '
2195 5074 2403 5129 LXXV.
2427 5074 2525 5148 [Ib.
2552 5091 2665 5142 xm,
2693 5077 2745 5142 8,
2771 5076 2880 5150 10.]
2908 5078 3060 5144 Quod
3082 5089 3260 5136 autem
3281 5081 3426 5138 dicit.
3445 5083 3547 5151 Qui
3569 5087 3699 5140 enim

2125 5165 2288 5236 diligit
2315 5167 2533 5219 alterum
2549 5165 2592 5232 ‘,
2625 5166 2804 5239 Legem
2826 5167 3070 5239 impleuit,
3096 5171 3328 5227 ostendit
3355 5187 3700 5230 consumma-

2186 5360 2395 5433 ttsthaec
2425 5360 2684 5434 sententia,
2709 5366 2825 5434 Item
2858 5359 3108 5434 siquis...
3132 5361 3184 5412 in
3201 5362 3452 5434 majorem
3479 5376 3702 5434 errorem

2121 5422 2316 5484 labitur,
2338 5435 2484 5485 quam
2504 5429 2608 5472 Mss.
2647 5433 2816 5471 omnes
2839 5422 3091 5486 exhibent,
3117 5422 3303 5475 omissa
3326 5433 3404 5476 est
3431 5427 3560 5489 apud
3590 5438 3698 5479 Am.

2121 5493 2322 5594 el-Fi'm.
2355 5552 2429 5594 Er.
2473 5552 2523 5595 et
2551 5556 2642 5593 sex
2677 5549 2781 5593 Mss.
2821 5544 2900 5594 hic
2935 5553 2986 5595 et
3020 5545 3168 5607 infra,
3207 5546 3496 5599 necessitate.

2182 5612 2202 5642 ³
2225 5607 2570 5682 (teneamus
2595 5614 2718 5677 διεδ-ε
2741 5608 3079 5682 metientem
3148 5668 3177 5682 ..
3310 5677 3318 5682 _

2178 5672 2199 5704 ι
2225 5670 2356 5782 ιῗιιῑιί,
2386 5666 2542 5732 diligit
2572 5667 2860 5730 proximum.
2885 5676 2942 5722 Αι
2961 5676 3087 5733 Mss,
3110 5668 3344 5734 alterum;
3359 5669 3497 5735 jtt‘xttl
3518 5675 3656 5736 ειωι
3681 5697 3701 5736 ι

2119 5744 2196 5786 (οη
2219 5746 2244 5782 ι’
2263 5745 2397 5782 ενοη.
