4076 6476
236 342 390 401 2C85

240 466 446 516 tionem
476 455 702 526 Legisin
726 450 1006 507 dilectione
1040 449 1261 519 pesitam
1283 488 1298 514 ,
1326 445 1379 501 id
1414 455 1517 513 est,
1548 446 1601 500 in
1649 442 1828 498 chari-

241 562 371 607 tate.
411 547 557 607 'Jnde
580 556 633 601 et
663 543 919 600 Dominus
957 542 1009 595 in
1039 540 1149 596 illis
1172 539 1381 594 duobus
1421 536 1700 607 praeceptis
1745 542 1830 588 to-

239 655 353 700 tam
379 643 576 712 Legem
601 637 837 709 pendere
858 635 1005 699 dicit,
1030 642 1084 688 et
1108 647 1295 688 omnes
1325 630 1636 701 Pr0pltetas,
1670 627 1721 682 id
1748 634 1833 681 est

240 737 297 791 in
347 733 635 789 dilectione
663 729 755 783 Dei
798 736 852 781 et
878 725 1101 797 proximi
1146 722 1383 795 (Matth.
1430 738 1576 787 xxu,
1606 721 1673 775 57
1714 715 1829 791 to.)

243 826 400 884 Unde
428 833 484 879 et
532 823 646 891 ipse
674 819 763 889 qui
798 818 991 888 Legem
1022 814 1165 870 venit
1203 813 1458 883 implere,
1489 811 1829 865 dilectionem

238 916 461 974 donavit
490 929 583 986 per
608 912 863 983 Spiritum
892 917 1167 975 sanctum,
1218 915 1275 961 ut
1320 908 1461 975 quod
1488 912 1642 959 antea
1673 904 1830 957 timor

240 1011 469 1081 implere
500 1023 602 1063 non
626 1014 873 1075 poterat,
908 1002 1139 1057 charitas
1177 998 1517 1071 postmodum
1563 997 1827 1064 impleret.

242 1100 373 1156 Inde
394 1106 479 1154 est
516 1105 571 1152 et
599 1094 726 1150 illud
756 1094 993 1164 ejusdem
1039 1091 1302 1162 apostoli,
1362 1086 1633 1143 Plenitudo
1662 1095 1830 1139 autem

241 1193 396 1264 Legis
425 1188 648 1243 charitas
674 1202 693 1241 :
722 1194 776 1241 et
802 1184 928 1240 illud
947 1226 961 1250 ,
992 1182 1138 1237 Finis
1165 1190 1330 1235 autem
1351 1179 1585 1251 praecepti
1613 1187 1685 1232 est
1707 1178 1832 1230 cita-

240 1287 367 1338 ritas
400 1284 464 1336 de
507 1280 658 1334 corde
708 1295 855 1349 puro,
884 1286 933 1331 et
981 1276 1284 1330 conscientia
1326 1273 1475 1340 bona,
1504 1280 1551 1327 et
1594 1270 1695 1341 ﬁde
1730 1286 1829 1324 non

242 1378 363 1445 ﬁcta
401 1374 444 1444 (I
467 1373 598 1426 Tim.
628 1373 677 1435 1,
711 1369 789 1440 5).

311 1466 551 1521 LXXVI.
577 1463 674 1538 [Ib.
705 1477 815 1528 xm,
848 1459 957 1532 Il.]
972 1458 1123 1527 Quod
1142 1465 1320 1512 autem
1344 1457 1438 1521 ait,
1464 1453 1532 1509 Et
1550 1455 1644 1509 hoc
1666 1454 1828 1508 scien-

242 1569 311 1613 tes
338 1566 559 1626 tempus,
606 1555 723 1625 quia
749 1554 874 1606 hora
945 1560 1018 1604 est
1052 1552 1167 1621 jam
1186 1565 1276 1602 nos
1301 1548 1364 1602 de
1403 1564 1579 1601 somno
1604 1562 1827 1615 surgere,

241 1650 369 1704 illuc
397 1655 604 1717 spectat
649 1644 788 1715 quod
820 1644 1017 1698 dictum
1066 1651 1167 1705 est,
1193 1640 1323 1694 Ecce
1349 1655 1481 1692 nunc
1510 1648 1706 1707 tempus
1748 1653 1832 1691 ac-

241 1739 503 1807 ceptabile,
530 1752 642 1789 ecce
663 1751 793 1787 nunc
822 1735 928 1787 dies
976 1730 1157 1787 salutis
1184 1731 1202 1801 (
1227 1730 1267 1784 Il
1294 1728 1411 1784 Cor.
1441 1744 1519 1793 VI,
1548 1730 1583 1781 2
1604 1727 1642 1797 ).
1667 1727 1829 1782 Tem-

241 1840 341 1894 pus
362 1825 505 1879 enim
553 1821 818 1890 Evangelii
846 1819 1194 1888 signiﬁcatur,
1234 1824 1290 1871 et
1336 1814 1426 1870 illa
1466 1814 1831 1884 opportunitas

241 1917 419 1973 salvos
445 1913 671 1970 faciendi
691 1911 969 1968 credentes
987 1911 1037 1964 iu
1070 1909 1254 1964 Deum.

310 2006 576 2062 LXXVII.
605 2004 704 2078 [Ib.
734 2018 858 2069 xui,
886 1999 997 2073 14.]
1023 1999 1177 2068 Quod
1201 2008 1379 2054 autem
1420 1997 1534 2063 ait,
1573 1995 1642 2051 Et
1663 1996 1831 2050 carnis

242 2099 610 2172 providentiam
640 2114 701 2151 ne
744 2095 957 2167 feceritis
979 2096 995 2127 ¹
1020 2096 1073 2148 in
1122 2091 1557 2164 concupiscentiis,
1600 2090 1833 2146 ostendit

243 2209 349 2249 non
379 2208 501 2249 esse
520 2189 837 2261 culpandam
862 2188 1039 2243 carnis
1068 2185 1455 2257 providentiam
1476 2222 1492 2252 ,
1524 2182 1737 2254 quando
1765 2197 1828 2237 ea

243 2286 591 2357 providentur
629 2298 747 2353 qua:
781 2280 849 2336 ad
885 2280 1257 2336 necessitatem
1308 2277 1497 2333 salutis
1542 2275 1834 2345 corporalis

245 2379 446 2434 valent.
473 2376 527 2432 Si
558 2381 736 2429 autem
784 2372 849 2428 ad
902 2370 1197 2442 superﬂuas
1241 2368 1627 2424 delectationes
1672 2377 1832 2438 atque

244 2469 505 2535 luxurias,
537 2475 595 2523 ut
619 2467 842 2537 quisque
868 2465 923 2520 in
954 2464 1036 2519 his
1060 2463 1287 2535 gaudeat
1306 2476 1424 2533 qua:
1467 2474 1629 2516 carne
1647 2460 1789 2529 cupit
1814 2502 1830 2530 ,

244 2571 390 2620 recte
432 2560 842 2632 reprehenditur
869 2600 885 2625 ,
940 2558 1062 2627 quia
1117 2554 1499 2627 providentiam
1542 2553 1717 2609 carnis
1779 2567 1832 2605 in

244 2654 692 2726 concupiscentiis
734 2652 876 2707 Iacit.
921 2649 1173 2718 Quoniam
1218 2648 1305 2718 qui
1331 2645 1545 2701 seminat
1588 2645 1641 2698 in
1682 2658 1835 2697 carne

247 2764 359 2815 sua,
379 2747 442 2801 de
466 2762 618 2801 carne
634 2755 773 2799 metet
794 2742 1161 2813 corruptionem
1180 2738 1376 2811 (Galat.
1395 2753 1473 2804 ν),
1490 2735 1627 2805 vui),
1652 2735 1703 2791 id
1726 2745 1831 2801 est,

247 2840 336 2910 qui
363 2837 810 2894 delectationibus
836 2834 1134 2891 carnalibtts
1164 2832 1381 2905 gaudet.

316 2928 603 2985 LXXVIII.
635 2928 734 3000 [Ib.
765 2942 873 2991 xtv,
906 2924 1051 2999 1-5.]
1077 2925 1229 2995 Quod
1252 2932 1429 2979 autem
1458 2918 1621 2989 dicit,
1676 2919 1838 2990 Inﬁr-

250 3035 388 3074 nmn
406 3027 578 3073 autem
594 3019 648 3072 in
666 3017 768 3087 ﬁde
784 3016 1008 3087 recipite,
1028 3033 1130 3071 non
1156 3017 1209 3071 in
1234 3012 1676 3087 dijutlicationibus
1699 3011 1835 3083 cogi-

251 3113 495 3166 tationum
517 3152 533 3179 ,
566 3111 668 3166 hoc
691 3110 837 3176 dicit,
884 3117 941 3164 ut
970 3125 1091 3165 eum
1117 3110 1207 3181 qui
1234 3108 1472 3164 inﬁrmus
1495 3109 1547 3162 in
1588 3105 1691 3161 ﬁde
1729 3112 1831 3171 est,

251 3204 593 3276 recipiamus,
623 3211 677 3258 et
698 3211 879 3258 nostra
911 3201 1162 3257 ﬁrmitate
1184 3200 1545 3257 inﬁrmitatem
1575 3197 1693 3269 ejus
1718 3209 1836 3252 sus-

250 3297 539 3359 tineamus,
565 3310 739 3365 neque
764 3293 1115 3365 dijudiccmus
1132 3292 1481 3364 cogitationes
1502 3290 1637 3361 ejus,
1655 3287 1709 3344 id
1730 3297 1832 3354 est,

249 3388 399 3459 quasi
429 3388 572 3443 ferre
624 3384 915 3441 audeamus
955 3384 1277 3440 sententiam
1316 3382 1385 3439 de
1430 3382 1603 3438 alieno
1650 3379 1833 3445 corde.

249 3480 389 3551 quod
420 3494 529 3535 non
557 3478 819 3533 videmus.
851 3476 975 3532 Ideo
1001 3476 1262 3547 sequitur,
1302 3483 1357 3530 et
1381 3473 1528 3539 dicit,
1558 3473 1702 3527 Alius
1720 3471 1835 3542 qui-

249 3573 361 3627 dem
385 3572 544 3628 credit
580 3570 892 3625 manducare
917 3569 1086 3624 omnia
1110 3583 1128 3623 :
1154 3568 1240 3641 qui
1268 3576 1435 3622 autem
1464 3567 1697 3635 inﬁrmus
1721 3576 1830 3631 est,

248 3665 359 3717 olus
397 3662 683 3718 manducet.
714 3660 847 3730 Quia
877 3659 967 3714 illo
988 3658 1097 3730 jam
1126 3666 1368 3729 tempore
1388 3657 1663 3727 multijam
1693 3656 1831 3710 ﬁrmi

248 3754 301 3809 in
345 3753 453 3809 ﬁde
475 3795 492 3819 ,
536 3762 590 3807 et
627 3753 858 3807 scientes
895 3749 1184 3806 secundum
1237 3749 1553 3805 sententiam
1583 3748 1831 3815 Domini,

249 3861 357 3901 non
386 3844 781 3901 commaculare
819 3858 882 3900 ea
910 3858 1028 3914 quae
1065 3846 1118 3897 in
1157 3855 1252 3897 eos
1289 3841 1527 3908 intrant,
1576 3840 1673 3897 sed
1714 3855 1834 3910 qua:

246 3936 485 4005 exeunt]
513 3934 700 3990 Matth.
740 3951 846 4003 xv,
880 3934 1042 3990 11-20
1068 3933 1121 4003 ),
1156 3932 1522 3988 indifferenter
1549 3933 1830 3989 sumebant

246 4026 395 4081 cibos
423 4024 567 4080 salva
590 4025 949 4080 conscientia:
978 4024 1191 4095 quidam
1218 4037 1346 4079 vero
1375 4022 1694 4079 inﬁrmiores
1735 4024 1833 4079 ab-

245 4116 517 4173 stinebant
540 4131 571 4171 a
599 4116 848 4171 carnibus
863 4125 916 4171 et
942 4131 973 4170 a
999 4115 1145 4179 vino,
1178 4131 1245 4169 ne
1275 4115 1359 4170 vel
1387 4115 1684 4170 nescientes
1705 4114 1835 4169 inei-

246 4206 438 4263 derent
468 4206 521 4261 in
547 4221 611 4261 ea
653 4222 772 4276 qua:
798 4206 953 4261 idolis
978 4205 1434 4262 sacriﬁcabantnr.
1463 4206 1649 4261 Omnis
1689 4206 1832 4261 enim

246 4310 373 4355 tunc
397 4300 732 4354 immolatitia
761 4314 886 4354 caro
929 4296 983 4352 in
1025 4298 1248 4354 macello
1277 4297 1623 4363 vendebatur,
1677 4306 1731 4352 et
1765 4297 1833 4353 de

244 4391 498 4462 primitiis
518 4392 623 4446 vini
655 4391 888 4446 libabant
913 4390 1111 4446 Gentes
1136 4390 1433 4445 simulacris
1454 4390 1585 4455 suis,
1617 4397 1671 4444 et
1690 4406 1834 4460 qute-

242 4484 365 4539 dam
383 4484 437 4539 in
457 4484 585 4553 ipsis
604 4484 958 4539 torcularibus
978 4483 1237 4539 sacriﬁcia
1252 4483 1534 4539 faciebant.
1564 4484 1723 4540 Jubet
1747 4500 1833 4540 er-

243 4591 310 4647 go
329 4575 623 4645 Apostolus
652 4582 707 4630 et
730 4575 814 4630 his
840 4575 928 4645 qui
968 4574 1115 4629 salva
1143 4577 1466 4632 conscientia
1490 4578 1684 4633 talibus
1732 4578 1833 4632 ali-

243 4668 445 4724 mentis
486 4668 788 4733 utebantur,
818 4682 923 4721 non
944 4682 1195 4737 spernere
1224 4669 1583 4726 inﬁrmitatem
1618 4669 1831 4724 illorum

243 4760 334 4828 qui
356 4774 417 4814 se
442 4773 473 4812 a
495 4758 684 4813 talibus
722 4758 856 4814 cibis
882 4767 935 4813 et
955 4768 1084 4829 potu
1115 4761 1452 4817 abstinebant
1481 4779 1493 4817 :
1533 4770 1587 4818 et
1615 4762 1719 4818 illis
1744 4764 1832 4817 in-

244 4850 437 4915 Iirmis,
466 4864 534 4903 ne
559 4864 652 4904 eos
680 4850 770 4920 qui
801 4850 1049 4905 carnibus
1076 4866 1181 4907 non
1227 4852 1607 4919 abstinebant,
1660 4863 1715 4909 et
1755 4856 1831 4909 vi-

244 4955 370 4993 num
400 4939 684 5005 bibebant,
744 4948 995 5010 tanquam
1036 4943 1199 5012 pollui
1244 4943 1562 5012 iudicarent.
1621 4944 1703 5000 Ad
1732 4945 1833 5000 hoc

246 5031 385 5085 valet
424 5030 566 5099 quod
614 5041 1006 5101 consequenter
1051 5032 1214 5099 dicit,
1250 5032 1350 5101 Qui
1374 5034 1675 5103 manducet,
1731 5053 1832 5090 non

242 5122 635 5177 manducantem
665 5140 765 5177 non
796 5133 1032 5194 spernat;
1063 5135 1108 5179 et
1132 5126 1219 5197 qui
1240 5143 1340 5181 non
1368 5128 1661 5195 mandarat,
1689 5146 1831 5184 man-

242 5213 516 5267 ducanlem
543 5230 642 5268 non
656 5215 872 5286 judicet.
900 5214 1065 5272 Firmi
1090 5218 1231 5272 enim
1271 5217 1590 5274 inﬁrmiores
1639 5230 1831 5277 contu-

244 5308 469 5363 maciter
516 5309 975 5377 contemnebant,
1030 5318 1085 5365 et
1149 5310 1345 5365 inﬁrmi
1398 5290 1588 5367 firmos
1634 5320 1832 5369 temere

236 5399 569 5469 judicabant.

313 5490 555 5545 LXXIX.
590 5490 688 5565 [Ib.
720 5510 808 5549 xtv
828 5532 843 5561 ,
867 5493 946 5567 4.]
972 5494 1124 5564 Quod
1151 5503 1325 5552 autem
1357 5497 1514 5565 dicit,
1550 5494 1625 5553 Tu
1653 5501 1762 5571 quis
1783 5515 1833 5555 es

240 5584 333 5653 qui
375 5586 580 5656 judices
626 5587 850 5641 alienum
897 5589 1139 5643 servum?
1161 5589 1225 5644 ad
1254 5588 1353 5645 hoc
1383 5591 1543 5659 dicit,
1576 5599 1634 5646 ut
1670 5593 1725 5647 in
1754 5594 1834 5649 his

220 5278 230 5317 ι

237 5722 350 5835 φὶ,
355 5724 607 5774 Vaticanus
628 5724 803 5789 codex,
842 5726 1211 5791 superfereritis.
1249 5730 1419 5781 Castori
1457 5738 1562 5782 Mss.
1580 5764 1594 5793 ,
1619 5732 1834 5797 perfece-

1671 323 2050 381 EXI’OSITIO.

3380 340 3519 399 2086

1936 444 2094 499 rebus
2120 461 2235 513 quae
2266 456 2487 517 possunt
2510 457 2562 504 et
2588 448 2729 505 bono
2749 450 2927 506 animo
2952 450 3070 507 ﬁeri
3096 461 3150 509 et
3174 456 3316 511 malo
3335 500 3349 523 ,
3371 458 3516 529 judi-

1936 538 2076 592 cium
2123 539 2232 596 Deo
2270 541 2600 597 dimittamus
2635 583 2651 610 ,
2694 558 2792 599 nec
2830 545 3119 601 audeamus
3181 548 3249 603 de
3294 551 3513 609 alterius

1935 629 2116 695 corde,
2165 632 2303 700 quod
2348 649 2451 687 non
2484 636 2744 701 videmus,
2794 637 2929 692 ferre
2975 640 3311 694 sententiam.
3344 642 3399 695 In
3431 644 3517 700 his

1935 735 2063 775 vero
2091 721 2251 775 rebus
2270 738 2387 791 qua:
2414 725 2485 778 ita
2510 726 3058 795 comprehenduntur,
3096 739 3153 784 ut
3180 746 3272 787 eas
3295 732 3435 788 bono
3459 744 3517 789 et

1934 819 2081 865 casto
2116 813 2295 865 animo
2331 830 2434 868 non
2478 831 2632 885 posse
2666 818 2780 873 ﬁeri
2800 820 3138 875 manifestum
3161 822 3249 889 sit,
3288 825 3520 879 nouim-

1935 902 2220 972 probatur,
2248 904 2290 958 si
2312 905 2628 974 judicemus.
2662 907 2841 979 Itaque
2867 910 2968 967 hoc
3003 914 3146 982 quod
3177 914 3242 970 de
3267 916 3401 972 cibis
3428 917 3510 972 di-

1933 997 2006 1050 cit
2024 1035 2039 1060 ,
2071 998 2192 1066 quia
2219 997 2490 1067 ignoratur
2518 1014 2623 1069 quo
2646 1002 2826 1057 animo
2868 1004 2978 1069 ﬁat,
3006 1021 3112 1061 non
3138 1007 3251 1061 vult
3275 1023 3373 1063 nos
3394 1024 3515 1065 esse

1929 1085 2155 1155 judices,
2185 1088 2279 1142 sed
2307 1088 2473 1144 Deum
2501 1107 2513 1142 :
2544 1090 2611 1145 de
2638 1092 2727 1145 illo
2753 1102 2931 1149 autem
2956 1096 3155 1150 nefario
3176 1105 3360 1167 stupro
3379 1139 3393 1163 ,
3425 1101 3515 1154 ubi

1934 1193 2153 1233 uxorem
2192 1180 2355 1249 patris
2376 1180 2456 1235 sui
2476 1181 2687 1250 quidam
2720 1182 2992 1251 habuerat,
3018 1190 3267 1259 praecepit
3315 1189 3514 1247 debere

1928 1268 2154 1338 judicari
2202 1270 2221 1342 (
2245 1268 2262 1323 I
2292 1269 2410 1324 Cor.
2440 1286 2475 1326 v
2497 1312 2511 1335 ,
2557 1273 2582 1325 1
2607 1274 2648 1344 ).
2705 1273 2818 1327 Non
2847 1276 2985 1329 enim
3012 1287 3221 1345 poterat
3249 1279 3338 1335 ille
3365 1281 3517 1336 dice-

1935 1375 2011 1426 re,
2044 1360 2184 1415 bono
2211 1362 2390 1417 animo
2409 1378 2468 1417 se
2497 1372 2601 1418 tam
2631 1361 2861 1420 immane
2888 1366 3137 1437 ﬂagitium
3161 1373 3511 1429 commisisse.

1934 1450 2077 1520 Ergo
2097 1466 2445 1523 quateumque
2470 1454 2600 1509 facta
2623 1457 2693 1511 ita
2718 1457 3139 1525 inanifestantur,
3169 1470 3229 1516 ut
3255 1478 3362 1518 non
3390 1481 3513 1533 pos-

1933 1540 2002 1595 sit
2026 1541 2149 1607 diei,
2190 1542 2338 1597 Bono
2354 1544 2533 1599 animo
2573 1545 2707 1613 feci,
2746 1547 3030 1617 judicanda
3066 1560 3191 1605 sunt
3234 1567 3264 1607 a
3305 1554 3508 1621 nobis;

1933 1648 2280 1704 quaecumque
2307 1646 2482 1691 autem
2506 1639 2574 1690 ita
2597 1638 2759 1704 ﬁunt,
2790 1650 2847 1695 ut
2874 1657 2979 1711 quo
3000 1645 3179 1699 animo
3199 1645 3326 1701 ﬁant
3348 1649 3515 1703 incer-

1935 1732 2044 1777 tum
2073 1725 2174 1791 sit,
2195 1741 2298 1781 non
2326 1738 2449 1781 sunt
2466 1727 2786 1797 judicanda.
2829 1732 2923 1785 sed
2963 1735 3283 1790 reservanda
3312 1736 3511 1805 judicio

1936 1814 2032 1869 Dei
2065 1834 2078 1869 :
2104 1816 2241 1871 sicut
2270 1818 2524 1888 scriptum
2550 1829 2657 1885 est,
2692 1821 2819 1889 Qua:
2844 1825 3041 1877 occulta
3064 1838 3211 1892 sunt,
3241 1826 3513 1897 Deo;qute

1933 1913 2099 1959 autem
2127 1908 2298 1976 palam
2325 1919 2471 1977 sunt,
2498 1911 2633 1966 vobis
2684 1922 2732 1966 et
2757 1914 2881 1982 ﬁliis
2917 1916 3092 1970 vestris
3127 1927 3270 1971 erunt
3318 1917 3513 1990 (Deut.

1936 2014 2064 2053 χχιιι
2080 2039 2096 2064 ,
2127 1999 2197 2055 9.9
2224 1999 2266 2069 ).

2003 2091 2215 2148 LXXX.
2244 2092 2359 2166 [Ib.
2389 2112 2519 2165 xiv,
2568 2099 2629 2165 5,
2660 2099 2758 2173 6.]
2798 2100 2949 2168 Quod
2994 2112 3169 2158 autem
3210 2104 3314 2171 ait,
3361 2104 3506 2160 Alius

1934 2184 2132 2253 quidem
2150 2186 2585 2257 judicatallernos
2609 2191 2735 2257 dies,
2758 2192 2890 2247 alius
2913 2204 3079 2247 autem
3089 2196 3294 2265 judicat
3317 2214 3514 2253 omnem

1936 2276 2070 2331 diem
2101 2318 2116 2343 ,
2158 2289 2491 2349 sequestrata
2540 2283 2747 2338 interim
2779 2286 3000 2341 meliore
3039 2288 3463 2346 consideratione
3496 2332 3513 2358 ,

1936 2384 2045 2425 non
2080 2370 2147 2426 de
2175 2371 2381 2428 duobus
2406 2373 2711 2431 hominibus
2736 2378 2864 2432 mihi
2892 2379 3100 2434 videtur
3128 2381 3325 2436 dictum
3349 2424 3366 2448 ,
3418 2385 3515 2439 sed

1934 2459 2003 2515 de
2026 2460 2243 2518 homine
2272 2473 2327 2519 et
2356 2464 2488 2520 Deo.
2521 2465 2620 2534 Qui
2664 2468 2806 2522 enim
2832 2469 3067 2525 alternos
3118 2471 3232 2526 dies
3276 2473 3515 2542 judicat,

1938 2551 2098 2607 homo
2125 2562 2207 2609 est
2236 2572 2250 2608 :
2288 2563 2463 2624 potest
2491 2556 2631 2612 enim
2660 2556 2817 2614 hodie
2841 2559 3013 2625 aliud,
3059 2576 3177 2617 cras
3199 2562 3341 2619 aliud
3378 2563 3522 2635 judi-

1936 2659 2060 2700 care
2089 2664 2101 2700 :
2130 2646 2179 2699 id
2226 2655 2340 2713 est,
2371 2658 2429 2702 ut
2454 2663 2839 2721 quemcumque
2880 2652 3037 2709 hodie
3066 2656 3261 2710 malum
3298 2657 3516 2711 convic-

1939 2744 2049 2791 tum
2091 2736 2461 2795 confessumve
2498 2739 2848 2809 damnaverit,
2892 2759 3010 2799 cras
3050 2745 3248 2801 bonum
3285 2748 3517 2805 inveniat

1937 2842 2057 2883 cum
2085 2843 2147 2883 se
2188 2831 2483 2886 correxerit
2523 2849 2539 2899 ;
2590 2841 2811 2900 contra,
2860 2849 2982 2890 cum
3033 2837 3264 2907 aliquem
3311 2840 3516 2908 justum

1938 2921 2098 2977 hodie
2126 2922 2451 2991 laudaverit,
2481 2938 2601 2983 cras
2631 2925 2865 2982 inveniat
2891 2927 3257 2999 depravatum.
3288 2930 3391 3001 Qui
3420 2947 3521 2987 au-

1938 3012 2265 3083 temjudieat
2290 3029 2503 3071 omnem
2524 3016 2664 3071 diem
2686 3057 2700 3084 ,
2732 3018 2871 3074 Deus
2894 3028 3010 3085 est;
3053 3021 3173 3091 quia
3203 3037 3308 3076 non
3346 3022 3519 3079 solum

1939 3104 2110 3175 qualis
2136 3106 2360 3176 quisque
2388 3107 2489 3173 sit,
2518 3107 2612 3163 sed
2655 3109 2813 3163 etiam
2840 3111 3011 3180 qualis
3031 3113 3174 3166 omni
3202 3113 3288 3168 die
3310 3113 3520 3171 futurus

1939 3196 2043 3263 sit,
2071 3197 2238 3251 novit.
2268 3196 2410 3269 Ergo
2429 3239 2444 3265 ,
2477 3197 2830 3271 Unusquisque
2855 3202 2907 3255 in
2956 3218 3047 3257 suo
3074 3202 3325 3258 intellectu
3353 3205 3519 3261 abun-

1939 3284 2056 3353 det,
2098 3287 2305 3357 lnquit:
2352 3288 2404 3343 id
2441 3298 2557 3354 est,
2602 3301 2857 3361 quantum
2906 3292 3138 3348 humano
3192 3292 3517 3362 intellectui,

1938 3378 2023 3435 vel
2050 3380 2332 3450 unicuique
2356 3380 2557 3437 homini
2579 3397 2890 3439 concessum
2939 3393 3038 3450 est,
3074 3393 3276 3441 tantum
3320 3387 3515 3443 audeat

1934 3468 2191 3538 judicare.
2224 3470 2326 3539 Qui
2352 3473 2505 3544 sapit,
2536 3474 2737 3545 inquit,
2765 3475 2918 3537 diem,
2967 3475 3187 3532 Domino
3230 3480 3363 3549 sapit
3392 3494 3411 3533 :
3463 3480 3517 3535 id

1938 3565 2195 3635 est,‘quia
2227 3567 2327 3622 hoc
2356 3567 2527 3636 ipsum
2547 3568 2687 3639 quod
2712 3576 3027 3639 pratsentem
3054 3569 3194 3625 diem
3221 3570 3357 3625 bene
3377 3571 3521 3640 judi-

1938 3666 2043 3725 cat,
2093 3658 2322 3713 Domino
2362 3659 2519 3729 sapit.
2547 3659 2659 3715 Hoc
2684 3667 2765 3714 est
2790 3669 2967 3715 autem
3006 3660 3141 3716 bene
3171 3660 3411 3730 judicare
3451 3661 3520 3715 ad

1937 3748 2112 3816 diem,
2144 3756 2204 3804 ut
2229 3750 2441 3805 noveris
2464 3766 2568 3804 non
2590 3764 2709 3805 esse
2735 3749 2802 3805 dc
2830 3750 3159 3805 correctione
3188 3750 3302 3819 ejus
3330 3749 3520 3821 despe-

1937 3840 2165 3895 randum
2180 3839 2233 3894 iu
2262 3841 2495 3895 futurum
2515 3881 2531 3907 ,
2553 3839 2621 3895 de
2649 3838 2803 3910 cujus
2824 3839 2980 3909 culpa
3002 3838 3277 3896 manifesta
3301 3840 3355 3895 iu
3383 3856 3518 3911 pra:-

1937 3935 2105 3992 sentia
2132 3933 2472 4003 iudicaveris.

2007 4028 2247 4085 LXXXI.
2277 4026 2397 4101 [Ib.
2425 4042 2550 4095 xlv,
2575 4024 2826 4098 22,16.]
2856 4025 3008 4095 Quod
3037 4034 3214 4082 autem
3257 4026 3362 4092 ait,
3392 4024 3515 4099 Bea-

1938 4131 2017 4177 tus
2041 4122 2128 4192 qui
2172 4138 2273 4175 non
2289 4122 2488 4191 judicat
2517 4120 2837 4191 semetipsunt
2870 4120 2922 4173 in
2944 4135 3042 4189 quo
3095 4118 3271 4189 probat
3297 4158 3312 4184 ,
3360 4118 3427 4171 ad
3463 4117 3516 4172 id

1938 4216 2275 4287 potissimum
2314 4214 2649 4270 referendum
2691 4221 2805 4281 est,
2858 4212 2999 4283 quod
3050 4212 3293 4281 superius
3348 4210 3520 4277 dixit,

1941 4308 2062 4363 Non
2078 4323 2196 4378 ergo
2221 4306 2595 4378 blasphemetur
2623 4304 2805 4359 bonum
2831 4314 3075 4358 nostrum.
3102 4303 3215 4358 Hoc
3238 4310 3321 4357 est
3357 4302 3519 4357 etiam

1938 4398 2083 4470 quod
2115 4414 2253 4453 nunc
2279 4398 2353 4451 ait
2380 4406 2503 4450 ante
2525 4395 2677 4450 istam
2701 4395 3048 4457 sententiam,
3078 4392 3159 4447 Tu
3186 4393 3339 4462 ﬁdem
3367 4409 3520 4462 quam

1939 4491 2091 4546 habes
2119 4507 2268 4561 penes
2294 4490 2639 4559 temetipsum,
2672 4487 2798 4541 habe
2822 4503 2992 4542 coram
3018 4485 3124 4540 Deo
3150 4496 3171 4538 ξ
3194 4494 3251 4539 ιιι
3270 4484 3520 4554 quoniam

1938 4583 2077 4639 bona
2103 4590 2186 4637 est
2205 4581 2320 4636 haec
2341 4580 2472 4635 ﬁdes
2492 4595 2592 4650 qua
2618 4579 2885 4635 credimus
2910 4578 3087 4632 omnia
3130 4575 3325 4632 munda
3358 4591 3518 4630 mun-

1937 4674 2021 4730 dis
2086 4673 2211 4745 (Tit.
2238 4674 2288 4737 I,
2324 4670 2463 4743 I5),
2491 4681 2545 4727 et
2572 4671 2622 4725 in
2648 4686 2710 4726 ea
2753 4669 2855 4725 ﬁde
2898 4685 2995 4724 nos
3016 4668 3324 4739 probamus,
3381 4666 3521 4722 bene

1938 4773 2150 4819 utamur
2180 4764 2295 4834 ipso
2326 4763 2465 4817 bono
2494 4770 2713 4827 nostro;
2746 4775 2815 4815 ne
2836 4759 2970 4815 forte
2990 4774 3112 4815 eum
3136 4757 3203 4813 ad
3231 4755 3522 4812 offendictr

1937 4857 2049 4911 lum
2096 4854 2429 4909 inﬁrmorum
2477 4852 2695 4907 fratrum
2724 4866 2792 4909 eo
2841 4852 2981 4907 bono
3030 4851 3181 4905 abusi
3222 4848 3519 4916 fuerimus,

1938 4964 2221 5020 peccemus
2243 4948 2294 5002 in
2317 4946 2510 5002 fratres
2543 4962 2558 5013 ;
2591 4954 2644 5001 et
2670 4945 2722 5000 in
2750 4959 2815 4999 eo
2844 4947 2959 5014 ipso
3000 4943 3140 4998 bono
3184 4956 3283 4996 nos
3310 4939 3522 5010 judicea

1940 5056 2060 5096 mus
2080 5082 2096 5108 ,
2138 5054 2258 5095 cum
2286 5038 2705 5095 scandalizamus
2723 5036 2962 5091 inﬁrmos
2982 5075 2997 5100 ,
3027 5034 3078 5089 in
3102 5048 3207 5104 quo
3233 5032 3372 5088 bono
3428 5046 3527 5088 nos

1938 5131 2252 5203 probamus,
2287 5145 2406 5184 cum
2436 5130 2547 5199 ipsa
2579 5128 2710 5183 ﬁdes
2730 5128 2884 5182 nobis
2906 5126 3100 5195 placet.

2010 5221 2270 5279 LXXXII.
2296 5221 2408 5295 [Ib.
2430 5237 2523 5289 xv,
2551 5221 2604 5287 8,
2636 5219 2717 5293 9.]
2735 5218 2887 5286 Quod
2910 5225 3087 5272 autem
3104 5216 3197 5282 ait,
3235 5214 3358 5269 Dico
3388 5216 3523 5270 enim

1942 5315 2197 5371 Christum
2221 5313 2397 5368 Iesum
2431 5313 2711 5367 ministrum
2738 5309 2894 5381 fuisse
2917 5307 3335 5373 circumcisionis,
3366 5322 3524 5377 prap-

1941 5410 2284 5465 terveritatem
2312 5407 2443 5474 Dei,
2496 5406 2563 5459 ad
2608 5403 2983 5473 conﬁrmandus
3025 5402 3379 5474 promissiones
3432 5417 3526 5469 pa-

1942 5514 2074 5559 trum
2096 5545 2112 5569 ,
2165 5500 2348 5555 Gentes
2411 5508 2577 5553 autent
2630 5514 2780 5568 super
2822 5494 3165 5550 misericordia
3237 5493 3523 5564 gloriﬁcare

1940 5597 2137 5662 Deum,
2171 5594 2237 5649 ad
2267 5593 2368 5648 hoc
2393 5592 2552 5658 dicit,
2578 5598 2633 5645 ut
2668 5588 2961 5660 intelligant
2995 5586 3193 5643 Gentes
3238 5585 3521 5640 Dominum

1942 5694 2209 5751 Christum
2237 5692 2302 5749 ad
2331 5691 2541 5749 Judacos
2562 5706 2679 5745 esse
2704 5689 2947 5750 missum,
2967 5694 3021 5742 et
3049 5701 3154 5741 non
3182 5684 3514 5754 superbiant.

1948 5782 2143 5843 Judzeis
2165 5786 2306 5845 enim
2336 5783 2710 5844 repellentibus
2737 5778 2877 5840 quod
2897 5778 2962 5835 ad
2991 5778 3133 5844 ipsos
3159 5776 3377 5831 missum
3408 5782 3511 5837 est,
