  <div class='ocr_page' id='page_1' title='image "/cluster/home/n/w/nwhite01/storage/ocr_20150623/35/hvd.32044015706302/393.png"; bbox 0 0 4028 6474; ppageno 0'>
   <div class='ocr_carea' id='block_1_1' title="bbox 468 342 703 409">
    <p class='ocr_par' dir='ltr' id='par_1_1' title="bbox 468 342 703 409">
     <span class='ocr_line' id='line_1_1' title="bbox 468 342 703 409; baseline -0.038 0"><span class='ocrx_word' id='word_1_1' title='bbox 468 406 471 409; x_wconf 37' lang='grc' dir='ltr'><strong><em>λ</em></strong></span> <span class='ocrx_word' id='word_1_2' title='bbox 564 342 703 401; x_wconf 78' lang='lat'><strong>2087</strong></span> 
     </span>
    </p>
   </div>
   <div class='ocr_carea' id='block_1_2' title="bbox 565 444 2137 516">
    <p class='ocr_par' dir='ltr' id='par_1_2' title="bbox 565 444 2137 516">
     <span class='ocr_line' id='line_1_2' title="bbox 565 444 2137 516; baseline -0.012 -2"><span class='ocrx_word' id='word_1_3' title='bbox 565 460 763 513; x_wconf 77' lang='lat' dir='ltr'><strong>factum</strong></span> <span class='ocrx_word' id='word_1_4' title='bbox 814 462 898 512; x_wconf 88' lang='lat' dir='ltr'><strong>est</strong></span> <span class='ocrx_word' id='word_1_5' title='bbox 935 461 993 509; x_wconf 93' lang='lat' dir='ltr'><strong>ut</strong></span> <span class='ocrx_word' id='word_1_6' title='bbox 1036 450 1293 509; x_wconf 99' lang='lat' dir='ltr'><strong>Gentibus</strong></span> <span class='ocrx_word' id='word_1_7' title='bbox 1341 446 1683 516; x_wconf 80' lang='lat' dir='ltr'><strong>Evangelium</strong></span> <span class='ocrx_word' id='word_1_8' title='bbox 1716 444 2091 514; x_wconf 71' lang='lat' dir='ltr'><strong>prmdicaretur</strong></span> <span class='ocrx_word' id='word_1_9' title='bbox 2124 460 2137 495; x_wconf 89' lang='lat'><strong>:</strong></span> 
     </span>
    </p>
   </div>
   <div class='ocr_carea' id='block_1_3' title="bbox 567 532 2143 619">
    <p class='ocr_par' dir='ltr' id='par_1_3' title="bbox 567 532 2143 619">
     <span class='ocr_line' id='line_1_3' title="bbox 567 532 2143 619; baseline -0.013 -15"><span class='ocrx_word' id='word_1_10' title='bbox 567 548 709 619; x_wconf 89' lang='lat' dir='ltr'><strong>quod</strong></span> <span class='ocrx_word' id='word_1_11' title='bbox 735 557 790 603; x_wconf 88' lang='lat' dir='ltr'><strong>et</strong></span> <span class='ocrx_word' id='word_1_12' title='bbox 819 548 871 601; x_wconf 90' lang='lat' dir='ltr'><strong>in</strong></span> <span class='ocrx_word' id='word_1_13' title='bbox 898 546 1117 605; x_wconf 78' lang='lat' dir='ltr'><strong>Actibus</strong></span> <span class='ocrx_word' id='word_1_14' title='bbox 1137 539 1507 611; x_wconf 85' lang='lat' dir='ltr'><strong>Apostolorum</strong></span> <span class='ocrx_word' id='word_1_15' title='bbox 1536 535 1966 591; x_wconf 73' lang='lat' dir='ltr'><strong>manifestissime</strong></span> <span class='ocrx_word' id='word_1_16' title='bbox 2011 532 2143 587; x_wconf 87' lang='lat' dir='ltr'><strong>scri-</strong></span> 
     </span>
    </p>
   </div>
   <div class='ocr_carea' id='block_1_4' title="bbox 565 624 2145 705">
    <p class='ocr_par' dir='ltr' id='par_1_4' title="bbox 565 624 2145 705">
     <span class='ocr_line' id='line_1_4' title="bbox 565 624 2145 705; baseline -0.013 -10"><span class='ocrx_word' id='word_1_17' title='bbox 565 638 728 705; x_wconf 84' lang='lat' dir='ltr'><strong>bitur,</strong></span> <span class='ocrx_word' id='word_1_18' title='bbox 775 652 896 692; x_wconf 87' lang='lat' dir='ltr'><strong>cum</strong></span> <span class='ocrx_word' id='word_1_19' title='bbox 928 636 1110 690; x_wconf 90' lang='lat' dir='ltr'><strong>dicunt</strong></span> <span class='ocrx_word' id='word_1_20' title='bbox 1146 630 1384 701; x_wconf 86' lang='lat' dir='ltr'><strong>Apostoli</strong></span> <span class='ocrx_word' id='word_1_21' title='bbox 1440 627 1670 692; x_wconf 58' lang='lat' dir='ltr'><strong>Judteis,</strong></span> <span class='ocrx_word' id='word_1_22' title='bbox 1726 625 1878 679; x_wconf 84' lang='lat' dir='ltr'><strong>Vobis</strong></span> <span class='ocrx_word' id='word_1_23' title='bbox 1926 624 2145 696; x_wconf 83' lang='lat' dir='ltr'><strong>primum</strong></span> 
     </span>
    </p>
   </div>
   <div class='ocr_carea' id='block_1_5' title="bbox 565 715 2144 800">
    <p class='ocr_par' dir='ltr' id='par_1_5' title="bbox 565 715 2144 800">
     <span class='ocr_line' id='line_1_5' title="bbox 565 715 2144 800; baseline -0.012 -16"><span class='ocrx_word' id='word_1_24' title='bbox 565 729 786 800; x_wconf 76' lang='lat' dir='ltr'><strong>oportuit</strong></span> <span class='ocrx_word' id='word_1_25' title='bbox 816 725 1082 798; x_wconf 66' lang='lat' dir='ltr'><strong>prmdicari</strong></span> <span class='ocrx_word' id='word_1_26' title='bbox 1128 722 1326 776; x_wconf 80' lang='lat' dir='ltr'><strong>verbum</strong></span> <span class='ocrx_word' id='word_1_27' title='bbox 1357 736 1375 785; x_wconf 83' lang='lat'><strong>,°</strong></span> <span class='ocrx_word' id='word_1_28' title='bbox 1401 718 1489 772; x_wconf 87' lang='lat' dir='ltr'><strong>sed</strong></span> <span class='ocrx_word' id='word_1_29' title='bbox 1513 717 1750 785; x_wconf 86' lang='lat' dir='ltr'><strong>quoniam</strong></span> <span class='ocrx_word' id='word_1_30' title='bbox 1776 715 2012 784; x_wconf 86' lang='lat' dir='ltr'><strong>indignos</strong></span> <span class='ocrx_word' id='word_1_31' title='bbox 2057 728 2144 766; x_wconf 84' lang='lat' dir='ltr'><strong>vos</strong></span> 
     </span>
    </p>
   </div>
   <div class='ocr_carea' id='block_1_6' title="bbox 526 806 2139 896">
    <p class='ocr_par' dir='ltr' id='par_1_6' title="bbox 526 806 2139 896">
     <span class='ocr_line' id='line_1_6' title="bbox 526 806 2139 896; baseline -0.011 -23"><span class='ocrx_word' id='word_1_32' title='bbox 526 840 530 848; x_wconf 85' lang='grc'><strong>·</strong></span> <span class='ocrx_word' id='word_1_33' title='bbox 563 819 849 896; x_wconf 79' lang='lat' dir='ltr'><strong>judicastis,</strong></span> <span class='ocrx_word' id='word_1_34' title='bbox 878 833 988 871; x_wconf 88' lang='lat' dir='ltr'><strong>ecce</strong></span> <span class='ocrx_word' id='word_1_35' title='bbox 1011 813 1341 868; x_wconf 79' lang='lat' dir='ltr'><strong>convertimus</strong></span> <span class='ocrx_word' id='word_1_36' title='bbox 1370 826 1459 863; x_wconf 86' lang='lat' dir='ltr'><strong>nos</strong></span> <span class='ocrx_word' id='word_1_37' title='bbox 1485 809 1553 861; x_wconf 86' lang='lat' dir='ltr'><strong>ad</strong></span> <span class='ocrx_word' id='word_1_38' title='bbox 1575 806 1757 861; x_wconf 78' lang='lat' dir='ltr'><strong>Gentes</strong></span> <span class='ocrx_word' id='word_1_39' title='bbox 1803 806 1821 877; x_wconf 97' lang='lat'>(</span> <span class='ocrx_word' id='word_1_40' title='bbox 1855 806 1966 859; x_wconf 84' lang='lat' dir='ltr'><strong>Act.</strong></span> <span class='ocrx_word' id='word_1_41' title='bbox 2018 818 2139 869; x_wconf 85' lang='lat' dir='ltr'><strong>xm,</strong></span> 
     </span>
    </p>
   </div>
   <div class='ocr_carea' id='block_1_7' title="bbox 564 897 2143 981">
    <p class='ocr_par' dir='ltr' id='par_1_7' title="bbox 564 897 2143 981">
     <span class='ocr_line' id='line_1_7' title="bbox 564 897 2143 981; baseline -0.011 -16"><span class='ocrx_word' id='word_1_42' title='bbox 564 910 691 981; x_wconf 74' lang='grc'><strong>46).</strong></span> <span class='ocrx_word' id='word_1_43' title='bbox 722 907 1024 965; x_wconf 89' lang='lat' dir='ltr'><strong>Secundum</strong></span> <span class='ocrx_word' id='word_1_44' title='bbox 1051 906 1162 974; x_wconf 88' lang='lat' dir='ltr'><strong>ipsa</strong></span> <span class='ocrx_word' id='word_1_45' title='bbox 1199 903 1357 957; x_wconf 90' lang='lat' dir='ltr'><strong>etiam</strong></span> <span class='ocrx_word' id='word_1_46' title='bbox 1400 900 1605 954; x_wconf 87' lang='lat' dir='ltr'><strong>Domini</strong></span> <span class='ocrx_word' id='word_1_47' title='bbox 1635 897 1965 962; x_wconf 90' lang='lat' dir='ltr'><strong>testimonia,</strong></span> <span class='ocrx_word' id='word_1_48' title='bbox 2019 910 2143 965; x_wconf 88' lang='lat' dir='ltr'><strong>cum</strong></span> 
     </span>
    </p>
   </div>
   <div class='ocr_carea' id='block_1_8' title="bbox 565 986 2144 1062">
    <p class='ocr_par' dir='ltr' id='par_1_8' title="bbox 565 986 2144 1062">
     <span class='ocr_line' id='line_1_8' title="bbox 565 986 2144 1062; baseline -0.01 -7"><span class='ocrx_word' id='word_1_49' title='bbox 565 999 738 1062; x_wconf 93' lang='lat' dir='ltr'><strong>dicit,</strong></span> <span class='ocrx_word' id='word_1_50' title='bbox 792 997 911 1051; x_wconf 88' lang='lat' dir='ltr'><strong>Non</strong></span> <span class='ocrx_word' id='word_1_51' title='bbox 958 1012 1070 1051; x_wconf 82' lang='lat' dir='ltr'><strong>sum</strong></span> <span class='ocrx_word' id='word_1_52' title='bbox 1104 994 1285 1048; x_wconf 86' lang='lat' dir='ltr'><strong>missus</strong></span> <span class='ocrx_word' id='word_1_53' title='bbox 1307 992 1403 1045; x_wconf 82' lang='lat' dir='ltr'><strong>nisi</strong></span> <span class='ocrx_word' id='word_1_54' title='bbox 1444 990 1511 1043; x_wconf 87' lang='lat' dir='ltr'><strong>ad</strong></span> <span class='ocrx_word' id='word_1_55' title='bbox 1555 1005 1666 1043; x_wconf 86' lang='lat' dir='ltr'><strong>oves</strong></span> <span class='ocrx_word' id='word_1_56' title='bbox 1714 988 1935 1058; x_wconf 85' lang='lat' dir='ltr'><strong>perditas</strong></span> <span class='ocrx_word' id='word_1_57' title='bbox 1967 986 2144 1040; x_wconf 84' lang='lat' dir='ltr'><strong>domus</strong></span> 
     </span>
    </p>
   </div>
   <div class='ocr_carea' id='block_1_9' title="bbox 564 1077 2145 1153">
    <p class='ocr_par' dir='ltr' id='par_1_9' title="bbox 564 1077 2145 1153">
     <span class='ocr_line' id='line_1_9' title="bbox 564 1077 2145 1153; baseline -0.01 -9"><span class='ocrx_word' id='word_1_58' title='bbox 564 1088 764 1153; x_wconf 84' lang='lat' dir='ltr'><strong>Israel;</strong></span> <span class='ocrx_word' id='word_1_59' title='bbox 793 1098 846 1143; x_wconf 90' lang='lat' dir='ltr'><strong>et</strong></span> <span class='ocrx_word' id='word_1_60' title='bbox 870 1088 1059 1142; x_wconf 85' lang='lat' dir='ltr'><strong>iterum</strong></span> <span class='ocrx_word' id='word_1_61' title='bbox 1089 1127 1103 1152; x_wconf 93' lang='lat'><strong>,</strong></span> <span class='ocrx_word' id='word_1_62' title='bbox 1134 1084 1255 1137; x_wconf 87' lang='lat' dir='ltr'><strong>Non</strong></span> <span class='ocrx_word' id='word_1_63' title='bbox 1277 1092 1347 1137; x_wconf 87' lang='lat' dir='ltr'><strong>est</strong></span> <span class='ocrx_word' id='word_1_64' title='bbox 1372 1082 1552 1135; x_wconf 88' lang='lat' dir='ltr'><strong>bonunt</strong></span> <span class='ocrx_word' id='word_1_65' title='bbox 1575 1095 1753 1150; x_wconf 86' lang='lat' dir='ltr'><strong>panem</strong></span> <span class='ocrx_word' id='word_1_66' title='bbox 1779 1078 2000 1147; x_wconf 82' lang='lat' dir='ltr'><strong>ﬁliorum</strong></span> <span class='ocrx_word' id='word_1_67' title='bbox 2030 1077 2145 1130; x_wconf 89' lang='lat' dir='ltr'><strong>mit-</strong></span> 
     </span>
    </p>
   </div>
   <div class='ocr_carea' id='block_1_10' title="bbox 567 1167 2143 1247">
    <p class='ocr_par' dir='ltr' id='par_1_10' title="bbox 567 1167 2143 1247">
     <span class='ocr_line' id='line_1_10' title="bbox 567 1167 2143 1247; baseline -0.008 -13"><span class='ocrx_word' id='word_1_68' title='bbox 567 1190 670 1234; x_wconf 88' lang='lat' dir='ltr'><strong>tere</strong></span> <span class='ocrx_word' id='word_1_69' title='bbox 692 1179 899 1233; x_wconf 83' lang='lat' dir='ltr'><strong>canibus</strong></span> <span class='ocrx_word' id='word_1_70' title='bbox 967 1177 984 1247; x_wconf 95' lang='lat'>(</span> <span class='ocrx_word' id='word_1_71' title='bbox 1010 1175 1196 1229; x_wconf 81' lang='lat' dir='ltr'><strong>Matth.</strong></span> <span class='ocrx_word' id='word_1_72' title='bbox 1225 1190 1329 1240; x_wconf 84' lang='lat' dir='ltr'><strong>xv,</strong></span> <span class='ocrx_word' id='word_1_73' title='bbox 1382 1172 1452 1226; x_wconf 74' lang='grc'><strong>24</strong></span> <span class='ocrx_word' id='word_1_74' title='bbox 1476 1212 1490 1235; x_wconf 89' lang='grc'><em>,</em></span> <span class='ocrx_word' id='word_1_75' title='bbox 1516 1171 1586 1225; x_wconf 72' lang='grc'>26</span> <span class='ocrx_word' id='word_1_76' title='bbox 1614 1171 1651 1239; x_wconf 94' lang='grc'><strong>).</strong></span> <span class='ocrx_word' id='word_1_77' title='bbox 1682 1168 1833 1237; x_wconf 83' lang='lat' dir='ltr'><strong>Quod</strong></span> <span class='ocrx_word' id='word_1_78' title='bbox 1862 1167 2059 1223; x_wconf 83' lang='lat' dir='ltr'><strong>Gentes</strong></span> <span class='ocrx_word' id='word_1_79' title='bbox 2097 1167 2143 1221; x_wconf 89' lang='lat' dir='ltr'><strong>si</strong></span> 
     </span>
    </p>
   </div>
   <div class='ocr_carea' id='block_1_11' title="bbox 562 1257 2140 1333">
    <p class='ocr_par' dir='ltr' id='par_1_11' title="bbox 562 1257 2140 1333">
     <span class='ocr_line' id='line_1_11' title="bbox 562 1257 2140 1333; baseline -0.009 -9"><span class='ocrx_word' id='word_1_80' title='bbox 562 1270 699 1325; x_wconf 83' lang='lat' dir='ltr'><strong>bene</strong></span> <span class='ocrx_word' id='word_1_81' title='bbox 725 1267 1086 1331; x_wconf 84' lang='lat' dir='ltr'><strong>considerent,</strong></span> <span class='ocrx_word' id='word_1_82' title='bbox 1114 1265 1416 1333; x_wconf 88' lang='lat' dir='ltr'><strong>intelligunt</strong></span> <span class='ocrx_word' id='word_1_83' title='bbox 1465 1262 1563 1315; x_wconf 90' lang='lat' dir='ltr'><strong>ista</strong></span> <span class='ocrx_word' id='word_1_84' title='bbox 1591 1274 1684 1314; x_wconf 88' lang='lat' dir='ltr'><strong>sua</strong></span> <span class='ocrx_word' id='word_1_85' title='bbox 1716 1257 1820 1313; x_wconf 86' lang='lat' dir='ltr'><strong>ﬁde</strong></span> <span class='ocrx_word' id='word_1_86' title='bbox 1843 1297 1858 1322; x_wconf 95' lang='lat'><strong>,</strong></span> <span class='ocrx_word' id='word_1_87' title='bbox 1890 1272 1991 1326; x_wconf 88' lang='lat' dir='ltr'><strong>qua</strong></span> <span class='ocrx_word' id='word_1_88' title='bbox 2030 1257 2140 1327; x_wconf 89' lang='lat' dir='ltr'><strong>jam</strong></span> 
     </span>
    </p>
   </div>
   <div class='ocr_carea' id='block_1_12' title="bbox 563 1344 2141 1414">
    <p class='ocr_par' dir='ltr' id='par_1_12' title="bbox 563 1344 2141 1414">
     <span class='ocr_line' id='line_1_12' title="bbox 563 1344 2141 1414; baseline -0.009 -3"><span class='ocrx_word' id='word_1_89' title='bbox 563 1357 789 1413; x_wconf 86' lang='lat' dir='ltr'><strong>credunt</strong></span> <span class='ocrx_word' id='word_1_90' title='bbox 813 1355 989 1409; x_wconf 84' lang='lat' dir='ltr'><strong>omnia</strong></span> <span class='ocrx_word' id='word_1_91' title='bbox 1020 1353 1214 1407; x_wconf 92' lang='lat' dir='ltr'><strong>munda</strong></span> <span class='ocrx_word' id='word_1_92' title='bbox 1246 1351 1475 1414; x_wconf 86' lang='lat' dir='ltr'><strong>mundis,</strong></span> <span class='ocrx_word' id='word_1_93' title='bbox 1509 1364 1615 1402; x_wconf 88' lang='lat' dir='ltr'><strong>non</strong></span> <span class='ocrx_word' id='word_1_94' title='bbox 1653 1362 1712 1402; x_wconf 86' lang='lat' dir='ltr'><strong>se</strong></span> <span class='ocrx_word' id='word_1_95' title='bbox 1750 1346 1945 1400; x_wconf 83' lang='lat' dir='ltr'><strong>debere</strong></span> <span class='ocrx_word' id='word_1_96' title='bbox 1973 1344 2141 1399; x_wconf 87' lang='lat' dir='ltr'><strong>insul-</strong></span> 
     </span>
    </p>
   </div>
   <div class='ocr_carea' id='block_1_13' title="bbox 562 1434 2139 1517">
    <p class='ocr_par' dir='ltr' id='par_1_13' title="bbox 562 1434 2139 1517">
     <span class='ocr_line' id='line_1_13' title="bbox 562 1434 2139 1517; baseline -0.01 -13"><span class='ocrx_word' id='word_1_97' title='bbox 562 1458 677 1504; x_wconf 89' lang='lat' dir='ltr'><strong>tare</strong></span> <span class='ocrx_word' id='word_1_98' title='bbox 698 1449 808 1512; x_wconf 88' lang='lat' dir='ltr'><strong>his,</strong></span> <span class='ocrx_word' id='word_1_99' title='bbox 840 1447 884 1501; x_wconf 90' lang='lat' dir='ltr'><strong>si</strong></span> <span class='ocrx_word' id='word_1_100' title='bbox 905 1447 994 1517; x_wconf 91' lang='lat' dir='ltr'><strong>qui</strong></span> <span class='ocrx_word' id='word_1_101' title='bbox 1017 1445 1153 1499; x_wconf 84' lang='lat' dir='ltr'><strong>forte</strong></span> <span class='ocrx_word' id='word_1_102' title='bbox 1181 1443 1374 1497; x_wconf 84' lang='lat' dir='ltr'><strong>inﬁrmi</strong></span> <span class='ocrx_word' id='word_1_103' title='bbox 1401 1458 1466 1496; x_wconf 85' lang='lat' dir='ltr'><strong>ex</strong></span> <span class='ocrx_word' id='word_1_104' title='bbox 1488 1438 1897 1495; x_wconf 78' lang='lat' dir='ltr'><strong>circumcisione</strong></span> <span class='ocrx_word' id='word_1_105' title='bbox 1924 1434 2139 1490; x_wconf 65' lang='lat' dir='ltr'><strong>fuerint‘</strong></span> 
     </span>
    </p>
   </div>
   <div class='ocr_carea' id='block_1_14' title="bbox 561 1524 2140 1611">
    <p class='ocr_par' dir='ltr' id='par_1_14' title="bbox 561 1524 2140 1611">
     <span class='ocr_line' id='line_1_14' title="bbox 561 1524 2140 1611; baseline -0.011 -16"><span class='ocrx_word' id='word_1_106' title='bbox 561 1541 651 1611; x_wconf 87' lang='lat' dir='ltr'><strong>qui</strong></span> <span class='ocrx_word' id='word_1_107' title='bbox 678 1547 896 1610; x_wconf 86' lang='lat' dir='ltr'><strong>propter</strong></span> <span class='ocrx_word' id='word_1_108' title='bbox 922 1534 1458 1592; x_wconf 80' lang='lat' dir='ltr'><strong>communicationem</strong></span> <span class='ocrx_word' id='word_1_109' title='bbox 1480 1530 1745 1586; x_wconf 88' lang='lat' dir='ltr'><strong>idolorum</strong></span> <span class='ocrx_word' id='word_1_110' title='bbox 1775 1526 1947 1581; x_wconf 89' lang='lat' dir='ltr'><strong>nullas</strong></span> <span class='ocrx_word' id='word_1_111' title='bbox 1968 1524 2140 1580; x_wconf 81' lang='lat' dir='ltr'><strong>omni-</strong></span> 
     </span>
    </p>
   </div>
   <div class='ocr_carea' id='block_1_15' title="bbox 561 1626 1417 1695">
    <p class='ocr_par' dir='ltr' id='par_1_15' title="bbox 561 1626 1417 1695">
     <span class='ocr_line' id='line_1_15' title="bbox 561 1626 1417 1695; baseline -0.011 -9"><span class='ocrx_word' id='word_1_112' title='bbox 561 1646 634 1686; x_wconf 90' lang='lat' dir='ltr'><strong>no</strong></span> <span class='ocrx_word' id='word_1_113' title='bbox 667 1630 897 1685; x_wconf 87' lang='lat' dir='ltr'><strong>audeant</strong></span> <span class='ocrx_word' id='word_1_114' title='bbox 922 1641 1109 1682; x_wconf 89' lang='lat' dir='ltr'><strong>carnes</strong></span> <span class='ocrx_word' id='word_1_115' title='bbox 1136 1626 1417 1695; x_wconf 80' lang='lat' dir='ltr'><strong>attingere.</strong></span> 
     </span>
    </p>
   </div>
   <div class='ocr_carea' id='block_1_16' title="bbox 632 1725 2137 1813">
    <p class='ocr_par' dir='ltr' id='par_1_16' title="bbox 632 1725 2137 1813">
     <span class='ocr_line' id='line_1_16' title="bbox 632 1725 2137 1813; baseline -0.013 -15"><span class='ocrx_word' id='word_1_116' title='bbox 632 1741 915 1798; x_wconf 81' lang='lat' dir='ltr'><strong>LXXXIII.</strong></span> <span class='ocrx_word' id='word_1_117' title='bbox 946 1738 1048 1813; x_wconf 90' lang='lat' dir='ltr'><strong>[lb.</strong></span> <span class='ocrx_word' id='word_1_118' title='bbox 1073 1756 1165 1805; x_wconf 82' lang='lat' dir='ltr'><strong>xv,</strong></span> <span class='ocrx_word' id='word_1_119' title='bbox 1193 1736 1304 1809; x_wconf 69' lang='lat'><strong>16.]</strong></span> <span class='ocrx_word' id='word_1_120' title='bbox 1325 1734 1477 1804; x_wconf 84' lang='lat' dir='ltr'><strong>Quod</strong></span> <span class='ocrx_word' id='word_1_121' title='bbox 1529 1740 1705 1788; x_wconf 89' lang='lat' dir='ltr'><strong>autem</strong></span> <span class='ocrx_word' id='word_1_122' title='bbox 1750 1729 1897 1793; x_wconf 86' lang='lat' dir='ltr'><strong>dicit,</strong></span> <span class='ocrx_word' id='word_1_123' title='bbox 1942 1726 2010 1783; x_wconf 90' lang='lat' dir='ltr'><strong>Ut</strong></span> <span class='ocrx_word' id='word_1_124' title='bbox 2037 1725 2137 1780; x_wconf 86' lang='lat' dir='ltr'><strong>nti-</strong></span> 
     </span>
    </p>
   </div>
   <div class='ocr_carea' id='block_1_17' title="bbox 564 1816 2157 1892">
    <p class='ocr_par' dir='ltr' id='par_1_17' title="bbox 564 1816 2157 1892">
     <span class='ocr_line' id='line_1_17' title="bbox 564 1816 2157 1892; baseline -0.011 0"><span class='ocrx_word' id='word_1_125' title='bbox 564 1816 721 1892; x_wconf 82' lang='lat' dir='ltr'><strong>nister</strong></span> <span class='ocrx_word' id='word_1_126' title='bbox 748 1837 840 1890; x_wconf 88' lang='lat' dir='ltr'><strong>sim</strong></span> <span class='ocrx_word' id='word_1_127' title='bbox 869 1833 1056 1889; x_wconf 90' lang='lat' dir='ltr'><strong>Christi</strong></span> <span class='ocrx_word' id='word_1_128' title='bbox 1095 1832 1221 1885; x_wconf 82' lang='lat' dir='ltr'><strong>Jesu</strong></span> <span class='ocrx_word' id='word_1_129' title='bbox 1256 1831 1309 1883; x_wconf 90' lang='lat' dir='ltr'><strong>in</strong></span> <span class='ocrx_word' id='word_1_130' title='bbox 1336 1826 1592 1890; x_wconf 77' lang='lat' dir='ltr'><strong>Gentibus,</strong></span> <span class='ocrx_word' id='word_1_131' title='bbox 1631 1838 1927 1878; x_wconf 79' lang='lat' dir='ltr'><strong>consecratis</strong></span> <span class='ocrx_word' id='word_1_132' title='bbox 1961 1818 2157 1875; x_wconf 74' lang='grc' dir='ltr'><strong>Ευαη-ο,</strong></span> 
     </span>
    </p>
   </div>
   <div class='ocr_carea' id='block_1_18' title="bbox 562 1912 2134 2001">
    <p class='ocr_par' dir='ltr' id='par_1_18' title="bbox 562 1912 2134 2001">
     <span class='ocr_line' id='line_1_18' title="bbox 562 1912 2134 2001; baseline -0.014 -18"><span class='ocrx_word' id='word_1_133' title='bbox 562 1929 748 2001; x_wconf 83' lang='lat' dir='ltr'><strong>geliunt</strong></span> <span class='ocrx_word' id='word_1_134' title='bbox 765 1925 884 1993; x_wconf 88' lang='lat' dir='ltr'><strong>Dei,</strong></span> <span class='ocrx_word' id='word_1_135' title='bbox 910 1935 962 1979; x_wconf 89' lang='lat' dir='ltr'><strong>ut</strong></span> <span class='ocrx_word' id='word_1_136' title='bbox 1001 1925 1090 1993; x_wconf 84' lang='lat' dir='ltr'><strong>ﬁat</strong></span> <span class='ocrx_word' id='word_1_137' title='bbox 1116 1922 1299 1977; x_wconf 89' lang='lat' dir='ltr'><strong>oblatio</strong></span> <span class='ocrx_word' id='word_1_138' title='bbox 1330 1918 1563 1973; x_wconf 80' lang='lat' dir='ltr'><strong>Gentium</strong></span> <span class='ocrx_word' id='word_1_139' title='bbox 1624 1912 1962 1984; x_wconf 82' lang='lat' dir='ltr'><strong>acceptabilis,</strong></span> <span class='ocrx_word' id='word_1_140' title='bbox 2013 1925 2134 1964; x_wconf 76' lang='lat' dir='ltr'><strong>san-</strong></span> 
     </span>
    </p>
   </div>
   <div class='ocr_carea' id='block_1_19' title="bbox 564 1998 2141 2091">
    <p class='ocr_par' dir='ltr' id='par_1_19' title="bbox 564 1998 2141 2091">
     <span class='ocr_line' id='line_1_19' title="bbox 564 1998 2141 2091; baseline -0.014 -16"><span class='ocrx_word' id='word_1_141' title='bbox 564 1998 787 2091; x_wconf 72' lang='lat' dir='ltr'><strong>etiﬁcata</strong></span> <span class='ocrx_word' id='word_1_142' title='bbox 808 2021 861 2072; x_wconf 89' lang='lat' dir='ltr'><strong>in</strong></span> <span class='ocrx_word' id='word_1_143' title='bbox 890 2017 1089 2088; x_wconf 85' lang='lat' dir='ltr'><strong>Spiritu</strong></span> <span class='ocrx_word' id='word_1_144' title='bbox 1130 2023 1322 2078; x_wconf 87' lang='lat' dir='ltr'><strong>sancto,</strong></span> <span class='ocrx_word' id='word_1_145' title='bbox 1353 2012 1453 2065; x_wconf 89' lang='lat' dir='ltr'><strong>hoc</strong></span> <span class='ocrx_word' id='word_1_146' title='bbox 1480 2007 1802 2077; x_wconf 77' lang='lat' dir='ltr'><strong>intelligitur,</strong></span> <span class='ocrx_word' id='word_1_147' title='bbox 1826 2011 1882 2059; x_wconf 93' lang='lat' dir='ltr'><strong>ut</strong></span> <span class='ocrx_word' id='word_1_148' title='bbox 1907 1998 2141 2057; x_wconf 78' lang='lat' dir='ltr'><strong>offeran-</strong></span> 
     </span>
    </p>
   </div>
   <div class='ocr_carea' id='block_1_20' title="bbox 562 2095 2132 2173">
    <p class='ocr_par' dir='ltr' id='par_1_20' title="bbox 562 2095 2132 2173">
     <span class='ocr_line' id='line_1_20' title="bbox 562 2095 2132 2173; baseline -0.013 -7"><span class='ocrx_word' id='word_1_149' title='bbox 562 2120 651 2165; x_wconf 87' lang='lat' dir='ltr'><strong>tur</strong></span> <span class='ocrx_word' id='word_1_150' title='bbox 692 2110 888 2166; x_wconf 87' lang='lat' dir='ltr'><strong>Gentes</strong></span> <span class='ocrx_word' id='word_1_151' title='bbox 934 2108 1064 2173; x_wconf 92' lang='lat' dir='ltr'><strong>Deo,</strong></span> <span class='ocrx_word' id='word_1_152' title='bbox 1121 2115 1368 2173; x_wconf 84' lang='lat' dir='ltr'><strong>tanquam</strong></span> <span class='ocrx_word' id='word_1_153' title='bbox 1418 2098 1746 2169; x_wconf 87' lang='lat' dir='ltr'><strong>acceptabile</strong></span> <span class='ocrx_word' id='word_1_154' title='bbox 1792 2095 2132 2159; x_wconf 79' lang='lat' dir='ltr'><strong>sacriﬁcium,</strong></span> 
     </span>
    </p>
   </div>
   <div class='ocr_carea' id='block_1_21' title="bbox 559 2186 2139 2264">
    <p class='ocr_par' dir='ltr' id='par_1_21' title="bbox 559 2186 2139 2264">
     <span class='ocr_line' id='line_1_21' title="bbox 559 2186 2139 2264; baseline -0.014 -4"><span class='ocrx_word' id='word_1_155' title='bbox 559 2219 681 2260; x_wconf 88' lang='lat' dir='ltr'><strong>cum</strong></span> <span class='ocrx_word' id='word_1_156' title='bbox 709 2204 760 2257; x_wconf 91' lang='lat' dir='ltr'><strong>in</strong></span> <span class='ocrx_word' id='word_1_157' title='bbox 807 2200 1075 2257; x_wconf 85' lang='lat' dir='ltr'><strong>Christum</strong></span> <span class='ocrx_word' id='word_1_158' title='bbox 1114 2197 1391 2252; x_wconf 86' lang='lat' dir='ltr'><strong>credentes</strong></span> <span class='ocrx_word' id='word_1_159' title='bbox 1438 2209 1532 2264; x_wconf 91' lang='lat' dir='ltr'><strong>per</strong></span> <span class='ocrx_word' id='word_1_160' title='bbox 1551 2190 1891 2259; x_wconf 84' lang='lat' dir='ltr'><strong>Evangelium</strong></span> <span class='ocrx_word' id='word_1_161' title='bbox 1944 2186 2139 2240; x_wconf 88' lang='lat' dir='ltr'><strong>sancti-</strong></span> 
     </span>
    </p>
   </div>
   <div class='ocr_carea' id='block_1_22' title="bbox 566 2282 2133 2359">
    <p class='ocr_par' dir='ltr' id='par_1_22' title="bbox 566 2282 2133 2359">
     <span class='ocr_line' id='line_1_22' title="bbox 566 2282 2133 2359; baseline -0.011 -9"><span class='ocrx_word' id='word_1_162' title='bbox 566 2296 831 2350; x_wconf 82' lang='lat' dir='ltr'><strong>ﬁcantur:</strong></span> <span class='ocrx_word' id='word_1_163' title='bbox 864 2292 1000 2347; x_wconf 87' lang='lat' dir='ltr'><strong>sicut</strong></span> <span class='ocrx_word' id='word_1_164' title='bbox 1046 2299 1101 2345; x_wconf 92' lang='lat' dir='ltr'><strong>et</strong></span> <span class='ocrx_word' id='word_1_165' title='bbox 1129 2288 1372 2359; x_wconf 88' lang='lat' dir='ltr'><strong>superius</strong></span> <span class='ocrx_word' id='word_1_166' title='bbox 1395 2286 1539 2350; x_wconf 89' lang='lat' dir='ltr'><strong>dicit,</strong></span> <span class='ocrx_word' id='word_1_167' title='bbox 1572 2284 1787 2338; x_wconf 84' lang='lat' dir='ltr'><strong>Obsecro</strong></span> <span class='ocrx_word' id='word_1_168' title='bbox 1815 2282 1982 2349; x_wconf 81' lang='lat' dir='ltr'><strong>itaque</strong></span> <span class='ocrx_word' id='word_1_169' title='bbox 2026 2294 2133 2344; x_wconf 84' lang='lat' dir='ltr'><strong>vos,</strong></span> 
     </span>
    </p>
   </div>
   <div class='ocr_carea' id='block_1_23' title="bbox 562 2371 2137 2457">
    <p class='ocr_par' dir='ltr' id='par_1_23' title="bbox 562 2371 2137 2457">
     <span class='ocr_line' id='line_1_23' title="bbox 562 2371 2137 2457; baseline -0.012 -18"><span class='ocrx_word' id='word_1_170' title='bbox 562 2389 762 2457; x_wconf 76' lang='lat' dir='ltr'><strong>fratres,</strong></span> <span class='ocrx_word' id='word_1_171' title='bbox 795 2400 884 2455; x_wconf 84' lang='lat' dir='ltr'><strong>per</strong></span> <span class='ocrx_word' id='word_1_172' title='bbox 912 2380 1305 2437; x_wconf 83' lang='lat' dir='ltr'><strong>misericordiam</strong></span> <span class='ocrx_word' id='word_1_173' title='bbox 1336 2376 1431 2430; x_wconf 88' lang='lat' dir='ltr'><strong>Dei</strong></span> <span class='ocrx_word' id='word_1_174' title='bbox 1451 2378 1494 2442; x_wconf 88' lang='grc'><strong>¹,</strong></span> <span class='ocrx_word' id='word_1_175' title='bbox 1537 2383 1593 2428; x_wconf 80' lang='grc' dir='ltr'><strong>ιιι</strong></span> <span class='ocrx_word' id='word_1_176' title='bbox 1622 2371 1891 2428; x_wconf 69' lang='grc' dir='ltr'><strong>επΙιὶὺεαιὶδ</strong></span> <span class='ocrx_word' id='word_1_177' title='bbox 1924 2384 2137 2439; x_wconf 89' lang='lat' dir='ltr'><strong>corpora</strong></span> 
     </span>
    </p>
   </div>
   <div class='ocr_carea' id='block_1_24' title="bbox 624 2505 1917 2576">
    <p class='ocr_par' dir='ltr' id='par_1_24' title="bbox 624 2505 1917 2576">
     <span class='ocr_line' id='line_1_24' title="bbox 624 2505 1917 2576; baseline -0.014 -9"><span class='ocrx_word' id='word_1_178' title='bbox 624 2518 642 2548; x_wconf 75' lang='grc' dir='ltr'>ί</span> <span class='ocrx_word' id='word_1_179' title='bbox 666 2516 843 2567; x_wconf 84' lang='lat' dir='ltr'><strong>Omnes</strong></span> <span class='ocrx_word' id='word_1_180' title='bbox 863 2522 988 2573; x_wconf 78' lang='lat' dir='ltr'><strong>ttss.,</strong></span> <span class='ocrx_word' id='word_1_181' title='bbox 1011 2509 1194 2576; x_wconf 85' lang='lat' dir='ltr'><strong>inﬁrmi</strong></span> <span class='ocrx_word' id='word_1_182' title='bbox 1210 2522 1277 2576; x_wconf 62' lang='lat' dir='ltr'><strong>ea;</strong></span> <span class='ocrx_word' id='word_1_183' title='bbox 1296 2522 1345 2559; x_wconf 87' lang='lat' dir='ltr'><strong>se</strong></span> <span class='ocrx_word' id='word_1_184' title='bbox 1364 2505 1557 2576; x_wconf 51' lang='lat' dir='ltr'><strong>luerim.</strong></span> <span class='ocrx_word' id='word_1_185' title='bbox 1689 2571 1698 2576; x_wconf 82' lang='lat'><strong>_</strong></span> <span class='ocrx_word' id='word_1_186' title='bbox 1726 2570 1756 2576; x_wconf 92' lang='lat'><em>_</em></span> <span class='ocrx_word' id='word_1_187' title='bbox 1906 2562 1917 2572; x_wconf 37' lang='grc'><strong>⁸</strong></span> 
     </span>
    </p>
   </div>
   <div class='ocr_carea' id='block_1_25' title="bbox 622 2568 2135 2637">
    <p class='ocr_par' dir='ltr' id='par_1_25' title="bbox 622 2568 2135 2637">
     <span class='ocr_line' id='line_1_25' title="bbox 622 2568 2135 2637; baseline -0.013 -9"><span class='ocrx_word' id='word_1_188' title='bbox 622 2581 642 2610; x_wconf 84' lang='grc'>²</span> <span class='ocrx_word' id='word_1_189' title='bbox 666 2581 749 2629; x_wconf 77' lang='lat' dir='ltr'><strong>Hic</strong></span> <span class='ocrx_word' id='word_1_190' title='bbox 764 2578 942 2627; x_wconf 87' lang='lat' dir='ltr'><strong>desinit</strong></span> <span class='ocrx_word' id='word_1_191' title='bbox 963 2568 1243 2637; x_wconf 63' lang='lat' dir='ltr'><strong>opuSculum</strong></span> <span class='ocrx_word' id='word_1_192' title='bbox 1266 2573 1315 2619; x_wconf 87' lang='lat' dir='ltr'><strong>in</strong></span> <span class='ocrx_word' id='word_1_193' title='bbox 1338 2568 1478 2620; x_wconf 82' lang='lat' dir='ltr'><strong>editis</strong></span> <span class='ocrx_word' id='word_1_194' title='bbox 1512 2577 1612 2617; x_wconf 71' lang='lat' dir='ltr'><strong>am.</strong></span> <span class='ocrx_word' id='word_1_195' title='bbox 1655 2571 1707 2616; x_wconf 89' lang='lat' dir='ltr'><strong>et</strong></span> <span class='ocrx_word' id='word_1_196' title='bbox 1726 2570 1801 2613; x_wconf 82' lang='lat' dir='ltr'><strong>Er.</strong></span> <span class='ocrx_word' id='word_1_197' title='bbox 1828 2568 2002 2613; x_wconf 86' lang='lat' dir='ltr'><strong>omissa</strong></span> <span class='ocrx_word' id='word_1_198' title='bbox 2022 2568 2135 2609; x_wconf 52' lang='lat' dir='ltr'><strong>Pro.</strong></span> 
     </span>
    </p>
   </div>
   <div class='ocr_carea' id='block_1_26' title="bbox 1490 324 2848 396">
    <p class='ocr_par' dir='ltr' id='par_1_26' title="bbox 1490 324 2848 396">
     <span class='ocr_line' id='line_1_26' title="bbox 1490 324 2848 396; baseline -0.004 -8"><span class='ocrx_word' id='word_1_199' title='bbox 1490 329 1843 388; x_wconf 62' lang='lat' dir='ltr'><strong>EPISTOLE</strong></span> <span class='ocrx_word' id='word_1_200' title='bbox 1882 329 1972 383; x_wconf 85' lang='lat' dir='ltr'><strong>AD</strong></span> <span class='ocrx_word' id='word_1_201' title='bbox 2012 324 2349 396; x_wconf 57' lang='lat' dir='ltr'><strong>ROEMNOS,</strong></span> <span class='ocrx_word' id='word_1_202' title='bbox 2388 327 2444 385; x_wconf 89' lang='lat' dir='ltr'><strong>S.</strong></span> <span class='ocrx_word' id='word_1_203' title='bbox 2489 324 2848 385; x_wconf 78' lang='lat' dir='ltr'><strong>AUGUSTINI</strong></span> 
     </span>
    </p>
   </div>
   <div class='ocr_carea' id='block_1_27' title="bbox 3672 333 3819 392">
    <p class='ocr_par' dir='ltr' id='par_1_27' title="bbox 3672 333 3819 392">
     <span class='ocr_line' id='line_1_27' title="bbox 3672 333 3819 392; baseline 0.027 -4"><span class='ocrx_word' id='word_1_204' title='bbox 3672 333 3819 392; x_wconf 62' lang='lat'><strong>2088</strong></span> 
     </span>
    </p>
   </div>
   <div class='ocr_carea' id='block_1_28' title="bbox 2252 442 3816 521">
    <p class='ocr_par' dir='ltr' id='par_1_28' title="bbox 2252 442 3816 521">
     <span class='ocr_line' id='line_1_28' title="bbox 2252 442 3816 521; baseline 0.004 -23"><span class='ocrx_word' id='word_1_205' title='bbox 2252 454 2414 498; x_wconf 79' lang='lat' dir='ltr'><strong>vestra</strong></span> <span class='ocrx_word' id='word_1_206' title='bbox 2438 445 2651 498; x_wconf 83' lang='lat' dir='ltr'><strong>hostium</strong></span> <span class='ocrx_word' id='word_1_207' title='bbox 2677 446 2858 510; x_wconf 83' lang='lat' dir='ltr'><strong>vivam,</strong></span> <span class='ocrx_word' id='word_1_208' title='bbox 2900 452 3151 513; x_wconf 66' lang='lat' dir='ltr'><strong>sanetam,</strong></span> <span class='ocrx_word' id='word_1_209' title='bbox 3183 442 3291 499; x_wconf 88' lang='lat' dir='ltr'><strong>Deo</strong></span> <span class='ocrx_word' id='word_1_210' title='bbox 3317 445 3597 517; x_wconf 77' lang='lat' dir='ltr'><strong>placentem</strong></span> <span class='ocrx_word' id='word_1_211' title='bbox 3625 447 3646 521; x_wconf 97' lang='lat'><strong>(</strong></span> <span class='ocrx_word' id='word_1_212' title='bbox 3670 449 3816 504; x_wconf 77' lang='lat' dir='ltr'><strong>Rom.</strong></span> 
     </span>
    </p>
   </div>
   <div class='ocr_carea' id='block_1_29' title="bbox 2253 537 2457 601">
    <p class='ocr_par' dir='ltr' id='par_1_29' title="bbox 2253 537 2457 601">
     <span class='ocr_line' id='line_1_29' title="bbox 2253 537 2457 601; baseline 0.005 -11"><span class='ocrx_word' id='word_1_213' title='bbox 2253 552 2349 601; x_wconf 79' lang='lat' dir='ltr'><strong>xu,</strong></span> <span class='ocrx_word' id='word_1_214' title='bbox 2377 537 2393 589; x_wconf 91' lang='lat' dir='ltr'><strong>I</strong></span> <span class='ocrx_word' id='word_1_215' title='bbox 2420 538 2457 599; x_wconf 91' lang='lat'><strong>).</strong></span> 
     </span>
    </p>
   </div>
   <div class='ocr_carea' id='block_1_30' title="bbox 2323 628 3820 702">
    <p class='ocr_par' dir='ltr' id='par_1_30' title="bbox 2323 628 3820 702">
     <span class='ocr_line' id='line_1_30' title="bbox 2323 628 3820 702; baseline 0.002 -19"><span class='ocrx_word' id='word_1_216' title='bbox 2323 628 2606 683; x_wconf 78' lang='lat' dir='ltr'><strong>LXXXIV.</strong></span> <span class='ocrx_word' id='word_1_217' title='bbox 2628 628 2726 701; x_wconf 92' lang='lat' dir='ltr'><strong>[lb.</strong></span> <span class='ocrx_word' id='word_1_218' title='bbox 2750 645 2856 696; x_wconf 75' lang='lat' dir='ltr'><strong>xvr,</strong></span> <span class='ocrx_word' id='word_1_219' title='bbox 2881 630 2968 696; x_wconf 79' lang='lat' dir='ltr'><strong>l7,</strong></span> <span class='ocrx_word' id='word_1_220' title='bbox 3006 628 3115 702; x_wconf 75' lang='lat'><strong>18.]</strong></span> <span class='ocrx_word' id='word_1_221' title='bbox 3145 628 3303 697; x_wconf 85' lang='lat' dir='ltr'><strong>Quod</strong></span> <span class='ocrx_word' id='word_1_222' title='bbox 3332 641 3511 685; x_wconf 91' lang='lat' dir='ltr'><strong>autem</strong></span> <span class='ocrx_word' id='word_1_223' title='bbox 3536 631 3633 698; x_wconf 85' lang='lat' dir='ltr'><strong>ait,</strong></span> <span class='ocrx_word' id='word_1_224' title='bbox 3667 631 3820 687; x_wconf 87' lang='lat' dir='ltr'><strong>Obse-</strong></span> 
     </span>
    </p>
   </div>
   <div class='ocr_carea' id='block_1_31' title="bbox 2253 720 3821 791">
    <p class='ocr_par' dir='ltr' id='par_1_31' title="bbox 2253 720 3821 791">
     <span class='ocr_line' id='line_1_31' title="bbox 2253 720 3821 791; baseline 0.003 -18"><span class='ocrx_word' id='word_1_225' title='bbox 2253 736 2336 773; x_wconf 88' lang='lat' dir='ltr'><strong>cro</strong></span> <span class='ocrx_word' id='word_1_226' title='bbox 2356 736 2461 785; x_wconf 83' lang='lat' dir='ltr'><strong>vos,</strong></span> <span class='ocrx_word' id='word_1_227' title='bbox 2487 721 2687 789; x_wconf 77' lang='lat' dir='ltr'><strong>fratres,</strong></span> <span class='ocrx_word' id='word_1_228' title='bbox 2718 729 2772 774; x_wconf 87' lang='lat' dir='ltr'><strong>ut</strong></span> <span class='ocrx_word' id='word_1_229' title='bbox 2815 720 3087 777; x_wconf 87' lang='lat' dir='ltr'><strong>intendatis</strong></span> <span class='ocrx_word' id='word_1_230' title='bbox 3108 722 3163 775; x_wconf 85' lang='lat' dir='ltr'><strong>in</strong></span> <span class='ocrx_word' id='word_1_231' title='bbox 3195 738 3278 776; x_wconf 89' lang='lat' dir='ltr'><strong>eos</strong></span> <span class='ocrx_word' id='word_1_232' title='bbox 3308 723 3396 791; x_wconf 86' lang='lat' dir='ltr'><strong>qui</strong></span> <span class='ocrx_word' id='word_1_233' title='bbox 3423 722 3758 777; x_wconf 77' lang='lat' dir='ltr'><strong>dissensiones</strong></span> <span class='ocrx_word' id='word_1_234' title='bbox 3782 735 3821 778; x_wconf 89' lang='lat' dir='ltr'><strong>et</strong></span> 
     </span>
    </p>
   </div>
   <div class='ocr_carea' id='block_1_32' title="bbox 2252 812 3821 886">
    <p class='ocr_par' dir='ltr' id='par_1_32' title="bbox 2252 812 3821 886">
     <span class='ocr_line' id='line_1_32' title="bbox 2252 812 3821 886; baseline 0.002 -20"><span class='ocrx_word' id='word_1_235' title='bbox 2252 812 2514 875; x_wconf 86' lang='lat' dir='ltr'><strong>scandala,</strong></span> <span class='ocrx_word' id='word_1_236' title='bbox 2568 821 2748 882; x_wconf 63' lang='lat' dir='ltr'><strong>praeter</strong></span> <span class='ocrx_word' id='word_1_237' title='bbox 2794 812 3076 866; x_wconf 85' lang='lat' dir='ltr'><strong>doctrinam</strong></span> <span class='ocrx_word' id='word_1_238' title='bbox 3119 830 3270 883; x_wconf 84' lang='lat' dir='ltr'><strong>quant</strong></span> <span class='ocrx_word' id='word_1_239' title='bbox 3315 830 3401 868; x_wconf 85' lang='lat' dir='ltr'><strong>vos</strong></span> <span class='ocrx_word' id='word_1_240' title='bbox 3425 814 3697 879; x_wconf 84' lang='lat' dir='ltr'><strong>didicistis,</strong></span> <span class='ocrx_word' id='word_1_241' title='bbox 3746 819 3821 886; x_wconf 77' lang='lat' dir='ltr'><strong>fa-</strong></span> 
     </span>
    </p>
   </div>
   <div class='ocr_carea' id='block_1_33' title="bbox 2251 904 3822 976">
    <p class='ocr_par' dir='ltr' id='par_1_33' title="bbox 2251 904 3822 976">
     <span class='ocr_line' id='line_1_33' title="bbox 2251 904 3822 976; baseline 0.001 -18"><span class='ocrx_word' id='word_1_242' title='bbox 2251 906 2404 969; x_wconf 82' lang='lat' dir='ltr'><strong>ciunt,</strong></span> <span class='ocrx_word' id='word_1_243' title='bbox 2430 905 2497 960; x_wconf 91' lang='lat' dir='ltr'><strong>de</strong></span> <span class='ocrx_word' id='word_1_244' title='bbox 2540 904 2624 959; x_wconf 90' lang='lat' dir='ltr'><strong>his</strong></span> <span class='ocrx_word' id='word_1_245' title='bbox 2665 905 2970 976; x_wconf 81' lang='lat' dir='ltr'><strong>intelligitur</strong></span> <span class='ocrx_word' id='word_1_246' title='bbox 3002 904 3202 971; x_wconf 88' lang='lat' dir='ltr'><strong>dicere,</strong></span> <span class='ocrx_word' id='word_1_247' title='bbox 3232 904 3300 959; x_wconf 92' lang='lat' dir='ltr'><strong>de</strong></span> <span class='ocrx_word' id='word_1_248' title='bbox 3328 904 3518 974; x_wconf 87' lang='lat' dir='ltr'><strong>quibus</strong></span> <span class='ocrx_word' id='word_1_249' title='bbox 3555 914 3613 960; x_wconf 90' lang='lat' dir='ltr'><strong>et</strong></span> <span class='ocrx_word' id='word_1_250' title='bbox 3642 905 3710 959; x_wconf 88' lang='lat' dir='ltr'><strong>ad</strong></span> <span class='ocrx_word' id='word_1_251' title='bbox 3741 906 3822 959; x_wconf 79' lang='lat' dir='ltr'><strong>Ti-</strong></span> 
     </span>
    </p>
   </div>
   <div class='ocr_carea' id='block_1_34' title="bbox 2251 995 3820 1065">
    <p class='ocr_par' dir='ltr' id='par_1_34' title="bbox 2251 995 3820 1065">
     <span class='ocr_line' id='line_1_34' title="bbox 2251 995 3820 1065; baseline -0.004 -14"><span class='ocrx_word' id='word_1_252' title='bbox 2251 996 2522 1052; x_wconf 90' lang='lat' dir='ltr'><strong>motheum</strong></span> <span class='ocrx_word' id='word_1_253' title='bbox 2548 996 2778 1065; x_wconf 88' lang='lat' dir='ltr'><strong>scripsit,</strong></span> <span class='ocrx_word' id='word_1_254' title='bbox 2801 996 2987 1051; x_wconf 88' lang='lat' dir='ltr'><strong>dicens</strong></span> <span class='ocrx_word' id='word_1_255' title='bbox 3028 1012 3042 1049; x_wconf 91' lang='lat'><strong>:</strong></span> <span class='ocrx_word' id='word_1_256' title='bbox 3075 1014 3094 1047; x_wconf 84' lang='grc'><em>‹</em></span> <span class='ocrx_word' id='word_1_257' title='bbox 3130 995 3277 1050; x_wconf 88' lang='lat' dir='ltr'><strong>Sicut</strong></span> <span class='ocrx_word' id='word_1_258' title='bbox 3298 996 3478 1064; x_wconf 80' lang='lat' dir='ltr'><strong>rogavi</strong></span> <span class='ocrx_word' id='word_1_259' title='bbox 3515 1004 3588 1060; x_wconf 90' lang='lat' dir='ltr'><strong>te,</strong></span> <span class='ocrx_word' id='word_1_260' title='bbox 3617 1004 3681 1049; x_wconf 89' lang='lat' dir='ltr'><strong>ut</strong></span> <span class='ocrx_word' id='word_1_261' title='bbox 3707 1011 3820 1051; x_wconf 83' lang='lat' dir='ltr'><strong>sus.</strong></span> 
     </span>
    </p>
   </div>
   <div class='ocr_carea' id='block_1_35' title="bbox 2252 1086 3789 1158">
    <p class='ocr_par' dir='ltr' id='par_1_35' title="bbox 2252 1086 3789 1158">
     <span class='ocr_line' id='line_1_35' title="bbox 2252 1086 3789 1158; baseline -0.001 -15"><span class='ocrx_word' id='word_1_262' title='bbox 2252 1090 2446 1144; x_wconf 88' lang='lat' dir='ltr'><strong>tineres</strong></span> <span class='ocrx_word' id='word_1_263' title='bbox 2475 1088 2690 1158; x_wconf 84' lang='lat' dir='ltr'><strong>Ephesi,</strong></span> <span class='ocrx_word' id='word_1_264' title='bbox 2726 1104 2845 1143; x_wconf 91' lang='lat' dir='ltr'><strong>cum</strong></span> <span class='ocrx_word' id='word_1_265' title='bbox 2876 1090 3008 1142; x_wconf 91' lang='lat' dir='ltr'><strong>irem</strong></span> <span class='ocrx_word' id='word_1_266' title='bbox 3038 1088 3088 1141; x_wconf 91' lang='lat' dir='ltr'><strong>in</strong></span> <span class='ocrx_word' id='word_1_267' title='bbox 3115 1086 3500 1152; x_wconf 84' lang='lat' dir='ltr'><strong>Macedoniam,</strong></span> <span class='ocrx_word' id='word_1_268' title='bbox 3529 1096 3587 1140; x_wconf 93' lang='lat' dir='ltr'><strong>ut</strong></span> <span class='ocrx_word' id='word_1_269' title='bbox 3611 1086 3789 1142; x_wconf 84' lang='lat' dir='ltr'><strong>demta</strong></span> 
     </span>
    </p>
   </div>
   <div class='ocr_carea' id='block_1_36' title="bbox 2251 1178 3816 1249">
    <p class='ocr_par' dir='ltr' id='par_1_36' title="bbox 2251 1178 3816 1249">
     <span class='ocr_line' id='line_1_36' title="bbox 2251 1178 3816 1249; baseline -0.002 -14"><span class='ocrx_word' id='word_1_270' title='bbox 2251 1181 2411 1235; x_wconf 77' lang='lat' dir='ltr'><strong>tiores</strong></span> <span class='ocrx_word' id='word_1_271' title='bbox 2435 1180 2745 1249; x_wconf 88' lang='lat' dir='ltr'><strong>quibusdam</strong></span> <span class='ocrx_word' id='word_1_272' title='bbox 2774 1195 2838 1234; x_wconf 89' lang='lat' dir='ltr'><strong>ne</strong></span> <span class='ocrx_word' id='word_1_273' title='bbox 2866 1179 3023 1234; x_wconf 80' lang='lat' dir='ltr'><strong>aliter</strong></span> <span class='ocrx_word' id='word_1_274' title='bbox 3058 1178 3336 1243; x_wconf 87' lang='lat' dir='ltr'><strong>docerent,</strong></span> <span class='ocrx_word' id='word_1_275' title='bbox 3384 1192 3557 1245; x_wconf 88' lang='lat' dir='ltr'><strong>neque</strong></span> <span class='ocrx_word' id='word_1_276' title='bbox 3580 1178 3816 1232; x_wconf 83' lang='lat' dir='ltr'><strong>intende-</strong></span> 
     </span>
    </p>
   </div>
   <div class='ocr_carea' id='block_1_37' title="bbox 2249 1267 3816 1340">
    <p class='ocr_par' dir='ltr' id='par_1_37' title="bbox 2249 1267 3816 1340">
     <span class='ocr_line' id='line_1_37' title="bbox 2249 1267 3816 1340; baseline -0.003 -15"><span class='ocrx_word' id='word_1_277' title='bbox 2249 1281 2369 1325; x_wconf 89' lang='lat' dir='ltr'><strong>rent</strong></span> <span class='ocrx_word' id='word_1_278' title='bbox 2392 1271 2579 1325; x_wconf 80' lang='lat' dir='ltr'><strong>labulis</strong></span> <span class='ocrx_word' id='word_1_279' title='bbox 2604 1280 2658 1325; x_wconf 92' lang='lat' dir='ltr'><strong>et</strong></span> <span class='ocrx_word' id='word_1_280' title='bbox 2697 1270 3018 1340; x_wconf 82' lang='lat' dir='ltr'><strong>genealogiis</strong></span> <span class='ocrx_word' id='word_1_281' title='bbox 3066 1267 3440 1332; x_wconf 86' lang='lat' dir='ltr'><strong>interminatis,</strong></span> <span class='ocrx_word' id='word_1_282' title='bbox 3496 1283 3615 1336; x_wconf 73' lang='lat' dir='ltr'><strong>qum</strong></span> <span class='ocrx_word' id='word_1_283' title='bbox 3652 1283 3816 1337; x_wconf 75' lang='lat' dir='ltr'><strong>quzes-</strong></span> 
     </span>
    </p>
   </div>
   <div class='ocr_carea' id='block_1_38' title="bbox 2250 1359 3814 1434">
    <p class='ocr_par' dir='ltr' id='par_1_38' title="bbox 2250 1359 3814 1434">
     <span class='ocr_line' id='line_1_38' title="bbox 2250 1359 3814 1434; baseline -0.003 -16"><span class='ocrx_word' id='word_1_284' title='bbox 2250 1363 2421 1418; x_wconf 89' lang='lat' dir='ltr'><strong>tioncs</strong></span> <span class='ocrx_word' id='word_1_285' title='bbox 2446 1363 2610 1434; x_wconf 85' lang='lat' dir='ltr'><strong>magis</strong></span> <span class='ocrx_word' id='word_1_286' title='bbox 2638 1370 2894 1434; x_wconf 69' lang='lat' dir='ltr'><strong>praistant</strong></span> <span class='ocrx_word' id='word_1_287' title='bbox 2933 1376 3089 1432; x_wconf 89' lang='lat' dir='ltr'><strong>quam</strong></span> <span class='ocrx_word' id='word_1_288' title='bbox 3120 1360 3524 1415; x_wconf 77' lang='lat' dir='ltr'><strong>aediﬁcationem</strong></span> <span class='ocrx_word' id='word_1_289' title='bbox 3558 1359 3676 1424; x_wconf 89' lang='lat' dir='ltr'><strong>Dei,</strong></span> <span class='ocrx_word' id='word_1_290' title='bbox 3706 1375 3814 1427; x_wconf 73' lang='lat' dir='ltr'><strong>qua:</strong></span> 
     </span>
    </p>
   </div>
   <div class='ocr_carea' id='block_1_39' title="bbox 2248 1448 3815 1526">
    <p class='ocr_par' dir='ltr' id='par_1_39' title="bbox 2248 1448 3815 1526">
     <span class='ocr_line' id='line_1_39' title="bbox 2248 1448 3815 1526; baseline -0.006 -15"><span class='ocrx_word' id='word_1_291' title='bbox 2248 1464 2332 1511; x_wconf 87' lang='lat' dir='ltr'><strong>est</strong></span> <span class='ocrx_word' id='word_1_292' title='bbox 2358 1456 2409 1509; x_wconf 93' lang='lat' dir='ltr'><strong>in</strong></span> <span class='ocrx_word' id='word_1_293' title='bbox 2438 1455 2539 1509; x_wconf 89' lang='lat' dir='ltr'><strong>lide</strong></span> <span class='ocrx_word' id='word_1_294' title='bbox 2562 1454 2629 1526; x_wconf 79' lang='grc'><strong>»(1</strong></span> <span class='ocrx_word' id='word_1_295' title='bbox 2661 1454 2789 1507; x_wconf 86' lang='lat' dir='ltr'><strong>Tim.</strong></span> <span class='ocrx_word' id='word_1_296' title='bbox 2810 1455 2919 1520; x_wconf 78' lang='lat'><strong>1,5,</strong></span> <span class='ocrx_word' id='word_1_297' title='bbox 2948 1453 2981 1506; x_wconf 74' lang='grc'><strong>4</strong></span> <span class='ocrx_word' id='word_1_298' title='bbox 3002 1454 3040 1521; x_wconf 91' lang='grc'><strong>);</strong></span> <span class='ocrx_word' id='word_1_299' title='bbox 3070 1462 3124 1506; x_wconf 90' lang='lat' dir='ltr'><strong>et</strong></span> <span class='ocrx_word' id='word_1_300' title='bbox 3147 1451 3213 1505; x_wconf 88' lang='lat' dir='ltr'><strong>ad</strong></span> <span class='ocrx_word' id='word_1_301' title='bbox 3243 1451 3473 1513; x_wconf 75' lang='lat' dir='ltr'><strong>Titum,¢</strong></span> <span class='ocrx_word' id='word_1_302' title='bbox 3509 1448 3645 1503; x_wconf 88' lang='lat' dir='ltr'><strong>Sunt</strong></span> <span class='ocrx_word' id='word_1_303' title='bbox 3683 1448 3815 1503; x_wconf 85' lang='lat' dir='ltr'><strong>enim</strong></span> 
     </span>
    </p>
   </div>
   <div class='ocr_carea' id='block_1_40' title="bbox 2247 1540 3813 1613">
    <p class='ocr_par' dir='ltr' id='par_1_40' title="bbox 2247 1540 3813 1613">
     <span class='ocr_line' id='line_1_40' title="bbox 2247 1540 3813 1613; baseline -0.006 -11"><span class='ocrx_word' id='word_1_304' title='bbox 2247 1549 2397 1603; x_wconf 90' lang='lat' dir='ltr'><strong>multi</strong></span> <span class='ocrx_word' id='word_1_305' title='bbox 2435 1562 2541 1602; x_wconf 90' lang='lat' dir='ltr'><strong>non</strong></span> <span class='ocrx_word' id='word_1_306' title='bbox 2570 1546 2783 1611; x_wconf 87' lang='lat' dir='ltr'><strong>subditi,</strong></span> <span class='ocrx_word' id='word_1_307' title='bbox 2839 1544 3108 1613; x_wconf 89' lang='lat' dir='ltr'><strong>vaniloqui</strong></span> <span class='ocrx_word' id='word_1_308' title='bbox 3157 1552 3212 1597; x_wconf 92' lang='lat' dir='ltr'><strong>et</strong></span> <span class='ocrx_word' id='word_1_309' title='bbox 3248 1541 3443 1596; x_wconf 89' lang='lat' dir='ltr'><strong>mentis</strong></span> <span class='ocrx_word' id='word_1_310' title='bbox 3496 1540 3813 1604; x_wconf 87' lang='lat' dir='ltr'><strong>seductores,</strong></span> 
     </span>
    </p>
   </div>
   <div class='ocr_carea' id='block_1_41' title="bbox 2247 1634 3817 1708">
    <p class='ocr_par' dir='ltr' id='par_1_41' title="bbox 2247 1634 3817 1708">
     <span class='ocr_line' id='line_1_41' title="bbox 2247 1634 3817 1708; baseline -0.008 -14"><span class='ocrx_word' id='word_1_311' title='bbox 2247 1640 2335 1708; x_wconf 93' lang='lat' dir='ltr'><strong>qui</strong></span> <span class='ocrx_word' id='word_1_312' title='bbox 2367 1639 2594 1693; x_wconf 77' lang='lat' dir='ltr'><strong>maxime</strong></span> <span class='ocrx_word' id='word_1_313' title='bbox 2614 1652 2680 1692; x_wconf 81' lang='lat' dir='ltr'><strong>ex</strong></span> <span class='ocrx_word' id='word_1_314' title='bbox 2703 1634 3108 1691; x_wconf 89' lang='lat' dir='ltr'><strong>circumcisione</strong></span> <span class='ocrx_word' id='word_1_315' title='bbox 3136 1639 3299 1695; x_wconf 87' lang='lat' dir='ltr'><strong>sunt;</strong></span> <span class='ocrx_word' id='word_1_316' title='bbox 3332 1645 3467 1701; x_wconf 90' lang='lat' dir='ltr'><strong>quos</strong></span> <span class='ocrx_word' id='word_1_317' title='bbox 3495 1638 3704 1699; x_wconf 88' lang='lat' dir='ltr'><strong>oportet</strong></span> <span class='ocrx_word' id='word_1_318' title='bbox 3733 1644 3817 1682; x_wconf 88' lang='lat' dir='ltr'><strong>re-</strong></span> 
     </span>
    </p>
   </div>
   <div class='ocr_carea' id='block_1_42' title="bbox 2247 1720 3814 1799">
    <p class='ocr_par' dir='ltr' id='par_1_42' title="bbox 2247 1720 3814 1799">
     <span class='ocr_line' id='line_1_42' title="bbox 2247 1720 3814 1799; baseline -0.008 -15"><span class='ocrx_word' id='word_1_319' title='bbox 2247 1730 2385 1796; x_wconf 80' lang='lat' dir='ltr'><strong>felli;</strong></span> <span class='ocrx_word' id='word_1_320' title='bbox 2412 1729 2501 1799; x_wconf 90' lang='lat' dir='ltr'><strong>qui</strong></span> <span class='ocrx_word' id='word_1_321' title='bbox 2529 1729 2804 1782; x_wconf 85' lang='lat' dir='ltr'><strong>universas</strong></span> <span class='ocrx_word' id='word_1_322' title='bbox 2836 1726 3023 1780; x_wconf 91' lang='lat' dir='ltr'><strong>domos</strong></span> <span class='ocrx_word' id='word_1_323' title='bbox 3046 1724 3383 1786; x_wconf 86' lang='lat' dir='ltr'><strong>subvertunt,</strong></span> <span class='ocrx_word' id='word_1_324' title='bbox 3426 1720 3678 1774; x_wconf 87' lang='lat' dir='ltr'><strong>docentes</strong></span> <span class='ocrx_word' id='word_1_325' title='bbox 3706 1734 3814 1788; x_wconf 79' lang='lat' dir='ltr'><strong>qua:</strong></span> 
     </span>
    </p>
   </div>
   <div class='ocr_carea' id='block_1_43' title="bbox 2246 1808 3813 1890">
    <p class='ocr_par' dir='ltr' id='par_1_43' title="bbox 2246 1808 3813 1890">
     <span class='ocr_line' id='line_1_43' title="bbox 2246 1808 3813 1890; baseline -0.009 -15"><span class='ocrx_word' id='word_1_326' title='bbox 2246 1836 2352 1876; x_wconf 91' lang='lat' dir='ltr'><strong>non</strong></span> <span class='ocrx_word' id='word_1_327' title='bbox 2394 1827 2622 1890; x_wconf 87' lang='lat' dir='ltr'><strong>oportet,</strong></span> <span class='ocrx_word' id='word_1_328' title='bbox 2676 1817 2843 1888; x_wconf 88' lang='lat' dir='ltr'><strong>turpis</strong></span> <span class='ocrx_word' id='word_1_329' title='bbox 2885 1815 3019 1870; x_wconf 90' lang='lat' dir='ltr'><strong>lucri</strong></span> <span class='ocrx_word' id='word_1_330' title='bbox 3068 1814 3236 1885; x_wconf 87' lang='lat' dir='ltr'><strong>gratia</strong></span> <span class='ocrx_word' id='word_1_331' title='bbox 3276 1811 3455 1865; x_wconf 83' lang='lat' dir='ltr'><strong>:dixit</strong></span> <span class='ocrx_word' id='word_1_332' title='bbox 3498 1808 3714 1879; x_wconf 85' lang='lat' dir='ltr'><strong>quidam</strong></span> <span class='ocrx_word' id='word_1_333' title='bbox 3756 1824 3813 1863; x_wconf 75' lang='lat' dir='ltr'><strong>ex</strong></span> 
     </span>
    </p>
   </div>
   <div class='ocr_carea' id='block_1_44' title="bbox 2247 1900 3815 1982">
    <p class='ocr_par' dir='ltr' id='par_1_44' title="bbox 2247 1900 3815 1982">
     <span class='ocr_line' id='line_1_44' title="bbox 2247 1900 3815 1982; baseline -0.01 -17"><span class='ocrx_word' id='word_1_334' title='bbox 2247 1911 2377 1982; x_wconf 90' lang='lat' dir='ltr'><strong>ipsis</strong></span> <span class='ocrx_word' id='word_1_335' title='bbox 2426 1909 2672 1979; x_wconf 89' lang='lat' dir='ltr'><strong>proprius</strong></span> <span class='ocrx_word' id='word_1_336' title='bbox 2710 1922 2894 1961; x_wconf 91' lang='lat' dir='ltr'><strong>eorum</strong></span> <span class='ocrx_word' id='word_1_337' title='bbox 2959 1904 3236 1974; x_wconf 86' lang='lat' dir='ltr'><strong>propheta,</strong></span> <span class='ocrx_word' id='word_1_338' title='bbox 3278 1900 3563 1954; x_wconf 88' lang='lat' dir='ltr'><strong>Cretenses</strong></span> <span class='ocrx_word' id='word_1_339' title='bbox 3610 1912 3815 1965; x_wconf 86' lang='lat' dir='ltr'><strong>semper</strong></span> 
     </span>
    </p>
   </div>
   <div class='ocr_carea' id='block_1_45' title="bbox 2246 1989 3809 2067">
    <p class='ocr_par' dir='ltr' id='par_1_45' title="bbox 2246 1989 3809 2067">
     <span class='ocr_line' id='line_1_45' title="bbox 2246 1989 3809 2067; baseline -0.012 -7"><span class='ocrx_word' id='word_1_340' title='bbox 2246 2003 2548 2067; x_wconf 88' lang='lat' dir='ltr'><strong>mendaces,</strong></span> <span class='ocrx_word' id='word_1_341' title='bbox 2570 1999 2723 2053; x_wconf 73' lang='lat' dir='ltr'><strong>mala:</strong></span> <span class='ocrx_word' id='word_1_342' title='bbox 2744 1998 2946 2063; x_wconf 65' lang='lat' dir='ltr'><strong>bestiae,</strong></span> <span class='ocrx_word' id='word_1_343' title='bbox 2968 2004 3181 2051; x_wconf 87' lang='lat' dir='ltr'><strong>ventres</strong></span> <span class='ocrx_word' id='word_1_344' title='bbox 3213 1993 3345 2062; x_wconf 88' lang='lat' dir='ltr'><strong>pigri</strong></span> <span class='ocrx_word' id='word_1_345' title='bbox 3370 1989 3523 2062; x_wconf 76' lang='lat' dir='ltr'><strong>t(Tit.</strong></span> <span class='ocrx_word' id='word_1_346' title='bbox 3541 2006 3582 2057; x_wconf 85' lang='grc' dir='ltr'><strong>ι,</strong></span> <span class='ocrx_word' id='word_1_347' title='bbox 3609 1989 3809 2058; x_wconf 71' lang='grc'><strong>10-12).</strong></span> 
     </span>
    </p>
   </div>
   <div class='ocr_carea' id='block_1_46' title="bbox 2246 2077 3813 2156">
    <p class='ocr_par' dir='ltr' id='par_1_46' title="bbox 2246 2077 3813 2156">
     <span class='ocr_line' id='line_1_46' title="bbox 2246 2077 3813 2156; baseline -0.011 -6"><span class='ocrx_word' id='word_1_348' title='bbox 2246 2095 2328 2150; x_wconf 86' lang='lat' dir='ltr'><strong>Ad</strong></span> <span class='ocrx_word' id='word_1_349' title='bbox 2359 2094 2459 2148; x_wconf 86' lang='lat' dir='ltr'><strong>hoc</strong></span> <span class='ocrx_word' id='word_1_350' title='bbox 2485 2092 2627 2147; x_wconf 91' lang='lat' dir='ltr'><strong>enim</strong></span> <span class='ocrx_word' id='word_1_351' title='bbox 2654 2088 2882 2143; x_wconf 74' lang='lat' dir='ltr'><strong>refertur</strong></span> <span class='ocrx_word' id='word_1_352' title='bbox 2900 2085 3043 2156; x_wconf 91' lang='lat' dir='ltr'><strong>quod</strong></span> <span class='ocrx_word' id='word_1_353' title='bbox 3070 2093 3125 2139; x_wconf 88' lang='lat' dir='ltr'><strong>et</strong></span> <span class='ocrx_word' id='word_1_354' title='bbox 3147 2084 3234 2138; x_wconf 86' lang='lat' dir='ltr'><strong>hic</strong></span> <span class='ocrx_word' id='word_1_355' title='bbox 3250 2085 3346 2147; x_wconf 89' lang='lat' dir='ltr'><strong>ait,</strong></span> <span class='ocrx_word' id='word_1_356' title='bbox 3372 2080 3441 2134; x_wconf 82' lang='lat' dir='ltr'><strong>Hi</strong></span> <span class='ocrx_word' id='word_1_357' title='bbox 3470 2081 3604 2133; x_wconf 84' lang='lat' dir='ltr'><strong>enim</strong></span> <span class='ocrx_word' id='word_1_358' title='bbox 3625 2077 3813 2133; x_wconf 85' lang='lat' dir='ltr'><strong>Christo</strong></span> 
     </span>
    </p>
   </div>
   <div class='ocr_carea' id='block_1_47' title="bbox 2246 2168 3809 2243">
    <p class='ocr_par' dir='ltr' id='par_1_47' title="bbox 2246 2168 3809 2243">
     <span class='ocr_line' id='line_1_47' title="bbox 2246 2168 3809 2243; baseline -0.013 -3"><span class='ocrx_word' id='word_1_359' title='bbox 2246 2186 2464 2241; x_wconf 88' lang='lat' dir='ltr'><strong>Domino</strong></span> <span class='ocrx_word' id='word_1_360' title='bbox 2509 2198 2611 2236; x_wconf 87' lang='lat' dir='ltr'><strong>non</strong></span> <span class='ocrx_word' id='word_1_361' title='bbox 2638 2180 2877 2243; x_wconf 82' lang='lat' dir='ltr'><strong>serviunt,</strong></span> <span class='ocrx_word' id='word_1_362' title='bbox 2908 2176 2995 2232; x_wconf 87' lang='lat' dir='ltr'><strong>sed</strong></span> <span class='ocrx_word' id='word_1_363' title='bbox 3035 2191 3126 2230; x_wconf 88' lang='lat' dir='ltr'><strong>suo</strong></span> <span class='ocrx_word' id='word_1_364' title='bbox 3156 2174 3313 2228; x_wconf 82' lang='lat' dir='ltr'><strong>ventri</strong></span> <span class='ocrx_word' id='word_1_365' title='bbox 3336 2188 3354 2225; x_wconf 93' lang='lat'><em>:</em></span> <span class='ocrx_word' id='word_1_366' title='bbox 3382 2171 3448 2225; x_wconf 92' lang='lat' dir='ltr'><strong>de</strong></span> <span class='ocrx_word' id='word_1_367' title='bbox 3475 2170 3669 2239; x_wconf 90' lang='lat' dir='ltr'><strong>quibus</strong></span> <span class='ocrx_word' id='word_1_368' title='bbox 3715 2168 3809 2221; x_wconf 88' lang='lat' dir='ltr'><strong>alio</strong></span> 
     </span>
    </p>
   </div>
   <div class='ocr_carea' id='block_1_48' title="bbox 2246 2257 3809 2340">
    <p class='ocr_par' dir='ltr' id='par_1_48' title="bbox 2246 2257 3809 2340">
     <span class='ocr_line' id='line_1_48' title="bbox 2246 2257 3809 2340; baseline -0.015 -7"><span class='ocrx_word' id='word_1_369' title='bbox 2246 2279 2364 2333; x_wconf 89' lang='lat' dir='ltr'><strong>loco</strong></span> <span class='ocrx_word' id='word_1_370' title='bbox 2410 2274 2558 2339; x_wconf 91' lang='lat' dir='ltr'><strong>dicit,</strong></span> <span class='ocrx_word' id='word_1_371' title='bbox 2590 2272 2815 2340; x_wconf 82' lang='lat' dir='ltr'><strong>Quorum</strong></span> <span class='ocrx_word' id='word_1_372' title='bbox 2844 2268 2977 2323; x_wconf 86' lang='lat' dir='ltr'><strong>Deus</strong></span> <span class='ocrx_word' id='word_1_373' title='bbox 3006 2275 3175 2321; x_wconf 84' lang='lat' dir='ltr'><strong>venter</strong></span> <span class='ocrx_word' id='word_1_374' title='bbox 3202 2274 3273 2319; x_wconf 88' lang='lat' dir='ltr'><strong>est</strong></span> <span class='ocrx_word' id='word_1_375' title='bbox 3304 2262 3563 2333; x_wconf 82' lang='lat' dir='ltr'><strong>(Philipp.</strong></span> <span class='ocrx_word' id='word_1_376' title='bbox 3588 2275 3668 2325; x_wconf 86' lang='grc' dir='ltr'><strong>ιιι,</strong></span> <span class='ocrx_word' id='word_1_377' title='bbox 3708 2257 3809 2328; x_wconf 78' lang='grc'><strong>19).</strong></span> 
     </span>
    </p>
   </div>
   <div class='ocr_carea' id='block_1_49' title="bbox 2243 2413 3811 2495">
    <p class='ocr_par' dir='ltr' id='par_1_49' title="bbox 2243 2413 3811 2495">
     <span class='ocr_line' id='line_1_49' title="bbox 2243 2413 3811 2495; baseline -0.012 -14"><span class='ocrx_word' id='word_1_378' title='bbox 2243 2431 2479 2495; x_wconf 80' lang='lat' dir='ltr'><strong>positione</strong></span> <span class='ocrx_word' id='word_1_379' title='bbox 2501 2427 2796 2489; x_wconf 84' lang='lat' dir='ltr'><strong>octogesima</strong></span> <span class='ocrx_word' id='word_1_380' title='bbox 2817 2428 3003 2488; x_wconf 85' lang='lat' dir='ltr'><strong>quarta,</strong></span> <span class='ocrx_word' id='word_1_381' title='bbox 3026 2432 3137 2484; x_wconf 73' lang='lat' dir='ltr'><strong>qua:</strong></span> <span class='ocrx_word' id='word_1_382' title='bbox 3171 2425 3414 2483; x_wconf 84' lang='lat' dir='ltr'><strong>postrema</strong></span> <span class='ocrx_word' id='word_1_383' title='bbox 3452 2423 3529 2467; x_wconf 88' lang='lat' dir='ltr'><strong>est</strong></span> <span class='ocrx_word' id='word_1_384' title='bbox 3558 2413 3683 2479; x_wconf 79' lang='lat' dir='ltr'><strong>apud</strong></span> <span class='ocrx_word' id='word_1_385' title='bbox 3710 2420 3811 2464; x_wconf 74' lang='lat' dir='ltr'><strong>nov.</strong></span> 
     </span>
    </p>
   </div>
   <div class='ocr_carea' id='block_1_50' title="bbox 2245 2491 2761 2555">
    <p class='ocr_par' dir='ltr' id='par_1_50' title="bbox 2245 2491 2761 2555">
     <span class='ocr_line' id='line_1_50' title="bbox 2245 2491 2761 2555; baseline -0.017 -11"><span class='ocrx_word' id='word_1_386' title='bbox 2245 2491 2298 2544; x_wconf 72' lang='lat' dir='ltr'><strong>et</strong></span> <span class='ocrx_word' id='word_1_387' title='bbox 2317 2491 2444 2555; x_wconf 84' lang='lat' dir='ltr'><strong>apud</strong></span> <span class='ocrx_word' id='word_1_388' title='bbox 2462 2502 2633 2539; x_wconf 86' lang='lat' dir='ltr'><strong>omnes</strong></span> <span class='ocrx_word' id='word_1_389' title='bbox 2654 2495 2761 2537; x_wconf 79' lang='lat' dir='ltr'><strong>Mss.</strong></span> 
     </span>
    </p>
   </div>
   <div class='ocr_carea' id='block_1_51' title="bbox 638 2792 3806 2904">
    <p class='ocr_par' dir='ltr' id='par_1_51' title="bbox 638 2792 3806 2904">
     <span class='ocr_line' id='line_1_51' title="bbox 638 2792 3806 2904; baseline -0.012 -15"><span class='ocrx_word' id='word_1_390' title='bbox 638 2831 729 2890; x_wconf 86' lang='lat' dir='ltr'><strong>De</strong></span> <span class='ocrx_word' id='word_1_391' title='bbox 756 2822 1140 2904; x_wconf 84' lang='lat' dir='ltr'><strong>subsequenti</strong></span> <span class='ocrx_word' id='word_1_392' title='bbox 1165 2837 1364 2900; x_wconf 82' lang='lat' dir='ltr'><strong>opere,</strong></span> <span class='ocrx_word' id='word_1_393' title='bbox 1394 2816 1531 2880; x_wconf 78' lang='lat' dir='ltr'><strong>vide</strong></span> <span class='ocrx_word' id='word_1_394' title='bbox 1556 2813 1662 2878; x_wconf 88' lang='lat' dir='ltr'><strong>lib.</strong></span> <span class='ocrx_word' id='word_1_395' title='bbox 1693 2814 1752 2885; x_wconf 89' lang='grc'><strong>1,</strong></span> <span class='ocrx_word' id='word_1_396' title='bbox 1786 2828 1919 2890; x_wconf 83' lang='lat' dir='ltr'><strong>cap.</strong></span> <span class='ocrx_word' id='word_1_397' title='bbox 1946 2808 2047 2880; x_wconf 79' lang='grc'><strong>25,</strong></span> <span class='ocrx_word' id='word_1_398' title='bbox 2069 2800 2638 2872; x_wconf 78' lang='lat' dir='ltr'><strong>Retractalionum,</strong></span> <span class='ocrx_word' id='word_1_399' title='bbox 2661 2820 2699 2859; x_wconf 89' lang='lat' dir='ltr'><strong>a</strong></span> <span class='ocrx_word' id='word_1_400' title='bbox 2729 2799 2845 2860; x_wconf 89' lang='lat' dir='ltr'><strong>col.</strong></span> <span class='ocrx_word' id='word_1_401' title='bbox 2881 2794 3021 2871; x_wconf 77' lang='lat'><strong>623,</strong></span> <span class='ocrx_word' id='word_1_402' title='bbox 3069 2792 3289 2863; x_wconf 81' lang='lat' dir='ltr'><strong>verbis,</strong></span> <span class='ocrx_word' id='word_1_403' title='bbox 3317 2792 3616 2872; x_wconf 63' lang='lat' dir='ltr'><strong>Epistolas</strong></span> <span class='ocrx_word' id='word_1_404' title='bbox 3642 2806 3806 2853; x_wconf 53' lang='lat' dir='ltr'><strong>aut»</strong></span> 
     </span>
    </p>
   </div>
   <div class='ocr_carea' id='block_1_52' title="bbox 561 2897 3168 3011">
    <p class='ocr_par' dir='ltr' id='par_1_52' title="bbox 561 2897 3168 3011">
     <span class='ocr_line' id='line_1_52' title="bbox 561 2897 3168 3011; baseline -0.014 -17"><span class='ocrx_word' id='word_1_405' title='bbox 561 2948 690 3011; x_wconf 92' lang='lat' dir='ltr'><strong>que</strong></span> <span class='ocrx_word' id='word_1_406' title='bbox 716 2930 795 2993; x_wconf 86' lang='lat' dir='ltr'><strong>ad</strong></span> <span class='ocrx_word' id='word_1_407' title='bbox 822 2897 1168 2997; x_wconf 77' lang='lat' dir='ltr'><strong>Romanos,</strong></span> <span class='ocrx_word' id='word_1_408' title='bbox 1195 2897 1384 3000; x_wconf 65' lang='lat' dir='ltr'><strong>usque</strong></span> <span class='ocrx_word' id='word_1_409' title='bbox 1408 2918 1489 2978; x_wconf 85' lang='lat' dir='ltr'><strong>ad</strong></span> <span class='ocrx_word' id='word_1_410' title='bbox 1510 2916 1628 2977; x_wconf 87' lang='lat' dir='ltr'><strong>col.</strong></span> <span class='ocrx_word' id='word_1_411' title='bbox 1671 2912 1813 2985; x_wconf 63' lang='lat' dir='ltr'><strong>621s,</strong></span> <span class='ocrx_word' id='word_1_412' title='bbox 1845 2910 2066 2976; x_wconf 80' lang='lat' dir='ltr'><strong>verbis,</strong></span> <span class='ocrx_word' id='word_1_413' title='bbox 2099 2906 2356 2984; x_wconf 87' lang='lat' dir='ltr'><strong>scripsit</strong></span> <span class='ocrx_word' id='word_1_414' title='bbox 2383 2905 2463 2967; x_wconf 88' lang='lat' dir='ltr'><strong>ad</strong></span> <span class='ocrx_word' id='word_1_415' title='bbox 2490 2905 2835 2963; x_wconf 81' lang='lat' dir='ltr'><strong>Romanos.</strong></span> <span class='ocrx_word' id='word_1_416' title='bbox 3080 2897 3168 2958; x_wconf 89' lang='lat' dir='ltr'><strong>M.</strong></span> 
     </span>
    </p>
   </div>
   <div class='ocr_carea' id='block_1_53' title="bbox 604 3042 3687 3327">
    <p class='ocr_par' dir='ltr' id='par_1_53' title="bbox 604 3042 3687 3327">
     <span class='ocr_line' id='line_1_53' title="bbox 604 3042 3687 3327; baseline -0.011 5"><span class='ocrx_word' id='word_1_417' title='bbox 604 3077 769 3087; x_wconf 33' lang='grc'><strong>*-</strong></span> <span class='ocrx_word' id='word_1_418' title='bbox 786 3067 2147 3327; x_wconf 55' lang='lat' dir='ltr'><strong>TAUEELII</strong></span> <span class='ocrx_word' id='word_1_419' title='bbox 2220 3042 3687 3309; x_wconf 50' lang='grc' dir='ltr'><strong>ΑΙ]ξῇἷῇἷᾷ</strong></span> 
     </span>
    </p>
   </div>
   <div class='ocr_carea' id='block_1_54' title="bbox 1546 3412 3411 3494">
    <p class='ocr_par' dir='ltr' id='par_1_54' title="bbox 1546 3412 3411 3494">
     <span class='ocr_line' id='line_1_54' title="bbox 1546 3412 3411 3494; baseline -0.008 0"><span class='ocrx_word' id='word_1_420' title='bbox 1546 3415 2297 3494; x_wconf 85' lang='lat' dir='ltr'><strong>HIPPONENSIS</strong></span> <span class='ocrx_word' id='word_1_421' title='bbox 2356 3412 2861 3488; x_wconf 88' lang='lat' dir='ltr'><strong>EPISCOPI</strong></span> <span class='ocrx_word' id='word_1_422' title='bbox 3410 3450 3411 3455; x_wconf 60' lang='grc' dir='ltr'><strong>η</strong></span> 
     </span>
    </p>
   </div>
   <div class='ocr_carea' id='block_1_55' title="bbox 671 3576 2140 3807">
    <p class='ocr_par' dir='ltr' id='par_1_55' title="bbox 671 3589 2140 3763">
     <span class='ocr_line' id='line_1_55' title="bbox 671 3589 2140 3763; baseline -0.009 1"><span class='ocrx_word' id='word_1_423' title='bbox 671 3589 1934 3763; x_wconf 56' lang='lat' dir='ltr'><strong>EPISTOLZE</strong></span> <span class='ocrx_word' id='word_1_424' title='bbox 2092 3664 2140 3751; x_wconf 62' lang='grc' dir='ltr'><em>λ</em></span> 
     </span>
    </p>
   </div>
   <div class='ocr_carea' id='block_1_56' title="bbox 2247 3576 3827 3807">
    <p class='ocr_par' dir='ltr' id='par_1_56' title="bbox 2252 3576 3827 3807">
     <span class='ocr_line' id='line_1_56' title="bbox 2252 3576 3827 3807; baseline 0.001 -67"><span class='ocrx_word' id='word_1_425' title='bbox 2252 3586 2411 3740; x_wconf 82' lang='grc'><strong>1)</strong></span> <span class='ocrx_word' id='word_1_426' title='bbox 2598 3576 3714 3741; x_wconf 64' lang='lat' dir='ltr'><strong>nummos</strong></span> <span class='ocrx_word' id='word_1_427' title='bbox 3798 3798 3827 3807; x_wconf 29' lang='grc' dir='ltr'>η</span> 
     </span>
    </p>
   </div>
   <div class='ocr_carea' id='block_1_57' title="bbox 1165 3843 3215 3972">
    <p class='ocr_par' dir='ltr' id='par_1_57' title="bbox 1165 3843 3215 3972">
     <span class='ocr_line' id='line_1_57' title="bbox 1165 3843 3215 3972; baseline -0.008 0"><span class='ocrx_word' id='word_1_428' title='bbox 1165 3852 2115 3972; x_wconf 73' lang='grc' dir='ltr'><strong>ιΝαΗοΔτΔ</strong></span> <span class='ocrx_word' id='word_1_429' title='bbox 2224 3843 3215 3959; x_wconf 70' lang='grc' dir='ltr'><strong>Εχιιθειτιθ.</strong></span> 
     </span>
    </p>
   </div>
   <div class='ocr_carea' id='block_1_58' title="bbox 1957 4036 2431 4096">
    <p class='ocr_par' dir='ltr' id='par_1_58' title="bbox 1957 4036 2431 4096">
     <span class='ocr_line' id='line_1_58' title="bbox 1957 4036 2431 4096; baseline -0.019 2"><span class='ocrx_word' id='word_1_430' title='bbox 1957 4036 2431 4096; x_wconf 39' lang='grc' dir='ltr'><strong>οθὲἓέἕτῖὶβᾶὲο</strong></span> 
     </span>
    </p>
   </div>
   <div class='ocr_carea' id='block_1_59' title="bbox 1890 4185 2564 4278">
    <p class='ocr_par' dir='ltr' id='par_1_59' title="bbox 1890 4185 2564 4278">
     <span class='ocr_line' id='line_1_59' title="bbox 1890 4185 2564 4278; baseline -0.004 -6"><span class='ocrx_word' id='word_1_431' title='bbox 1890 4185 2164 4277; x_wconf 61' lang='lat' dir='ltr'><strong>“attinet</strong></span> <span class='ocrx_word' id='word_1_432' title='bbox 2210 4200 2427 4278; x_wconf 68' lang='lat' dir='ltr'><strong>unus</strong></span> <span class='ocrx_word' id='word_1_433' title='bbox 2456 4201 2564 4276; x_wconf 84' lang='grc' dir='ltr'><strong>(α).</strong></span> 
     </span>
    </p>
   </div>
   <div class='ocr_carea' id='block_1_60' title="bbox 1030 4346 3316 4422">
    <p class='ocr_par' dir='ltr' id='par_1_60' title="bbox 1030 4346 3316 4422">
     <span class='ocr_line' id='line_1_60' title="bbox 1030 4346 3316 4422; baseline -0.003 -14"><span class='ocrx_word' id='word_1_434' title='bbox 1030 4357 1078 4408; x_wconf 87' lang='lat' dir='ltr'><strong>In</strong></span> <span class='ocrx_word' id='word_1_435' title='bbox 1100 4370 1197 4422; x_wconf 85' lang='lat' dir='ltr'><strong>quo</strong></span> <span class='ocrx_word' id='word_1_436' title='bbox 1214 4355 1436 4406; x_wconf 86' lang='lat' dir='ltr'><strong>salutatio</strong></span> <span class='ocrx_word' id='word_1_437' title='bbox 1456 4349 1781 4404; x_wconf 85' lang='lat' dir='ltr'><strong>tantummodo</strong></span> <span class='ocrx_word' id='word_1_438' title='bbox 1806 4351 2083 4414; x_wconf 81' lang='lat' dir='ltr'><strong>expeditur,</strong></span> <span class='ocrx_word' id='word_1_439' title='bbox 2110 4357 2163 4401; x_wconf 92' lang='lat' dir='ltr'><strong>et</strong></span> <span class='ocrx_word' id='word_1_440' title='bbox 2181 4350 2448 4414; x_wconf 86' lang='lat' dir='ltr'><strong>disputatur</strong></span> <span class='ocrx_word' id='word_1_441' title='bbox 2470 4352 2534 4402; x_wconf 91' lang='lat' dir='ltr'><strong>de</strong></span> <span class='ocrx_word' id='word_1_442' title='bbox 2554 4358 2753 4415; x_wconf 86' lang='lat' dir='ltr'><strong>peccato</strong></span> <span class='ocrx_word' id='word_1_443' title='bbox 2775 4353 2825 4402; x_wconf 91' lang='lat' dir='ltr'><strong>in</strong></span> <span class='ocrx_word' id='word_1_444' title='bbox 2845 4346 3066 4416; x_wconf 77' lang='lat' dir='ltr'><strong>Spiritum</strong></span> <span class='ocrx_word' id='word_1_445' title='bbox 3084 4357 3316 4404; x_wconf 87' lang='lat' dir='ltr'><strong>sanctum.</strong></span> 
     </span>
    </p>
   </div>
   <div class='ocr_carea' id='block_1_61' title="bbox 635 4458 2136 4537">
    <p class='ocr_par' dir='ltr' id='par_1_61' title="bbox 635 4458 2136 4537">
     <span class='ocr_line' id='line_1_61' title="bbox 635 4458 2136 4537; baseline -0.007 -12"><span class='ocrx_word' id='word_1_446' title='bbox 635 4462 686 4526; x_wconf 69' lang='grc' dir='ltr'><strong>Ι.</strong></span> <span class='ocrx_word' id='word_1_447' title='bbox 726 4468 783 4523; x_wconf 91' lang='lat' dir='ltr'><strong>In</strong></span> <span class='ocrx_word' id='word_1_448' title='bbox 813 4466 1046 4537; x_wconf 86' lang='lat' dir='ltr'><strong>Epistola</strong></span> <span class='ocrx_word' id='word_1_449' title='bbox 1076 4478 1234 4535; x_wconf 88' lang='lat' dir='ltr'><strong>quam</strong></span> <span class='ocrx_word' id='word_1_450' title='bbox 1278 4461 1472 4517; x_wconf 86' lang='lat' dir='ltr'><strong>Paulus</strong></span> <span class='ocrx_word' id='word_1_451' title='bbox 1513 4458 1781 4529; x_wconf 89' lang='lat' dir='ltr'><strong>apostolus</strong></span> <span class='ocrx_word' id='word_1_452' title='bbox 1820 4458 2032 4527; x_wconf 89' lang='lat' dir='ltr'><strong>scripsit</strong></span> <span class='ocrx_word' id='word_1_453' title='bbox 2070 4458 2136 4514; x_wconf 90' lang='lat' dir='ltr'><strong>ad</strong></span> 
     </span>
    </p>
   </div>
   <div class='ocr_carea' id='block_1_62' title="bbox 563 4551 2139 4627">
    <p class='ocr_par' dir='ltr' id='par_1_62' title="bbox 563 4551 2139 4627">
     <span class='ocr_line' id='line_1_62' title="bbox 563 4551 2139 4627; baseline -0.008 -9"><span class='ocrx_word' id='word_1_454' title='bbox 563 4563 852 4623; x_wconf 75' lang='lat' dir='ltr'><strong>Romanos,</strong></span> <span class='ocrx_word' id='word_1_455' title='bbox 879 4564 1133 4627; x_wconf 84' lang='lat' dir='ltr'><strong>quantum</strong></span> <span class='ocrx_word' id='word_1_456' title='bbox 1155 4571 1219 4609; x_wconf 78' lang='lat' dir='ltr'><strong>ex</strong></span> <span class='ocrx_word' id='word_1_457' title='bbox 1245 4555 1361 4623; x_wconf 89' lang='lat' dir='ltr'><strong>ejus</strong></span> <span class='ocrx_word' id='word_1_458' title='bbox 1382 4561 1525 4607; x_wconf 78' lang='lat' dir='ltr'><strong>textu</strong></span> <span class='ocrx_word' id='word_1_459' title='bbox 1544 4551 1761 4621; x_wconf 79' lang='lat' dir='ltr'><strong>intelligi</strong></span> <span class='ocrx_word' id='word_1_460' title='bbox 1789 4558 1981 4620; x_wconf 86' lang='lat' dir='ltr'><strong>potest,</strong></span> <span class='ocrx_word' id='word_1_461' title='bbox 2004 4565 2139 4620; x_wconf 78' lang='lat' dir='ltr'><strong>qua:-</strong></span> 
     </span>
    </p>
   </div>
   <div class='ocr_carea' id='block_1_63' title="bbox 562 4641 2138 4711">
    <p class='ocr_par' dir='ltr' id='par_1_63' title="bbox 562 4641 2138 4711">
     <span class='ocr_line' id='line_1_63' title="bbox 562 4641 2138 4711; baseline -0.009 -2"><span class='ocrx_word' id='word_1_462' title='bbox 562 4655 791 4709; x_wconf 86' lang='lat' dir='ltr'><strong>stionem</strong></span> <span class='ocrx_word' id='word_1_463' title='bbox 809 4650 967 4705; x_wconf 89' lang='lat' dir='ltr'><strong>habet</strong></span> <span class='ocrx_word' id='word_1_464' title='bbox 988 4647 1144 4702; x_wconf 87' lang='lat' dir='ltr'><strong>talem</strong></span> <span class='ocrx_word' id='word_1_465' title='bbox 1174 4663 1187 4699; x_wconf 89' lang='lat'><strong>:</strong></span> <span class='ocrx_word' id='word_1_466' title='bbox 1222 4645 1402 4701; x_wconf 85' lang='lat' dir='ltr'><strong>Utrum</strong></span> <span class='ocrx_word' id='word_1_467' title='bbox 1424 4642 1619 4698; x_wconf 68' lang='lat' dir='ltr'><strong>ludatis</strong></span> <span class='ocrx_word' id='word_1_468' title='bbox 1645 4642 1770 4696; x_wconf 84' lang='lat' dir='ltr'><strong>solis</strong></span> <span class='ocrx_word' id='word_1_469' title='bbox 1794 4641 2138 4711; x_wconf 83' lang='lat' dir='ltr'><strong>Evangelium</strong></span> 
     </span>
    </p>
   </div>
   <div class='ocr_carea' id='block_1_64' title="bbox 566 4735 2138 4805">
    <p class='ocr_par' dir='ltr' id='par_1_64' title="bbox 566 4735 2138 4805">
     <span class='ocr_line' id='line_1_64' title="bbox 566 4735 2138 4805; baseline -0.007 -6"><span class='ocrx_word' id='word_1_470' title='bbox 566 4744 775 4801; x_wconf 84' lang='lat' dir='ltr'><strong>Domini</strong></span> <span class='ocrx_word' id='word_1_471' title='bbox 822 4742 991 4796; x_wconf 89' lang='lat' dir='ltr'><strong>nostri</strong></span> <span class='ocrx_word' id='word_1_472' title='bbox 1040 4739 1165 4794; x_wconf 79' lang='lat' dir='ltr'><strong>Jesu</strong></span> <span class='ocrx_word' id='word_1_473' title='bbox 1203 4736 1397 4791; x_wconf 89' lang='lat' dir='ltr'><strong>Christi</strong></span> <span class='ocrx_word' id='word_1_474' title='bbox 1438 4736 1642 4790; x_wconf 83' lang='lat' dir='ltr'><strong>venerit</strong></span> <span class='ocrx_word' id='word_1_475' title='bbox 1688 4746 1907 4805; x_wconf 88' lang='lat' dir='ltr'><strong>pr0pter</strong></span> <span class='ocrx_word' id='word_1_476' title='bbox 1950 4735 2138 4797; x_wconf 84' lang='lat' dir='ltr'><strong>merita</strong></span> 
     </span>
    </p>
   </div>
   <div class='ocr_carea' id='block_1_65' title="bbox 549 4824 2140 4905">
    <p class='ocr_par' dir='ltr' id='par_1_65' title="bbox 549 4824 2140 4905">
     <span class='ocr_line' id='line_1_65' title="bbox 549 4824 2140 4905; baseline -0.006 -17"><span class='ocrx_word' id='word_1_477' title='bbox 549 4848 782 4905; x_wconf 84' lang='lat' dir='ltr'><strong>operum</strong></span> <span class='ocrx_word' id='word_1_478' title='bbox 805 4832 989 4901; x_wconf 87' lang='lat' dir='ltr'><strong>Legis;</strong></span> <span class='ocrx_word' id='word_1_479' title='bbox 1017 4844 1083 4882; x_wconf 92' lang='lat' dir='ltr'><strong>an</strong></span> <span class='ocrx_word' id='word_1_480' title='bbox 1114 4841 1241 4881; x_wconf 88' lang='lat' dir='ltr'><strong>vero</strong></span> <span class='ocrx_word' id='word_1_481' title='bbox 1272 4824 1430 4880; x_wconf 89' lang='lat' dir='ltr'><strong>nullis</strong></span> <span class='ocrx_word' id='word_1_482' title='bbox 1456 4840 1674 4894; x_wconf 88' lang='lat' dir='ltr'><strong>operum</strong></span> <span class='ocrx_word' id='word_1_483' title='bbox 1709 4824 1913 4879; x_wconf 84' lang='lat' dir='ltr'><strong>meritis</strong></span> <span class='ocrx_word' id='word_1_484' title='bbox 1939 4839 2140 4893; x_wconf 71' lang='lat' dir='ltr'><strong>prame-</strong></span> 
     </span>
    </p>
   </div>
   <div class='ocr_carea' id='block_1_66' title="bbox 569 4914 2139 4987">
    <p class='ocr_par' dir='ltr' id='par_1_66' title="bbox 569 4914 2139 4987">
     <span class='ocr_line' id='line_1_66' title="bbox 569 4914 2139 4987; baseline -0.008 -7"><span class='ocrx_word' id='word_1_485' title='bbox 569 4924 838 4987; x_wconf 89' lang='lat' dir='ltr'><strong>dentibus,</strong></span> <span class='ocrx_word' id='word_1_486' title='bbox 882 4920 1129 4975; x_wconf 84' lang='lat' dir='ltr'><strong>omnibus</strong></span> <span class='ocrx_word' id='word_1_487' title='bbox 1155 4916 1412 4972; x_wconf 88' lang='lat' dir='ltr'><strong>Gentibus</strong></span> <span class='ocrx_word' id='word_1_488' title='bbox 1436 4916 1638 4970; x_wconf 85' lang='lat' dir='ltr'><strong>venerit</strong></span> <span class='ocrx_word' id='word_1_489' title='bbox 1661 4915 1969 4984; x_wconf 79' lang='lat' dir='ltr'><strong>jnstilieatio</strong></span> <span class='ocrx_word' id='word_1_490' title='bbox 1998 4914 2139 4981; x_wconf 85' lang='lat' dir='ltr'><strong>tidei,</strong></span> 
     </span>
    </p>
   </div>
   <div class='ocr_carea' id='block_1_67' title="bbox 561 5006 2142 5086">
    <p class='ocr_par' dir='ltr' id='par_1_67' title="bbox 561 5006 2142 5086">
     <span class='ocr_line' id='line_1_67' title="bbox 561 5006 2142 5086; baseline -0.008 -16"><span class='ocrx_word' id='word_1_491' title='bbox 561 5031 679 5086; x_wconf 71' lang='lat' dir='ltr'><strong>qua:</strong></span> <span class='ocrx_word' id='word_1_492' title='bbox 705 5022 787 5070; x_wconf 92' lang='lat' dir='ltr'><strong>est</strong></span> <span class='ocrx_word' id='word_1_493' title='bbox 814 5013 866 5067; x_wconf 93' lang='lat' dir='ltr'><strong>in</strong></span> <span class='ocrx_word' id='word_1_494' title='bbox 894 5009 1106 5066; x_wconf 84' lang='lat' dir='ltr'><strong>Christo</strong></span> <span class='ocrx_word' id='word_1_495' title='bbox 1134 5007 1279 5073; x_wconf 84' lang='lat' dir='ltr'><strong>Jesu,</strong></span> <span class='ocrx_word' id='word_1_496' title='bbox 1308 5012 1368 5060; x_wconf 90' lang='lat' dir='ltr'><strong>ut</strong></span> <span class='ocrx_word' id='word_1_497' title='bbox 1396 5020 1498 5059; x_wconf 91' lang='lat' dir='ltr'><strong>non</strong></span> <span class='ocrx_word' id='word_1_498' title='bbox 1528 5006 1650 5074; x_wconf 86' lang='lat' dir='ltr'><strong>quia</strong></span> <span class='ocrx_word' id='word_1_499' title='bbox 1676 5006 1801 5074; x_wconf 84' lang='lat' dir='ltr'><strong>justi</strong></span> <span class='ocrx_word' id='word_1_500' title='bbox 1846 5013 2004 5061; x_wconf 88' lang='lat' dir='ltr'><strong>erant</strong></span> <span class='ocrx_word' id='word_1_501' title='bbox 2043 5006 2142 5059; x_wconf 84' lang='lat' dir='ltr'><strong>lto-</strong></span> 
     </span>
    </p>
   </div>
   <div class='ocr_carea' id='block_1_68' title="bbox 563 5096 2144 5169">
    <p class='ocr_par' dir='ltr' id='par_1_68' title="bbox 563 5096 2144 5169">
     <span class='ocr_line' id='line_1_68' title="bbox 563 5096 2144 5169; baseline -0.007 -8"><span class='ocrx_word' id='word_1_502' title='bbox 563 5108 754 5169; x_wconf 88' lang='lat' dir='ltr'><strong>mines,</strong></span> <span class='ocrx_word' id='word_1_503' title='bbox 797 5103 1108 5166; x_wconf 86' lang='lat' dir='ltr'><strong>crederent;</strong></span> <span class='ocrx_word' id='word_1_504' title='bbox 1139 5099 1235 5156; x_wconf 87' lang='lat' dir='ltr'><strong>sed</strong></span> <span class='ocrx_word' id='word_1_505' title='bbox 1272 5096 1539 5154; x_wconf 88' lang='lat' dir='ltr'><strong>credendo</strong></span> <span class='ocrx_word' id='word_1_506' title='bbox 1568 5097 1859 5165; x_wconf 87' lang='lat' dir='ltr'><strong>justiticati,</strong></span> <span class='ocrx_word' id='word_1_507' title='bbox 1895 5097 2144 5167; x_wconf 85' lang='lat' dir='ltr'><strong>deinceps</strong></span> 
     </span>
    </p>
   </div>
   <div class='ocr_carea' id='block_1_69' title="bbox 562 5188 2141 5271">
    <p class='ocr_par' dir='ltr' id='par_1_69' title="bbox 562 5188 2141 5271">
     <span class='ocr_line' id='line_1_69' title="bbox 562 5188 2141 5271; baseline -0.009 -15"><span class='ocrx_word' id='word_1_508' title='bbox 562 5200 708 5271; x_wconf 86' lang='lat' dir='ltr'><strong>juste</strong></span> <span class='ocrx_word' id='word_1_509' title='bbox 731 5199 912 5253; x_wconf 85' lang='lat' dir='ltr'><strong>vivere</strong></span> <span class='ocrx_word' id='word_1_510' title='bbox 960 5197 1275 5266; x_wconf 87' lang='lat' dir='ltr'><strong>inciperent.</strong></span> <span class='ocrx_word' id='word_1_511' title='bbox 1328 5191 1438 5246; x_wconf 90' lang='lat' dir='ltr'><strong>Hoc</strong></span> <span class='ocrx_word' id='word_1_512' title='bbox 1490 5204 1617 5259; x_wconf 85' lang='lat' dir='ltr'><strong>ergo</strong></span> <span class='ocrx_word' id='word_1_513' title='bbox 1663 5188 1855 5244; x_wconf 87' lang='lat' dir='ltr'><strong>docere</strong></span> <span class='ocrx_word' id='word_1_514' title='bbox 1897 5188 2141 5253; x_wconf 90' lang='lat' dir='ltr'><strong>intendit,</strong></span> 
     </span>
    </p>
   </div>
   <div class='ocr_carea' id='block_1_70' title="bbox 566 5280 2142 5357">
    <p class='ocr_par' dir='ltr' id='par_1_70' title="bbox 566 5280 2142 5357">
     <span class='ocr_line' id='line_1_70' title="bbox 566 5280 2142 5357; baseline -0.008 -11"><span class='ocrx_word' id='word_1_515' title='bbox 566 5291 813 5346; x_wconf 90' lang='lat' dir='ltr'><strong>omnibus</strong></span> <span class='ocrx_word' id='word_1_516' title='bbox 862 5289 1073 5344; x_wconf 88' lang='lat' dir='ltr'><strong>venisse</strong></span> <span class='ocrx_word' id='word_1_517' title='bbox 1136 5285 1358 5357; x_wconf 87' lang='lat' dir='ltr'><strong>gratiam</strong></span> <span class='ocrx_word' id='word_1_518' title='bbox 1405 5281 1675 5352; x_wconf 86' lang='lat' dir='ltr'><strong>Evangelii</strong></span> <span class='ocrx_word' id='word_1_519' title='bbox 1721 5280 1931 5335; x_wconf 90' lang='lat' dir='ltr'><strong>Domini</strong></span> <span class='ocrx_word' id='word_1_520' title='bbox 1978 5280 2142 5336; x_wconf 90' lang='lat' dir='ltr'><strong>nostri</strong></span> 
     </span>
    </p>
   </div>
   <div class='ocr_carea' id='block_1_71' title="bbox 2243 4454 3825 4532">
    <p class='ocr_par' dir='ltr' id='par_1_71' title="bbox 2243 4454 3825 4532">
     <span class='ocr_line' id='line_1_71' title="bbox 2243 4454 3825 4532; baseline -0.001 -17"><span class='ocrx_word' id='word_1_521' title='bbox 2243 4460 2369 4516; x_wconf 87' lang='lat' dir='ltr'><strong>Jesu</strong></span> <span class='ocrx_word' id='word_1_522' title='bbox 2399 4460 2617 4517; x_wconf 89' lang='lat' dir='ltr'><strong>Christi.</strong></span> <span class='ocrx_word' id='word_1_523' title='bbox 2648 4461 2799 4529; x_wconf 89' lang='lat' dir='ltr'><strong>Quod</strong></span> <span class='ocrx_word' id='word_1_524' title='bbox 2846 4472 3122 4532; x_wconf 88' lang='lat' dir='ltr'><strong>propterea</strong></span> <span class='ocrx_word' id='word_1_525' title='bbox 3162 4463 3321 4518; x_wconf 89' lang='lat' dir='ltr'><strong>etiam</strong></span> <span class='ocrx_word' id='word_1_526' title='bbox 3370 4461 3593 4532; x_wconf 81' lang='lat' dir='ltr'><strong>gratiam</strong></span> <span class='ocrx_word' id='word_1_527' title='bbox 3642 4454 3825 4516; x_wconf 79' lang='lat' dir='ltr'><strong>vocari</strong></span> 
     </span>
    </p>
   </div>
   <div class='ocr_carea' id='block_1_72' title="bbox 2244 4552 3826 4623">
    <p class='ocr_par' dir='ltr' id='par_1_72' title="bbox 2244 4552 3826 4623">
     <span class='ocr_line' id='line_1_72' title="bbox 2244 4552 3826 4623; baseline -0.003 -14"><span class='ocrx_word' id='word_1_528' title='bbox 2244 4554 2498 4620; x_wconf 90' lang='lat' dir='ltr'><strong>ostendit,</strong></span> <span class='ocrx_word' id='word_1_529' title='bbox 2532 4554 2655 4623; x_wconf 90' lang='lat' dir='ltr'><strong>quia</strong></span> <span class='ocrx_word' id='word_1_530' title='bbox 2698 4568 2802 4607; x_wconf 92' lang='lat' dir='ltr'><strong>non</strong></span> <span class='ocrx_word' id='word_1_531' title='bbox 2842 4555 2991 4623; x_wconf 88' lang='lat' dir='ltr'><strong>quasi</strong></span> <span class='ocrx_word' id='word_1_532' title='bbox 3020 4554 3255 4609; x_wconf 89' lang='lat' dir='ltr'><strong>debitum</strong></span> <span class='ocrx_word' id='word_1_533' title='bbox 3296 4553 3504 4623; x_wconf 67' lang='lat' dir='ltr'><strong>justitta</strong></span> <span class='ocrx_word' id='word_1_534' title='bbox 3553 4552 3826 4608; x_wconf 86' lang='lat' dir='ltr'><strong>redditum</strong></span> 
     </span>
    </p>
   </div>
   <div class='ocr_carea' id='block_1_73' title="bbox 2245 4642 3823 4714">
    <p class='ocr_par' dir='ltr' id='par_1_73' title="bbox 2245 4642 3823 4714">
     <span class='ocr_line' id='line_1_73' title="bbox 2245 4642 3823 4714; baseline -0.001 -16"><span class='ocrx_word' id='word_1_535' title='bbox 2245 4654 2347 4710; x_wconf 90' lang='lat' dir='ltr'><strong>est,</strong></span> <span class='ocrx_word' id='word_1_536' title='bbox 2378 4643 2471 4699; x_wconf 89' lang='lat' dir='ltr'><strong>sed</strong></span> <span class='ocrx_word' id='word_1_537' title='bbox 2500 4644 2729 4714; x_wconf 87' lang='lat' dir='ltr'><strong>gratuito</strong></span> <span class='ocrx_word' id='word_1_538' title='bbox 2754 4643 2955 4697; x_wconf 90' lang='lat' dir='ltr'><strong>datum.</strong></span> <span class='ocrx_word' id='word_1_539' title='bbox 2981 4643 3267 4714; x_wconf 62' lang='lat' dir='ltr'><strong>Coeperant</strong></span> <span class='ocrx_word' id='word_1_540' title='bbox 3293 4644 3432 4698; x_wconf 92' lang='lat' dir='ltr'><strong>enim</strong></span> <span class='ocrx_word' id='word_1_541' title='bbox 3462 4645 3711 4698; x_wconf 86' lang='lat' dir='ltr'><strong>nonnulli</strong></span> <span class='ocrx_word' id='word_1_542' title='bbox 3734 4642 3823 4713; x_wconf 91' lang='lat' dir='ltr'><strong>qui</strong></span> 
     </span>
    </p>
   </div>
   <div class='ocr_carea' id='block_1_74' title="bbox 2245 4734 3833 4802">
    <p class='ocr_par' dir='ltr' id='par_1_74' title="bbox 2245 4734 3833 4802">
     <span class='ocr_line' id='line_1_74' title="bbox 2245 4734 3833 4802; baseline -0.002 -12"><span class='ocrx_word' id='word_1_543' title='bbox 2245 4752 2310 4790; x_wconf 79' lang='lat' dir='ltr'><strong>ex</strong></span> <span class='ocrx_word' id='word_1_544' title='bbox 2329 4736 2525 4790; x_wconf 73' lang='lat' dir='ltr'><strong>ludatis</strong></span> <span class='ocrx_word' id='word_1_545' title='bbox 2548 4735 2901 4802; x_wconf 83' lang='lat' dir='ltr'><strong>crediderant,</strong></span> <span class='ocrx_word' id='word_1_546' title='bbox 2922 4735 3229 4790; x_wconf 84' lang='lat' dir='ltr'><strong>tumultuari</strong></span> <span class='ocrx_word' id='word_1_547' title='bbox 3253 4734 3507 4791; x_wconf 86' lang='lat' dir='ltr'><strong>adversus</strong></span> <span class='ocrx_word' id='word_1_548' title='bbox 3522 4734 3755 4796; x_wconf 88' lang='lat' dir='ltr'><strong>Gentes,</strong></span> <span class='ocrx_word' id='word_1_549' title='bbox 3780 4742 3833 4788; x_wconf 87' lang='lat' dir='ltr'><strong>et</strong></span> 
     </span>
    </p>
   </div>
   <div class='ocr_carea' id='block_1_75' title="bbox 2246 4824 3833 4895">
    <p class='ocr_par' dir='ltr' id='par_1_75' title="bbox 2246 4824 3833 4895">
     <span class='ocr_line' id='line_1_75' title="bbox 2246 4824 3833 4895; baseline -0.004 -14"><span class='ocrx_word' id='word_1_550' title='bbox 2246 4826 2474 4881; x_wconf 78' lang='lat' dir='ltr'><strong>maxime</strong></span> <span class='ocrx_word' id='word_1_551' title='bbox 2498 4825 2750 4880; x_wconf 86' lang='lat' dir='ltr'><strong>adversus</strong></span> <span class='ocrx_word' id='word_1_552' title='bbox 2769 4827 3067 4894; x_wconf 86' lang='lat' dir='ltr'><strong>apostolum</strong></span> <span class='ocrx_word' id='word_1_553' title='bbox 3097 4825 3339 4891; x_wconf 87' lang='lat' dir='ltr'><strong>Paulum,</strong></span> <span class='ocrx_word' id='word_1_554' title='bbox 3370 4824 3511 4895; x_wconf 89' lang='lat' dir='ltr'><strong>quod</strong></span> <span class='ocrx_word' id='word_1_555' title='bbox 3542 4824 3833 4878; x_wconf 84' lang='lat' dir='ltr'><strong>incircum-</strong></span> 
     </span>
    </p>
   </div>
   <div class='ocr_carea' id='block_1_76' title="bbox 2246 4914 3834 4989">
    <p class='ocr_par' dir='ltr' id='par_1_76' title="bbox 2246 4914 3834 4989">
     <span class='ocr_line' id='line_1_76' title="bbox 2246 4914 3834 4989; baseline -0.003 -15"><span class='ocrx_word' id='word_1_556' title='bbox 2246 4920 2388 4974; x_wconf 90' lang='lat' dir='ltr'><strong>cisos</strong></span> <span class='ocrx_word' id='word_1_557' title='bbox 2412 4928 2465 4973; x_wconf 91' lang='lat' dir='ltr'><strong>et</strong></span> <span class='ocrx_word' id='word_1_558' title='bbox 2502 4918 2657 4989; x_wconf 83' lang='lat' dir='ltr'><strong>Legis</strong></span> <span class='ocrx_word' id='word_1_559' title='bbox 2690 4919 2886 4973; x_wconf 91' lang='lat' dir='ltr'><strong>veteris</strong></span> <span class='ocrx_word' id='word_1_560' title='bbox 2915 4918 3138 4973; x_wconf 85' lang='lat' dir='ltr'><strong>vinculis</strong></span> <span class='ocrx_word' id='word_1_561' title='bbox 3178 4919 3374 4974; x_wconf 88' lang='lat' dir='ltr'><strong>liberos</strong></span> <span class='ocrx_word' id='word_1_562' title='bbox 3411 4916 3741 4972; x_wconf 84' lang='lat' dir='ltr'><strong>admittebat</strong></span> <span class='ocrx_word' id='word_1_563' title='bbox 3768 4914 3834 4969; x_wconf 86' lang='lat' dir='ltr'><strong>ad</strong></span> 
     </span>
    </p>
   </div>
   <div class='ocr_carea' id='block_1_77' title="bbox 2248 5006 3834 5080">
    <p class='ocr_par' dir='ltr' id='par_1_77' title="bbox 2248 5006 3834 5080">
     <span class='ocr_line' id='line_1_77' title="bbox 2248 5006 3834 5080; baseline -0.004 -14"><span class='ocrx_word' id='word_1_564' title='bbox 2248 5010 2517 5080; x_wconf 87' lang='lat' dir='ltr'><strong>Evangelii</strong></span> <span class='ocrx_word' id='word_1_565' title='bbox 2543 5008 2787 5079; x_wconf 89' lang='lat' dir='ltr'><strong>gratiam,</strong></span> <span class='ocrx_word' id='word_1_566' title='bbox 2818 5008 3111 5078; x_wconf 66' lang='lat' dir='ltr'><strong>praedicans</strong></span> <span class='ocrx_word' id='word_1_567' title='bbox 3139 5009 3219 5063; x_wconf 90' lang='lat' dir='ltr'><strong>eis</strong></span> <span class='ocrx_word' id='word_1_568' title='bbox 3239 5019 3295 5063; x_wconf 91' lang='lat' dir='ltr'><strong>ut</strong></span> <span class='ocrx_word' id='word_1_569' title='bbox 3320 5009 3373 5063; x_wconf 92' lang='lat' dir='ltr'><strong>in</strong></span> <span class='ocrx_word' id='word_1_570' title='bbox 3401 5006 3682 5062; x_wconf 89' lang='lat' dir='ltr'><strong>Christum</strong></span> <span class='ocrx_word' id='word_1_571' title='bbox 3712 5022 3834 5061; x_wconf 86' lang='lat' dir='ltr'><strong>cre-</strong></span> 
     </span>
    </p>
   </div>
   <div class='ocr_carea' id='block_1_78' title="bbox 2247 5097 3834 5169">
    <p class='ocr_par' dir='ltr' id='par_1_78' title="bbox 2247 5097 3834 5169">
     <span class='ocr_line' id='line_1_78' title="bbox 2247 5097 3834 5169; baseline -0.004 -13"><span class='ocrx_word' id='word_1_572' title='bbox 2247 5100 2457 5165; x_wconf 91' lang='lat' dir='ltr'><strong>derent,</strong></span> <span class='ocrx_word' id='word_1_573' title='bbox 2487 5101 2632 5154; x_wconf 74' lang='lat' dir='ltr'><strong>nullo</strong></span> <span class='ocrx_word' id='word_1_574' title='bbox 2658 5099 2906 5169; x_wconf 90' lang='lat' dir='ltr'><strong>imposito</strong></span> <span class='ocrx_word' id='word_1_575' title='bbox 2944 5099 3175 5154; x_wconf 88' lang='lat' dir='ltr'><strong>carnalis</strong></span> <span class='ocrx_word' id='word_1_576' title='bbox 3215 5097 3646 5154; x_wconf 87' lang='lat' dir='ltr'><strong>circumcisionis</strong></span> <span class='ocrx_word' id='word_1_577' title='bbox 3682 5098 3834 5168; x_wconf 80' lang='lat' dir='ltr'><strong>jugo.</strong></span> 
     </span>
    </p>
   </div>
   <div class='ocr_carea' id='block_1_79' title="bbox 2248 5188 3839 5260">
    <p class='ocr_par' dir='ltr' id='par_1_79' title="bbox 2248 5188 3839 5260">
     <span class='ocr_line' id='line_1_79' title="bbox 2248 5188 3839 5260; baseline -0.003 -14"><span class='ocrx_word' id='word_1_578' title='bbox 2248 5190 2353 5246; x_wconf 90' lang='lat' dir='ltr'><strong>Sed</strong></span> <span class='ocrx_word' id='word_1_579' title='bbox 2379 5191 2532 5260; x_wconf 90' lang='lat' dir='ltr'><strong>plane</strong></span> <span class='ocrx_word' id='word_1_580' title='bbox 2556 5198 2699 5245; x_wconf 88' lang='lat' dir='ltr'><strong>tanta</strong></span> <span class='ocrx_word' id='word_1_581' title='bbox 2724 5189 3109 5257; x_wconf 82' lang='lat' dir='ltr'><strong>moderatione,</strong></span> <span class='ocrx_word' id='word_1_582' title='bbox 3140 5190 3215 5244; x_wconf 88' lang='lat' dir='ltr'><strong>uti</strong></span> <span class='ocrx_word' id='word_1_583' title='bbox 3260 5203 3359 5244; x_wconf 90' lang='lat' dir='ltr'><strong>nec</strong></span> <span class='ocrx_word' id='word_1_584' title='bbox 3390 5188 3610 5244; x_wconf 65' lang='lat' dir='ltr'><strong>Judatos</strong></span> <span class='ocrx_word' id='word_1_585' title='bbox 3643 5204 3839 5257; x_wconf 81' lang='lat' dir='ltr'><strong>super-</strong></span> 
     </span>
    </p>
   </div>
   <div class='ocr_carea' id='block_1_80' title="bbox 2249 5278 3840 5350">
    <p class='ocr_par' dir='ltr' id='par_1_80' title="bbox 2249 5278 3840 5350">
     <span class='ocr_line' id='line_1_80' title="bbox 2249 5278 3840 5350; baseline -0.001 -16"><span class='ocrx_word' id='word_1_586' title='bbox 2249 5281 2364 5335; x_wconf 88' lang='lat' dir='ltr'><strong>bire</strong></span> <span class='ocrx_word' id='word_1_587' title='bbox 2407 5279 2696 5349; x_wconf 86' lang='lat' dir='ltr'><strong>permittat,</strong></span> <span class='ocrx_word' id='word_1_588' title='bbox 2727 5286 2974 5350; x_wconf 90' lang='lat' dir='ltr'><strong>tanquam</strong></span> <span class='ocrx_word' id='word_1_589' title='bbox 3004 5278 3070 5335; x_wconf 91' lang='lat' dir='ltr'><strong>de</strong></span> <span class='ocrx_word' id='word_1_590' title='bbox 3117 5279 3321 5334; x_wconf 88' lang='lat' dir='ltr'><strong>meritis</strong></span> <span class='ocrx_word' id='word_1_591' title='bbox 3362 5293 3589 5348; x_wconf 88' lang='lat' dir='ltr'><strong>operum</strong></span> <span class='ocrx_word' id='word_1_592' title='bbox 3632 5278 3840 5350; x_wconf 89' lang='lat' dir='ltr'><strong>Legis;</strong></span> 
     </span>
    </p>
   </div>
   <div class='ocr_carea' id='block_1_81' title="bbox 1782 5384 2591 5423">
    <p class='ocr_par' dir='ltr' id='par_1_81' title="bbox 1782 5384 2591 5423">
     <span class='ocr_line' id='line_1_81' title="bbox 1782 5384 2591 5423; baseline 0 -3"><span class='ocrx_word' id='word_1_593' title='bbox 1782 5385 2036 5423; x_wconf 69' lang='lat' dir='ltr'><strong>ADIONITIO</strong></span> <span class='ocrx_word' id='word_1_594' title='bbox 2066 5388 2140 5421; x_wconf 67' lang='lat' dir='ltr'><strong>PP.</strong></span> <span class='ocrx_word' id='word_1_595' title='bbox 2170 5384 2591 5421; x_wconf 65' lang='lat' dir='ltr'><strong>BENEDICTINORUI.</strong></span> 
     </span>
    </p>
   </div>
   <div class='ocr_carea' id='block_1_82' title="bbox 624 5463 3847 5547">
    <p class='ocr_par' dir='ltr' id='par_1_82' title="bbox 624 5463 3847 5547">
     <span class='ocr_line' id='line_1_82' title="bbox 624 5463 3847 5547; baseline -0.003 -10"><span class='ocrx_word' id='word_1_596' title='bbox 624 5495 675 5537; x_wconf 86' lang='lat' dir='ltr'><strong>tn</strong></span> <span class='ocrx_word' id='word_1_597' title='bbox 696 5495 802 5539; x_wconf 72' lang='lat' dir='ltr'><strong>uss.</strong></span> <span class='ocrx_word' id='word_1_598' title='bbox 825 5488 1002 5540; x_wconf 80' lang='lat' dir='ltr'><strong>nostris</strong></span> <span class='ocrx_word' id='word_1_599' title='bbox 1021 5499 1118 5536; x_wconf 86' lang='lat' dir='ltr'><strong>non</strong></span> <span class='ocrx_word' id='word_1_600' title='bbox 1161 5490 1358 5547; x_wconf 83' lang='lat' dir='ltr'><strong>reperta</strong></span> <span class='ocrx_word' id='word_1_601' title='bbox 1380 5489 1457 5532; x_wconf 87' lang='lat' dir='ltr'><strong>est</strong></span> <span class='ocrx_word' id='word_1_602' title='bbox 1493 5480 1731 5544; x_wconf 65' lang='lat' dir='ltr'><strong>(praesens</strong></span> <span class='ocrx_word' id='word_1_603' title='bbox 1751 5478 2009 5542; x_wconf 82' lang='lat' dir='ltr'><strong>Expositio)</strong></span> <span class='ocrx_word' id='word_1_604' title='bbox 2034 5493 2047 5529; x_wconf 88' lang='lat'><strong>:</strong></span> <span class='ocrx_word' id='word_1_605' title='bbox 2072 5479 2164 5529; x_wconf 87' lang='lat' dir='ltr'><strong>sed</strong></span> <span class='ocrx_word' id='word_1_606' title='bbox 2201 5477 2365 5528; x_wconf 87' lang='lat' dir='ltr'><strong>multis</strong></span> <span class='ocrx_word' id='word_1_607' title='bbox 2385 5477 2574 5528; x_wconf 89' lang='lat' dir='ltr'><strong>mendis</strong></span> <span class='ocrx_word' id='word_1_608' title='bbox 2594 5482 2795 5541; x_wconf 84' lang='lat' dir='ltr'><strong>purgata</strong></span> <span class='ocrx_word' id='word_1_609' title='bbox 2810 5489 2937 5527; x_wconf 90' lang='lat' dir='ltr'><strong>nunc</strong></span> <span class='ocrx_word' id='word_1_610' title='bbox 2957 5474 3047 5527; x_wconf 79' lang='lat' dir='ltr'><strong>fuit</strong></span> <span class='ocrx_word' id='word_1_611' title='bbox 3067 5463 3161 5539; x_wconf 79' lang='lat' dir='ltr'><strong>ope</strong></span> <span class='ocrx_word' id='word_1_612' title='bbox 3182 5476 3489 5538; x_wconf 73' lang='lat' dir='ltr'><strong>manusa&#39;ipti</strong></span> <span class='ocrx_word' id='word_1_613' title='bbox 3508 5478 3769 5542; x_wconf 65' lang='lat' dir='ltr'><strong>Vatimm;</strong></span> <span class='ocrx_word' id='word_1_614' title='bbox 3795 5483 3847 5528; x_wconf 90' lang='lat' dir='ltr'><strong>et</strong></span> 
     </span>
    </p>
   </div>
   <div class='ocr_carea' id='block_1_83' title="bbox 564 5550 1609 5603">
    <p class='ocr_par' dir='ltr' id='par_1_83' title="bbox 564 5550 1609 5603">
     <span class='ocr_line' id='line_1_83' title="bbox 564 5550 1609 5603; baseline -0.011 0"><span class='ocrx_word' id='word_1_615' title='bbox 564 5553 809 5603; x_wconf 79' lang='lat' dir='ltr'><strong>:ecensita</strong></span> <span class='ocrx_word' id='word_1_616' title='bbox 828 5551 888 5600; x_wconf 87' lang='lat' dir='ltr'><strong>ad</strong></span> <span class='ocrx_word' id='word_1_617' title='bbox 906 5550 1146 5601; x_wconf 82' lang='lat' dir='ltr'><strong>editiones</strong></span> <span class='ocrx_word' id='word_1_618' title='bbox 1176 5556 1276 5597; x_wconf 79' lang='lat' dir='ltr'><strong>Am.</strong></span> <span class='ocrx_word' id='word_1_619' title='bbox 1310 5552 1384 5594; x_wconf 83' lang='lat' dir='ltr'><strong>Er.</strong></span> <span class='ocrx_word' id='word_1_620' title='bbox 1419 5552 1470 5595; x_wconf 91' lang='lat' dir='ltr'><strong>et</strong></span> <span class='ocrx_word' id='word_1_621' title='bbox 1501 5551 1609 5594; x_wconf 87' lang='lat' dir='ltr'><strong>Lov.</strong></span> 
     </span>
    </p>
   </div>
   <div class='ocr_carea' id='block_1_84' title="bbox 748 5620 3659 5714">
    <p class='ocr_par' dir='ltr' id='par_1_84' title="bbox 748 5620 3659 5714">
     <span class='ocr_line' id='line_1_84' title="bbox 748 5620 3659 5714; baseline -0.004 -19"><span class='ocrx_word' id='word_1_622' title='bbox 748 5633 1249 5714; x_wconf 78' lang='lat' dir='ltr'><strong>Comparaoimus</strong></span> <span class='ocrx_word' id='word_1_623' title='bbox 1270 5638 1564 5710; x_wconf 74' lang='lat' dir='ltr'><strong>prwterea</strong></span> <span class='ocrx_word' id='word_1_624' title='bbox 1593 5645 1689 5688; x_wconf 88' lang='lat' dir='ltr'><strong>eas</strong></span> <span class='ocrx_word' id='word_1_625' title='bbox 1720 5642 1919 5687; x_wconf 85' lang='lat' dir='ltr'><strong>omnes</strong></span> <span class='ocrx_word' id='word_1_626' title='bbox 1949 5623 2247 5686; x_wconf 82' lang='lat' dir='ltr'><strong>editiones</strong></span> <span class='ocrx_word' id='word_1_627' title='bbox 2278 5622 2465 5684; x_wconf 84' lang='lat' dir='ltr'><strong>initio</strong></span> <span class='ocrx_word' id='word_1_628' title='bbox 2496 5624 2667 5683; x_wconf 84' lang='lat' dir='ltr'><strong>Retr.</strong></span> <span class='ocrx_word' id='word_1_629' title='bbox 2688 5620 3053 5685; x_wconf 84' lang='lat' dir='ltr'><strong>etConfess.</strong></span> <span class='ocrx_word' id='word_1_630' title='bbox 3097 5627 3141 5682; x_wconf 86' lang='lat' dir='ltr'><strong>t.</strong></span> <span class='ocrx_word' id='word_1_631' title='bbox 3171 5621 3229 5695; x_wconf 90' lang='grc'><strong>1,</strong></span> <span class='ocrx_word' id='word_1_632' title='bbox 3259 5627 3659 5683; x_wconf 81' lang='lat' dir='ltr'><strong>memoratas.</strong></span> 
     </span>
    </p>
   </div>
   <div class='ocr_carea' id='block_1_85' title="bbox 631 5719 3423 5803">
    <p class='ocr_par' dir='ltr' id='par_1_85' title="bbox 631 5719 3423 5803">
     <span class='ocr_line' id='line_1_85' title="bbox 631 5719 3423 5803; baseline -0.004 -20"><span class='ocrx_word' id='word_1_633' title='bbox 631 5734 931 5803; x_wconf 3' lang='lat' dir='ltr'><strong>(a)pscriptns</strong></span> <span class='ocrx_word' id='word_1_634' title='bbox 953 5734 1144 5786; x_wconf 86' lang='lat' dir='ltr'><strong>circiter</strong></span> <span class='ocrx_word' id='word_1_635' title='bbox 1164 5732 1329 5783; x_wconf 79' lang='lat' dir='ltr'><strong>Christi</strong></span> <span class='ocrx_word' id='word_1_636' title='bbox 1355 5744 1527 5780; x_wconf 87' lang='lat' dir='ltr'><strong>annum</strong></span> <span class='ocrx_word' id='word_1_637' title='bbox 1545 5727 1654 5794; x_wconf 69' lang='grc' dir='ltr'><strong>ὅθι,</strong></span> <span class='ocrx_word' id='word_1_638' title='bbox 1680 5727 1861 5779; x_wconf 87' lang='lat' dir='ltr'><strong>scilicet</strong></span> <span class='ocrx_word' id='word_1_639' title='bbox 1882 5725 2138 5789; x_wconf 74' lang='lat' dir='ltr'><strong>Augustino</strong></span> <span class='ocrx_word' id='word_1_640' title='bbox 2161 5723 2314 5775; x_wconf 86' lang='lat' dir='ltr'><strong>adhuc</strong></span> <span class='ocrx_word' id='word_1_641' title='bbox 2336 5724 2639 5788; x_wconf 81' lang='lat' dir='ltr'><strong>presbytero,</strong></span> <span class='ocrx_word' id='word_1_642' title='bbox 2666 5736 2726 5775; x_wconf 76' lang='lat' dir='ltr'><strong>ex</strong></span> <span class='ocrx_word' id='word_1_643' title='bbox 2752 5728 2976 5784; x_wconf 55' lang='grc' dir='ltr'><strong>και-εει,</strong></span> <span class='ocrx_word' id='word_1_644' title='bbox 2997 5719 3083 5773; x_wconf 85' lang='lat' dir='ltr'><strong>lib.</strong></span> <span class='ocrx_word' id='word_1_645' title='bbox 3106 5723 3151 5785; x_wconf 84' lang='lat' dir='ltr'><strong>l,</strong></span> <span class='ocrx_word' id='word_1_646' title='bbox 3169 5735 3237 5774; x_wconf 87' lang='lat' dir='ltr'><strong>ec.</strong></span> <span class='ocrx_word' id='word_1_647' title='bbox 3256 5721 3423 5785; x_wconf 46' lang='grc' dir='ltr'><strong>πω,</strong></span> 
     </span>
    </p>
   </div>
  </div>
