4076 6542
283 458 425 517 1089
1216 490 1225 497 -
1520 458 1857 504 murimuri

282 567 385 610 nec
402 550 604 607 Gentes
627 544 817 602 merito
842 543 964 600 lidei
984 544 1238 599 adversus
1257 541 1468 598 Judaeos
1493 539 1686 605 inllari,
1715 535 1857 609 quod

283 643 387 715 ipsi
401 637 998 710 receperintChristum,
1028 650 1182 706 quem
1205 634 1282 689 illi
1305 633 1679 689 cruciﬁxerunt
1703 648 1718 683 :
1746 637 1862 683 tan-

284 751 444 806 quam
469 734 630 797 enim,
662 733 799 786 sicut
822 730 927 784 alio
954 729 1072 782 loco
1097 727 1244 793 dicit,
1272 742 1368 795 pro
1396 726 1512 795 ipso
1538 723 1763 778 Domino
1790 720 1861 775 le-

282 828 496 900 gatione
512 824 735 896 fungens
753 822 820 893 (ll
848 821 965 875 Cor.
991 837 1045 887 v,
1062 820 1174 889 ΞΟ),
1204 818 1303 872 hoc
1325 827 1424 884 cst,
1447 830 1543 886 pro
1570 814 1742 884 lapide
1760 828 1858 867 an-

282 917 694 993 gulari(Ephes.
744 931 802 982 n,
852 914 968 984 20),
1010 921 1290 980 utrumque
1340 908 1590 980 populum
1638 914 1746 961 tam
1791 919 1859 959 ex

282 1013 484 1070 Iudaeis
508 1027 666 1083 quam
707 1026 773 1065 ex
812 1008 1068 1064 Gentibus
1103 1003 1369 1060 connectit
1410 1004 1462 1057 in
1511 1000 1723 1058 Christo
1759 1015 1858 1070 per

282 1104 553 1160 vinculum
577 1101 777 1172 gratiae,
797 1100 1035 1169 utrisque
1049 1098 1294 1152 auferens
1318 1109 1531 1149 omnem
1555 1091 1859 1162 superbiam

284 1197 621 1259 meritorum,
652 1202 704 1249 et
730 1189 1097 1263 jnstilicandos
1135 1198 1387 1258 utrosque
1415 1202 1508 1257 per
1526 1185 1858 1255 disciplinam

282 1287 597 1343 humilitatis
622 1285 912 1339 associans.
1114 1346 1118 1349 ι

352 1381 409 1435 2.
451 1381 633 1449 Itaque
658 1378 944 1448 Epistulam
966 1377 1043 1432 sic
1062 1390 1282 1430 exorsus
1306 1381 1388 1429 est
1422 1391 1434 1428 :
1463 1371 1659 1426 Paulus
1688 1385 1860 1425 servus

282 1472 409 1527 Jesu
438 1470 626 1528 Christi
653 1480 853 1525 uocatus
896 1468 1172 1540 apostolus,
1212 1474 1499 1538 segregatus
1526 1464 1579 1517 in
1623 1461 1860 1532 Evange-

285 1564 412 1619 lium
441 1564 541 1618 Dei
576 1561 750 1634 (Rom.
795 1577 833 1630 ι,
864 1561 937 1631 1).
967 1560 1206 1615 Breviter
1243 1560 1298 1613 in
1325 1557 1533 1613 duobus
1556 1554 1733 1610 verbis
1760 1554 1860 1608 Ec-

284 1656 461 1710 clesiae
487 1653 794 1724 dignitatem
844 1668 875 1705 a
924 1651 1217 1722 Synagogae
1267 1656 1531 1705 vetustate
1580 1644 1856 1701 discernit.

286 1745 524 1800 Ecclesia
552 1744 744 1814 quippe
769 1758 836 1797 ex
862 1741 1138 1796 vocatione
1163 1740 1422 1811 appellata
1448 1747 1549 1803 est,
1582 1737 1857 1809 Synagoga

282 1853 414 1893 vero
446 1853 513 1903 ex
539 1836 964 1907 congregatione.
994 1833 1282 1889 Convocari
1322 1834 1463 1888 enim
1491 1831 1656 1902 magis
1693 1830 1865 1884 homi-

283 1929 442 1985 nibus
487 1929 748 1999 congruit,
779 1927 1087 1998 congregari
1119 1936 1294 1981 autem
1330 1926 1495 1996 magis
1538 1924 1856 1995 pecoribus:

285 2020 427 2074 unde
453 2034 641 2090 greges
673 2020 883 2094 proprie
908 2033 1162 2089 pecorum
1186 2018 1292 2073 dici
1316 2018 1510 2073 solent.
1550 2017 1860 2086 Quanquam

284 2125 413 2181 ergo
451 2110 715 2179 plerisque
751 2108 1141 2179 Scripturarum
1167 2108 1298 2164 locis
1323 2110 1438 2177 ipsa
1460 2107 1701 2163 Ecclesia
1728 2123 1858 2177 grex

283 2200 401 2268 Dei,
419 2209 475 2256 et
496 2202 633 2255 ovile
659 2201 773 2268 Dei,
792 2208 847 2255 et
874 2216 1034 2270 pecus
1059 2201 1154 2256 Dei
1182 2208 1432 2267 vocetur;
1460 2209 1635 2256 tamen
1661 2215 1780 2255 cum
1803 2200 1856 2254 in

281 2291 681 2361 comparatione
703 2292 945 2347 homines
975 2307 1164 2362 pecora
1194 2292 1459 2359 dicuntur,
1491 2291 1559 2346 ad
1579 2292 1741 2346 vitam
1762 2306 1860 2346 ve-

286 2390 454 2437 terem
484 2370 766 2453 pertinent.
809 2384 874 2438 Et
896 2393 1115 2453 apparet
1133 2382 1436 2453 hujusmodi
1459 2382 1724 2449 homines,
1753 2397 1860 2437 non

285 2473 407 2529 cibo
441 2474 780 2545 sempiterna:
804 2474 1062 2541 veritatis,
1104 2473 1199 2530 sed
1238 2473 1605 2543 temporalium
1634 2473 1862 2542 promis-

285 2564 496 2619 sionum
520 2573 766 2634 tanquam
796 2574 1006 2621 terreno
1032 2565 1222 2635 pabulo
1250 2580 1369 2620 esse
1390 2572 1689 2620 contentos.
1720 2563 1863 2618 Pau-

286 2657 365 2713 lus
393 2673 523 2728 ergo
552 2674 719 2715 servus
740 2658 922 2713 Christi
944 2657 1068 2713 Jesu
1091 2669 1291 2713 vocatus
1321 2667 1403 2713 est
1427 2658 1722 2728 apostolus;
1746 2670 1863 2726 qua:

284 2750 493 2805 vocatio
518 2750 664 2805 illum
684 2750 949 2820 cooptavit
976 2747 1251 2806 Ecclesiae.
1297 2748 1367 2803 In
1411 2748 1739 2819 Evangelium
1767 2763 1864 2803 au-

284 2850 393 2897 tem
428 2840 530 2922 De}
553 2850 839 2913 segregatus
871 2850 979 2908 est;
1016 2841 1157 2897 unde
1182 2840 1285 2895 nisi
1304 2855 1333 2894 a
1353 2855 1515 2910 grege
1541 2840 1860 2911 Synagogte,

285 2932 331 2987 si
351 2932 636 2987 verborum
682 2932 965 2987 latinorum
1012 2931 1323 3003 signiﬁcatio
1366 2932 1512 2986 omni
1547 2929 1707 2987 modo
1740 2944 1862 2985 cum

284 3038 461 3094 graeca
484 3023 917 3094 interpretatione
941 3023 1263 3079 concordat?

358 3118 419 3172 5.
459 3116 602 3172 Sane
646 3116 990 3189 Evangelium
1017 3117 1130 3183 Dei,
1166 3117 1218 3171 in
1256 3116 1399 3186 quod
1437 3124 1765 3187 segregatum
1807 3131 1867 3172 se

287 3220 409 3262 esse
436 3218 841 3273 commemorat,
867 3206 1205 3262 commendat
1233 3207 1546 3262 auctoritate
1571 3206 1865 3276 Propheta-

287 3313 407 3353 rum
439 3315 453 3351 :
485 3307 544 3353 ut
567 3300 815 3370 quoniam
841 3299 1120 3356 credentes
1143 3298 1428 3366 Christum,
1452 3301 1505 3354 in
1526 3314 1748 3371 quorum
1769 3316 1869 3354 nu-

292 3404 502 3444 merum
530 3399 751 3444 vocatus
784 3400 885 3459 est,
910 3390 1107 3446 Judaeis
1127 3399 1506 3461 praeposuerat,
1537 3406 1566 3443 a
1596 3391 1786 3460 quibus
1809 3406 1868 3447 se

288 3479 497 3537 dixerat
520 3489 874 3552 segregatum,
901 3481 1099 3538 Gentes
1122 3497 1306 3537 rursus
1326 3483 1435 3552 jam
1463 3496 1567 3537 non
1594 3482 1869 3551 superbire

290 3570 597 3626 admoneat.
646 3572 918 3642 Siquidem
963 3573 1030 3627 dc
1060 3574 1257 3643 populo
1302 3571 1609 3628 Judaeorum
1657 3572 1868 3628 fuerunt

289 3663 599 3733 Prophetas,
623 3680 716 3735 per
739 3679 872 3734 quos
899 3665 1264 3735 Evangelium,
1293 3665 1444 3735 cujus
1466 3664 1570 3725 ﬁde
1588 3665 1867 3721 credentes

287 3754 666 3827 justiﬁeantur,
716 3765 841 3812 ante
886 3756 1205 3826 promissum
1232 3771 1351 3812 esse
1383 3764 1611 3814 testatur
1641 3774 1655 3811 :
1686 3757 1872 3829 Segre-

290 3855 439 3916 gatus
493 3845 659 3912 enim,
702 3845 888 3915 inquit,
936 3847 988 3900 in
1040 3846 1376 3919 Evangelium
1429 3845 1547 3917 Dei,
1579 3846 1714 3918 quod
1755 3855 1871 3903 ante

293 3939 594 4006 promiserat
623 3955 711 4009 per
755 3937 1038 4007 Prophetas
1082 3955 1199 3994 suos
1238 3939 1411 4010 (Rom.
1456 3955 1494 4007 ι,
1547 3940 1600 4008 1,
1626 3939 1705 4009 2).
1735 3939 1874 3995 Fue-

292 4029 585 4086 runt'enim
627 4040 682 4085 et
720 4031 993 4101 prophetae
1017 4047 1124 4087 non
1170 4033 1355 4103 ipsius,
1395 4032 1450 4087 in
1482 4032 1673 4103 quibus
1712 4032 1874 4088 etiam

295 4122 474 4193 aliqua
502 4121 846 4177 inveniuntur
874 4137 993 4193 quae
1017 4122 1083 4178 de
1108 4121 1320 4178 Christo
1343 4123 1518 4178 audita
1543 4123 1870 4189 cecinerunt,

295 4212 432 4266 sicut
451 4211 616 4268 etiam
646 4212 714 4267 de
734 4212 933 4284 Sybilla
959 4213 1154 4268 dicitur
1184 4232 1197 4267 :
1220 4214 1363 4284 quod
1389 4230 1493 4269 non
1521 4215 1676 4271 facile
1700 4214 1879 4270 crede-

296 4318 432 4368 rem,
481 4303 582 4359 nisi
612 4304 752 4375 quod
781 4313 1056 4375 poetarum
1083 4304 1300 4374 quidam
1338 4305 1391 4359 in
1418 4305 1656 4360 Romana
1696 4305 1875 4376 lingua

298 4393 661 4449 nobilissimus
690 4403 973 4464 antequam
998 4393 1205 4449 diceret
1229 4409 1291 4449 ea
1317 4393 1387 4449 de
1416 4394 1753 4451 innovatione
1772 4410 1876 4450 sae-

305 4486 433 4551 culi,
461 4501 582 4556 quae
609 4485 661 4539 in
690 4484 896 4539 Domini
925 4485 1092 4539 nostri
1118 4483 1245 4539 Jesu
1268 4482 1466 4539 Christi
1501 4500 1721 4556 regnum
1751 4485 1879 4540 satis

300 4577 588 4633 concinere
607 4584 661 4633 et
686 4578 971 4633 convenire
992 4575 1293 4645 videantur,
1328 4577 1616 4647 praeposuit
1645 4591 1875 4643 versum,

298 4670 482 4726 dicens
514 4687 529 4724 :

483 4759 656 4812 Ultima
674 4761 838 4812 Cumei
852 4762 953 4825 jam
973 4760 1346 4825 venitur-minis
1368 4768 1501 4825 aetas.

1038 4822 1198 4888 (Virg;
1220 4822 1376 4889 Eclog.
1398 4823 1448 4885 4,
1463 4836 1507 4874 υ.
1529 4822 1602 4888 4.)
1634 4822 1645 4841 '

300 4907 579 4963 Cenaeum
600 4913 778 4961 autem
801 4920 1016 4961 carmen
1041 4905 1355 4977 Sibyllinum
1388 4922 1507 4961 esse
1541 4920 1699 4961 nemo
1726 4902 1882 4960 dubi—

302 4999 518 5053 laverit.
541 4997 724 5053 Sciens
748 5012 875 5069 ergo
898 4999 1183 5068 Apostolus
1205 5013 1267 5054 ea
1286 4999 1338 5053 in
1364 4998 1508 5052 libris
1530 4997 1776 5053 Gentium
1804 4999 1885 5053 in-

303 5093 475 5146 veniri
514 5091 816 5146 testimonia
860 5090 1138 5156 veritatis,
1188 5106 1307 5161 qua:
1355 5090 1515 5145 etiam
1561 5091 1612 5144 in
1665 5090 1885 5144 Actibus

306 5182 690 5251 Apostolorum
737 5182 956 5251 loquens
1006 5180 1416 5236 Atheniensibus
1456 5180 1884 5235 manifestissime

307 5273 546 5328 ostendit
565 5273 701 5343 (Act.
731 5289 859 5340 xvn,
893 5272 1008 5344 28),
1042 5288 1149 5326 non
1173 5274 1342 5327 solum
1365 5274 1455 5339 ait,
1484 5288 1573 5342 per
1601 5271 1888 5342 Prophetas

309 5380 449 5429 suos,
482 5379 552 5418 ne
575 5364 693 5434 quis
719 5379 749 5418 a
780 5363 1255 5434 pseudopmphetis
1280 5379 1376 5433 per
1404 5363 1659 5433 quasdam
1694 5363 1888 5417 verita-

311 5458 381 5512 tis
417 5456 784 5513 confessiones
819 5458 872 5512 in
899 5458 1126 5528 aliquam
1152 5457 1477 5528 impietatem
1504 5457 1884 5522 seduceretur;

310 5547 407 5604 sed
436 5548 642 5603 addidit
666 5549 847 5617 etiam,
868 5549 923 5603 in
946 5549 1223 5619 Scripturis
1247 5551 1433 5605 sanctis
1458 5566 1476 5603 :
1493 5550 1676 5604 volens
1707 5551 1889 5620 utique

311 5643 601 5700 ostendere
628 5643 831 5699 litteras
872 5643 1120 5699 Gentium
1159 5644 1536 5714 superstitiosa:
1582 5642 1893 5698 idololatriae

312 5735 674 5806 plenissimas,
706 5751 812 5791 non
851 5735 971 5791 ideo
1007 5746 1218 5791 sanctas
1240 5735 1424 5792 haberi
1454 5743 1724 5805 oportere,
1769 5735 1892 5805 quia

313 5826 374 5885 in
400 5828 482 5884 eis
509 5827 707 5898 aliquid
731 5828 871 5899 quod
895 5828 963 5884 ad
988 5827 1260 5885 Christum
1283 5829 1517 5901 pertinet
1546 5829 1833 5884 invenitur.

385 5920 445 5977 4.
481 5919 643 5978 Etne
662 5920 942 5992 quisquam
965 5922 1122 5977 etiam
1165 5923 1449 5995 prophetas
1478 5923 1686 5996 aliquos
1713 5937 1891 5980 remo-

530 6010 791 6095 ;Sanc'r.
830 6013 1111 6080 Ausus'r.
1142 6014 1254 6078 III.
1684 6038 1690 6045 υ

1520 443 1868 504 INCHOATA
1904 440 2284 500 EXPOSITIO.

3400 449 3543 510 2090

1968 544 2052 591 tos
2075 545 2234 607 atque
2271 536 2473 593 alienos
2501 551 2531 591 a
2570 546 2727 608 gente
2752 537 3055 595 Iudaeorum
3089 539 3227 598 forte
3251 543 3533 612 proferret,

1967 627 2020 681 in
2047 628 2237 697 quibus
2262 631 2433 685 nullus
2464 630 2866 687 simulacrorum
2901 633 3071 689 cultus
3092 642 3256 701 esset,
3278 647 3533 704 quanrum

1965 718 2153 772 attinet
2191 719 2258 772 ad
2296 721 2577 775 simulacra
2607 737 2727 792 quae
2767 722 2992 777 humana
3021 736 3269 790 aperatur
3306 741 3537 779 manus:

1966 823 2088 861 nam
2148 809 2441 864 simulacris
2491 812 2916 880 phantasmatum
2969 829 3190 868 suorum
3241 826 3530 868 sectamrm

1966 913 2089 954 suos
2109 900 2282 954 omnis
2298 916 2449 961 error
2470 902 2639 957 illudit
2670 921 2683 956 :
2714 921 2780 959 ne
2806 909 2925 975 quis
2948 915 3125 960 tamen
3147 908 3321 976 aliqua
3351 906 3532 975 hujus~

1965 990 2109 1045 modi
2138 990 2433 1060 proferens,
2458 994 2579 1063 quia
2628 995 2698 1049 ibi
2725 996 2918 1050 Christi
2946 1012 3140 1052 nomen
3164 1007 3415 1060 ostentat,
3441 1014 3535 1053 eas

1966 1082 2143 1151 potius
2168 1093 2378 1139 sanctas
2418 1084 2715 1153 Seripturas
2744 1104 2861 1142 esse
2886 1099 3108 1153 asserat,
3151 1108 3255 1143 non
3299 1107 3388 1145 eas
3417 1106 3535 1160 quae

1965 1174 2161 1244 populo
2182 1174 2528 1231 Hebraiorum
2558 1187 2681 1234 sunt
2704 1178 2954 1235 divinitus
3002 1181 3244 1247 creilitte,
3273 1184 3401 1237 satis
3430 1198 3529 1251 op-

1966 1277 2192 1336 portune
2237 1270 2368 1323 mihi
2422 1270 2629 1325 videtur
2673 1272 2979 1341 adjungere,
3033 1289 3152 1328 cum
3190 1275 3432 1341 dixisset,
3481 1277 3536 1329 in

1968 1359 2247 1431 Scripturis
2288 1363 2494 1426 sanctis,
2524 1363 2662 1432 quod
2711 1364 2923 1433 adjecit,
2953 1364 3015 1419 de
3041 1363 3178 1419 Filio
3205 1382 3316 1430 suo,
3347 1367 3433 1435 qui
3460 1369 3542 1435 fa-

1966 1459 2073 1505 ctus
2102 1461 2175 1505 est
2203 1453 2249 1506 ei
2292 1469 2353 1507 ex
2381 1453 2566 1507 semine
2599 1452 2781 1523 David,
2825 1457 3099 1509 secundum
3135 1473 3335 1511 carnem
3360 1456 3540 1524 (Rom.

1966 1557 2003 1607 ι,
2037 1542 2115 1612 ὅ).
2146 1541 2311 1598 David
2334 1545 2475 1599 enim
2496 1553 2640 1599 certe
2660 1560 2756 1599 rex
2779 1544 3083 1599 Judteorum
3111 1544 3228 1601 fuit.
3247 1544 3543 1615 Oportebat

1967 1641 2142 1686 autem
2165 1641 2221 1687 ut
2235 1649 2301 1688 ex
2325 1634 2414 1688 illa
2435 1643 2590 1705 gente
2611 1636 2878 1689 orirentur
2893 1635 3087 1690 Christi
3104 1635 3543 1705 praenuntiatores

1966 1726 2265 1797 PrOphetre,
2316 1742 2380 1783 ex
2427 1743 2528 1798 qua
2558 1736 2715 1798 gente
2753 1742 2969 1782 carnem
3014 1736 3382 1797 assumpturus
3427 1732 3545 1782 erat

1966 1834 2124 1887 quem
2152 1820 2597 1889 praenuntiabant.
2619 1818 3017 1875 Occurrendum
3046 1828 3222 1874 autem
3244 1827 3358 1873 erat
3383 1818 3541 1895 etiam

1968 1909 2178 1964 illorum
2206 1910 2483 1980 impietati,
2503 1911 2590 1980 qui
2617 1911 2897 1967 Dominum
2915 1921 3156 1966 nostrum
3177 1910 3358 1965 Jesum
3377 1906 3543 1964 Chri-

1969 2007 2107 2054 stum
2132 2001 2423 2056 secundum
2451 2001 2722 2056 hominem
2750 2001 3138 2068 tantummodo,
3176 2016 3334 2071 quem
3362 2010 3548 2055 susce-

1968 2091 2063 2161 pit,
2097 2092 2394 2163 accipiunt;
2431 2093 2763 2148 divinitatem
2788 2101 2967 2149 autem
2999 2094 3056 2148 in
3093 2108 3159 2147 eo
3188 2108 3298 2147 non
3336 2090 3546 2147 intelli-

1966 2193 2091 2252 gunt
2119 2182 2184 2236 ab
2214 2184 2474 2238 universae
2502 2193 2762 2239 creatura:
2785 2184 3168 2239 communione
3203 2182 3491 2239 discretam
3518 2198 3536 2236 :

1965 2272 2109 2327 velut
2135 2272 2233 2342 ipsi
2259 2272 2449 2340 Judaei,
2487 2274 2576 2343 qui
2615 2273 2887 2328 Christum
2915 2274 3079 2328 lilium
3121 2273 3287 2327 David
3315 2279 3547 2327 tantum-

1967 2362 2124 2418 modo
2172 2377 2290 2418 esse
2332 2364 2635 2433 opinantur,
2679 2364 2985 2433 ignorantes
3027 2364 3401 2419 excellentiam
3440 2377 3547 2433 qua

1967 2453 2220 2508 Dominus
2248 2463 2331 2509 est
2358 2456 2520 2525 ipsius
2548 2454 2732 2521 David,
2759 2454 3048 2510 secundum
3085 2454 3137 2509 id
3162 2454 3306 2525 quod
3335 2462 3419 2510 est
3457 2452 3550 2509 Fi-

1960 2544 2069 2600 lius
2096 2546 2209 2601 Dei.
2244 2545 2398 2601 Unde
2435 2547 2554 2601 illos
2582 2547 2636 2600 in
2659 2547 2947 2617 Evangelio
2975 2545 3248 2616 redarguit
3286 2561 3382 2616 per
3408 2560 3541 2615 pro-

1967 2637 2223 2707 phetiam,
2252 2654 2369 2709 quae
2408 2639 2574 2708 ipsius
2623 2639 2788 2693 David
2827 2654 2922 2695 ore
2948 2638 3151 2709 prolata
3192 2648 3296 2695 est.
3342 2638 3549 2707 Quaerit

1967 2730 2108 2783 enim
2151 2728 2217 2783 ab
2241 2731 2339 2797 eis,
2393 2744 2551 2800 quem
2598 2730 2712 2799 ipse
2763 2730 2929 2786 David
2978 2731 3260 2786 Dominum
3289 2730 3545 2800 appellat,

1967 2820 2232 2891 quomodo
2258 2821 2397 2875 ﬁlius
2419 2822 2536 2890 ejus
2562 2822 2629 2876 sit
2649 2818 2860 2892 (Matth.
2890 2838 3018 2889 xm,
3046 2822 3235 2894 42—45.)
3265 2838 3281 2875 :
3310 2824 3397 2878 cui
3432 2822 3536 2879 de-

1966 2911 2156 2967 berent
2184 2913 2361 2982 utique
2384 2913 2709 2982 respondere
2730 2913 2873 2984 quod
2906 2912 3197 2969 secundum
3236 2928 3453 2968 carnem
3483 2909 3547 2967 li-

1966 3001 2070 3057 lius
2096 3011 2238 3059 eSSet
2267 3003 2452 3071 David,
2485 3004 2781 3059 secundum
2808 3004 3142 3059 divinitatem
3170 3013 3351 3060 autem
3376 3004 3542 3060 Filius

1969 3093 2065 3149 Dei
2089 3106 2145 3149 et
2170 3093 2427 3150 Dominus
2447 3095 2612 3165 ipsius
2645 3095 2829 3149 David.
2853 3095 3005 3163 Quod
3031 3096 3227 3151 Paulus
3264 3096 3541 3166 apostolus

1970 3184 2093 3253 quia
2112 3184 2222 3255 jam
2247 3184 2525 3251 didicerat,
2574 3194 2916 3255 posteaquam
2938 3186 3089 3253 dixit,
3130 3186 3184 3240 in
3212 3184 3544 3258 Euangelium

1969 3275 2088 3345 Dei,
2115 3277 2249 3347 quod
2276 3287 2392 3332 ante
2429 3279 2725 3348 promiserat
2756 3294 2844 3347 per
2871 3270 3156 3350 Prophetas
3188 3297 3306 3335 suos
3334 3280 3387 3334 in
3407 3280 3553 3336 Scri-

1972 3367 2134 3438 pturis
2162 3369 2349 3422 sanctis
2387 3368 2449 3422 de
2482 3367 2617 3422 Filio
2644 3386 2759 3438 suo,
2790 3370 2875 3441 qui
2904 3374 3068 3441 factus
3117 3379 3190 3424 est
3216 3371 3261 3425 ei
3284 3387 3345 3424 ex
3366 3371 3555 3426 semine

1970 3459 2159 3527 David,
2202 3460 2425 3526 addidit,
2459 3463 2730 3517 secundum
2775 3480 2978 3518 carnem
3006 3480 3026 3518 :
3052 3480 3119 3520 ne
3158 3464 3263 3520 hoc
3299 3465 3471 3521 solum
3497 3473 3554 3522 et

1974 3557 2142 3605 totum
2172 3551 2224 3605 in
2244 3548 2457 3607 Christo
2483 3568 2603 3608 esse
2626 3554 3029 3623 arbitrarentur,
3064 3555 3205 3625 quod
3230 3555 3401 3611 factus
3436 3566 3554 3612 erat

1973 3641 2265 3696 secundum
2289 3659 2524 3699 carnem.
2552 3644 2811 3699 Addendo
2836 3660 2984 3715 ergo,
3020 3646 3294 3699 secundant
3325 3663 3550 3714 carnem,

1974 3735 2203 3787 servavit
2225 3733 2484 3788 divinitati
2524 3734 2833 3804 dignitatem
2874 3751 3044 3791 suam.
3073 3737 3202 3803 Quae
3237 3752 3345 3791 non
3370 3737 3549 3793 solum

1974 3824 2163 3880 semini
2184 3824 2369 3891 David,
2397 3825 2493 3881 sed
2526 3841 2626 3881 nec
2650 3826 2805 3881 alicui
2828 3827 3079 3897 angelicae
3098 3836 3189 3882 aut
3211 3827 3443 3898 cujusvis
3459 3843 3557 3885 ex-

1976 3915 2369 3971 cellentissiman.
2432 3927 2690 3972 creaturae
2734 3918 3067 3987 generationi
3136 3918 3296 3975 tribui
3341 3927 3552 3989 potest;

1977 4004 2402 4075 quandoquidem
2426 4006 2596 4075 ipsum
2616 4016 2701 4062 est
2727 4007 2959 4063 Verbum
2984 4009 3103 4077 Dei,
3136 4024 3231 4080 per
3251 4009 3390 4079 quod
3414 4009 3553 4066 facta

1978 4107 2102 4153 sunt
2130 4100 2327 4153 omnia.
2352 4099 2503 4168 Quod
2530 4099 2779 4155 Verbum
2800 4116 2861 4155 ex
2892 4101 3096 4155 semine
3128 4102 3296 4156 David
3326 4117 3451 4157 caro
3478 4103 3556 4156 fa-

1982 4197 2126 4245 ctum
2157 4200 2259 4255 est,
2304 4198 2360 4246 et
2391 4190 2643 4245 habitavit
2673 4192 2727 4245 in
2771 4192 2924 4246 nobis
2951 4191 3128 4261 (Joan.
3171 4209 3210 4260 ι,
3258 4196 3310 4259 1,
3339 4192 3393 4259 5,
3427 4192 3543 4265 M),

1982 4297 2092 4338 non
2139 4292 2401 4337 mutatum
2440 4291 2495 4337 et
2521 4297 2834 4339 conversum
2875 4285 2928 4338 in
2967 4299 3215 4349 carnem;
3248 4285 3341 4339 sed
3386 4299 3548 4340 carne

1984 4382 2041 4429 ut
2068 4374 2368 4429 carnalibus
2411 4385 2771 4445 congruenter
2807 4386 3085 4447 appareret
3129 4376 3389 4432 indutum.
3412 4377 3557 4445 Qua-

1984 4476 2203 4535 propter
2229 4465 2516 4537 Apostolus
2562 4481 2665 4521 non
2694 4466 2868 4520 solum
2889 4482 2955 4522 eo
2977 4467 3138 4522 verbo
3165 4467 3309 4539 quod
3347 4467 3439 4533 ait,
3470 4484 3555 4522 se-

1985 4558 2204 4612 cundum
2232 4573 2454 4621 carnem,
2486 4558 2864 4612 humanitatem
2905 4574 2935 4612 a
2964 4558 3237 4614 divinitate
3279 4558 3551 4625 distinxit;

1988 4647 2083 4703 sed
2113 4647 2272 4701 etiam
2298 4647 2388 4701 illo
2408 4664 2512 4717 quo
2535 4649 2627 4711 ait,
2651 4650 2815 4716 [actus
2854 4659 2945 4703 est.
2977 4649 3093 4705 Non
3118 4660 3198 4707 est
3219 4650 3361 4705 enim
3386 4648 3559 4704 factus

1996 4738 2289 4795 secundum
2319 4738 2379 4811 id
2396 4740 2533 4808 quod
2559 4740 2790 4797 Verbum
2822 4742 2916 4797 Dei
2952 4751 3052 4803 est.
3071 4742 3256 4797 Omnia
3292 4742 3432 4796 enim
3469 4756 3565 4811 per

1994 4831 2167 4899 ipsum
2199 4828 2333 4883 facta
2360 4806 2523 4896 sunt;
2564 4846 2662 4886 nec
2690 4831 2802 4886 ﬁeri
2836 4848 2956 4888 cum
2982 4834 3227 4888 omnibus
3257 4842 3435 4903 posset
3471 4848 3567 4902 per

1989 4935 2150 4990 quem
2177 4919 2311 4974 facta
2338 4929 2459 4974 sunt
2484 4921 2683 4976 omnia.
2713 4921 2897 4993 Neque
2920 4933 3042 4978 ante
3069 4924 3245 4979 omnia
3272 4922 3441 4978 factus
3461 4931 3565 4991 est,

1990 5021 2045 5067 ut
2073 5026 2166 5081 per
2212 5011 2382 5080 ipsum
2415 5011 2602 5066 ﬁerent
2643 5015 2819 5069 omnia
2860 5015 3019 5084 :ipso
3061 5016 3203 5070 enim
3247 5024 3488 5086 excepto,
3517 5014 3569 5070 si

1990 5111 2117 5158 ante
2143 5102 2227 5157 illa
2252 5102 2363 5172 jam
2401 5101 2570 5159 factus
2593 5114 2756 5172 esset,
2778 5121 2883 5161 non
2914 5115 3094 5161 essent
3131 5107 3218 5162 illa
3242 5108 3418 5163 omnia
3445 5124 3566 5178 qua:

1994 5212 2088 5267 per
2123 5195 2268 5249 illum
2304 5196 2526 5261 ﬁerent;
2557 5213 2655 5253 nec
2686 5208 2900 5268 possent
2920 5215 3044 5256 vere
3084 5200 3188 5256 dici
3225 5200 3363 5256 facta
3390 5204 3572 5260 omnia

1995 5301 2091 5357 per
2116 5287 2307 5355 ipsum,
2334 5286 2389 5341 in
2417 5288 2608 5358 quibus
2636 5288 2748 5359 ipse
2775 5305 2880 5344 non
2905 5298 3066 5358 esset,
3095 5293 3139 5345 si
3171 5291 3285 5362 ipse
3308 5293 3468 5348 etiam
3492 5293 3571 5349 fa-

1997 5384 2113 5432 ctus
2158 5385 2318 5431 esset.
2350 5377 2420 5432 Et
2461 5378 2581 5433 ideo
2627 5379 2914 5449 Apostolus
2957 5396 3076 5435 cum
3122 5379 3323 5437 factum
3368 5382 3573 5441 diceret

1998 5470 2287 5538 Christum,
2315 5471 2534 5539 addidit,
2585 5472 2861 5526 secundum
2897 5491 3134 5541 carnem;
3177 5483 3235 5531 ut
3279 5476 3575 5532 secundum

2000 5561 2235 5618 Verbum
2261 5564 2401 5633 quod
2430 5573 2513 5619 est
2538 5564 2703 5620 Filius
2733 5565 2847 5635 Dei,
2878 5581 2986 5622 non
3024 5566 3221 5623 factum
3250 5583 3283 5624 a
3311 5567 3446 5643 Deo,
3479 5567 3576 5625 sed

2001 5666 2181 5712 natum
2209 5672 2327 5712 esse
2355 5665 2692 5713 monstraret.

2075 5749 2129 5804 5.
2170 5748 2428 5804 Eumdem
2480 5764 2607 5804 sane
2650 5749 2822 5819 ipsum
2847 5751 2935 5820 qui
2959 5750 3235 5806 secundum
3271 5766 3472 5816 canum
3496 5756 3579 5824 [a-

2006 5852 2112 5896 ctus
2139 5853 2209 5895 est
2248 5859 2309 5896 ex
2347 5842 2531 5895 sentiae
2573 5840 2753 5911 David,
2783 5843 3194 5913 prwdestinatum
3229 5844 3360 5901 dicit
3390 5842 3581 5899 Filium

2007 5936 2127 6009 Dei,
2149 5937 2201 5991 in
2225 5937 2403 5997 virtu-ts
2424 5955 2443 5998 ε
2465 5952 2576 5997 ι)ου
2606 5937 2897 5994 secundum
2923 5955 3160 6003 carnem,
3191 5939 3279 5996 sed
3302 5936 3582 5999 secundum

2641 6016 3182 6097 {Soixante-six-J
