4048 6468
563 407 702 468 209!

567 525 856 596 Spiritum;
883 533 984 578 nec
1005 521 1294 593 quemlibet
1329 519 1593 589 Spiritum,
1621 517 1714 573 sed
1745 517 1991 588 Spiritum
2014 531 2131 568 san—

565 619 882 690 ctiﬁcationis
922 635 987 674 ea:
1029 617 1386 671 resurrectione
1427 623 1736 668 mortuorum
1771 611 1942 682 (Rom.
1985 627 2025 676 ι,
2055 609 2133 680 4).

563 711 622 768 1η
653 711 1040 768 resurrectione
1058 709 1198 764 enim
1223 709 1389 762 virtus
1415 705 1691 760 morientis
1719 712 1960 773 apparet,
1979 711 2034 756 ut
2054 699 2134 754 di-

563 811 782 860 ceretur
811 800 1194 873 prwdestinatus
1235 799 1286 852 in
1329 799 1508 851 virtute
1561 795 1834 850 secundum
1889 793 2138 864 Spiritum

563 893 982 958 sanctiﬁcationis
1031 909 1094 948 ea:
1147 890 1512 946 resurrectione
1555 897 1888 942 mortuorum.
1939 883 2138 939 Deinde

563 987 913 1045 sanctiﬁcatio
933 985 1092 1038 vitam
1115 997 1307 1038 novam
1333 981 1456 1035 fecit
1475 981 1492 1011 ί
1521 995 1638 1050 qum
1665 979 1720 1032 in
1743 977 1950 1030 Domini
1973 974 2139 1028 nostri

561 1077 952 1136 resurrectione
989 1077 1194 1147 signata
1224 1083 1324 1130 est.
1353 1073 1505 1130 Unde
1545 1071 1685 1126 idem
1732 1069 2002 1138 apostolus
2033 1067 2145 1143 alio.

562 1173 684 1228 loco
711 1171 840 1227 dicit
869 1187 882 1223 :
915 1169 976 1224 Si
1005 1167 1386 1223 consurrexistis
1409 1181 1518 1218 cum
1550 1163 1765 1226 Christo,
1793 1175 1906 1231 qua!
1935 1175 2137 1211 sursum

563 1273 682 1318 sunt
729 1262 955 1334 quaerite,
985 1260 1070 1314 ubi
1101 1257 1330 1315 Christus
1382 1265 1452 1310 est
1498 1257 1552 1308 in
1599 1253 1803 1308 dextera
1845 1251 1936 1304 Dei
1965 1249 2140 1304 sedens

564 1354 782 1426 (Coioss.
803 1351 976 1427 111,1).
1001 1353 1184 1409 Potest
1207 1351 1417 1421 quidem
1447 1349 1604 1402 etiam
1627 1347 1702 1400 sic
1725 1361 1844 1400 esse
1861 1343 1990 1398 ordo
2017 1357 2138 1396 ver-

561 1445 780 1512 borum,
827 1451 887 1499 ut
921 1459 1029 1499 non
1059 1441 1126 1498 ad
1155 1441 1406 1514 Spiritum
1448 1437 1858 1506 sanctiﬁcationis
1887 1433 2138 1505 adjnnga-

561 1551 683 1592 mus
711 1534 852 1606 quod
877 1535 974 1601 ait,
1003 1547 1068 1589 etr-
1091 1531 1456 1587 resurrectione
1481 1539 1831 1590 mortuorum;
1863 1525 1956 1580 sed
1994 1526 2057 1578 ad
2087 1525 2136 1579 td

563 1627 706 1701 quod
732 1629 824 1696 ait,
849 1625 1232 1698 prcedestinatus
1259 1633 1332 1677 est
1363 1639 1380 1678 :
1407 1633 1462 1678 ut
1489 1621 1622 1676 ordo
1649 1621 1736 1684 sit,
1770 1621 1854 1690 qui
1881 1618 2140 1689 prcedesti-

561 1731 716 1776 natus
741 1727 811 1774 est
836 1733 900 1774 ea:
917 1715 1282 1772 resurrectione
1304 1721 1650 1776 mortuorum;
1673 1711 1756 1765 cui
1779 1709 1950 1763 ordini
1977 1709 2138 1762 inter-

557 1811 736 1884 posita
757 1809 862 1864 sint
889 1807 1002 1862 haec
1018 1849 1032 1872 ,
1069 1805 1229 1860 Filius
1255 1803 1350 1858 Dei
1381 1805 1434 1857 in
1459 1804 1636 1856 uirtute
1661 1800 1937 1854 secundum
1965 1797 2137 1866 Spiri-

562 1913 670 1957 tum
699 1899 1125 1969 sanctiﬁcationis.
1157 1897 1223 1952 Et
1259 1895 1506 1950 nimirum
1537 1894 1636 1948 iste
1676 1891 1806 1946 ordo
1851 1891 2046 1945 certior
2087 1897 2141 1942 et

561 1993 756 2048 melior
773 1991 999 2056 videtur,
1031 1999 1085 2042 ut
1105 1989 1173 2042 sit
1193 1987 1330 2040 ﬁlius
1351 1984 1516 2040 David
1537 1985 1588 2038 in
1615 1981 1919 2038 inﬁrmitate
1945 1996 2138 2035 secun—

563 2083 688 2138 dum
726 2095 970 2147 carnem,
999 2078 1163 2134 Filius
1187 2085 1364 2132 autem
1407 2076 1498 2130 Dei
1531 2077 1584 2130 in
1617 2075 1816 2128 virtute
1851 2071 2138 2128 secundum

563 2173 816 2243 Spiritum
861 2167 1312 2227 sanctiﬁcationis.
1351 2163 1546 2220 Factus
1587 2175 1656 2218 est
1703 2177 1828 2232 ergo
1853 2179 1914 2216 ea:
1959 2163 2142 2216 semine

563 2264 753 2331 David,
777 2261 832 2319 id
856 2271 958 2330 est,
975 2261 1116 2318 ﬁlius
1135 2257 1299 2314 David
1319 2273 1384 2314 ex
1411 2257 1621 2312 mortali
1647 2269 1891 2325 corpore,
1925 2263 2141 2323 preptcr

563 2357 706 2428 quod
731 2365 785 2410 et
821 2363 1058 2408 mortuus
1089 2360 1188 2408 est.
1221 2349 1622 2406 Prcedestinatus
1650 2359 1722 2402 est
1751 2357 1926 2402 autem
1972 2345 2142 2402 Filius

565 2447 690 2514 Dei,
721 2458 774 2503 et
802 2447 1058 2502 Dominus
1085 2444 1248 2515 ipsius
1289 2441 1452 2498 David
1472 2485 1486 2510 ,
1521 2457 1582 2496 ea:
1606 2441 1973 2496 resurrectione
2002 2455 2140 2493 mor-

565 2549 788 2594 tuorum.
817 2538 874 2592 ln
901 2543 1154 2607 quantum
1173 2534 1316 2590 enim
1345 2541 1585 2588 mortuus
1608 2540 1718 2594 est,
1746 2531 1811 2584 ad
1833 2529 1884 2584 id
1915 2529 2142 2598 pertinet

565 2629 707 2700 quod
729 2639 812 2683 est
837 2627 974 2682 ﬁlius
995 2624 1195 2690 David;
1227 2623 1280 2678 in
1305 2631 1560 2692 quantum
1591 2629 1766 2674 autem
1795 2617 2088 2672 resurrexit
2111 2633 2141 2670 a

561 2719 789 2775 mortuis
808 2759 822 2784 ,
851 2717 918 2772 ad
943 2715 996 2770 id
1021 2713 1158 2785 quod
1178 2722 1260 2768 est
1285 2712 1448 2767 Filius
1473 2711 1598 2776 Dei,
1615 2719 1670 2764 et
1695 2707 1953 2765 Dominus
1975 2709 2141 2776 ipsius

565 2811 728 2867 David
753 2827 766 2864 :
791 2811 925 2864 sicut
970 2807 1096 2862 alibi
1121 2805 1281 2861 idem
1321 2803 1593 2874 apOStolus
1633 2803 1793 2868 dicit,
1831 2801 1969 2854 Nam
2015 2809 2062 2854 et
2099 2801 2142 2854 si

565 2913 795 2958 mortuus
818 2911 890 2955 est
916 2916 978 2955 ex
1017 2899 1334 2968 inﬁrmitate,
1360 2895 1448 2950 sed
1483 2895 1598 2948 vivit
1639 2894 1692 2946 in
1721 2894 1902 2946 virtute
1945 2891 2042 2945 Dei
2065 2891 2141 2962 (ll

563 2995 683 3050 Cor.
717 3009 843 3060 xui,
875 2990 962 3064 1i);
987 2999 1045 3046 ut
1091 2989 1372 3044 inﬁrmitas
1409 2985 1670 3056 pertineat
1711 2983 1776 3038 ad
1815 2983 2008 3050 David,
2035 2985 2141 3038 vita

563 3101 693 3143 vero
723 3097 918 3140 acterna
957 3083 1025 3138 ad
1065 3083 1313 3137 virtutem
1363 3079 1476 3134 Dei.
1521 3075 1752 3146 Ideoque
1797 3079 1848 3130 in
1891 3075 1975 3130 his
2018 3077 2142 3146 ipsis

563 3179 741 3232 verbis
767 3177 1053 3242 Dominum
1079 3187 1230 3228 suum
1257 3171 1498 3242 designat
1527 3185 1647 3226 eum
1679 3167 1850 3223 David
1873 3210 1885 3234 ,
1914 3169 2096 3222 dicens
2124 3186 2138 3222 :

566 3269 709 3324 Dixit
737 3237 1000 3322 Dominus.
1011 3263 1232 3318 Domino
1257 3237 1400 3327 meo,
1429 3261 1560 3315 Sede
1581 3261 1646 3313 ad
1671 3261 1928 3314 dexteram
1955 3275 2137 3325 meam,

565 3359 726 3412 donec
745 3373 930 3428 ponam
949 3354 1174 3408 inimicos
1201 3363 1310 3407 tuos
1336 3351 1428 3406 sub
1453 3351 1660 3420 pedibus
1687 3353 1784 3404 tuis
1815 3349 1980 3422 (Psal.
2018 3365 2104 3404 Ctx
2125 3392 2137 3414 ,

563 3448 642 3519 1).
679 3449 756 3502 Ex
782 3461 848 3502 eo
875 3445 1016 3500 enim
1058 3443 1198 3513 quod
1239 3442 1531 3496 resurrexit
1556 3456 1585 3494 a
1613 3441 1865 3506 mortuis,
1899 3439 2050 3494 sedet
2075 3440 2141 3494 ad

561 3541 837 3596 dexteram
858 3537 1048 3594 Patris.
1069 3534 1508 3590 Predestinatum
1529 3549 1652 3604 ergo
1671 3547 1736 3589 ex
1754 3535 2140 3589 resurrectione

559 3637 922 3694 mortuorum,
949 3635 1010 3680 ut
1036 3625 1246 3681 sederet
1291 3623 1358 3678 ad
1403 3623 1676 3678 dexteram
1719 3623 1923 3688 Patris,
1953 3623 2140 3679 videns

561 3724 620 3778 in
655 3721 854 3792 Spiritu
892 3719 1054 3776 David
1075 3761 1090 3784 ,
1117 3733 1226 3774 non
1269 3717 1489 3773 auderet
1527 3717 1708 3772 dicere
1743 3711 1910 3772 ﬁliun’t
1947 3733 2098 3773 suum
2120 3759 2134 3780 ,

563 3815 660 3871 sed
689 3813 970 3868 Dominum
991 3827 1166 3867 suum.
1189 3809 1342 3867 Unde
1362 3819 1416 3865 et
1439 3819 1826 3880 consequenter
1853 3813 2138 3880 Apostolus

557 3908 652 3962 hic
673 3907 909 3978 adjungit
928 3947 944 3972 ,
975 3904 1102 3960 Iesu
1127 3903 1312 3959 Christi
1341 3903 1546 3958 Domini
1567 3903 1724 3956 nostri
1743 3945 1758 3970 ,
1785 3913 2135 3973 posteaquam

559 3997 724 4064 dixit,
765 4015 826 4052 ea:
864 3998 1222 4052 resurrectione
1267 4003 1618 4060 mortuorum;
1660 4001 1907 4063 tanquam
1949 3993 2136 4050 admo-

561 4107 698 4148 nens
720 4091 862 4146 unde
889 4091 1036 4144 illum
1065 4087 1228 4144 David
1257 4087 1537 4144 Dominum
1581 4101 1734 4140 suum
1771 4087 1941 4155 potius
1978 4103 2134 4155 quam

561 4185 728 4241 tilium
752 4197 874 4239 esse
897 4188 1117 4237 testatus
1137 4181 1225 4235 sit.
1264 4179 1379 4234 Non
1405 4187 1580 4232 autem
1616 4179 1690 4232 ait
1712 4193 1832 4232 eum
1873 4177 2136 4248 praedesti-

563 4285 739 4331 natum
789 4289 818 4329 a
863 4271 1114 4339 mortuis,
1155 4271 1250 4326 sed
1295 4287 1359 4326 ea:
1399 4270 1761 4324 resurrectione
1799 4279 2130 4324 mortuorum.

565 4365 682 4424 Non
713 4365 852 4421 enim
881 4363 1268 4419 resurrectione
1297 4361 1410 4431 ipsa
1437 4373 1530 4415 sua
1565 4359 1732 4414 Filius
1757 4369 1974 4430 apparet
2003 4361 2130 4429 Dei,

559 4462 770 4533 prOpria
801 4459 886 4514 illa
912 4469 967 4514 et
999 4455 1416 4513 eminentissima
1447 4453 1702 4524 dignitate
1741 4467 1842 4524 qua
1869 4455 2025 4510 etiam
2055 4467 2134 4509 cst

557 4563 717 4624 caput
755 4553 1036 4618 Ecclesiae,
1064 4565 1184 4606 cum
1211 4535 1277 4604 'et
1323 4549 1503 4604 caeteri
1549 4547 1740 4602 mortui
1784 4549 2132 4602 resurrecturi

555 4649 701 4704 sint:
727 4645 822 4702 sed
849 4643 1016 4700 Filius
1039 4643 1128 4698 Dei
1157 4642 1559 4713 prmdestinatus
1582 4650 1660 4695 est
1708 4641 1934 4710 quodam
1991 4641 2134 4710 prin-

556 4741 730 4810 cipatu
757 4737 1194 4801 resurrectionis,
1227 4736 1348 4806 quia
1379 4751 1442 4790 ex
1475 4735 1868 4796 resurrectione
1895 4737 2128 4790 omnium

552 4843 884 4888 mortuorum
931 4827 1045 4898 ipse
1101 4825 1504 4898 prmdestinatus
1550 4833 1660 4892 est,
1691 4825 1742 4880 id
1791 4835 1906 4891 est,
1935 4834 1993 4880 ut
2023 4841 2130 4896 pra:

553 4923 761 4980 caeteris
807 4932 862 4978 et
909 4929 1032 4977 ante
1077 4928 1299 4976 caeteros
1343 4925 1647 4990 resurgeret
1691 4917 2014 4988 designatus.
2063 4917 2131 4976 Ut

553 5015 694 5084 quod
729 5013 818 5068 hic
841 5013 1069 5084 positum
1099 5021 1212 5078 est,
1247 5009 1414 5064 Filius
1448 5007 1574 5076 Dei,
1604 5025 1723 5065 cum
1751 5009 1968 5065 dixisset
1993 5026 2124 5078 pra:-

556 5110 834 5162 dcstinatus
863 5117 967 5172 est,
999 5107 1066 5162 ad
1093 5105 1466 5161 documentum
1495 5105 1668 5159 valeat
1691 5111 1850 5158 tantae
1880 5103 2126 5157 sublimi-

553 5199 698 5254 tatis.
729 5197 848 5254 Non
875 5199 1017 5252 enim
1057 5198 1134 5253 sic
1165 5195 1528 5267 prmdestinari
1554 5195 1786 5266 oportuit
1811 5195 1912 5250 nisi
1935 5193 2125 5249 Filium

550 5291 677 5356 Dei,
707 5289 996 5345 secundum
1025 5287 1166 5360 quod
1193 5298 1278 5344 est
1303 5289 1460 5342 etiam
1482 5297 1640 5357 caput
1666 5287 1916 5342 Ecclesia:
1946 5305 1959 5342 :
1987 5287 2128 5342 unde

549 5381 699 5437 illum
739 5384 842 5439 alio
881 5383 998 5437 loco
1051 5381 1459 5452 primogenitum
1513 5393 1580 5434 ex
1625 5379 1849 5432 mortuis
1898 5379 2126 5448 appellat

549 5473 772 5544 (Cotoss.
799 5491 835 5540 ι,
867 5473 978 5546 18).
998 5473 1136 5528 Eum
1155 5473 1294 5528 enim
1325 5469 1547 5528 decebat
1576 5468 1754 5524 venire
1777 5468 1842 5522 ad
1869 5468 2122 5536 judicium

545 5569 964 5636 resurgentium,
996 5565 1086 5637 qui
1123 5571 1463 5634 praecesserat
1487 5561 1552 5616 ad
1575 5559 1875 5631 exemplum
1908 5579 1920 5614 :
1953 5577 2123 5632 neque

548 5656 614 5713 ad
643 5659 944 5728 exemplum
981 5657 1216 5712 omnium
1251 5655 1671 5727 resurgentium,
1700 5653 1797 5710 sed
1833 5653 1900 5708 ad
1942 5671 2123 5710 exem-

544 5789 902 5914 ngftéggcaum
927 5797 1034 5856 ω..
1071 5787 1254 5845 Deinde
1277 5785 1818 5856 sanctiﬁcatiouostran
1856 5785 2004 5842 vitatu
2039 5801 2124 5842 no-

1495 401 1848 462 EPISTOLAE
1885 400 1976 458 AD
2013 388 2352 470 ROMANOS,
2393 399 2452 458 S.
2492 397 2858 460 AUGUSTINI

3677 401 3820 464 1092

2243 513 2386 584 plum
2413 529 2596 569 eorum
2627 513 2810 583 quisic
2837 511 3182 566 resurrecturi
3213 519 3365 580 sunt,
3395 519 3453 567 ut
3477 527 3598 569 cum
3627 514 3719 570 illo
3743 517 3820 572 vi—

2241 613 2368 661 vant
2387 615 2440 660 et
2459 613 2683 676 regnent
2703 605 2754 658 in
2781 605 3192 674 sempiternum;
3221 621 3446 674 quorum
3473 607 3634 662 etiam
3662 619 3816 678 caput

2243 707 2358 764 est,
2385 707 2630 770 tanquam
2661 699 2898 767 corporis
2937 697 3035 751 sui.
3065 697 3144 751 Ex
3188 697 3424 768 ipsorum
3469 699 3612 754 enim
3643 715 3820 756 resur-

2243 790 2479 848 rectione
2522 791 2679 847 etiam
2721 789 3127 859 praedestinatus
3165 799 3281 858 est,
3310 799 3369 845 ut
3409 792 3539 861 ipsis
3567 793 3819 866 princeps

2243 881 2772 938 ﬁeret:c:cterorum
2816 890 2990 936 autem
3037 881 3090 936 in
3137 898 3234 937 sua
3287 881 3592 940 conditione
3639 901 3820 942 resur-

2241 975 2475 1044 gentium
2503 989 2606 1028 non
2637 975 2881 1044 princeps
2903 1016 2918 1041 ,
2948 973 3040 1029 sed
3075 975 3238 1044 judex
3263 987 3364 1032 est.
3397 975 3512 1031 Non
3543 979 3722 1048 itaque
3748 995 3815 1034 ex

2243 1061 2453 1118 illorum
2491 1073 2816 1118 mortuorum
2851 1065 3237 1119 resurrectione
3273 1065 3678 1134 pmdestinatus
3702 1081 3814 1134 εει,

2243 1171 2376 1228 quos
2419 1165 2500 1212 est
2541 1157 2900 1212 damnaturus.
2933 1155 3372 1211 Prmdestinatum
3415 1158 3554 1212 enim
3597 1173 3718 1214 esse
3754 1173 3818 1215 ex

2244 1251 2632 1305 resurrectione
2678 1259 3047 1313 mortuorum,
3093 1259 3154 1304 ut
3199 1250 3524 1319 praecederet
3577 1267 3821 1307 resurre-

2243 1341 2473 1396 ctionem
2519 1349 2881 1407 mortuorum,
2929 1341 3037 1395 vult
3083 1341 3300 1412 intelligi
3359 1343 3685 1411 Apostolus:
3719 1342 3816 1398 hos

2243 1439 2420 1487 autem
2448 1432 2720 1501 pratcessit
2737 1473 2751 1496 ,
2777 1433 2868 1501 qui
2894 1432 2960 1486 ad
2989 1433 3159 1501 ipsum
3195 1433 3412 1488 cmleste
3439 1449 3656 1504 regnum
3679 1477 3694 1499 ,
3717 1451 3821 1504 quo

2245 1539 2338 1580 eos
2376 1525 2678 1593 praecessit,
2707 1523 2936 1578 secuturi
2975 1533 3116 1578 sunt.
3147 1525 3374 1593 Propter
3413 1525 3552 1594 quod
3577 1541 3687 1579 non
3717 1527 3819 1592 ait,

2249 1615 2348 1684 Qui
2364 1617 2744 1687 prtcdestinatus
2760 1625 2830 1669 est
2857 1615 3020 1669 Filius
3037 1613 3132 1670 Dei
3152 1633 3212 1670 ea:
3223 1617 3584 1670 resurrectione
3601 1627 3824 1670 mortuo-

2243 1725 2357 1763 rum
2376 1709 2530 1764 Jesus
2553 1707 2794 1763 Christus
2834 1707 3088 1762 Dominus
3129 1718 3336 1772 noster;
3361 1708 3454 1763 sed
3474 1751 3486 1771 ,
3511 1725 3573 1762 ea:
3593 1725 3819 1762 resurre-

2244 1803 2404 1855 ctione
2431 1811 2742 1854 mortuorum
2760 1799 2795 1854 Ι
2799 1817 2884 1854 esu
2909 1799 3096 1855 Christi
3129 1799 3330 1854 Domini
3353 1801 3552 1856 nostri:
3573 1811 3822 1871 tanquam

2243 1891 2290 1946 si
2319 1891 2552 1958 diceret,
2585 1891 2685 1958 Qui
2709 1891 3113 1960 praedestinatus
3135 1901 3214 1945 est
3243 1891 3408 1946 Filius
3435 1891 3616 1946 Deiex
3645 1907 3824 1947 resur-

2244 1983 2480 2036 rectione
2509 1993 2840 2036 mortuorum
2883 1996 3098 2036 suorum
3119 2022 3133 2044 ,
3161 1981 3260 2036 hoc
3303 1989 3422 2048 est,
3449 1983 3514 2036 ad
3553 1997 3612 2037 se
3653 1983 3822 2052 perti-

2243 2073 2484 2126 nentium
2509 2073 2566 2126 in
2603 2074 2763 2127 vitam
2791 2079 3072 2138 :cternam;
3115 2075 3257 2128 velut
3301 2075 3344 2128 si
3386 2075 3820 2144 interrogaretur,

2245 2180 2469 2234 quorum
2521 2177 2882 2230 mortuorum,
2933 2175 2985 2219 et
3049 2167 3428 2236 responderet,
3471 2169 3638 2238 ipsius
3700 2168 3823 2224 Jesu

2245 2257 2443 2312 Christi
2471 2259 2676 2312 Domini
2715 2259 2899 2313 nostri.
2927 2257 3006 2313 Ex
3045 2261 3433 2315 resurrectione
3473 2263 3614 2316 enim
3661 2271 3822 2318 caete-

2245 2363 2426 2404 rorum
2465 2359 2792 2404 mortuorum
2837 2365 2944 2406 non
2969 2361 3050 2406 est
3089 2353 3493 2422 praedestinatus
3513 2397 3526 2419 ,
3551 2369 3684 2423 quos
3717 2371 3822 2410 non

2247 2444 2520 2511 praecessit
2545 2443 2612 2497 ad
2653 2443 2872 2512 gloriam
2901 2445 3022 2496 vitae
3059 2455 3270 2499 aeternio
3289 2487 3304 2513 ,
3335 2461 3440 2499 non
3467 2448 3648 2518 utique
3673 2463 3827 2504 secn-

2245 2539 2432 2596 turos,
2477 2535 2726 2602 quoniam
2771 2535 2834 2587 ad
2889 2549 3070 2603 pmnas
3117 2549 3241 2590 suas
3279 2535 3424 2604 impii
3477 2540 3826 2592 resurrecturi

2249 2631 2390 2677 sunt.
2430 2623 2567 2692 Ergo
2597 2625 2682 2678 ille
2705 2635 2948 2694 tanquam
2985 2623 3151 2679 Filius
3183 2625 3275 2680 Dei
3303 2627 3602 2696 unigenitus
3625 2669 3639 2695 ,
3669 2631 3826 2682 etiam

2247 2715 2632 2784 primogenitus
2657 2731 2720 2770 ex
2749 2717 2972 2770 mortuis
3009 2716 3394 2786 prmdestinatus
3433 2727 3534 2782 est,
3561 2735 3624 2772 ea:
3654 2737 3827 2772 resur-

2245 2807 2464 2859 rectione
2491 2817 2818 2859 mortuorum.
2849 2805 3082 2875 Quorum
3107 2817 3458 2875 mortuorum,
3491 2809 3598 2864 nisi
3623 2809 3830 2864 Domini

2247 2898 2406 2949 nostri
2425 2896 2456 2948 J
2463 2913 2548 2950 esu
2569 2897 2793 2951 Christi?

2319 2989 2371 3044 6.
2415 2987 2516 3044 Per
2541 3007 2684 3058 quem
2714 2989 3020 3060 accepimus,
3051 2991 3243 3060 inquit,
3285 2993 3500 3063 gratiam
3538 3002 3582 3048 et
3619 3005 3828 3065 aposto-

2247 3080 2424 3133 latum.
2477 3079 2700 3134 Gratiam
2741 3095 2858 3136 cum
2898 3083 3142 3136 omnibus
3183 3081 3458 3152 ﬁdelibus,
3491 3087 3828 3154 apostolatum

2247 3181 2423 3225 autem
2473 3187 2576 3225 non
2625 3187 2746 3226 cum
2789 3173 3056 3228 omnibus.
3103 3173 3170 3226 Et
3209 3173 3330 3228 ideo
3373 3173 3418 3228 si
3461 3178 3829 3232 tantummodo

2247 3265 2596 3333 apostolatum
2623 3279 2682 3318 se
2709 3264 2909 3318 diceret
2936 3264 3202 3332 accepisse
3221 3307 3235 3332 ,
3277 3267 3514 3335 ingratus
3539 3269 3831 3324 exstitisset

2245 3356 2455 3424 gratim,
2487 3371 2586 3423 qua
2615 3355 2688 3408 illi
2719 3363 2932 3424 peccata
2961 3355 3178 3410 dimissa
3205 3365 3328 3411 sunt
3361 3375 3375 3411 :
3409 3367 3654 3428 tanquam
3683 3361 3828 3415 enim

2243 3445 2448 3497 meritis
2495 3445 2728 3513 priorum
2755 3459 2972 3513 operum
3001 3447 3267 3515 accepisse
3297 3448 3646 3516 apostolatum
3675 3450 3826 3505 vide-

2245 3543 2410 3589 retur.
2453 3535 2660 3604 Optime
2688 3536 2862 3605 itaque
2889 3545 3032 3590 tenet
3071 3537 3312 3593 ordinem
3341 3553 3549 3606 causai,
3583 3551 3638 3595 ut
3667 3558 3828 3598 nemo

2243 3629 2435 3682 audeat
2471 3629 2648 3683 dicere
2689 3629 2808 3683 vita:
2851 3629 3038 3698 prioris
3077 3631 3277 3686 meritis
3301 3645 3360 3686 se
3389 3633 3454 3686 ad
3479 3635 3826 3704 Evangelium

2245 3733 2365 3774 esse
2393 3719 2708 3789 perductum
2739 3737 2752 3772 :
2784 3721 2996 3789 quando
3031 3737 3128 3776 nec
3171 3721 3271 3792 ipsi
3299 3722 3568 3792 Apostoli,
3602 3727 3692 3795 qui
3721 3737 3828 3780 cae-

2243 3813 2373 3866 teris
2398 3813 2650 3866 membris
2685 3821 2804 3881 post
2831 3823 2988 3882 caput
3011 3813 3250 3884 corporis
3275 3818 3668 3884 supereminent
3687 3861 3702 3886 ,
3734 3833 3828 3872 ac-

2243 3904 2422 3972 cipere
2473 3905 2820 3972 apostolatum
2869 3907 3081 3975 preprie
3137 3908 3468 3977 potuissent,
3525 3909 3624 3962 nisi
3677 3911 3828 3980 prius
3901 3975 3906 3978 _

2239 3995 2594 4048 conmruuiter
2637 4010 2758 4049 cum
2799 3997 3009 4051 caeteris
3050 3997 3306 4066 gratiam,
3354 4013 3472 4069 quas
3515 4011 3827 4070 peccatores

2239 4094 2393 4140 sanat
2417 4095 2469 4140 et
2490 4085 2774 4154 justiﬁcat,
2805 4089 3148 4157 accepissent.
3193 4089 3343 4158 Quod
3386 4099 3564 4145 autem
3593 4093 3826 4164 subjun-

2239 4179 2340 4248 git,
2371 4179 2452 4232 Ad
2479 4179 2808 4234 obedientium
2847 4181 2968 4250 ﬁdei
3011 4183 3064 4235 in
3103 4181 3332 4238 omnibus
3351 4185 3575 4254 gentibus
3604 4201 3696 4256 pro
3727 4204 3826 4240 no-

2239 4287 2373 4325 nnne
2401 4274 2544 4342 ejus;
2574 4273 2637 4326 ad
2663 4272 2764 4328 hoc
2787 4273 2911 4327 dicit
2941 4275 3292 4342 apostolatum
3333 4291 3392 4332 se
3433 4277 3735 4347 accepisse,
3768 4289 3827 4334 ut

2239 4363 2514 4418 obcdiatur
2535 4363 2656 4418 ﬁdei
2681 4379 2776 4434 pro
2799 4363 3012 4420 nomine
3035 4365 3244 4420 Domini
3267 4367 3438 4424 nostri
3456 4367 3580 4423 Jcsu
3601 4365 3822 4436 Christi,

2239 4455 2342 4511 hoc
2371 4467 2448 4511 est
2469 4499 2482 4522 ,
2513 4465 2572 4511 ut
2596 4457 2814 4511 credant
2856 4472 3040 4513 omnes
3073 4456 3283 4513 Christo
3303 4501 3318 4524 ,
3363 4471 3416 4514 et
3463 4461 3741 4530 signentur
3767 4462 3824 4518 in

2237 4552 2354 4620 ejus
2375 4551 2588 4605 nomine
2607 4549 2697 4620 qui
2723 4551 2852 4604 salvi
2879 4565 2995 4604 esse
3020 4553 3256 4620 cupiunt.
3279 4551 3443 4620 Quam
3467 4554 3688 4608 salutem
3715 4569 3820 4608 non

2237 4645 2365 4698 solis
2389 4644 2609 4706 .ludwis,
2642 4643 2775 4697 sicut
2799 4645 3035 4698 nonnulli
3077 4645 3167 4714 qui
3215 4661 3281 4700 ex
3328 4647 3456 4715 ipsis
3477 4647 3818 4704 crediderant

2235 4735 2646 4798 arbitrabantur,
2675 4735 2882 4790 venisse
2905 4735 3014 4804 jam
3041 4735 3295 4804 ostendit,
3319 4753 3440 4791 cum
3461 4739 3552 4803 ait,
3577 4739 3628 4792 in
3651 4740 3820 4794 omni-

2234 4829 2324 4882 bus
2367 4827 2592 4898 gentibus
2635 4843 2655 4880 :
2695 4830 2748 4880 in
2789 4826 2964 4895 quibus
3011 4829 3160 4896 estis,
3211 4829 3414 4898 inquit,
3461 4838 3510 4882 et
3545 4846 3630 4886 vos
3653 4831 3822 4885 uocati

2231 4919 2354 4974 Jesu
2384 4918 2569 4974 Christi
2595 4920 2767 4990 (Itoni.
2799 4935 2836 4986 ι,
2867 4921 2920 4986 5,
2953 4919 3030 4994 6),
3059 4919 3112 4974 id
3137 4928 3246 4986 est,
3277 4929 3335 4975 ut
3359 4930 3414 4976 et
3437 4937 3532 4977 vos
3555 4923 3674 4978 sitis
3699 4923 3820 4992 ejus

2231 5011 2358 5068 Jesu
2403 5012 2625 5076 Christi,
2671 5013 2758 5080 qui
2800 5012 3034 5066 omnium
3074 5012 3310 5082 gentium
3335 5013 3476 5068 salus
3503 5021 3610 5078 est,
3643 5027 3818 5084 quan—

2233 5121 2388 5175 quam
2419 5119 2524 5160 non
2551 5105 2601 5157 in
2633 5119 2853 5158 numero
2877 5104 3180 5160 Judmorttm
3199 5143 3216 5171 ,
3239 5104 3335 5160 sed
3374 5105 3426 5160 in
3455 5121 3682 5162 numero
3703 5121 3816 5162 cas-

2235 5203 2465 5251 tcrarum
2491 5195 2724 5266 gentium
2749 5195 2865 5250 sitis
2893 5196 3113 5250 inventi.

2301 5288 2354 5342 7.
2394 5287 2507 5341 liuc
2537 5302 2701 5356 usque
2723 5285 2856 5340 dixit
2883 5286 2996 5356 ipse
3019 5287 3137 5356 quis
3163 5293 3305 5342 esset
3327 5287 3416 5358 qui
3455 5287 3642 5342 scribit
3679 5285 3818 5358 Epi-

2230 5379 2438 5434 stolam.
2469 5379 2563 5434 Est
2587 5379 2725 5432 enim
2752 5379 2838 5448 qui
2867 5379 3050 5433 scribit
3077 5379 3388 5450 Epistolam,
3421 5379 3620 5436 Paulus
3641 5398 3818 5436 servus
3855 5421 3864 5426 ε

2227 5471 2352 5528 Jesu
2381 5471 2598 5538 Christi,
2629 5483 2832 5526 uocatus
2859 5473 3114 5541 apostolus
3137 5515 3148 5536 ,
3177 5483 3464 5543 segregatus
3489 5474 3543 5527 in
3573 5473 3816 5545 Euange-

2229 5565 2352 5620 lium
2377 5563 2490 5618 Dei.
2539 5562 2645 5618 Sed
2691 5565 2812 5633 quia
2853 5563 3198 5632 occurrebat,
3243 5563 3396 5632 Quod
3425 5564 3815 5635 Evangelium!

2227 5657 2518 5727 reSpondit,
2551 5657 2696 5722 Quod
2725 5667 2840 5710 ante
2865 5658 3160 5726 promiserat
3189 5673 3280 5726 per
3309 5657 3593 5727 Prophetas
3617 5675 3737 5714 suos
3757 5661 3816 5716 in

2229 5745 2506 5820 Scripturis
2537 5749 2722 5802 sanctis
2755 5749 2816 5804 de
2841 5746 2980 5802 Filio
3003 5765 3115 5802 suo.
3149 5748 3276 5804 Item
3303 5749 3426 5819 quia
3453 5749 3808 5818 occurrebat,

2173 5923 2186 5930 _
2229 5841 2307 5900 De
2333 5859 2436 5912 quo
2463 5842 2598 5900 Filio
2621 5842 2750 5900 suo?
2791 5843 3096 5914 respondit,
3141 5841 3242 5910 Qui
3281 5847 3444 5900 tactus
3465 5852 3539 5900 est
3563 5844 3610 5898 ei
3633 5860 3700 5899 ex
3719 5851 3798 5900 sc-
