4048 6472
278 418 425 476 2095

277 550 413 589 nunc
450 525 617 586 David
653 526 925 585 secundum
965 541 1199 594 carnem,
1238 524 1325 595 qui
1367 522 1747 595 pradestinatus
1786 526 1858 571 est

278 625 450 680 Filius
476 623 568 677 Dei
601 624 653 677 in
678 623 858 676 virtute
887 618 1160 674 secundum
1190 618 1423 687 spiritum
1447 612 1858 682 sanctiﬁcationis

277 733 341 770 ex
367 715 727 769 resurrectione
752 722 1063 767 mortuorum
1093 708 1297 763 Domini
1317 709 1473 763 nostri
1495 704 1531 761 Ι
1536 723 1622 761 esu
1649 703 1855 760 Christi.

278 808 345 861 Et
383 806 534 877 quasi
571 804 859 869 diceretur,
890 801 1168 868 Quomodo
1212 808 1267 854 tu
1308 798 1376 853 ad
1421 813 1544 853 eum
1588 792 1859 865 ρει-ἀπιεδῖ

277 895 587 964 respondit,
620 893 721 947 Per
747 908 894 963 quem
920 892 1205 961 accepimus
1248 889 1462 959 gratiam
1504 896 1551 941 et
1598 884 1859 956 apostola-

278 995 414 1051 tum,
445 986 512 1038 ad
540 984 870 1038 obedientium
899 982 1018 1051 ﬁdei
1046 982 1099 1035 in
1122 980 1350 1036 omnibus
1374 976 1599 1049 gentibus
1642 994 1734 1048 pro
1763 993 1859 1030 no-

276 1079 411 1130 mine
436 1078 565 1146 ejus.
610 1074 742 1131 item
769 1074 919 1144 quasi
944 1074 1228 1139 diceretur,
1256 1071 1384 1140 Quae
1410 1071 1567 1140 igitur
1592 1084 1750 1124 causa
1778 1076 1861 1125 est

275 1177 334 1221 ut
361 1169 566 1223 scribas
589 1167 657 1222 ad
681 1168 819 1223 nos?
842 1166 1134 1235 respondit,
1167 1164 1233 1219 In
1257 1164 1432 1234 quibus
1457 1164 1573 1217 estis
1598 1173 1645 1217 et
1672 1179 1756 1217 vos
1775 1178 1862 1216 vo-

277 1242 374 1312 cati
414 1258 541 1313 Jesu
582 1259 790 1314 Christi.
831 1260 981 1314 Nune
1009 1258 1201 1314 deinde
1224 1258 1461 1327 adjungit
1483 1271 1550 1312 ex
1578 1270 1727 1311 more
1751 1255 1862 1323 epi-

275 1350 427 1405 stolae
453 1350 645 1420 quibus
674 1350 873 1405 scribat
904 1367 916 1403 :
953 1349 1230 1416 Omnibus,
1259 1348 1461 1418 inquit,
1487 1348 1576 1418 qui
1615 1354 1729 1399 sunt
1754 1346 1859 1400 Ro-

274 1458 408 1509 mae,
437 1443 634 1498 dilectis
660 1441 757 1496 Dei
776 1483 790 1507 ,
818 1444 1007 1497 uocatis
1042 1442 1246 1497 sanctis.
1287 1442 1459 1497 Etiam
1487 1440 1571 1495 hic
1596 1438 1863 1508 significa-

276 1535 353 1587 vit
395 1534 775 1603 benignitatem
816 1533 911 1587 Dei
952 1533 1129 1602 potius
1170 1548 1330 1602 quam
1356 1532 1600 1586 meritum
1626 1530 1859 1585 illorum.

276 1624 393 1680 Non
423 1626 569 1679 enim
596 1625 699 1691 ait,
740 1624 1082 1695 diligentibus
1116 1625 1312 1690 Deum;
1362 1623 1456 1677 sed
1475 1663 1491 1689 ,
1519 1622 1711 1679 dilectis
1741 1619 1858 1675 Dei.

275 1713 430 1770 Prior
458 1716 599 1769 enim
641 1716 827 1772 dilexit
863 1730 961 1770 nos
989 1724 1112 1770 ante
1140 1714 1317 1769 omnia
1343 1716 1532 1769 merita
1551 1753 1567 1779 ,
1600 1721 1657 1766 ut
1682 1720 1733 1767 et
1764 1726 1863 1768 nos

274 1820 397 1860 eum
424 1805 603 1860 dilecti
634 1806 975 1875 diligeremus
1002 1805 1048 1875 (l
1070 1804 1227 1860 Joan.
1253 1820 1325 1870 ιν,
1354 1804 1463 1875 l9).
1510 1803 1660 1860 Unde
1702 1804 1861 1863 etiam

274 1897 480 1953 addidit
497 1938 516 1966 ,
543 1899 729 1953 uocatis
755 1900 961 1953 sanctis.
989 1897 1302 1967 Quanquam
1331 1896 1471 1952 enim
1499 1896 1598 1950 sibi
1625 1895 1741 1965 quis
1770 1895 1864 1950 tri-

273 1988 404 2044 buat
427 1990 571 2059 quod
600 1992 808 2061 vocanti
833 1991 1194 2061 obtemperat,
1228 2005 1384 2045 nemo
1426 1997 1601 2059 potest
1634 1989 1735 2045 sibi
1765 1988 1861 2042 tri-

273 2058 611 2150 buerequod
640 2058 858 2137 vo'catus
897 2091 999 2138 est.
1018 2058 1031 2061 τ
1056 2081 1256 2137 Vocatis
1292 2058 1467 2137 autem
1513 2082 1727 2147 sanctis,
1754 2094 1861 2135 non

278 2170 350 2224 ita
382 2173 784 2243 intelligendum
816 2182 930 2238 est,
960 2181 1209 2243 tauquam
1237 2173 1358 2229 ideo
1384 2173 1552 2227 vocati
1578 2174 1711 2238 sint,
1740 2174 1861 2241 quia

270 2264 448 2319 sancti
475 2273 662 2329 erant;
691 2264 786 2319 sed
814 2265 933 2319 ideo
964 2264 1132 2320 sancti
1157 2264 1352 2329 elfecti,
1380 2265 1503 2335 quia
1523 2266 1695 2319 vocati
1717 2272 1857 2319 sunt.

344 2357 397 2410 8.
441 2357 624 2412 Restat
646 2372 772 2427 ergo
797 2368 855 2412 ut
878 2358 1107 2413 saldtem
1127 2358 1266 2413 dicat
1288 2400 1302 2423 ,
1326 2366 1387 2412 ut
1404 2358 1735 2428 compleatur
1754 2358 1862 2413 usi-

274 2456 441 2502 tatum
468 2449 705 2517 epistolae
729 2449 1064 2519 principium,
1093 2459 1343 2518 tanquam
1374 2449 1464 2504 ille
1489 2450 1591 2505 illis
1616 2449 1857 2504 salutem.

272 2536 379 2595 Pro
415 2552 483 2593 eo
522 2549 700 2594 autem
727 2554 790 2595 ac
816 2540 861 2595 si
886 2539 1086 2596 diceret
1123 2540 1378 2603 salutem,
1421 2538 1624 2603 Gratia,
1654 2540 1858 2609 inquit,

270 2629 407 2683 vobis
433 2640 480 2683 et
507 2645 609 2699 pas:
631 2647 663 2682 a
689 2630 793 2685 Deo
827 2629 983 2685 Patre
1006 2640 1178 2685 nostro
1194 2671 1209 2694 ,
1242 2640 1288 2685 et
1315 2629 1531 2684 Domino
1555 2630 1679 2686 Jesu
1704 2630 1857 2687 Chri-

272 2728 353 2776 sto
382 2721 557 2792 (Rom.
578 2736 619 2786 ι,
640 2722 717 2793 7).
738 2721 854 2777 Non
876 2723 1017 2777 enim
1039 2722 1212 2777 omnis
1231 2722 1394 2791 gratia
1415 2730 1498 2776 est
1521 2736 1552 2774 a
1580 2723 1704 2776 Deo.
1727 2721 1859 2777 Nam

272 2823 326 2869 et
349 2813 559 2883 judices
585 2816 707 2869 mali
736 2817 973 2885 praebent
998 2818 1220 2887 gratiam
1249 2818 1301 2871 in
1329 2816 1652 2885 accipiendis
1680 2832 1863 2886 perso-

269 2907 354 2962 nis
380 2907 555 2977 aliqua
579 2908 865 2977 cupiditate
885 2909 1075 2973 illecti,
1104 2918 1194 2963 aut
1223 2910 1413 2965 timore
1443 2911 1731 2980 perterriti.
1756 2909 1860 2965 Ne-

268 3014 375 3069 que
397 3001 574 3055 omnis
602 3016 705 3070 pax
728 3002 821 3055 Dei
845 3011 959 3066 est,
991 3002 1073 3056 vel
1101 3002 1169 3056 ab
1197 3002 1288 3056 illo
1319 3020 1331 3058 :
1363 3002 1503 3056 unde
1530 3002 1643 3071 ipse
1669 3002 1857 3058 Domi-

269 3108 369 3149 nus
388 3094 702 3150 discernens
730 3096 833 3160 ait,
867 3095 1057 3149 Pacem
1080 3112 1244 3149 meam
1265 3096 1333 3149 do
1360 3094 1534 3160 vobis;
1562 3096 1857 3165 adjungens

266 3186 430 3241 etiam
457 3194 513 3241 et
530 3187 716 3243 dicens
738 3202 842 3241 non
862 3202 923 3241 se
947 3187 1107 3241 talem
1138 3202 1323 3256 pacem
1347 3186 1476 3241 dare
1492 3226 1507 3252 ,
1530 3187 1741 3256 qualem
1770 3186 1861 3241 dat

268 3277 359 3336 hic
386 3280 616 3336 mundus
642 3279 816 3351 (Joan.
848 3296 959 3348 xiv,
981 3280 1096 3351 27).
1119 3279 1296 3335 Gratia
1320 3288 1403 3334 est
1419 3294 1547 3349 ergo
1567 3295 1596 3333 a
1626 3280 1736 3333 Deo
1763 3279 1863 3333 Pa-

268 3382 353 3431 tre
371 3418 385 3441 ,
408 3384 465 3431 et
492 3377 717 3431 Domino
744 3386 927 3431 nostro
954 3376 1079 3431 lesu
1118 3373 1330 3429 Christo
1348 3414 1364 3440 ,
1408 3388 1511 3443 qua
1553 3372 1709 3427 nobis
1737 3386 1861 3442 pec-

268 3476 385 3522 cata
426 3469 788 3535 remittuntur,
835 3466 1025 3537 quibus
1068 3465 1482 3521 adversabamur
1526 3464 1633 3518 Deo
1660 3465 1699 3516 ί.
1750 3464 1859 3517 Pax

266 3569 399 3613 vero
426 3561 538 3629 ipsa
565 3575 665 3630 qua
692 3559 1095 3614 reconciliamur
1125 3558 1250 3613 Deo.
1294 3557 1429 3611 Cum
1450 3557 1591 3610 enim
1620 3571 1713 3625 per
1733 3570 1858 3625 gra-

266 3650 398 3705 tiam
446 3653 683 3707 remissis
720 3652 949 3722 peccatis
990 3651 1281 3721 absumptae
1306 3649 1502 3704 fuerint
1531 3647 1852 3716 inimicitiae,

267 3753 439 3800 restat
470 3755 526 3799 ut
554 3761 683 3814 pace
708 3746 1073 3799 adha‘reamus
1101 3744 1204 3807 illi,
1248 3758 1277 3796 a
1316 3758 1421 3811 quo
1458 3756 1556 3795 nos
1594 3741 1705 3795 sola
1734 3756 1859 3811 pec-

269 3848 387 3891 cata
430 3836 754 3891 dirimebant
784 3854 796 3889 :
827 3837 964 3891 sicut
1004 3834 1259 3905 propheta
1298 3834 1456 3899 dicit,
1490 3832 1607 3887 Non
1636 3833 1858 3903 gravabit

269 3944 476 3994 curem,
510 3939 565 3981 ut
591 3946 691 3983 non
715 3928 926 3994 audiat;
968 3928 1057 3983 sed
1098 3936 1302 3999 peccata
1341 3935 1502 3981 uestra
1543 3927 1671 3979 inter
1700 3942 1785 3980 vos
1813 3934 1859 3979 et

270 4019 438 4075 Deum
467 4031 701 4090 separant
731 4020 881 4095 (Isai.
908 4037 997 4076 ιιι
1015 4064 1029 4086 ,
1058 4021 1082 4076 Ι
1111 4030 1156 4075 et
1176 4020 1255 4091 2).
1278 4019 1479 4088 Quibus
1503 4018 1740 4073 remissis
1766 4034 1860 4087 per

269 4113 431 4168 ﬁdem
464 4114 669 4167 Domini
699 4114 865 4169 nostri
906 4114 1033 4169 lesu
1068 4113 1303 4181 Christi,
1342 4113 1488 4168 nulla
1527 4113 1859 4183 separatione

267 4203 662 4261 interveniente
690 4223 789 4277 pax
814 4209 933 4262 erit.

341 4300 396 4355 9.
441 4300 688 4356 Fortasse
712 4310 888 4355 autem
918 4300 1143 4370 quisque
1168 4299 1389 4354 miretur
1416 4297 1679 4369 quomodo
1704 4298 1859 4353 intel-

269 4393 481 4464 ligenda
521 4395 589 4448 sit
627 4394 828 4463 justitia
856 4393 1046 4462 judicia
1075 4392 1203 4458 Dei,
1244 4407 1363 4445 cum
1405 4392 1625 4462 gratiam
1657 4390 1858 4460 pra‘bet

268 4484 599 4554 ignoscendo
627 4485 877 4556 peccatis.
920 4483 1023 4538 Sed
1067 4483 1168 4536 hoe
1205 4482 1360 4550 plane
1385 4484 1582 4551 justum
1609 4490 1693 4536 est
1718 4482 1859 4550 apud

269 4573 475 4642 Deum;
521 4577 641 4647 quia
668 4593 791 4631 vere
824 4577 1022 4645 justum
1066 4584 1149 4630 est
1189 4584 1249 4629 ut
1291 4575 1325 4627 ii
1367 4590 1498 4643 quos
1522 4583 1856 4645 peccatorum

268 4684 491 4726 suorum
532 4671 784 4740 paenitet,
810 4685 875 4725 eo
915 4679 1152 4739 tempore
1190 4683 1295 4738 quo
1322 4668 1555 4722 nondum
1586 4682 1857 4737 poenarum

272 4765 587 4819 manifestus
614 4772 785 4819 terror
814 4769 1061 4833 apparet,
1097 4760 1511 4817 misericorditer
1548 4769 1861 4829 separentur

272 4855 340 4909 ab
367 4856 446 4909 eis
482 4856 571 4925 qui
601 4855 938 4911 defensiones
965 4862 1299 4925 peccatorum
1339 4868 1552 4907 suorum
1579 4852 1861 4922 pertinaci-

272 4958 357 5004 ter
380 4952 753 5020 exquirentes,
787 4950 922 5003 nulla
952 4948 1259 5019 poenitentia
1294 4947 1485 5016 corrigi
1526 4945 1723 4999 volunt.
1778 4946 1863 4999 ln-

271 5040 476 5110 justum
501 5050 584 5096 est
608 5041 748 5096 enim
774 5048 831 5094 ut
855 5056 973 5095 cum
1004 5040 1087 5093 his
1115 5039 1189 5092 illi
1217 5038 1281 5091 ad
1308 5038 1629 5092 consortium
1656 5036 1862 5106 poenale

276 5135 611 5204 copulentur,
642 5135 727 5205 qui
753 5143 1029 5189 vocantem
1072 5133 1236 5187 Deum
1281 5146 1384 5186 non
1430 5139 1773 5201 spreverunt,
1805 5140 1860 5185 et

275 5236 560 5295 peccantes
604 5227 983 5297 diSplicuerunt
1022 5224 1158 5291 sibi,
1204 5231 1262 5279 ut
1302 5224 1742 5294 quemadmodum
1773 5224 1862 5279 ille

278 5328 493 5388 peccata
518 5332 702 5373 eorum
726 5360 739 5384 ,
768 5318 846 5373 sic
873 5319 1029 5373 etiam
1055 5316 1155 5386 ipsi
1184 5316 1420 5372 odissent
1457 5331 1575 5371 sua.
1622 5317 1693 5369 Ea
1720 5317 1862 5371 enim

275 5412 493 5467 demum
540 5422 623 5467 est
667 5412 909 5466 humanae
951 5411 1168 5480 justitite
1210 5409 1522 5479 disciplina,
1569 5424 1672 5464 non
1719 5410 1769 5463 in
1805 5424 1864 5463 se

275 5519 457 5561 amare
484 5505 586 5559 nisi
608 5503 750 5575 quod
778 5502 875 5559 Dei
899 5512 998 5569 est,
1022 5510 1076 5558 et
1095 5502 1270 5558 odisse
1294 5503 1436 5573 quod
1460 5502 1728 5572 proprium
1750 5510 1860 5567 est;
1896 5548 1901 5551 _

274 5613 375 5654 nec
402 5598 703 5669 approbare
740 5604 952 5667 peccata
983 5611 1077 5649 sua
1096 5636 1113 5663 ,
1145 5610 1245 5650 nec
1281 5594 1333 5649 in
1362 5595 1441 5650 eis
1466 5594 1624 5649 alium
1664 5596 1863 5665 impro-

270 5690 403 5747 bare
421 5734 438 5760 ,
464 5692 559 5747 sed
598 5692 862 5762 seipsum;
908 5706 1006 5746 nec
1052 5698 1240 5761 putare
1264 5689 1391 5743 satis
1421 5688 1519 5743 sibi
1544 5701 1662 5742 esse
1686 5696 1744 5741 ut
1769 5704 1863 5743 sua

270 5793 495 5859 peccata
516 5784 863 5854 displiceant,
891 5783 993 5837 nisi
1014 5781 1174 5837 etiam
1196 5780 1596 5851 vigilantissima
1616 5778 1865 5851 deinceps

342 5894 360 5925 ι
389 5896 642 5947 Vaticanus
658 5904 761 5953 Ms,
784 5894 1125 5952 aversabantur
1140 5905 1174 5945 α
1193 5900 1310 5944 Deo.

1520 370 1862 465 manent
1899 401 2281 461 EXPOSlTlO.

3398 406 3541 467 2094

1967 518 2257 575 intentione
2284 518 2545 587 vitentur;
2574 534 2675 576 nec
2697 520 2751 581 in
2771 520 2850 578 eis
2866 520 3093 577 vitandis
3116 520 3259 577 vires
3284 536 3407 579 suas
3428 526 3544 578 εκίφ

1967 611 2184 666 Stimare
2211 612 2451 668 sufﬁcere
2468 654 2482 678 ,
2510 614 2611 667 nisi
2639 612 2889 671 divinitus
2911 613 3204 683 adjuvetur.
3231 613 3437 668 Justum
3461 626 3544 672 est

1968 715 2093 771 ergo
2117 702 2253 769 apud
2282 704 2443 756 Deum
2473 712 2529 759 ut
2553 704 2852 775 ignoscatur
2872 704 3064 761 talibus
3083 719 3428 775 qurecumque
3449 722 3547 761 an-

1969 798 2052 845 tea
2080 793 2494 861 commiserunt,
2527 809 2593 853 ne
2612 836 2627 861 ,
2669 796 2808 865 quod
2851 796 3252 864 injustissimum
3278 805 3393 861 est,
3421 810 3545 852 cum

1966 881 2047 937 eis
2089 884 2176 952 qui
2220 884 2350 939 tales
2392 901 2495 939 non
2534 896 2657 942 sunt
2682 887 3069 947 confundantur
3088 899 3250 959 atque
3278 890 3541 944 miscem-

1967 984 2072 1032 tur.
2102 977 2431 1047 QuaprOpter
2456 990 2510 1034 et
2536 981 2655 1049 quia
2678 981 2868 1037 talibus
2889 999 2989 1041 non
3013 982 3320 1052 ignoscitur,
3341 982 3542 1051 justitia

1967 1070 2062 1125 Dei
2083 1081 2172 1127 est
2201 1090 2212 1123 :
2243 1081 2296 1127 et
2324 1074 2444 1141 quia
2474 1074 2779 1142 ignoscitur,
2804 1076 2970 1145 gratia
2998 1084 3097 1137 est.
3122 1074 3273 1131 Iusta
3306 1086 3389 1130 est
3417 1090 3544 1146 ergo

1967 1163 2135 1230 gratia
2166 1163 2290 1228 Dei,
2320 1172 2375 1218 et
2398 1174 2546 1233 grata
2568 1165 2791 1233 justitia,
2825 1182 2944 1225 cum
2976 1168 3029 1221 in
3052 1182 3118 1229 eo
3144 1182 3352 1237 quoque
3381 1167 3542 1223 etiam

1968 1256 2292 1321 poenitentiae
2317 1259 2564 1313 meritum
2594 1259 2760 1328 gratia
2783 1259 3075 1328 praeedat,
3107 1261 3246 1333 quod
3274 1262 3544 1321 neminem

1968 1347 2169 1414 peccati
2214 1348 2291 1401 sui
2331 1350 2616 1417 preniteret
2634 1390 2650 1417 ,
2678 1349 2778 1406 nisi
2804 1349 3163 1414 admonitione
3184 1353 3357 1423 aliqua
3387 1369 3544 1413 voca-

1968 1437 2127 1492 tionis
2158 1437 2277 1492 Dei.

2040 1528 2125 1585 l0.
2166 1530 2331 1586 Porro
2353 1531 2569 1599 justitite
2609 1531 2798 1589 divinae
2842 1542 2984 1588 tanta
3027 1535 3324 1591 constantia
3350 1544 3453 1603 est,
3490 1545 3546 1591 ut

1967 1637 2090 1677 cum
2118 1638 2275 1693 pinna
2318 1625 2603 1692 Spiritualis
2630 1634 2685 1681 et
2719 1627 3039 1695 sempiterna
3066 1629 3342 1697 pmniteuti
3388 1629 3546 1686 fuerit

1967 1717 2218 1782 relaxata,
2271 1732 2532 1787 pressura:
2578 1728 2753 1774 tamen
2793 1721 3161 1791 cruciatusque
3201 1724 3503 1792 corporales
3526 1766 3541 1789 ,

1967 1809 2158 1878 quibus
2180 1810 2338 1864 etiam
2361 1821 2619 1882 martyres
2639 1813 2952 1867 exercitatos
2977 1813 3252 1879 novimus;
3281 1824 3550 1883 postremo

1968 1916 2112 1955 mors
2139 1901 2272 1971 ipse,
2301 1918 2458 1973 quam
2486 1905 2755 1973 peccando
2780 1909 2971 1959 meruit
2990 1913 3166 1963 nostra
3189 1916 3396 1973 natura,
3418 1907 3547 1962 nulli

1967 1992 2248 2047 relaxetur.
2296 1994 2449 2062 Quod
2475 1998 2615 2050 extim
2645 1997 2802 2051 etiam
2832 1997 2957 2067 justi
2988 1998 3231 2053 homines
3258 2008 3313 2053 et
3343 1998 3431 2066 pii,
3464 2006 3547 2051 ta-

1967 2099 2089 2139 men
2136 2087 2418 2143 exsolvunt
2461 2089 2557 2144 ista
2604 2091 2877 2159 supplicia,
2927 2091 2993 2145 de
3040 2091 3184 2160 justo
3231 2092 3323 2146 Dei
3348 2091 3549 2161 judicio

1966 2181 2148 2235 venire
2173 2182 2492 2236 credendum
2515 2195 2612 2238 est.
2657 2184 2773 2254 Ipsa
2797 2194 2878 2239 est
2899 2201 3017 2255 quzc
3044 2186 3095 2239 in
3124 2185 3290 2239 sacris
3310 2186 3548 2255 Scriptu-

1966 2270 2044 2323 ris
2070 2271 2227 2325 etiam
2256 2272 2528 2340 disciplina
2562 2275 2885 2340 nominatur,
2917 2291 3074 2343 quam
3102 2291 3259 2329 nemo
3284 2277 3549 2344 justorum

1967 2360 2198 2431 effugere
2219 2362 2424 2415 sinitur.
2446 2363 2719 2419 Neminem
2731 2366 2928 2434 quippe
2942 2366 3169 2434 excepit,
3183 2382 3305 2420 cum
3325 2367 3545 2420 diceret:

1970 2452 2131 2519 Quem
2171 2455 2301 2507 enim
2327 2455 2490 2525 diligit
2536 2455 2693 2519 Deus,
2725 2458 2950 2527 corripit,
2984 2458 3211 2527 flagellat
3249 2466 3418 2512 autem
3443 2474 3550 2512 om-

1966 2563 2080 2599 nem
2104 2549 2264 2615 ﬁlium
2288 2566 2433 2618 quem
2463 2550 2635 2618 recipit
2659 2549 2838 2620 (Hebr.
2865 2566 2958 2617 xu,
2982 2550 3059 2622 6).
3088 2549 3240 2606 Unde
3260 2552 3417 2606 etiam
3436 2552 3552 2622 ipse

1965 2637 2084 2705 Joh,
2116 2641 2204 2709 qui
2247 2652 2522 2712 propterea
2553 2652 2659 2696 tam
2705 2644 2866 2698 multa
2900 2645 2985 2699 illa
3013 2660 3199 2713 passus
3223 2655 3324 2710 est,
3356 2655 3413 2700 ut
3450 2646 3550 2701 ho-

1964 2734 2197 2788 minibus
2222 2736 2337 2805 quis
2362 2737 2444 2789 vir
2481 2745 2640 2801 esset,
2673 2746 2727 2790 et
2753 2744 2979 2806 quantus
3019 2738 3111 2791 Dei
3141 2754 3342 2803 servus,
3373 2738 3550 2794 eluce—

1964 2833 2061 2890 rel,
2096 2842 2283 2896 pinnas
2310 2837 2483 2882 tamen
2514 2829 2754 2897 corporis
2780 2843 2875 2897 pro
2904 2830 3134 2897 peccatis
3158 2830 3268 2884 suis
3289 2844 3348 2884 se
3375 2831 3551 2885 exsol-

1964 2934 2088 2976 vere
2112 2935 2251 2990 saepe
2270 2930 2505 2976 testatur.
2529 2921 2717 2976 Petrus
2735 2937 2944 2991 quoque
2967 2921 3238 2991 apostolus
3258 2921 3549 2979 exhortans

1965 3011 2155 3066 fratres
2179 3012 2243 3066 ad
2275 3012 2613 3080 perferendas
2653 3027 2749 3081 pro
2776 3011 2970 3066 Christi
3004 3014 3217 3068 nomine
3245 3014 3543 3083 passiones,

1963 3106 2035 3161 ita
2078 3107 2311 3176 loquitur
2341 3122 2355 3160 :
2390 3124 2411 3158 i
2445 3106 2615 3161 Nemo
2656 3115 2830 3159 autem
2858 3114 3092 3161 vestrum
3138 3107 3368 3176 patiatur
3394 3109 3547 3177 quasi

1963 3195 2249 3263 homicida,
2280 3205 2370 3250 aut
2399 3198 2500 3263 iur,
2544 3203 2635 3250 aut
2673 3196 2985 3263 maledicus,
3032 3205 3123 3251 aut
3146 3211 3301 3251 curas
3346 3198 3549 3253 alienas

1963 3304 2125 3360 agens
2156 3306 2169 3343 :
2197 3289 2243 3343 si
2269 3304 2394 3343 vero
2427 3288 2577 3358 quasi
2604 3288 2942 3351 christianos,
2974 3303 3078 3341 non
3101 3288 3409 3355 erubescat;
3437 3292 3552 3359 glo-

1963 3381 2135 3436 rificet
2162 3390 2336 3435 autem
2368 3382 2533 3435 Deum
2565 3380 2616 3433 in
2643 3381 2744 3434 isto
2783 3381 3019 3446 nomine,
3061 3382 3183 3450 quia
3214 3391 3422 3453 tempus
3464 3384 3549 3438 in-

1962 3474 2257 3529 choationis
2298 3473 2483 3544 judicii
2529 3488 2559 3527 a
2602 3472 2763 3527 domo
2802 3473 2897 3527 Dci
2928 3492 2940 3526 :
2972 3472 3018 3527 si
3063 3484 3239 3528 autem
3289 3476 3551 3533 initiuma

1963 3567 2136 3631 nobis,
2178 3567 2296 3636 quis
2341 3567 2461 3619 linis
2499 3580 2684 3619 eorum
2732 3566 2821 3633 qui
2864 3580 2966 3619 non
2997 3565 3223 3619 credunt
3263 3566 3550 3637 Evangelia

1963 3657 2097 3714 Dei?
2122 3668 2175 3714 et
2220 3659 2262 3711 si
2308 3658 2478 3727 justus
2521 3656 2734 3724 quidem
2765 3657 2849 3709 vix
2893 3657 3067 3710 salvus
3106 3660 3181 3721 tit,
3224 3670 3467 3727 peccator
3493 3671 3551 3715 et

1962 3750 2154 3818 impius
2186 3749 2269 3801 ubi
2303 3749 2557 3816 parebunt
2582 3766 2599 3797 ι
2637 3746 2693 3819 (l
2722 3746 2864 3801 Petr.
2894 3763 2970 3811 tv,
3006 3748 3251 3820 15-48)?
3274 3750 3549 3806 Manifeste

1962 3840 2193 3897 ostendit
2219 3840 2430 3893 easdem
2464 3841 2602 3909 ipsas
2631 3839 2906 3908 passiones
2935 3855 3065 3908 quas
3100 3840 3225 3908 justi
3256 3843 3541 3910 patiuntur,

1962 3932 2028 3987 ad
2073 3932 2325 4002 judicium
2369 3931 2461 3986 Dei
2511 3931 2811 3999 pertinere;
2852 3930 2993 4000 quod
3040 3931 3279 3986 inchoari
3317 3933 3452 3987 dixit
3478 3950 3545 3990 ex

1961 4023 2121 4077 domo
2150 4023 2261 4087 Dei,
2298 4031 2353 4075 ut
2383 4021 2503 4075 inde
2546 4022 2856 4089 conjiciatur
2886 4034 3095 4091 quantm
3140 4023 3316 4091 impiis
3361 4025 3547 4081 futura

1960 4125 2257 4170 servantur.
2286 4114 2438 4169 Unde
2467 4115 2623 4167 etiam
2652 4114 2766 4183 ipse
2791 4114 2983 4167 Paulus
3010 4114 3074 4168 ad
3102 4115 3549 4171 Thessalonicen.-

1962 4222 2049 4263 ses
2078 4208 2205 4262 dicit
2236 4226 2249 4261 :
2284 4225 2303 4258 ι
2339 4206 2415 4261 Ita
2445 4215 2501 4260 ut
2529 4221 2627 4260 nos
2655 4206 2750 4274 ipsi
2778 4206 2846 4259 de
2870 4206 3020 4260 vobis
3045 4208 3333 4276 gloriemur
3361 4211 3411 4263 in
3442 4212 3544 4265 Ec-

1963 4299 2140 4355 clesiis
2170 4300 2282 4366 Dei,
2318 4315 2414 4368 pro
2442 4309 2616 4353 vestra
2661 4300 2911 4367 patientia
2957 4308 3011 4354 et
3055 4300 3159 4356 ﬁde
3200 4302 3253 4355 in
3300 4304 3549 4360 omnibus

1964 4391 2423 4461 persecutionibus
2466 4391 2674 4450 vestris.
2715 4398 2768 4443 et
2815 4392 3074 4459 pressuris
3106 4409 3237 4461 quas
3280 4397 3551 4450 sustinetis

1964 4485 2017 4538 in
2047 4484 2344 4552 exemplum
2384 4483 2511 4551 justi
2550 4482 2730 4550 judicii
2775 4483 2868 4537 Dei
2904 4504 2922 4535 ι
2968 4486 3045 4555 (ll
3081 4486 3253 4541 Thess.
3286 4503 3323 4549 ι,
3356 4490 3409 4553 4,
3454 4491 3545 4557 5).

1963 4579 2114 4647 Quod
2145 4579 2359 4631 omnino
2386 4577 2449 4630 ad
2479 4576 2603 4629 illud
2641 4576 2875 4642 respicit,
2904 4579 3043 4648 quod
3074 4580 3146 4631 ait
3185 4580 3372 4634 Petrus
3410 4590 3545 4633 tem-

1965 4687 2064 4743 pus
2091 4686 2209 4726 esse
2257 4669 2608 4724 inchoationis
2657 4669 2842 4737 judicii
2889 4686 2917 4722 a
2957 4670 3118 4725 domo
3153 4672 3243 4727 Dei
3279 4691 3290 4725 :
3324 4681 3377 4727 et
3422 4674 3545 4727 illud

1965 4765 2105 4835 quod
2133 4765 2199 4818 de
2229 4762 2480 4833 prepheta
2514 4762 2849 4831 interposuit,
2886 4762 2951 4817 Et
2992 4766 3037 4816 si
3056 4766 3223 4835 justus
3263 4767 3347 4819 vix
3381 4768 3549 4822 salvus

1966 4862 2077 4923 erit,
2110 4867 2336 4924 peccator
2362 4866 2408 4910 et
2436 4858 2623 4925 impius
2653 4856 2736 4908 ubi
2783 4856 3026 4927 parebunt
3064 4855 3084 4928 (
3110 4855 3263 4910 Prov.
3300 4874 3373 4924 xl,
3404 4860 3465 4913 51
3491 4859 3547 4931 )‘i

1965 4951 2119 5007 Unde
2145 4951 2271 5004 mihi
2298 4948 2505 5002 videtur
2530 4949 2687 5002 etiam
2718 4948 2803 5001 illa
2829 4964 2946 5018 qua:
2972 4964 3066 5016 per
3086 4948 3288 5003 Nathan
3319 4951 3547 5020 pmphe-

1966 5051 2074 5097 tam
2130 5043 2235 5110 regi
2290 5039 2457 5094 David
2508 5040 2859 5094 comminatus
2906 5048 2987 5093 est
3036 5040 3191 5103 Deus,
3247 5057 3548 5111 quanquam

1968 5134 2143 5189 statim
2174 5132 2429 5201 ignoverit
2456 5131 2749 5199 poenitenti,
2780 5138 3052 5198 prepterea
3083 5139 3257 5185 tamen
3290 5133 3548 5189 accidisse

1966 5228 2143 5284 omnia
2168 5228 2182 5289 (
2205 5224 2247 5279 ll
2275 5223 2401 5293 Reg.
2430 5223 2561 5294 xu),
2607 5230 2661 5277 ut
2692 5222 3146 5277 demonstraretur
3168 5224 3309 5277 illam
3341 5228 3547 5281 veniam

1971 5317 2311 5390 spiritualiter
2336 5316 2512 5369 datam
2553 5323 2767 5384 propter
2814 5312 3044 5366 futurum
3080 5314 3333 5383 judicium
3371 5332 3555 5386 paena-

1968 5426 2109 5479 rum,
2140 5409 2277 5479 quod
2306 5414 2576 5479 exspectat
2615 5420 2707 5459 eos
2727 5405 2818 5474 qui
2846 5404 2947 5459 hoc
2974 5415 3211 5474 tempore
3236 5411 3426 5481 corrigi
3456 5427 3547 5465 noa

1970 5505 2106 5561 lunt.
2140 5504 2274 5558 Dicit
2313 5502 2454 5556 enim
2480 5508 2533 5553 et
2557 5498 2678 5551 alibi
2721 5497 2909 5551 Petrus
2935 5516 2948 5551 :
2980 5498 3197 5569 Pmpter
3223 5501 3319 5555 hoc
3342 5504 3473 5557 enim
3502 5517 3549 5558 et

1968 5598 2182 5653 mortuis
2220 5594 2612 5665 euangelizatum
2668 5599 2759 5655 est,
2801 5599 2855 5644 ut
2894 5590 3187 5660 iudicentur
3228 5596 3429 5665 quidem
3483 5616 3551 5651 se-

1967 5692 2191 5747 cundum
2230 5690 2480 5743 hominem
2526 5685 2579 5737 in
2622 5699 2805 5751 carne,
2850 5684 3016 5739 vivant
3063 5696 3228 5741 autem
3268 5689 3541 5744 secundum

1968 5784 2136 5841 Deum
2191 5784 2245 5835 in
2302 5779 2482 5851 spiritu
2537 5776 2603 5847 (Ι
2647 5773 2790 5830 Patr.
2839 5791 2919 5842 tv,
2966 5778 3055 5847 6).
3120 5780 3236 5836 Hoc
3291 5782 3443 5850 dixi,
3496 5779 3561 5841 ut

1968 5876 2310 5941 ostenderem
2334 5880 2588 5945 quantum
2615 5880 2843 5944 possem,
2885 5879 2943 5928 et
2964 5882 3219 5944 quantum
3238 5881 3545 5949 opponam.
