4012 6468
505 399 647 460 2095

511 537 594 584 tas
635 523 912 596 praisentis
951 520 1053 576 loci
1078 518 1465 588 Scripturarum
1505 513 1648 576 sinit,
1695 525 1800 564 non
1834 510 1911 563 sic
1952 507 2090 562 acci-

507 619 756 691 piendam
805 615 1027 688 gratiam
1075 621 1128 667 et
1175 623 1356 680 pacem
1406 605 1520 670 Dei,
1579 619 1700 658 cum
1749 602 1980 668 dicitur,
2033 607 2092 654 ut

505 715 812 770 existiment
855 709 1091 763 homines
1121 721 1148 759 a
1172 701 1370 772 justitia
1403 699 1568 754 Deum
1613 712 1766 766 posse
1791 693 2084 750 discedere.

504 803 638 860 Nam
670 816 722 858 et
745 804 910 871 ipsam
941 812 1123 869 pacem
1153 809 1272 850 cum
1305 790 1636 860 promitteret
1663 787 1936 851 Dominus,
1967 785 2042 838 ait
2071 799 2085 837 :

507 893 636 949 Herc
676 894 803 956 dixi,
848 901 900 944 ut
943 891 994 942 iu
1031 902 1110 940 me
1139 900 1312 956 pacem
1341 881 1583 940 habeatis,
1617 880 1669 932 in
1708 877 1894 931 mundo
1921 885 2086 928 autem

506 999 791 1058 pressuram
821 980 998 1052 (Joan.
1031 993 1140 1041 xvi,
1182 976 1292 1044 55).
1320 972 1424 1028 Sed
1456 970 1814 1026 tribulationes
1842 977 1893 1020 et
1916 965 2088 1020 mole-

506 1076 622 1130 stia:
651 1091 769 1129 cum
797 1089 890 1142 per
910 1069 1170 1140 justitiam
1203 1065 1294 1118 Dei
1317 1053 1611 1119 redduntur
1643 1059 1893 1130 peccatis,
1919 1057 2087 1111 bonos

505 1175 559 1222 et
581 1165 773 1235 justas,
805 1171 858 1216 et
887 1147 1079 1230 quibus
1113 1159 1222 1226 jam
1251 1157 1366 1224 plus
1407 1162 1624 1222 peccata
1667 1151 1780 1220 ipsa
1808 1149 2090 1216 displicent

503 1269 663 1324 quam
690 1255 794 1308 ulla
822 1239 1268 1320 corporispmna,
1317 1261 1421 1300 non
1455 1243 1736 1300 reﬂectunt
1763 1240 1830 1294 ad
1862 1253 2088 1308 peccan-

501 1345 650 1410 dum,
698 1345 792 1398 sed
834 1344 901 1397 ab
939 1343 1082 1396 omni
1125 1341 1242 1394 labe
1281 1337 1488 1406 penitus
1519 1341 1756 1404 purgant.
1809 1331 1916 1384 Pax
1947 1329 2089 1384 enim

505 1437 734 1506 perfecta
762 1433 922 1488 etiam
943 1431 1182 1502 corporis
1205 1444 1300 1484 suo
1329 1441 1567 1496 tempore
1591 1425 1802 1478 dabitur
1819 1421 1857 1485 ι,
1884 1420 1929 1473 si
1951 1432 2090 1472 nunc

505 1545 686 1600 pacem
703 1543 864 1599 quam
887 1527 1143 1581 Dominus
1167 1539 1262 1593 per
1283 1522 1440 1577 iidem
1461 1519 1590 1574 dare
1609 1517 1854 1586 dignatus
1882 1519 1984 1578 est,
2009 1511 2093 1564 in-

503 1634 762 1676 concusso
779 1620 1184 1690 spiritusnoster
1206 1625 1362 1682 atque
1375 1607 1875 1665 incommutabiliter
1893 1611 2090 1657 teneat.

577 1712 666 1764 11.
697 1709 846 1776 Quod
877 1717 1056 1762 autem
1083 1705 1369 1775 Apostolus
1393 1701 1614 1772 gratiam
1637 1707 1692 1753 et
1715 1712 1896 1766 pacem
1923 1711 1956 1748 a
1979 1693 2088 1747 Deo

505 1801 665 1856 Patre
689 1809 744 1854 et
787 1801 1010 1852 Domino
1059 1805 1237 1850 nostro
1263 1793 1387 1848 Jesu
1427 1790 1638 1846 Christo
1680 1787 1825 1852 dicit,
1861 1801 1966 1840 non
1995 1783 2092 1836 ad-

505 1891 737 1962 jungens
766 1889 924 1944 etiam
951 1889 1204 1958 Spiritum
1233 1893 1508 1948 sanctum;
1541 1896 1645 1935 non
1677 1877 1806 1931 mihi
1830 1877 1932 1929 alia
1959 1874 2094 1928 ratio

507 1981 732 2045 videtur,
755 1981 856 2034 nisi
875 1981 996 2049 quia
1025 1980 1196 2046 ipsum
1217 1975 1414 2029 donum
1443 1973 1539 2026 Dei
1559 1969 1816 2040 Spiritum
1845 1977 2092 2020 sanctum

507 2074 860 2144 intelligamus
899 2089 912 2123 :
953 2071 1117 2141 gratia
1167 2084 1325 2137 porro
1365 2073 1418 2120 et
1467 2079 1604 2134 pax,
1652 2059 1778 2131 quid
1827 2056 1970 2112 aliud
2015 2064 2098 2111 est

507 2179 664 2234 quam
690 2163 888 2218 donum
919 2161 1048 2214 Dei?
1091 2157 1244 2214 Unde
1283 2155 1431 2210 nullo
1455 2152 1616 2208 modo
1643 2149 1758 2205 dari
1791 2147 2096 2202 hominibus

506 2258 674 2326 gratia
715 2262 890 2324 potest
917 2267 1020 2322 qua
1057 2251 1346 2305 liberamur
1381 2262 1412 2299 a
1451 2243 1704 2315 peccatis,
1751 2249 1806 2294 et
1851 2254 1951 2308 pax
1993 2251 2095 2304 qua

509 2347 915 2403 reconciliamur
937 2344 1063 2408 Deo,
1093 2341 1194 2395 nisi
1219 2341 1272 2392 in
1297 2337 1496 2408 Spiritu
1521 2344 1725 2390 sancto.
1754 2331 1820 2386 Et
1843 2329 1965 2384 ideo
1983 2329 2096 2397 ipsa

509 2440 740 2495 Trinitas
769 2437 1070 2507 pariterque
1101 2428 1546 2486 incommutabilis
1578 2425 1751 2479 unitas
1783 2423 1834 2476 in
1863 2421 1964 2474 ista
2008 2433 2096 2471 sa-

511 2533 766 2588 lutatione
795 2527 1148 2599 cognoscitur.
1173 2521 1324 2592 Quod
1351 2531 1631 2590 propterea
1653 2514 1883 2570 maxime
1907 2510 2096 2577 credo,

509 2625 763 2696 quoniam
791 2628 1012 2689 excepta
1041 2610 1277 2686 Epistola
1306 2627 1464 2681 quam
1491 2609 1558 2663 ad
1588 2607 1839 2662 llebrteos
1867 2601 2098 2670 scripsit,

513 2693 602 2774 ubi
629 2716 942 2787 principium
973 2708 1338 2780 salutatorium
1364 2705 1431 2759 de
1459 2700 1718 2758 industria
1747 2698 1942 2752 dicitur
1967 2693 2104 2748 omi-

512 2785 666 2876 sisse,
715 2822 781 2861 ne
809 2804 978 2861 Judaei
1019 2802 1109 2872 qui
1145 2799 1404 2854 adversus
1444 2809 1566 2849 eum
1597 2789 1909 2861 pugnaciter
1953 2785 2102 2840 obla-

515 2901 746 2963 trabant,
791 2894 1008 2950 nomine
1031 2891 1148 2962 ejus
1175 2887 1364 2944 otl'ensi
1392 2885 1479 2940 vel
1505 2883 1720 2938 inimico
1749 2880 1928 2933 animo
1956 2877 2101 2946 lege-

513 3001 655 3058 rent,
679 2989 766 3045 vel
787 2987 1006 3042 omnino
1036 2986 1212 3052 legere
1233 2995 1338 3034 non
1364 2983 1632 3041 curarent,
1661 2971 1802 3043 quod
1829 2969 1894 3024 ad
1916 2983 2102 3024 eorum

514 3083 742 3140 salutem
781 3080 1105 3147 scripserat:
1139 3071 1281 3128 unde
1323 3067 1562 3123 nonnulli
1585 3081 1704 3121 eam
1748 3064 1802 3117 in
1842 3073 2102 3116 canonem

525 3173 921 3242 Scripturarum
959 3165 1196 3234 recipere
1221 3163 1511 3218 timuerunt
1538 3173 1555 3210 :
1581 3156 1674 3211 sed
1704 3169 1916 3224 quoquo
1945 3149 2104 3205 modo

518 3279 582 3322 se
609 3265 804 3318 habeat
829 3263 926 3314 ista
957 3257 1198 3328 quaestio,
1229 3261 1448 3321 excepta
1478 3250 1577 3303 hac
1607 3245 1864 3318 Epistola,
1897 3251 2104 3298 creterra

523 3371 711 3412 omnes
755 3367 872 3422 quae
911 3349 1055 3404 nulla
1093 3348 1368 3402 dubitante
1403 3340 1640 3398 Ecclesia
1689 3336 1838 3391 Pauli
1881 3333 2106 3402 apostoli

523 3463 644 3504 esse
692 3447 988 3506 ﬁrmantur,
1043 3442 1202 3496 talem
1246 3439 1519 3494 continent
1559 3431 1963 3493 salutationem;
2004 3425 2106 3480 nisi

525 3540 667 3612 quod
694 3538 762 3594 ad
799 3535 1136 3592 Timotheum
1161 3533 1218 3587 in
1243 3539 1463 3598 utraque
1489 3523 1776 3595 interponit
1801 3518 2106 3574 misericor-

525 3631 688 3688 diam.
738 3629 868 3684 Nam
908 3627 978 3682 ita
1019 3625 1250 3682 scribit:
1281 3621 1479 3688 Gratia,
1533 3615 1897 3679 misericordia,
1946 3627 2048 3682 pax
2075 3615 2110 3664 it

531 3722 636 3778 Deo
667 3720 842 3788 Patre,
871 3727 918 3772 et
943 3717 1071 3772 Jesu
1095 3714 1295 3772 Christo
1319 3712 1540 3768 Domino
1566 3718 1734 3764 nostro
1761 3707 1810 3778 (Ι
1835 3713 1881 3760 et
1903 3703 1944 3757 ll
1971 3701 2106 3756 Tim.

524 3833 568 3886 ι,
603 3813 682 3888 2).
713 3814 830 3881 Quo
857 3813 1000 3869 enim
1029 3809 1360 3874 familiarius,
1391 3821 1457 3862 eo
1483 3804 1688 3860 dulcius
1721 3795 2110 3872 quodammodo

529 3907 770 3968 scribens
814 3905 880 3961 ad
919 3903 1279 3969 Timotheum,
1311 3899 1364 3954 id
1390 3897 1614 3953 verbum
1641 3893 1974 3964 interposuit,
2006 3903 2110 3959 quo

529 4002 686 4072 plane
710 3998 943 4068 aperitur
971 4005 1130 4066 atque
1167 3990 1463 4047 ostenditur
1505 4003 1614 4042 non
1647 3985 1852 4041 meritis
1890 3995 2112 4051 operum

529 4092 788 4162 priorum,
818 4087 912 4143 sed
938 4084 1228 4142 secundum
1255 4078 1672 4137 misericordiam
1699 4075 1792 4129 Dei
1821 4072 1974 4127 nobis
1999 4069 2114 4125 dari

529 4181 788 4256 Spiritum
815 4187 1080 4244 sanctum,
1110 4183 1169 4232 ut
1191 4185 1246 4230 et
1265 4181 1600 4244 peccatorum
1622 4166 1838 4224 abolitio
1867 4166 1976 4230 ﬁat,
1999 4163 2116 4232 qui-

529 4253 631 4330 bus
663 4272 1071 4344 sejungebamur
1093 4282 1125 4320 a
1152 4265 1296 4330 Deo;
1323 4271 1378 4319 et
1415 4258 1796 4323 reconciliatio,
1843 4265 1901 4310 ut
1937 4254 2010 4308 illi
2037 4253 2116 4306 in-

531 4363 848 4420 haereamus.

609 4455 699 4509 12.
737 4452 846 4508 Nec
869 4451 987 4506 alim
1025 4447 1399 4518 Apostolorum
1423 4442 1692 4513 Epistolte,
1721 4454 1852 4510 quas
1879 4451 2005 4494 usus
2025 4451 2116 4492 ec-

538 4545 871 4606 clesiasticus
917 4539 1136 4610 recipit,
1189 4553 1375 4608 parum
1419 4551 1518 4592 nos
1565 4533 1854 4588 admonent
1907 4529 1975 4584 de
2018 4528 2118 4583 ista

539 4636 874 4696 Trinitatem
901 4629 1172 4704 principiis
1197 4629 1323 4683 suis.
1351 4627 1484 4682 Nam
1504 4625 1692 4680 Petrus
1713 4624 1784 4678 ita
1813 4621 1959 4687 dicit,
1987 4617 2120 4674 Gra-

539 4733 609 4786 tia
627 4730 762 4784 vobis
781 4737 826 4782 et
849 4742 950 4798 pax
961 4723 1299 4793 adimpleatttr
1315 4737 1331 4774 :
1349 4719 1540 4776 deinde
1560 4719 1735 4773 statim
1767 4714 1998 4786 subjicit,
2017 4711 2120 4766 Be-

545 4825 772 4878 nedictus
787 4821 918 4876 Deus
935 4828 979 4873 et
999 4817 1156 4870 Pater
1172 4814 1380 4870 Domini
1400 4814 1554 4868 nostri
1567 4813 1603 4867 ,Ι
1608 4830 1693 4867 esu
1710 4809 1894 4868 Christi
1912 4810 1956 4880 (ι
1973 4808 2117 4862 Petr.

537 4933 580 4984 .t,
606 4915 642 4968 2
659 4916 752 4970 et?)
769 4916 813 4986 ).
847 4913 916 4969 Ut
943 4925 1038 4982 per
1063 4907 1285 4980 gratiam
1309 4914 1362 4960 et
1392 4920 1575 4974 pacem
1601 4902 1802 4973 Spiritu
1827 4909 2009 4956 sancto
2035 4899 2120 4954 in-

543 5007 792 5072 tellecto,
831 5003 1002 5058 Patris
1043 5008 1098 5055 et
1136 4997 1257 5054 Filii
1297 4995 1732 5063 commemoratio
1776 4994 2012 5047 animum
2054 4990 2121 5044 de

542 5097 796 5154 Trinitate
822 5099 1174 5150 commoneat.
1208 5089 1275 5144 Et
1307 5087 1496 5141 iu.alia
1525 5086 1602 5140 sic
1644 5086 1752 5139 ait:
1787 5083 1962 5139 Gratia
1987 5083 2122 5137 vobis

543 5199 590 5244 et
616 5205 716 5259 pax
745 5186 1104 5256 multiplicetur
1129 5183 1182 5236 in
1205 5179 1540 5250 recoynitt'one
1571 5176 1664 5229 Dei
1703 5185 1748 5230 et
1788 5175 1972 5230 Christi
1996 5173 2123 5228 Iesu

545 5279 754 5334 Domini
781 5277 938 5334 nostri
969 5274 1048 5348 (ll
1085 5273 1230 5328 Petr.
1259 5289 1298 5338 ι,
1321 5269 1410 5342 ‘2).
1456 5267 1684 5323 Joannes
1723 5277 1896 5322 autem
1945 5267 2124 5322 nescio

547 5386 705 5440 quam
735 5371 803 5424 ob
839 5384 1053 5424 causam
1098 5366 1276 5421 omisit
1315 5363 1418 5420 tale
1464 5361 1809 5432 principium;
1842 5361 1934 5416 sed
1969 5361 2125 5432 plane

549 5461 820 5516 Trinitatis
861 5457 1419 5516 commemorationem
1459 5468 1558 5508 nec
1597 5454 1710 5522 ipse
1737 5453 1986 5522 neglexit,
2029 5467 2126 5521 pro

549 5553 720 5624 gratia
740 5561 794 5606 et
819 5567 966 5622 pace,
989 5552 1298 5607 societatem
1326 5549 1670 5619 interponens
1698 5563 1710 5598 :
1745 5543 1893 5612 Quod
1919 5559 2033 5614 ergo
2049 5545 2126 5596 υἱ-

553 5645 738 5714 dimus,
765 5645 954 5714 inquit,
983 5645 1270 5699 nuntiamus
1305 5651 1352 5696 et
1390 5641 1542 5704 vobis,
1575 5648 1698 5694 utet
1723 5654 1808 5692 vos
1845 5638 2130 5692 societatem

557 5736 778 5791 habeatis
819 5734 1095 5802 nobiscum,
1135 5743 1183 5790 et
1209 5734 1418 5788 societas
1445 5739 1618 5786 nostra
1640 5731 1704 5784 sit
1739 5745 1854 5782 cum
1887 5725 2045 5784 Patre
2081 5735 2130 5784 et

620 5850 638 5880 ι
663 5847 738 5898 sic
757 5845 1020 5916 vetitam,
1040 5855 1123 5900 Its.
1149 5853 1204 5902 At
1240 5845 1376 5910 editi,
1410 5843 1726 5898 roborabitur.

1463 388 1814 453 EPISTULzE
1849 385 1940 446 AD
1977 389 2322 464 ROMANOS,
2361 392 2418 448 s.
2459 384 2824 447 AllGUSTINl

3635 385 3769 443 2098

2204 507 2343 564 Filio
2364 508 2472 577 ejus
2498 503 2532 558 J
2539 520 2624 558 esu
2645 502 2842 556 Christo
2869 499 2914 571 (l
2939 498 3095 554 Joan.
3122 515 3162 568 ι,
3191 499 3273 572 5).
3303 499 3361 554 In
3385 499 3622 555 secunda
3649 516 3768 557 vero

2199 599 2302 654 illis
2331 613 2450 668 qua:
2494 595 2560 650 ad
2605 594 2940 648 Timotheum
2985 603 3108 646 sunt
3133 601 3412 658 consonat,
3441 591 3629 646 dicens
3649 633 3662 657 ,
3694 593 3768 646 Si!

2197 693 2446 746 vobiscum
2484 689 2668 760 gratia,
2701 687 3059 753 misericordia,
3089 702 3191 756 pax
3213 703 3244 738 a
3269 685 3377 740 Deo
3405 685 3562 740 Patre
3589 695 3636 740 et
3657 685 3772 740 Jesn

2197 783 2394 839 Christo
2419 782 2554 836 Filio
2583 779 2756 834 Patris
2783 778 2848 850 (ll
2876 777 3033 832 Joan.
3067 795 3102 846 ι,
3132 779 3212 850 5).
3241 780 3298 834 in
3326 779 3494 834 tertiae
3521 779 3772 849 principio

2194 875 2263 932 de
2291 876 2546 930 Trinitate
2589 872 2795 942 penitus
2825 881 3045 936 tacetur,
3077 872 3258 936 credo,
3285 870 3426 940 quod
3468 871 3536 924 sit
3559 872 3770 925 omnino

2195 968 2530 1024 brevissima.
2569 965 2658 1020 Sic
2686 964 2827 1018 enim
2859 961 3044 1030 incipit
3075 979 3088 1014 :
3123 961 3305 1016 Senior
3341 960 3468 1014 Gaio
3513 961 3772 1014 dilectissi-

2201 1075 2304 1124 mo,
2337 1075 2480 1128 quem
2507 1073 2596 1126 ego
2623 1054 2779 1124 diligo
2822 1053 2872 1106 in
2901 1052 3104 1104 veritate
3131 1050 3224 1120 (Ill
3251 1049 3406 1104 Joan.
3440 1067 3476 1114 ι,
3511 1047 3588 1121 1).
3619 1050 3776 1115 Quam

2193 1150 2469 1206 veritatem
2499 1163 2592 1218 pro
2617 1147 2730 1215 ipsa
2760 1145 3020 1198 Trinitate
3041 1143 3268 1212 positam
3315 1151 3460 1211 puto.
3493 1141 3660 1197 Judas
3693 1159 3776 1195 ηο-

2195 1245 2394 1298 minato
2421 1243 2528 1295 Deo
2551 1241 2709 1294 Patre
2737 1246 2791 1292 et
2831 1236 3054 1291 Domino
3081 1234 3208 1290 Jesu
3233 1233 3471 1298 Christo,
3500 1232 3566 1286 ad
3589 1232 3775 1286 intelli-

2194 1335 2423 1406 gendum
2469 1319 2724 1402 Spiritum
2763 1337 3024 1393 sanctum,
3055 1327 3157 1382 hoc
3186 1335 3268 1382 est
3297 1326 3493 1380 donum
3525 1325 3640 1389 Dei,
3685 1325 3772 1378 tria

2194 1428 2356 1481 verba
2399 1425 2591 1495 ponit;
2623 1424 2700 1478 sic
2743 1422 2937 1492 quippe
2976 1419 3178 1488 incipit,
3229 1418 3395 1471 Judas
3432 1415 3558 1470 Jesu
3605 1415 3778 1471 Christi

2195 1533 2385 1584 servus,
2431 1520 2588 1586 frater
2625 1521 2794 1566 autem
2830 1509 3030 1574 Jacobi,
3061 1509 3115 1562 in
3153 1505 3262 1562 Deo
3305 1507 3462 1560 Patre
3499 1505 3708 1570 dilectis,
3737 1511 3776 1558 et

2195 1606 2322 1662 Jesu
2349 1605 2546 1660 Christo
2587 1602 2888 1658 conservatis
2917 1609 2962 1655 et
2987 1600 3193 1666 vocatis,
3239 1597 3584 1652 misericordia
3627 1596 3774 1662 vobis,

2197 1707 2243 1752 et
2281 1715 2382 1767 pax
2421 1707 2468 1751 et
2511 1696 2730 1748 charitas
2763 1691 3100 1762 adimpleatur
3147 1689 3334 1760 (Iuda:
3382 1705 3420 1756 ι,
3478 1686 3571 1760 1);
3609 1685 3776 1742 Gratia

2198 1791 2340 1846 enim
2384 1797 2438 1844 et
2481 1805 2580 1858 pax
2624 1787 2738 1842 sine
2779 1782 3143 1839 misericordia
3181 1790 3237 1837 et
3275 1781 3536 1836 charitatc
3565 1777 3780 1847 intelligi

2199 1899 2306 1938 non
2349 1890 2541 1954 potest.
2587 1881 2814 1935 Jacobus
2859 1885 3038 1934 autem
3079 1877 3482 1932 usitatissimum
3509 1871 3778 1928 exordium

2200 1973 2323 2028 fecit
2349 1973 2619 2042 Epistolte,
2670 1971 2740 2024 ita
2779 1969 3021 2024 scribens
3053 1987 3066 2022 :
3097 1965 3326 2020 Jacobus
3361 1965 3458 2018 Dei
3497 1973 3542 2018 et
3584 1960 3780 2016 Domini

2200 2067 2358 2119 nostri
2385 2065 2420 2118 J
2425 2083 2512 2119 esu
2553 2063 2742 2118 Christi
2765 2079 2958 2126 servus,
2991 2061 3252 2113 duodecim
3286 2057 3508 2111 tribubus
3537 2071 3653 2125 qua:
3677 2061 3782 2109 sunt

2205 2157 2259 2211 in
2294 2157 2620 2226 dispersione,
2653 2155 2864 2208 salutem
2905 2150 3108 2222 (Jacobi
3143 2165 3181 2215 ι,
3217 2149 3290 2219 1).
3323 2147 3516 2212 Credo,
3543 2145 3780 2200 conside-

2201 2265 2326 2306 rans
2365 2251 2588 2304 salutem
2616 2263 2721 2302 non
2750 2260 2870 2300 esse
2899 2244 2998 2298 nisi
3041 2243 3096 2296 in
3133 2241 3272 2296 dono
3303 2240 3398 2294 Dei
3427 2240 3467 2304 ι,
3503 2237 3592 2292 ubi
3620 2235 3782 2306 gratia

2203 2353 2257 2397 et
2283 2357 2400 2412 pax.
2443 2341 2508 2395 Et
2547 2353 2849 2410 quanquam
2878 2345 3004 2391 ante
3045 2336 3147 2388 hoc
3174 2333 3394 2388 verbum
3439 2329 3782 2385 nominaverit

2205 2437 2374 2490 Deum
2401 2443 2455 2488 et
2483 2433 2766 2487 Dominum
2792 2437 3030 2484 nostrum
3060 2426 3242 2482 Jesum
3269 2425 3576 2486 Christum;
3609 2429 3782 2474 tamen

2205 2527 2324 2597 quia
2349 2525 2490 2579 nulla
2521 2523 2684 2594 gratia
2713 2531 2768 2578 et
2805 2521 2948 2574 nulla
2992 2533 3124 2590 pace
3165 2517 3294 2572 salvi
3339 2516 3472 2570 ﬁunt
3499 2513 3743 2568 homines
3763 2551 3778 2578 ,

2213 2617 2314 2672 nisi
2341 2631 2459 2686 quat-
2485 2622 2568 2669 est
2585 2629 2614 2667 a
2645 2613 2752 2666 Deo
2772 2612 2928 2666 Patre
2948 2619 3004 2665 et
3027 2607 3249 2663 Domino
3275 2606 3400 2662 Jesu
3425 2604 3660 2669 Christo,
3683 2603 3785 2656 sic—

2207 2716 2271 2761 ut
2299 2706 2530 2762 Joannes
2571 2705 2626 2758 in
2657 2703 2808 2757 tertia
2859 2701 3152 2765 veritatem,
3183 2699 3260 2754 sic
3299 2697 3400 2752 iste
3428 2695 3660 2750 salutem
3699 2707 3792 2764 pro

2206 2798 2320 2868 ipsa
2345 2797 2604 2850 Trinitate
2634 2793 2875 2863 posuisse
2906 2790 3037 2844 mihi
3067 2788 3296 2843 videtur.

2279 2889 2364 2942 15.
2406 2885 2523 2952 Quo
2547 2886 2664 2940 loco
2694 2897 2912 2953 prorsus
2947 2895 3056 2936 non
3085 2879 3314 2934 arbitror
3337 2877 3788 2949 praetereundum,

2208 2977 2348 3050 quod
2385 2985 2535 3046 pater
2582 2975 2824 3030 Valerius
2869 2971 3240 3026 animadvertit
3281 2969 3548 3024 admirans
3575 2969 3636 3022 in
3667 2981 3794 3038 quo-

2208 3071 2450 3127 rumdam
2491 3069 2878 3124 rusticanorum
2903 3064 3274 3120 collocatione.
3319 3061 3454 3117 Cum
3481 3062 3625 3116 enim
3663 3061 3791 3113 alter

2208 3164 2361 3218 alteri
2402 3162 2640 3224 dixisset,
2687 3157 2862 3224 Salus,
2908 3156 3152 3227 quaesivit
3191 3154 3260 3209 ab
3293 3169 3360 3210 eo
3401 3153 3492 3223 qui
3531 3161 3592 3207 et
3637 3153 3791 3206 latine

2209 3263 2390 3309 nosset
2417 3263 2469 3308 et
2511 3251 2720 3322 punice,
2763 3249 2890 3319 quid
2917 3257 3062 3303 esset
3090 3247 3247 3302 Salus
3277 3263 3296 3299 :
3321 3259 3638 3314 responsum
3668 3253 3746 3297 est
3765 3281 3782 3308 ,

2213 3344 2350 3398 Tria.
2395 3343 2529 3396 Tum
2573 3341 2663 3395 ille
2707 3353 3002 3410 agnoscens
3041 3353 3162 3392 cum
3201 3335 3392 3407 gaudio
3433 3334 3668 3388 salutem
3697 3346 3794 3386 no-

2212 3445 2378 3490 stram
2404 3447 2524 3488 esse
2546 3431 2856 3485 Trinitatem
2873 3471 2888 3495 ,
2915 3427 3336 3482 convenientiam
3365 3425 3666 3494 linguarum
3689 3435 3796 3476 non

2211 3525 2428 3580 fortuitu
2464 3523 2541 3578 sic
2583 3523 2826 3577 sonuisse
2851 3519 3276 3583 arbitratusest,
3317 3517 3409 3572 sed
3437 3515 3802 3570 occultissima

2212 3617 2608 3689 dispensatione
2629 3615 2821 3670 divinae
2853 3611 3204 3684 providentia:
3236 3628 3250 3663 :
3281 3619 3338 3664 ut
3366 3623 3486 3664 cum
3509 3607 3678 3661 latine
3701 3620 3798 3658 no-

2213 3711 2442 3765 minatur
2471 3709 2648 3776 Salus,
2675 3721 2706 3760 a
2733 3705 2944 3762 Punicis
2984 3703 3341 3772 intelligantur
3388 3699 3544 3764 Tria;
3574 3707 3634 3753 et
3673 3708 3798 3751 cum

2213 3803 2397 3859 Punici
2437 3802 2611 3871 lingua
2654 3813 2750 3855 sua
2789 3797 2916 3852 Tria
2943 3797 3241 3862 nominant,
3271 3793 3431 3848 latine
3474 3791 3802 3859 intelligatur

2215 3894 2392 3950 Salus.
2437 3893 2735 3947 Chananata
2763 3890 2928 3956 enim,
2959 3891 3061 3942 hoc
3101 3896 3204 3952 est,
3247 3885 3446 3940 Punica
3472 3884 3690 3948 mulier,
3735 3878 3804 3934 de

2215 3987 2410 4042 ﬁnibus
2437 3986 2564 4057 Tyri
2583 3993 2636 4041 et
2655 3982 2866 4040 Sidonis
2889 3995 3123 4052 egressa,
3141 3994 3258 4050 quae
3283 3979 3336 4032 in
3359 3975 3654 4046 Evangelio
3677 3987 3803 4044 per-

2216 4094 2400 4134 sonam
2428 4077 2676 4133 Gentium
2709 4075 2866 4146 gerit,
2909 4075 3136 4128 salutem
3165 4070 3376 4140 petebat
3403 4068 3522 4122 ﬁlia:
3549 4081 3689 4132 sum,
3720 4063 3806 4119 cui

2218 4185 2533 4242 responsum
2561 4178 2642 4225 est
2661 4185 2688 4222 a
2705 4167 2930 4224 Domino
2959 4183 2972 4218 :
3003 4164 3126 4220 Non
3149 4173 3221 4218 est
3245 4163 3430 4218 bonum
3455 4176 3646 4232 panem
3667 4158 3808 4228 ﬁlio-

2217 4283 2330 4319 rum
2371 4265 2562 4318 mittere
2588 4261 2812 4316 canibus.
2857 4258 3010 4327 Quod
3037 4258 3240 4312 crimen
3269 4256 3536 4325 objectum
3567 4253 3662 4307 illa
3703 4263 3808 4304 non

2219 4373 2440 4428 negans,
2493 4367 2738 4427 tanquam
2777 4354 2846 4410 de
2871 4351 3207 4408 confessione
3243 4355 3584 4419 peccatorum
3633 4345 3812 4412 impe-

2221 4458 2424 4506 tratura
2449 4450 2674 4505 salutem
2717 4447 2858 4512 tiliae,
2890 4445 2992 4500 hoc
3029 4452 3110 4499 est
3133 4457 3286 4497 nom
3323 4442 3443 4495 vita:
3487 4453 3605 4494 sua:
3641 4454 3654 4490 :
3686 4433 3770 4488 Ita
3793 4472 3810 4500 ,

2221 4543 2408 4614 inquit,
2439 4542 2670 4608 Domine,
2695 4555 2812 4593 nam
2833 4547 2880 4592 et
2900 4551 3046 4590 canes
3071 4536 3220 4590 edunt
3241 4533 3304 4588 de
3323 4533 3464 4586 micis
3485 4546 3604 4599 qua:
3623 4527 3816 4582 cadunt

2224 4636 2286 4690 de
2312 4650 2484 4688 mensa
2511 4633 2828 4686 dominorum
2853 4645 3062 4684 suarum
3081 4625 3294 4700 (Matth.
3325 4639 3416 4688 xv,
3441 4620 3668 4691 22—27).
3691 4616 3816 4672 Tria

2223 4726 2363 4781 enim
2391 4722 2630 4778 mulieris
2652 4721 2830 4789 lingua
2857 4719 3012 4776 Salus
3035 4725 3289 4774 vocantur
3317 4734 3330 4769 :
3359 4723 3473 4769 erat
3495 4713 3650 4766 enim
3673 4708 3820 4764 Cha-

2227 4829 2429 4870 nansea.
2458 4811 2612 4869 Unde
2640 4810 2950 4880 interrogati
2979 4809 3161 4864 rustici
3193 4807 3362 4862 nostri
3387 4804 3510 4874 quid
3539 4805 3674 4868 sint,
3719 4815 3820 4871 pu-

2227 4908 2343 4960 nice
2371 4903 2753 4974 respondentes
2777 4900 3025 4965 Chanani,
3051 4906 3298 4968 corrupta
3320 4897 3544 4958 scilicet,
3577 4894 3730 4948 sicut
3769 4892 3824 4944 in

2229 4999 2419 5053 talibus
2441 4996 2593 5059 solet,
2623 5009 2726 5048 una
2748 4993 2942 5058 littera,
2963 4991 3086 5061 quid
3112 4989 3254 5044 aliud
3281 4985 3614 5056 respondent
3637 4998 3824 5054 quam,

2227 5085 2555 5146 Chananzei?
2583 5086 2778 5140 Peleus
2811 5084 2987 5152 itaque
3027 5081 3269 5144 salutem,
3301 5079 3624 5133 Trinitatem
3673 5083 3829 5145 pete-

2229 5183 2317 5236 bat
2349 5198 2362 5234 :
2390 5179 2508 5250 quia
2549 5186 2604 5232 et
2629 5175 2865 5230 Romana
2896 5175 3089 5244 lingua,
3131 5189 3248 5243 qua:
3271 5171 3326 5225 in
3365 5171 3552 5225 salutis
3600 5168 3833 5223 nomine

2231 5273 2540 5327 Trinitatem
2567 5268 2764 5324 Punice
2792 5274 2966 5330 sonat,
3009 5273 3166 5336 caput
3206 5263 3450 5319 Gentium
3491 5262 3726 5316 inventa
3753 5267 3838 5314 es:

2231 5365 2285 5421 in
2309 5365 2535 5420 adventu
2553 5361 2786 5426 Domini;
2814 5369 2868 5414 et
2888 5359 3116 5414 diximus
3135 5355 3484 5410 Chananmam
3509 5353 3836 5412 mulierem,

2235 5459 2480 5516 Gentium
2507 5456 2774 5511 sustinere
2822 5469 3122 5524 personam.
3175 5451 3372 5504 Panem
3403 5459 3588 5502 autem
3640 5445 3842 5517 appclo

2235 5550 2351 5604 lans
2391 5548 2644 5602 Dominus
2673 5545 2726 5600 id
2770 5546 2941 5614 ipsum
2985 5543 3126 5614 quod
3159 5558 3189 5598 a
3231 5541 3452 5595 muliere
3499 5539 3840 5606 petebatur,

2235 5643 2358 5714 quid
2387 5640 2528 5697 aliud
2545 5655 2702 5710 quam
2719 5638 2962 5693 Trinitati
2981 5635 3292 5692 attestatur"!
3313 5633 3550 5700 Namque
3569 5632 3690 5685 alio
3719 5631 3843 5685 loco

2215 5733 2476 5798 eamdem
2505 5731 2817 5787 Trinitatem
2861 5731 2912 5784 in
2939 5729 3105 5786 tribus
3153 5727 3372 5800 panibus
3397 5723 3844 5798 intelligendam

2302 5849 2320 5880 ί
2345 5849 2592 5900 vaucanus
2611 5853 2714 5908 Ms,
2745 5844 2796 5898 in
2817 5845 2956 5896 domo
2977 5842 3084 5894 Dei.
