4048 6466
269 402 420 461 Ξο97

275 531 418 584 esse,
450 510 786 586 apertissime
814 507 989 565 docet.
1007 503 1112 561 Sed
1128 502 1242 558 haec
1262 500 1547 557 verborum
1567 511 1865 555 consonan-

276 610 372 675 tia,
404 607 521 662 sive
559 602 888 676 provenerit,
912 598 1026 654 sive
1053 595 1264 667 provisa
1293 593 1398 660 sit,
1425 607 1532 647 non
1559 590 1866 662 pugnaciter

276 699 545 772 agendum
588 705 673 753 est
699 703 759 750 ut
795 694 845 750 ei
874 692 1096 764 quisque
1125 686 1443 752 consentiat,
1491 684 1586 739 sed
1610 692 1866 754 quantum

276 789 684 863 interpretantis
702 785 1020 857 elegantiam
1050 780 1290 837 hilaritas
1317 777 1584 833 audientis
1611 772 1863 829 admittit.

352 883 442 938 l4.
484 879 617 936 lllud
641 892 771 934 sane
797 891 989 946 magna
1014 871 1306 929 intentione
1327 870 1490 924 animi
1520 866 1864 923 consideran—

276 975 446 1040 dum,
491 981 547 1029 et
592 970 716 1026 totis
754 968 957 1024 viribus
1001 964 1214 1037 pietatis
1270 959 1694 1031 amplectendum
1739 957 1867 1012 satis

279 1073 538 1136 apparet,
582 1061 834 1133 quoniam
878 1060 925 1114 si
965 1057 1133 1129 gratia
1180 1062 1235 1111 et
1287 1070 1390 1125 pax
1431 1052 1499 1106 ad
1547 1048 1866 1121 implendam

280 1156 558 1213 Trinitatis
581 1150 1145 1210 commemorationem
1174 1146 1252 1203 sic
1275 1146 1341 1200 ab
1353 1143 1609 1215 Apostolo
1632 1141 1864 1211 ponitur,

280 1266 350 1307 ac
384 1250 430 1305 si
458 1249 712 1319 Spiritum
758 1252 999 1301 sanctum
1043 1242 1404 1307 nominasset;
1450 1238 1541 1293 ille
1586 1243 1772 1306 peccat
1814 1233 1869 1289 in

281 1341 541 1412 Spiritum
581 1346 846 1405 sanctum,
875 1335 965 1407 qui
992 1334 1304 1403 desperans,
1333 1330 1417 1385 vel
1447 1327 1675 1383 irridens
1711 1335 1870 1395 atque

281 1440 634 1488 contemnens
660 1428 1090 1499 praedicationem
1121 1423 1305 1495 gratiae
1340 1436 1437 1491 per
1460 1433 1617 1491 quam
1656 1426 1871 1489 peccata

280 1522 577 1587 diluuntur,
623 1528 679 1575 et
727 1518 871 1588 pacis
915 1531 1012 1586 per
1061 1529 1219 1585 quam
1265 1510 1670 1569 reconciliamur
1719 1508 1868 1576 Deo,

282 1614 548 1669 detrectat
574 1626 732 1681 agere
771 1606 1138 1680 poenitentiam
1180 1605 1248 1660 de
1272 1603 1507 1675 peccatis
1544 1602 1674 1665 suis,
1721 1608 1776 1655 et
1817 1599 1871 1653 in

281 1719 475 1760 eorum
500 1702 661 1771 impia
680 1708 839 1770 atque
864 1697 1135 1754 mortifera
1157 1694 1385 1767 quadam
1407 1693 1665 1749 suavitate
1681 1691 1875 1763 perdu-

279 1794 510 1852 randum
533 1792 633 1848 sibi
656 1805 775 1847 esse
789 1789 1047 1855 decernit,
1071 1786 1199 1842 etin
1223 1785 1381 1840 ﬁnem
1403 1799 1573 1855 usque
1598 1783 1870 1855 perdurat.

282 1887 441 1954 Quod
484 1899 612 1956 ergo
658 1888 733 1938 ait
772 1881 1046 1948 Dominus,
1078 1868 1271 1934 dimitti
1308 1876 1531 1945 homini,
1571 1874 1617 1930 si
1654 1875 1875 1931 verbum

283 1978 481 2034 dixerit
521 1975 776 2031 adversus
817 1973 1011 2029 Filium
1057 1970 1332 2025 hominis:
1364 1968 1410 2023 si
1438 1976 1614 2023 autem
1655 1967 1876 2023 verbum

281 2067 480 2124 dixerit
499 2064 753 2120 adversus
772 2062 1027 2133 Spiritum
1043 2070 1305 2126 sanctum,
1335 2072 1441 2113 non
1468 2057 1515 2113 ei
1537 2056 1755 2124 dimitti,
1784 2072 1877 2112 ne-

282 2173 388 2229 que
415 2159 523 2224 hic,
546 2171 718 2226 neque
735 2155 789 2209 in
812 2152 990 2209 futuro
1010 2153 1227 2217 saeculo,
1250 2148 1345 2205 sed
1365 2164 1516 2204 reum
1537 2164 1659 2204 esse
1687 2148 1875 2203 aeterni

283 2251 510 2323 peccati,
542 2264 650 2304 non
692 2248 1020 2319 negligenter
1063 2243 1385 2301 audiendum
1414 2251 1515 2297 est.
1569 2239 1874 2297 Constitua-

283 2358 406 2400 mus
431 2343 574 2399 enim
613 2342 843 2412 aliquem
871 2340 1050 2395 latinae
1092 2338 1285 2409 linguae
1313 2337 1576 2407 ignarum,
1621 2351 1743 2392 cum
1786 2335 1878 2391 illo

285 2433 542 2489 audiente
556 2431 923 2503 pronuntiatus
944 2427 1103 2484 fuerit
1116 2429 1182 2484 ab
1196 2428 1374 2498 aliquo
1395 2426 1625 2497 Spiritus
1641 2434 1875 2492 sanctus,

286 2541 531 2598 quaerere
566 2524 692 2595 quid
732 2538 909 2578 rerum
957 2519 1283 2593 signiﬁcetur
1306 2519 1406 2574 sub
1431 2519 1533 2573 isto
1559 2518 1877 2589 syllabarum

287 2632 458 2683 sono;
486 2616 555 2671 ab
588 2616 764 2686 aliquo
806 2622 981 2669 autem
1026 2612 1310 2681 deceptorc
1337 2611 1422 2665 vel
1450 2610 1670 2664 irrisore
1715 2609 1879 2680 impio

287 2706 603 2779 responderi
632 2705 827 2775 aliquid
854 2702 1015 2769 aliud,
1044 2701 1321 2774 quodlibet
1362 2700 1471 2756 vile
1495 2708 1549 2755 et
1589 2699 1876 2769 abiectum,

287 2810 353 2857 ut
402 2807 733 2870 quaerentem
780 2797 1046 2867 decipiat,
1097 2793 1251 2850 sicuti
1281 2808 1310 2847 a
1341 2793 1536 2849 talibus
1583 2790 1699 2846 ﬁeri
1744 2791 1880 2847 solet

290 2892 502 2949 ridendi
529 2892 728 2962 gratia;
762 2890 910 2946 illum
937 2896 1113 2943 autem
1141 2903 1236 2958 per
1260 2885 1609 2957 ignorantiam
1636 2870 1879 2941 contem-

289 2986 467 3055 psisse
490 2984 593 3039 hoc
630 2997 845 3049 nomen,
875 2981 998 3035 dum
1024 2978 1195 3035 nescit
1228 2976 1356 3047 quid
1383 2975 1667 3047 signiﬁcet,
1691 2984 1746 3031 et
1780 2976 1879 3030 ali-

289 3094 394 3151 qua
425 3079 588 3133 etiam
623 3077 678 3132 in
718 3077 821 3131 hoc
848 3072 1380 3155 conviciajactitasse
1407 3087 1420 3122 :
1447 3068 1714 3124 neminem
1760 3083 1881 3124 esse

290 3168 525 3223 arbitror
546 3175 654 3221 tam
683 3180 875 3220 vanum
907 3172 962 3218 ct
989 3160 1458 3224 inconsideratum,
1486 3159 1576 3229 qui
1606 3158 1750 3213 hunc
1777 3157 1879 3213 ho-

291 3259 495 3314 minem
524 3257 635 3312 ullo
662 3254 885 3312 crimine
914 3251 1197 3322 impietatis
1228 3256 1492 3319 aspergat.
1536 3248 1606 3303 At
1654 3256 1836 3302 contra
1861 3290 1877 3314 ,

291 3351 339 3406 si
377 3351 541 3405 tacito
580 3347 798 3404 nomine
848 3359 935 3399 res
976 3344 1090 3413 ipsa
1138 3340 1318 3395 verbis
1365 3338 1556 3409 quibus
1598 3346 1775 3407 potest
1813 3337 1882 3391 ad

291 3440 583 3513 quaerentis
611 3434 1009 3507 intelligentiam
1037 3431 1379 3504 perducatur,
1410 3438 1521 3483 tum
1543 3443 1672 3484 vero
1697 3436 1885 3482 contu-

290 3534 519 3590 meliose
544 3532 598 3585 in
615 3538 812 3585 tantam
833 3525 1167 3581 sanctitatem
1192 3523 1279 3576 vel
1303 3521 1464 3576 verba
1485 3519 1573 3574 vel
1602 3517 1737 3573 facta
1759 3533 1885 3588 pro-

293 3624 501 3690 tulerit,
529 3637 654 3678 reus
679 3618 961 3676 tenebitur.
992 3615 1120 3684 Qum
1141 3629 1260 3669 cum
1292 3613 1363 3667 ita
1388 3612 1513 3676 sint,
1542 3609 1883 3664 manifestum

292 3731 418 3774 esse
441 3714 685 3780 arbitror,
716 3725 837 3767 eum
862 3709 952 3780 qui
987 3708 1088 3761 hoc
1122 3705 1335 3759 nomine
1363 3702 1564 3767 audito,
1598 3701 1757 3754 aliam
1784 3715 1883 3770 pro

293 3810 399 3864 alia
437 3823 553 3864 rem
590 3802 876 3876 signiﬁcari
920 3797 1223 3871 putaverit;
1254 3803 1309 3851 et
1336 3794 1590 3849 adversus
1619 3808 1737 3849 eam
1768 3807 1882 3847 rem

294 3914 455 3970 quam
480 3894 769 3967 signiﬁcari
788 3894 889 3947 hoc
909 3890 1124 3946 nomine
1144 3884 1392 3951 credidit,
1413 3883 1633 3939 verbum
1655 3883 1879 3938 dixerit:

294 4007 406 4047 non
432 3991 574 4045 hunc
600 3988 679 4042 sic
702 3998 944 4057 peccare,
991 3989 1048 4036 ut
1075 3979 1329 4035 adversus
1358 3976 1615 4046 Spiritum
1642 3983 1882 4029 sanctum

293 4082 519 4138 verbum
566 4070 767 4134 dixisse
790 4076 1075 4146 judicetur.
1129 4070 1206 4124 lta
1246 4082 1477 4139 quoque,
1522 4066 1567 4121 si
1606 4066 1884 4136 quisquam

295 4186 545 4244 quaerens
577 4170 703 4240 quid
728 4168 798 4221 sit
819 4165 1050 4235 Spiritus
1076 4169 1314 4223 sanctus,
1344 4158 1525 4213 audiat
1548 4156 1615 4211 ab
1640 4156 1885 4226 imperito

295 4264 449 4335 hunc,
468 4277 589 4320 esse
620 4261 812 4315 Filium
835 4257 928 4312 Dei
958 4269 1053 4326 per
1076 4267 1233 4324 quem
1254 4250 1392 4305 facta
1413 4257 1537 4303 sunt
1565 4246 1765 4313 omnia,
1796 4247 1886 4317 qui

296 4358 461 4414 etiam
499 4362 645 4411 certa
678 4348 1075 4422 opportunitate
1117 4342 1371 4412 temporis
1399 4340 1467 4395 de
1492 4339 1708 4410 Virgine
1733 4346 1887 4393 natus

295 4450 385 4513 sit,
425 4457 480 4502 et
510 4447 718 4501 occisus
762 4442 831 4496 sit
870 4456 902 4493 a
937 4437 1155 4500 Iudaeis,
1199 4442 1255 4489 et
1282 4431 1654 4496 resurrexerit,
1695 4429 1887 4500 quibus

294 4541 490 4596 auditis
537 4538 624 4592 vel
668 4543 825 4604 neget
865 4532 949 4587 vel
978 4528 1195 4584 irrideat
1229 4541 1347 4595 quae
1377 4523 1517 4578 dicta
1564 4530 1689 4576 sunt
1728 4539 1743 4575 :
1780 4536 1886 4576 non

297 4649 423 4689 eum
449 4632 529 4685 sic
556 4626 725 4683 teneri
751 4622 1040 4696 putandum
1068 4628 1171 4686 est,
1199 4632 1263 4672 ac
1296 4616 1341 4670 si
1370 4614 1591 4670 verbhm
1630 4612 1888 4668 adversus

298 4722 556 4792 Spiritum
578 4709 817 4772 sanc'tum
840 4712 1060 4773 dixerit;
1084 4708 1178 4764 sed
1213 4706 1388 4778 potius
1414 4704 1672 4760 adversus
1694 4701 1889 4757 Filium

301 4816 418 4879 Dei,
441 4814 527 4867 vel
558 4810 751 4864 Filium
777 4805 1028 4865 hominis.
1055 4802 1192 4857 sicut
1217 4808 1271 4855 et
1297 4798 1474 4854 vocari
1493 4805 1546 4853 et
1569 4810 1687 4851 esse
1714 4795 1891 4866 digna-

300 4919 384 4962 tus
404 4914 508 4962 est.
537 4902 654 4959 Non
676 4900 818 4957 enim
842 4896 967 4968 quid
994 4894 1064 4950 sit
1091 4892 1338 4963 imperito
1361 4905 1457 4960 per
1481 4902 1667 4943 vocem
1690 4901 1888 4958 propo-

298 5001 482 5062 situm,
529 4995 622 5051 sed
651 5009 749 5064 per
785 4990 1045 5046 rationem
1093 4984 1412 5056 expositum,
1441 4979 1890 5038 considerandum

300 5101 402 5146 est.
434 5087 570 5157 Quia
595 5085 686 5140 ille
721 5097 843 5138 cum
868 5078 1148 5136 maledicta
1176 5072 1455 5146 proferret,
1486 5071 1539 5128 ei
1566 5072 1748 5142 utique
1772 5084 1889 5125 ma-

301 5179 567 5237 ledicebat
593 5190 750 5247 quem
781 5173 879 5229 sibi
922 5175 1227 5227 enarratum
1253 5166 1307 5221 in
1346 5163 1668 5235 cogitatione
1713 5161 1890 5216 intue-

301 5274 478 5328 batur.
526 5266 809 5335 Quodlibet
863 5270 1042 5319 autem
1082 5265 1381 5323 vocaretur,
1432 5263 1609 5309 utrum
1653 5267 1738 5307 res
1774 5252 1890 5323 ipsa

302 5359 628 5426 veneranda,
665 5373 732 5412 an
774 5352 1039 5426 neganda,
1079 5350 1167 5406 vel
1205 5343 1553 5417 vituperanda
1595 5351 1759 5409 esset,
1790 5343 1891 5398 hoc

304 5455 584 5526 quaeritur.
627 5449 740 5505 Hoc
764 5445 926 5502 modo
964 5443 1125 5501 etiam
1157 5440 1203 5496 si
1240 5436 1500 5509 quispiam
1536 5440 1741 5504 quaerat
1773 5432 1891 5503 quis

302 5522 372 5606 ait
417 5544 575 5600 Jesus
623 5540 902 5603 Christus;
955 5543 1009 5591 et
1049 5549 1112 5590 ea
1159 5528 1413 5603 qumrenti
1467 5522 1893 5594 respondeantur

302 5652 423 5709 qua:
462 5650 570 5690 non
611 5632 668 5687 in
692 5623 884 5686 Filium
912 5626 1030 5692 Dei,
1070 5624 1166 5680 sed
1203 5621 1379 5693 potius
1406 5619 1458 5673 in
1484 5614 1740 5687 Spiritum
1765 5629 1892 5670 san-

305 5740 451 5785 ctum
477 5719 1041 5800 conveniunt,.quibus
1063 5715 1255 5772 auditis
1280 5713 1369 5769 ille
1393 5710 1727 5781 blasphemet
1749 5722 1893 5795 :‘non

309 5820 494 5892 utique
538 5815 794 5874 adversus
820 5792 1034 5879 Filium,
1081 5806 1176 5868 sed
1204 5805 1459 5864 adversus
1485 5801 1739 5875 Spiritum
1768 5792 1892 5857 ean-

1534 376 1883 439 INCHOATA
1918 378 2308 439 EXPOSITIO.

3405 381 3551 441 2098

1968 507 2112 554 ctum
2137 498 2357 553 verbum
2382 497 2578 554 dixisse
2603 496 2885 554 tenebitur.
3395 473 3399 479 ’

2040 592 2128 649 15.
2158 592 2263 649 Sed
2295 594 2339 649 si
2380 592 2684 648 transitorie
2709 607 2773 646 ac
2811 590 3141 663 negligenter
3167 591 3551 648 attenderimus

1969 681 2111 754 quod
2137 682 2335 739 dictum
2358 692 2461 753 est,
2492 682 2554 739 Si
2580 684 2690 755 quis
2714 684 2916 738 verbum
2944 683 3127 737 dixerit
3156 682 3392 737 adversus
3420 682 3552 755 Spi-

1969 778 2123 832 ritum
2146 786 2393 844 sanctum,
2426 794 2526 831 non
2553 777 2833 831 remittetur
2856 776 2921 843 ei,
2953 791 3112 847 neque
3137 776 3190 828 in
3212 775 3306 829 hoc
3332 774 3514 829 saecula
3533 815 3551 842 ,
3606 830 3609 833 λ

1972 884 2129 939 neque
2149 868 2203 922 in
2229 872 2400 938 futuro
2428 866 2638 940 (Matth.
2664 884 2761 935 xu,
2792 866 2915 939 52);
2945 867 3065 937 quis
3103 866 3326 921 inveniri
3355 865 3554 936 poterit

1972 961 2057 1015 cui
2084 960 2291 1015 veniam
2320 967 2651 1029 peccatorum
2682 958 2889 1014 dederit
2914 957 3093 1013 Deus?
3117 957 3249 1012 Nam
3272 962 3328 1011 et
3352 955 3553 1025 Pagani

1973 1053 2064 1123 qui
2092 1052 2445 1123 appellantur,
2494 1052 2651 1105 etiam
2696 1065 2838 1105 nunc
2864 1058 3027 1105 totam
3069 1036 3303 1104 nostram
3335 1047 3551 1117 religio-

1972 1159 2093 1200 nem
2116 1186 2129 1209 ,
2169 1143 2289 1214 quia
2328 1143 2437 1213 jam
2466 1141 2606 1197 ferro
2635 1151 2689 1197 et
2716 1142 2947 1197 caedibus
2980 1141 3348 1212 prohibentur,
3382 1140 3553 1194 male-

1974 1236 2128 1292 dictis
2148 1234 2591 1304 contumeliisque
2614 1234 2975 1295 insectantur:
3004 1240 3058 1287 et
3076 1231 3328 1303 quidquid
3348 1232 3415 1286 de
3435 1230 3551 1300 ipsa

1974 1325 2231 1380 Trinitate
2272 1323 2527 1391 dicimus,
2568 1322 2811 1393 negando
2850 1330 2902 1376 et
2929 1321 3345 1392 blasphemando
3365 1329 3554 1376 conte-

1975 1423 2182 1471 mnuut.
2197 1414 2311 1470 Non
2327 1415 2467 1471 enim
2482 1414 2860 1484 excipiuntsibi
2876 1412 3130 1483 Spiritum
3144 1421 3382 1469 sanctum
3395 1427 3555 1482 quem

1975 1512 2313 1568 venerentur,
2344 1513 2401 1559 ut
2424 1505 2478 1559 in
2501 1512 2693 1560 cmtera
2723 1504 2974 1570 saeviant;
3008 1503 3099 1559 sed
3123 1504 3278 1557 simul
3303 1502 3557 1557 adversus

1976 1600 2154 1655 omnia
2183 1613 2530 1669 quaecumque
2569 1597 2793 1653 sollicite
2822 1598 2840 1629 ί
2878 1597 2944 1652 de
2975 1596 3110 1651 trina
3141 1595 3234 1651 Dei
3280 1595 3558 1665 majestate

1977 1692 2267 1762 loquimur,
2294 1697 2495 1760 quanto
2519 1697 2741 1760 possunt
2760 1688 2939 1742 furore
2963 1686 3250 1757 impietatis
3271 1685 3555 1740 oblatrant.

1975 1781 2111 1838 Nam
2154 1796 2327 1851 neque
2352 1779 2419 1836 de
2454 1780 2572 1850 ipso
2599 1780 2708 1835 Deo
2736 1779 2893 1834 Patre
2919 1777 3077 1848 digna
3106 1776 3368 1841 sentiunt,
3397 1790 3556 1846 quem

1978 1874 2170 1944 partim
2199 1873 2411 1943 penitus
2437 1879 2653 1942 negant,
2684 1869 2877 1941 partim
2902 1869 2979 1923 sic
3007 1868 3256 1933 fatentur,
3287 1875 3346 1920 ut
3371 1866 3440 1921 de
3469 1865 3560 1920 illo

1978 1963 2111 2021 falsa
2153 1963 2430 2034 ﬁngendo,
2462 1978 2568 2017 non
2610 1962 2793 2031 utique
2836 1960 3018 2026 illum,
3066 1957 3159 2014 sed
3186 1972 3280 2012 sua
3310 1956 3561 2026 ﬁgmenta

1978 2065 2320 2115 venerentur.
2352 2056 2516 2111 Multo
2541 2055 2708 2124 magis
2738 2067 2866 2124 ergo
2890 2051 3031 2120 quod
3058 2050 3125 2105 de
3153 2049 3290 2104 Filio
3316 2047 3445 2112 Dei,
3476 2046 3561 2102 vel

1979 2151 2048 2207 de
2072 2150 2271 2221 Spiritu
2297 2156 2481 2205 sancto
2502 2147 2757 2223 dicimus,
2785 2160 2881 2200 suo
2902 2145 3073 2214 impio
3101 2158 3249 2200 more
3278 2135 3560 2209 deridere,

1981 2259 2139 2315 quam
2167 2250 2348 2297 nostra
2373 2243 2460 2312 pia
2486 2242 2741 2295 societate
2761 2239 2937 2293 colere
2962 2238 3281 2292 maluerunt.
3307 2235 3452 2303 Quos
3478 2241 3564 2288 ta-

1980 2351 2140 2401 men,
2172 2343 2425 2404 quantum
2467 2346 2782 2403 possumus,
2828 2329 3173 2384 adhortamur
3199 2326 3266 2381 ad
3293 2326 3563 2381 Christum

1980 2427 2429 2500 cognoscendum.
2454 2433 2508 2482 et
2527 2440 2623 2495 per
2647 2426 2819 2494 ipsum
2840 2423 3051 2477 Patrem
3071 2422 3241 2476 Deum
3261 2421 3304 2484 ⁸,
3332 2433 3569 2474 summo-

1981 2538 2084 2593 que
2113 2530 2168 2577 et
2203 2536 2330 2576 vero
2371 2517 2680 2590 Imperatori
2727 2515 3059 2572 militandum
3102 2528 3220 2569 esse
3247 2512 3564 2577 suademus;

1983 2628 2183 2683 eosque
2226 2612 2485 2682 promissa
2533 2609 2847 2680 impunitate
2892 2606 3280 2678 praeteritorum
3328 2604 3566 2658 omnium

1981 2710 2322 2775 peccatorum
2352 2702 2635 2756 invitamus
2658 2700 2726 2755 ad
2754 2699 2933 2753 ﬁdem.
2964 2697 3076 2766 Qua
3103 2697 3156 2751 in
3186 2710 3247 2752 re
3272 2696 3403 2750 satis
3421 2693 3569 2764 judi-

1984 2810 2169 2852 camus
2188 2836 2203 2862 ,
2236 2796 2395 2849 etiam
2425 2794 2470 2848 si
2500 2792 2627 2863 quid
2656 2791 2912 2846 adversus
2939 2789 3194 2863 Spiritum
3233 2795 3473 2842 sanctum
3510 2786 3569 2842 in

1985 2903 2081 2943 sua
2110 2886 2366 2956 sacrilega
2404 2882 2779 2954 superstitione
2819 2882 3098 2947 dixerunt,
3139 2894 3260 2934 cum
3291 2876 3567 2934 christiani

1985 2979 2109 3034 facti
2137 2978 2363 3043 fuerint,
2404 2976 2519 3030 sine
2544 2975 2653 3029 ulla
2692 2974 2915 3044 caligine
2957 2970 3299 3026 dubitationis
3342 2969 3564 3040 ignosci.

1983 3071 2155 3127 Judaei
2182 3084 2309 3123 vero
2329 3068 2511 3139 quales
2532 3066 2787 3121 adversus
2809 3064 3061 3134 Spiritum
3084 3070 3326 3118 sanctum
3348 3058 3565 3127 fuerint,

1986 3163 2136 3217 testis
2161 3170 2242 3216 est
2268 3159 2589 3229 Stephanus,
2614 3172 2769 3226 quem
2792 3155 2909 3227 ipso
2927 3155 3124 3224 Spiritu
3147 3163 3329 3207 sancto
3349 3153 3568 3222 plenum

1985 3254 2384 3323 lapidaverunt,
2412 3266 2532 3306 cum
2572 3249 2659 3304 illa
2687 3248 2863 3304 omnia
2890 3262 3009 3317 quae
3050 3247 3111 3311 in,
3138 3259 3231 3300 eos
3259 3244 3424 3309 dixit,
3454 3243 3571 3312 ipse

1988 3346 2219 3415 Spiritus
2254 3344 2465 3399 dixerit.
2507 3340 2563 3396 ln
2589 3340 2781 3412 quibus
2806 3338 2982 3394 verbis
3011 3336 3344 3406 apertissime
3370 3334 3572 3390 dictum

1988 3444 2068 3492 est
2096 3435 2315 3500 Judacis,
2355 3432 2457 3488 Vos
2482 3448 2678 3501 semper
2704 3430 2954 3484 restitistis
2982 3427 3199 3498 Spiritui
3227 3433 3398 3487 sancto
3428 3425 3571 3496 (Act.

1986 3545 2101 3593 vni,
2129 3526 2241 3599 5i).
2279 3527 2335 3581 ln
2375 3527 2467 3580 illo
2504 3534 2682 3580 tamen
2709 3537 2932 3579 numero
2967 3520 3270 3576 Judzcorum
3310 3518 3572 3573 resisten-

1989 3623 2119 3675 tium
2153 3618 2368 3689 Spiritui
2398 3626 2582 3672 sancto
2600 3658 2615 3682 ,
2646 3624 2701 3670 et
2727 3630 2833 3668 non
2859 3614 2929 3670 ob
2957 3612 3097 3667 aliud
3125 3610 3449 3679 Stephanum
3479 3621 3574 3663 vas

1988 3711 2123 3780 ejus,
2146 3709 2245 3764 nisi
2268 3707 2407 3779 quod
2433 3707 2545 3776 ipse
2564 3720 2630 3761 eo
2653 3706 2840 3774 plenus
2859 3711 2992 3767 erat,
3018 3701 3387 3772 lapidantium,
3410 3700 3573 3754 etiam

1990 3804 2186 3858 Paulus
2216 3800 2488 3872 apostolus
2517 3807 2661 3865 erat,
2704 3797 2758 3851 in
2801 3795 3046 3851 manibus
3074 3793 3310 3849 omnium
3346 3806 3573 3862 quorum

1988 3897 2304 3952 vestimenta
2332 3893 2572 3949 servabat
2598 3911 2612 3947 :
2641 3889 2780 3960 quod
2806 3890 2920 3959 ipse
2947 3889 3043 3942 sibi
3065 3896 3247 3959 postea
3275 3886 3433 3941 etiam
3459 3900 3576 3955 poe-

1991 3985 2211 4041 nitendo
2238 3984 2554 4053 increpitat,
2584 3996 2649 4036 eo
2680 3981 2794 4050 ipso
2820 3979 3019 4049 Spiritu
3050 3978 3160 4048 jam
3203 3975 3572 4047 plenissimus,
3650 4004 3655 4010 -

1991 4077 2075 4133 cui
2106 4076 2279 4146 primo
2309 4074 2650 4129 inanissimus
2679 4070 2992 4134 resistebat,
3024 4076 3079 4123 et
3124 4076 3335 4138 paratus
3356 4066 3465 4135 jam
3500 4066 3577 4120 la-

1989 4167 2159 4240 pidari
2190 4182 2288 4237 pro
2316 4165 2508 4220 talibus
2534 4162 2721 4228 dietis,
2751 4160 2983 4231 qualium
3023 4157 3427 4228 praedicatorem
3465 4156 3579 4224 ipse

1989 4259 2334 4331 lapidaverat.
2352 4255 2489 4323 Quid
2507 4252 2858 4310 Samaritani?
2881 4266 3056 4305 nonne
3073 4251 3142 4305 ita
3161 4249 3377 4321 Spiritui
3395 4256 3580 4304 sancto

1994 4351 2363 4415 adversantur,
2395 4356 2456 4401 ut
2494 4347 2662 4416 ipsam
2702 4342 3035 4414 prophetiam
3079 4341 3293 4411 penitus
3320 4347 3580 4395 conentur

1994 4444 2359 4513 exstinguere,
2404 4454 2523 4510 quae
2563 4453 2660 4508 per
2701 4435 2956 4505 Spiritum
2999 4442 3242 4489 sanctum
3282 4431 3581 4485 ministrata

1994 4535 2112 4590 est?
2140 4533 2375 4601 Quorum
2402 4539 2578 4585 tamen
2606 4526 2760 4581 saluti
2786 4532 2841 4579 et
2863 4525 2978 4595 ipse
3001 4523 3258 4577 Dominus
3277 4527 3578 4584 attestatur,

1994 4625 2051 4681 in
2080 4639 2145 4680 eo
2172 4624 2262 4694 qui
2292 4622 2359 4676 de
2387 4621 2571 4675 decem
2599 4616 2826 4687 leprosis
2850 4613 3118 4669 mundatis
3154 4610 3298 4666 solus
3331 4623 3580 4665 reversus

1995 4704 2077 4772 est
2106 4722 2164 4769 ut
2190 4720 2370 4784 ageret
2397 4710 2627 4780 gratias,
2671 4722 2793 4761 cum
2835 4713 2979 4761 esset
3020 4702 3386 4760 Samaritanus
3413 4699 3576 4772 (Luc.

1996 4824 2130 4875 xvn,
2159 4806 2246 4873 15,
2278 4802 2397 4875 l6);
2425 4810 2481 4857 et
2506 4801 2561 4855 in
2587 4800 2675 4855 illa
2707 4798 2951 4865 muliere,
2980 4811 3099 4852 cum
3141 4809 3243 4864 qua
3270 4792 3335 4846 ad
3364 4801 3578 4862 puteum

1995 4906 2146 4956 sexta
2186 4896 2315 4950 hora
2339 4894 2549 4949 locutus
2573 4899 2675 4956 est,
2702 4890 2788 4944 vel
2820 4888 2898 4944 eis
2921 4887 3010 4957 qui
3037 4901 3133 4955 per
3160 4884 3304 4939 illam
3334 4882 3579 4938 credide—

1994 4999 2120 5047 runt
2147 4987 2328 5060 (Joan.
2360 5001 2434 5054 IV,
2468 4980 2642 5053 7—42).
2686 4982 2814 5038 Post
2845 4978 3053 5035 Domini
3094 4985 3269 5031 autem
3312 4973 3584 5029 ascensio-

1978 5070 2155 5146 nem,
2201 5079 2340 5133 sicut
2382 5077 2439 5130 in
2481 5074 2700 5130 Actibus
2741 5067 3121 5141 Apostolorum
3168 5065 3422 5135 scriptum
3467 5073 3580 5132 est,

1979 5181 2192 5250 quanta
2235 5169 2588 5242 gratulatione
2629 5172 2933 5222 sanctorum
2972 5161 3162 5232 recipit
3190 5159 3428 5214 Samaria
3455 5172 3579 5213 ver-

1994 5268 2120 5324 bum
2166 5264 2297 5322 Dei?
2343 5263 2613 5319 Simonem
2651 5271 2864 5330 quoque
2890 5270 3101 5327 magum
3137 5268 3363 5324 arguens
3392 5251 3583 5307 Petrus

1998 5348 2291 5431 apostolus,
2308 5354 2464 5439 ’quod
2490 5361 2595 5408 tam
2624 5350 2763 5404 male
2786 5347 2854 5402 de
2878 5346 3078 5417 Spiritu
3107 5352 3292 5400 sancto
3319 5342 3580 5411 senserit,

1980 5440 2056 5507 ‘ut
2085 5467 2205 5508 eum
2232 5435 2473 5505 venalem
2518 5452 2706 5514 putans
2752 5440 2975 5511 pecunia
3016 5436 3117 5495 sibi
3156 5435 3440 5490 emendum
3487 5449 3582 5505 po-

1977 5527 2259 5617 poscerit;
2300 5555 2409 5595 non
2436 5546 2615 5593 tamen
2648 5533 2721 5589 ita
2751 5532 2819 5589 de
2846 5530 2937 5587 illo
2960 5528 3294 5599 desperavit,
3327 5535 3383 5581 ut
3412 5524 3581 5581 venia:

2063 5721 2082 5756 ι
2106 5720 2359 5772 Vaticanus
2386 5723 2492 5777 Ms,
2513 5706 2827 5781 quaerantque
2848 5710 2911 5764 de
2932 5707 3063 5781 tritta
3089 5722 3107 5761 :
3131 5710 3325 5769 omisso,
3356 5702 3579 5758 sollicite.

2062 5786 2084 5818 ¹
2106 5787 2356 5833 ναιὶωιιιε
2374 5774 2487 5843 Ms,
2506 5774 2553 5829 e't
2586 5790 2673 5844 per
2706 5774 2867 5841 ipsum
2892 5774 3026 5826 Patri
3048 5781 3150 5824 Deo
3164 5781 3457 5834 mutoque.
