4048 6526
543 418 687 480 2099

545 536 718 596 lucum
743 536 944 594 nullum
967 535 1290 608 relinqueret
1313 554 1328 592 :
1347 549 1472 592 nam
1491 534 1716 606 benigne
1737 535 1894 590 etiam
1917 544 1975 590 ut
1995 550 2117 591 eum

543 629 822 699 tmiteret
861 627 1138 684 admonuit
1182 627 1314 698 (Act.
1354 642 1479 690 νιιι,
1511 625 1678 698 9-222).
1730 625 1846 698 Ipsa
1890 627 2118 698 denique

539 718 818 776 catholicae
856 719 1108 774 Ecclesiae
1145 727 1250 773 tam
1278 718 1498 788 insignis
1538 719 1855 785 auctoritas,
1905 735 2021 789 qua:
2060 719 2116 773 in

537 811 728 870 eodem
754 811 896 866 dono
923 811 1146 882 Spiritus
1166 810 1334 865 sancti
1359 809 1594 866 omnium
1623 819 1924 866 sanctorum
1947 819 2115 864 mater

539 911 651 960 toto
695 899 916 958 fecunda
941 902 1072 960 orbe
1113 901 1445 970 ditfunditur,
1479 901 1563 957 cui
1592 918 1822 972 unquam
1863 901 2112 956 hreretico

539 996 622 1052 vel
644 997 982 1052 schismatico
1007 1011 1156 1066 spem
1179 995 1524 1062 Iiberationis,
1553 993 1597 1048 si
1627 1011 1682 1050 se
1709 995 1969 1064 corrigat,
1999 1010 2111 1048 am-

534 1087 772 1158 putavit?
791 1088 874 1142 cui
892 1087 1128 1156 placandi
1155 1087 1246 1142 Dei
1263 1087 1460 1141 aditum
1478 1086 1702 1140 clausit?
1723 1085 1909 1142 Nonne
1925 1103 2108 1176 omnes

460 1165 468 1176 q
533 1177 602 1234 ad
627 1179 786 1234 ubera
818 1193 932 1242 sua,
961 1193 1078 1248 qua:
1108 1179 1338 1248 superbo
1363 1177 1572 1232 fastidio
1597 1177 1958 1248 reliquerunt,
1987 1173 2108 1232 cum

531 1270 780 1342 lacrymis
843 1271 1090 1326 revocat?
1141 1271 1270 1338 Quis
1317 1287 1442 1326 vero
1497 1273 1579 1326 vel
1633 1269 1701 1326 de
1745 1269 2103 1342 principibus,

529 1362 612 1418 vel
655 1362 722 1418 de
765 1364 1012 1434 gregibus
1053 1364 1422 1418 hmreticorum
1467 1364 1732 1418 invenitur
1767 1363 1818 1429 ί,
1865 1365 1953 1433 qui
1999 1378 2106 1417 non

527 1452 838 1509 adversetur
902 1454 1118 1523 Spiritui
1175 1455 1392 1510 sancto?
1459 1453 1571 1510 Nisi
1630 1453 1767 1511 forte
1825 1455 2102 1526 quisquam

530 1553 634 1598 tam
666 1559 914 1614 perverse
951 1547 1144 1611 sentit,
1179 1555 1236 1600 ut
1274 1545 1558 1600 arbitretur
1584 1561 1706 1600 eum
1736 1545 1904 1600 teneri
1951 1560 2104 1598 reum

525 1635 614 1704 qui
656 1635 911 1690 adversus
956 1635 1210 1704 Spiritum
1235 1647 1474 1690 sanctum
1504 1635 1698 1708 aliquid
1728 1635 1950 1702 dixerit;
1979 1651 2102 1690 eum

525 1731 654 1780 Vero
703 1727 792 1795 qui
839 1727 1094 1784 adversus
1147 1728 1400 1798 Spiritum
1451 1737 1692 1782 sanctum
1748 1727 1912 1782 multa
1955 1727 2100 1782 fece-

523 1815 620 1880 rit,
675 1833 778 1874 non
831 1819 1018 1872 teneri.
1066 1817 1167 1884 Qui
1213 1827 1388 1876 autem
1430 1826 1574 1874 tanta
1619 1819 1882 1875 evidentia
1915 1829 2101 1874 contra

521 1907 772 1978 Spiritum
820 1919 1058 1966 sanctum
1109 1919 1376 1982 pugnant,
1423 1926 1578 1982 quam
1625 1911 1696 1966 illi
1726 1913 1812 1981 qui
1843 1911 2097 1967 adversus

523 1999 768 2054 Ecclesiae
817 2016 999 2070 pacem
1054 2002 1444 2072 superbissimis
1505 2003 1930 2058 contentionibus
1991 2020 2097 2060 sae-

517 2091 700 2146 viunt?
734 2091 837 2146 Sed
881 2094 926 2148 si
970 2093 1036 2148 de
1079 2094 1254 2150 verbis
1296 2094 1520 2164 quaestio
1557 2103 1666 2164 est,
1694 2111 1876 2166 quaero
1919 2105 2098 2150 utrum

518 2186 648 2242 nihil
669 2189 847 2243 dicant
869 2189 1122 2244 adversus
1142 2189 1395 2260 Spiritum
1419 2198 1679 2258 sanctum,
1702 2206 1820 2246 cum
1843 2189 1928 2244 alii
1947 2206 2090 2258 eum,

515 2277 654 2346 quod
680 2277 744 2332 ad
774 2279 942 2346 ipsum
968 2281 1180 2350 proprie
1203 2281 1454 2350 pertinet,
1481 2281 1696 2334 omnino
1725 2295 1831 2334 non
1863 2295 1979 2336 esse
2007 2295 2094 2335 as-

515 2379 788 2434 severant;
817 2371 912 2424 sed
936 2372 1002 2424 ita
1036 2385 1156 2426 esse
1185 2387 1344 2426 unum
1377 2373 1568 2437 Deum,
1607 2380 1666 2426 ut
1695 2371 1832 2426 idem
1861 2373 1971 2441 ipse
1995 2369 2096 2426 Pa-

517 2464 612 2519 ter,
645 2457 780 2512 idem
813 2459 926 2528 ipse
955 2460 1150 2528 Filius,
1187 2461 1325 2518 idem
1363 2463 1475 2532 ipse
1505 2461 1730 2532 Spiritus
1757 2472 1971 2518 sanctus
1997 2477 2092 2533 ap-

519 2550 742 2616 Pclletur
771 2548 865 2622 (α).
895 2553 996 2608 Alii
1023 2553 1286 2610 fateantur
1309 2555 1524 2625 quidem
1551 2569 1670 2610 esse
1698 2555 1950 2624 Spiritum
1977 2571 2092 2612 san-

511 2647 687 2705 ctum;
727 2643 818 2696 sed
867 2646 1122 2714 aequalem
1169 2645 1338 2712 Filio,
1382 2647 1466 2702 vel
1510 2648 1726 2702 omnino
1762 2663 1879 2704 esse
1923 2649 2090 2704 Deum

511 2739 705 2800 negent
744 2731 841 2800 (b).
885 2733 989 2788 Alii
1017 2750 1174 2790 unam
1205 2735 1417 2806 quidem
1446 2746 1500 2792 et
1542 2737 1784 2792 eamdem
1816 2738 2090 2794 Trinitatis
2159 2775 2164 2790 ι

511 2821 858 2876 substantiam
884 2839 1002 2878 esse
1044 2821 1330 2892 fateantur,
1369 2825 1464 2880 sed
1503 2827 1568 2881 de
1611 2829 1722 2898 ipsa
1757 2827 1932 2883 divina
1963 2829 2088 2883 sub-

504 2911 696 2964 stantia
727 2919 834 2968 tam
863 2913 1020 2982 impie
1049 2915 1308 2982 sentiant,
1344 2925 1404 2971 ut
1431 2932 1546 2972 eam
1576 2919 2004 2974 commutabilem
2031 2929 2087 2978 et

503 3003 900 3072 corruptibilem
948 3013 1163 3074 putent;
1198 3007 1476 3078 ipsumque
1515 3009 1766 3078 Spiritum
1808 3019 2079 3076 sanctum,

503 3108 658 3162 quem
693 3095 946 3150 Dominus
974 3097 1246 3168 discipulis
1267 3114 1324 3154 se
1354 3101 1638 3154 missurum
1668 3115 1787 3156 esse
1812 3103 2077 3172 promisit,

503 3201 606 3240 non
624 3186 1060 3256 quinquagesimo
1089 3189 1175 3244 die
1195 3199 1313 3259 post
1335 3193 1449 3260 ejus
1474 3193 1939 3258 resurrectionem,
1971 3194 2076 3247 sic-

503 3283 556 3330 ut
587 3277 960 3346 Apostolorum
988 3280 1120 3334 Acta
1151 3289 1409 3336 testantur
1445 3281 1552 3352 (Id.
1582 3300 1639 3346 ιι,
1670 3283 1797 3357 1-4),
1845 3283 1938 3338 sed
1961 3292 2080 3353 post

501 3376 768 3423 trecentos
811 3367 924 3424 fere
964 3385 1132 3426 annos
1177 3389 1271 3442 per
1316 3373 1582 3428 hominem
1625 3375 1832 3430 venisse
1875 3375 2078 3430 contin-

498 3465 626 3524 gant
647 3457 738 3528 (c).
763 3457 865 3511 Alii
892 3455 1136 3515 similiter
1156 3461 1436 3516 adventum
1460 3463 1594 3534 ejus,
1623 3480 1781 3534 quem
1809 3475 2072 3533 tenemus,

498 3557 718 3616 negent;
750 3558 804 3603 et
822 3565 944 3606 eum
967 3553 1253 3622 prophetas
1279 3555 1330 3608 in
1358 3553 1607 3628 Phrygia,
1643 3573 1738 3627 per
1766 3574 1899 3630 quos
1925 3567 2075 3618 tanto

493 3645 616 3706 post
645 3637 968 3708 loqueretur,
1000 3641 1226 3714 elegisse
1253 3646 1575 3702 contendant
1603 3647 1703 3720 (ά).
1739 3649 1844 3704 Alii
1881 3650 2072 3706 Sacra-

495 3733 670 3780 menta
701 3729 816 3797 ejus
844 3731 1143 3798 exsufﬂent,
1173 3743 1226 3788 et
1250 3734 1537 3806 baptizatos
1563 3739 1614 3792 in
1637 3741 1850 3796 nomine
1875 3741 2068 3811 Patris,

492 3826 546 3870 et
581 3817 716 3886 Filii,
746 3829 799 3874 et
819 3819 1044 3890 Spiritus
1074 3826 1264 3892 sancti,
1295 3823 1469 3882 denuo
1497 3827 1764 3900 baptizare
1787 3847 1891 3886 non
1913 3833 2071 3888 dubi-

493 3916 600 3962 tent
635 3909 725 3982 (e).
755 3911 856 3966 Sed
897 3929 965 3968 ne
996 3931 1206 3986 pergam
1235 3933 1329 3986 per
1351 3919 1555 3988 singula
1574 3962 1588 3986 ,
1621 3937 1738 3990 qum
1765 3930 1888 3976 sunt
1917 3923 2073 3978 innu-

491 4001 758 4055 merabilia
780 4043 794 4066 ,
829 4002 911 4057 his
940 4015 1084 4062 certe
1112 4009 1356 4062 omnibus
1390 4025 1524 4080 quos
1553 4027 1650 4082 pro
1680 4021 1917 4082 tempore
1943 4015 2066 4071 bre-

489 4089 624 4145 viter
648 4091 817 4162 attigi,
849 4093 912 4148 ad
945 4109 1193 4166 sponsam
1221 4097 1418 4153 Christi
1443 4101 1804 4168 redeuntibus,
1834 4115 1888 4159 et
1910 4121 2064 4168 erro:

489 4196 600 4234 rem
622 4193 782 4256 atque
805 4184 1130 4256 impietatem
1161 4191 1465 4259 pmnitendo
1489 4193 1889 4262 damnantibus,
1924 4199 2064 4252 nulla

485 4271 742 4330 catholica
786 4275 1060 4348 disciplina
1107 4281 1396 4350 negandam
1439 4283 1693 4339 Ecclesiae
1737 4301 1954 4356 pacem,
2009 4298 2064 4345 et

484 4361 776 4420 claudenda
801 4368 1002 4423 viscera
1031 4371 1408 4426 misericordiae
1431 4371 1704 4442 judicavit.

553 4453 639 4509 16.
673 4455 824 4524 Quod
867 4462 910 4514 si
937 4461 1211 4532 quisquam
1244 4471 1370 4518 tunc
1407 4473 1554 4534 putat
1587 4467 1806 4521 verbum
1838 4467 1940 4524 dici
1967 4471 2060 4526 ad-

482 4558 666 4598 versus
697 4545 950 4616 Spiritum
991 4559 1228 4604 sanctum
1247 4593 1261 4618 ,
1291 4568 1410 4607 cum
1437 4554 1503 4608 ab
1531 4571 1594 4609 eo
1623 4556 1815 4611 dicitur
1843 4561 1925 4613 cui
1949 4561 2056 4630 jam

479 4649 577 4704 per
603 4633 926 4708 Baptismum
969 4639 1188 4698 dimissa
1233 4653 1354 4699 sunt
1393 4657 1640 4716 peccata;
1685 4651 1919 4706 attendat
1959 4669 2056 4710 nec

481 4725 671 4783 talibus
699 4744 795 4796 per
838 4729 1089 4786 Ecclesia:
1126 4737 1456 4790 sanctitatem
1500 4739 1688 4794 auferri
1729 4743 2055 4812 poenitentia:

475 4815 670 4872 locum.
697 4819 754 4874 Si
779 4821 919 4876 enim
953 4833 1228 4894 prepterea
1259 4825 1430 4880 credit
1458 4845 1562 4882 non
1589 4829 1700 4884 dari
1731 4835 1936 4886 veniam
1968 4835 2051 4902 ei,

471 4909 594 4980 quia
637 4913 804 4982 gratia
833 4911 955 4970 ﬁdei
985 4915 1448 4988 Sacramentisque
1473 4921 1704 4976 fidelium
1728 4925 1836 4992 jam
1867 4941 2052 4996 perce-

470 5005 578 5074 ptis
599 5020 702 5059 non
731 5016 908 5076 potest
934 5007 1036 5064 dici
1059 5025 1308 5080 peccasse
1337 5011 1628 5080 ignorantia
1654 5033 1666 5068 :
1701 5015 1872 5071 videat
1894 5019 2052 5073 aliam

381 5117 400 5149 τ
469 5107 686 5150 causam
709 5109 851 5160 esse,
879 5112 1000 5152 cum
1030 5099 1222 5154 dicitur
1246 5111 1523 5170 propterea
1549 5119 1654 5158 non
1677 5105 1896 5178 ignosci,
1928 5111 2050 5178 quia

471 5202 574 5242 non
602 5187 839 5258 ignorant
851 5191 912 5246 ite
939 5199 1178 5262 tempore
1204 5203 1477 5264 peccatum
1505 5205 1612 5260 est;
1659 5207 1712 5252 et
1737 5199 1892 5254 aliam
1921 5217 2050 5256 cau-

391 5255 396 5282 ²
469 5291 580 5331 sam
619 5293 772 5345 e330,
818 5298 938 5338 cum
980 5283 1173 5340 dicitur
1212 5295 1493 5356 propterea
1533 5303 1637 5342 non
1666 5289 1898 5360 ignosci,
1927 5295 2049 5363 quia

470 5367 687 5426 verbum
708 5371 844 5427 dixit
867 5373 1120 5432 adversus
1140 5377 1394 5448 Spiritum
1416 5387 1678 5434 sanctum.
1699 5379 1755 5436 Si
1773 5383 1913 5437 enim
1935 5385 2048 5441 sola

533 5484 547 5516 ι
575 5483 712 5555 militi,
737 5484 1012 5555 det-egitras
1033 5489 1369 5555 htprett'corwn
1387 5491 1695 5548 metiretur.
1721 5501 1777 5550 At
1797 5497 2050 5552 vaticanus

463 5551 568 5619 nisi,
585 5547 655 5619 de
675 5547 900 5619 gregibus
920 5551 1258 5608 hereticorum
1273 5555 1584 5610 mw.

529 5611 600 5668 ((ι)
622 5611 898 5663 Sabelliani.

527 5670 599 5746 tu
621 5673 796 5746 ἑτίεέηέ-
845 5734 855 5746 .

619 5734 876 5785 Manichaei.

549 5797 601 5843 ..ὶ
625 5797 876 5843 ιθωυὴιννα

625 5807 730 5844 cata
737 5797 964 5860 phryges.

525 5855 593 5912 te)
615 5855 886 5909 Donatistae:

1491 417 1842 474 EPISTULA]
1883 419 1974 474 AD
2013 411 2352 489 ROMANOS,
2393 419 2450 478 S.
2492 425 2857 484 AUGUSTINI

3665 439 3810 500 2100

2225 537 2519 608 ignorantia
2553 543 2759 598 veniam
2798 554 3050 612 meretur,
3081 554 3136 602 et
3159 547 3454 618 Ignorantia
3479 563 3587 611 non
3611 559 3808 630 accipi-

2227 637 2314 682 tur
2355 631 2452 685 nisi
2480 641 2760 704 antequam
2788 637 3012 706 quisque
3041 635 3198 694 fuerit
3229 639 3552 712 baptizatus;
3587 663 3692 704 non
3719 665 3803 708 so-

2224 719 2330 776 lum
2371 723 2414 776 si
2451 723 2709 780 adversus
2733 727 2984 797 Spiritum
3013 741 3252 785 sanctum
3273 775 3287 800 ,
3318 735 3410 789 sed
3437 739 3598 793 etiam
3637 742 3680 796 si
3709 745 3801 798 ad-

2222 827 2406 868 versus
2445 815 2637 872 Filium
2669 817 2894 876 hominis
2935 831 3054 890 post
3093 823 3415 896 Baptismum
3453 829 3650 886 dixerit
3688 851 3802 890 ver-

2221 901 2381 968 bum;
2419 913 2472 960 et
2496 909 2712 964 omnino
2750 911 2794 965 si
2823 927 2924 982 qua
2951 912 3325 982 fornicatione,
3357 919 3442 974 vel
3475 919 3796 994 homicidio,

2218 995 2303 1048 vel
2345 996 2454 1051 ullo
2495 995 2720 1070 ﬂagitio,
2753 1011 2844 1056 aut
2891 1003 3122 1060 facinore
3153 1015 3274 1076 post
3317 1009 3648 1080 Baptismum
3681 1033 3800 1076 sese

2219 1089 2587 1160 maculaverit,
2625 1109 2728 1149 non
2761 1104 2933 1164 potest
2973 1101 3279 1168 ptenitendo
3303 1106 3500 1158 curari.
3529 1107 3683 1175 Quod
3711 1113 3798 1181 qui

2217 1191 2498 1236 senserunt
2525 1185 2721 1240 exclusi
2749 1195 2872 1241 sunt
2909 1203 2940 1242 a
2983 1191 3358 1248 communione
3386 1195 3686 1264 catholica;
3717 1217 3798 1256 sa-

2216 1269 2389 1339 tisque
2423 1269 2711 1340 judicatum
2752 1285 2831 1330 est
2873 1291 2964 1332 eos
2995 1279 3048 1334 in
3091 1279 3180 1335 illa
3219 1283 3572 1354 crudelitate,
3605 1289 3796 1348 divinae

2215 1357 2588 1416 misericordize
2619 1365 2896 1435 participes
2921 1381 3039 1423 esse
3065 1385 3172 1426 non
3215 1383 3390 1441 posse.
3433 1375 3490 1430 Si
3519 1385 3702 1435 autem
3735 1383 3796 1437 il-

2213 1449 2304 1502 lud
2329 1453 2498 1506 solum
2520 1495 2534 1519 ,
2566 1455 2706 1524 quod
2733 1455 2984 1514 adversus
3013 1459 3266 1530 Spiritum
3303 1475 3542 1523 sanctum
3573 1471 3794 1542 dicitur,

2211 1539 2328 1596 sine
2357 1543 2506 1596 venia
2553 1560 2671 1601 esse
2713 1559 2833 1616 post
2867 1562 3140 1621 acceptum
3171 1555 3496 1625 Baptismnm
3539 1539 3792 1632 putatur;

2211 1632 2384 1700 primo
2408 1629 2664 1692 Dominus
2707 1653 2826 1694 cum
2853 1641 2976 1697 inde
3004 1644 3325 1714 loqueretur,
3357 1629 3558 1706 nullum
3589 1663 3793 1726 tempus

2209 1727 2433 1794 excepit,
2460 1727 2552 1783 sed
2580 1731 2892 1798 regulariter
2919 1736 3020 1800 ait,
3057 1735 3160 1804 Qui
3185 1739 3366 1795 dixerit
3387 1745 3590 1799 uerbum
3619 1748 3793 1803 adver-

2208 1830 2292 1869 sus
2323 1813 2576 1888 Spiritum
2603 1833 2862 1893 sanctum,
2903 1843 3004 1881 non
3033 1831 3316 1886 remittetur
3341 1833 3406 1902 ei,
3433 1853 3597 1910 neque
3623 1839 3678 1894 in
3701 1841 3791 1898 hoc

2205 1906 2412 1973 secuto,
2447 1927 2600 1980 neque
2623 1913 2676 1967 in
2703 1917 2895 1986 futuro.
2935 1919 3136 1978 Deinde
3173 1921 3389 1991 Simon,
3433 1906 3594 2000 quem
3633 1937 3790 2002 paulo

2206 2007 2329 2053 ante
2353 2006 2802 2072 commemoravi,
2828 2007 2936 2076 jam
2971 2009 3296 2080 Baptismum
3327 2027 3638 2090 acceperat,
3669 2040 3788 2081 cum

2204 2085 2455 2158 Spiritum
2485 2103 2724 2150 sanctum
2755 2100 3060 2168 turpissimo
3084 2109 3336 2162 mercatui
3369 2085 3642 2168 Subditum
3667 2131 3788 2174 cre-

2203 2177 2372 2233 didit:
2405 2183 2489 2237 cui
2519 2175 2820 2256 correpto'a
2851 2205 2910 2245 se
2937 2191 3123 2248 Petrus
3161 2205 3335 2253 tamen
3362 2203 3643 2259 consilium
3673 2223 3787 2276 pm-

2201 2265 2405 2324 nitendi
2436 2272 2598 2328 dedit.
2631 2275 2768 2344 Quid
2810 2286 2986 2334 autem
3035 2283 3102 2338 de
3146 2285 3210 2338 iis
3251 2287 3339 2356 qui
3379 2303 3500 2344 cum
3531 2265 3787 2364 Baptismi

2202 2375 2530 2419 sacramenta
2558 2369 2705 2437 pueri
2739 2371 2822 2424 vel
2847 2373 3008 2428 etiam
3047 2373 3275 2434 infantes
3307 2385 3662 2454 perceperint,
3697 2403 3786 2458 po-

2201 2461 2312 2510 stea
2343 2457 2668 2528 negligenter
2692 2461 2933 2529 educati,
2963 2479 3061 2536 per
3099 2469 3406 2538 ignorantia:
3435 2477 3682 2533 tenebras
3699 2457 3784 2534 ivi-

2200 2551 2307 2598 tam
2357 2549 2714 2617 turpissimam
2762 2551 2992 2620 ducunt,
3046 2557 3344 2616 nescientes
3391 2565 3612 2620 omnino
3657 2567 3784 2637 quid

2197 2633 2482 2691 christiana
2513 2640 2785 2711 disciplina
2822 2645 3006 2713 jubeat
3043 2657 3137 2703 aut
3165 2661 3306 2708 vetet
3325 2694 3342 2720 ,
3371 2657 3497 2726 quid
3527 2633 3783 2727 pollicea-

2195 2731 2301 2792 tur,
2334 2736 2386 2781 et
2423 2729 2550 2796 quid
2579 2729 2832 2798 minetur,
2861 2735 2988 2804 quid
3013 2739 3366 2809 credendum,
3399 2745 3528 2815 quid
3553 2761 3780 2818 speran-

2194 2813 2318 2868 dum
2345 2858 2360 2882 ,
2392 2819 2516 2886 quid
2556 2819 2878 2891 diligendum
2910 2823 3010 2891 sit;
3057 2839 3181 2884 num
3225 2813 3537 2890 audebimus
3565 2813 3782 2908 peccata

2193 2919 2374 2960 eorum
2405 2917 2679 2978 propterea
2720 2927 2825 2967 non
2865 2915 3177 2986 ignorantia:
3204 2921 3493 2994 deputare,
3527 2931 3650 3000 quia
3691 2931 3780 2987 ba-

2193 2997 2372 3065 ptizati
2401 3012 2780 3070 peccaverunt,
2811 3021 2929 3060 cum
2959 3011 3178 3066 omnino
3207 3013 3510 3083 ignorantes
3530 2997 3558 3084 ,_
3579 3031 3634 3076 et
3663 3037 3780 3078 om-

2188 3087 2349 3155 nino,
2400 3092 2842 3160 quemadmodum
2896 3095 3109 3164 dicitur,
3167 3101 3258 3156 ubi
3308 3117 3467 3176 caput
3517 3109 3776 3168 haberent

2189 3181 2487 3236 nescientes
2509 3183 2547 3250 ί,
2578 3186 2630 3238 in
2657 3199 2850 3256 magno
2871 3201 3054 3244 errore
3081 3197 3454 3261 peccaverint?

2259 3271 2343 3323 t7.
2384 3271 2536 3337 Quod
2563 3274 2608 3328 si
2632 3289 2696 3330 eo
2725 3285 2966 3347 tempore
2991 3295 3112 3335 cum
3142 3283 3362 3341 scientia
3387 3289 3616 3361 quisque
3642 3309 3771 3364 pec-

2184 3373 2334 3417 casse
2360 3363 2583 3430 dicatur,
2615 3381 2720 3436 quo
2751 3370 2850 3424 scit
2875 3371 3070 3427 malum
3101 3387 3220 3432 esse
3249 3379 3388 3448 quod
3413 3380 3576 3452 facit,
3610 3363 3665 3441 et
3691 3398 3774 3441 ιδ·-

2184 3465 2304 3505 men
2333 3451 2483 3520 facit;
2518 3469 2615 3512 cur
2635 3455 2740 3512 hoc
2765 3459 2818 3512 in
2843 3457 3096 3530 Spiritum
3133 3475 3373 3524 sanctum
3416 3451 3590 3528 solum
3613 3518 3628 3540 ,
3667 3491 3772 3533 non

2183 3543 2344 3598 etiam
2372 3545 2424 3598 in
2449 3546 2727 3602 Dominum
2758 3549 2939 3606 Jesum
2977 3553 3246 3612 Christum
3273 3559 3642 3621 irremissibile
3679 3569 3770 3638 ju-

2181 3631 2424 3689 dicatur?
2447 3637 2550 3691 Aut
2571 3638 2615 3692 si
2643 3637 2745 3694 hoc
2773 3641 2942 3710 ipsum
2963 3657 3084 3701 esse
3102 3647 3338 3704 creditur
3377 3667 3600 3722 peccare
3621 3699 3637 3722 ,
3679 3631 3768 3714 vel

2181 3724 2396 3779 verbum
2418 3725 2592 3782 dicere
2611 3729 2864 3786 adversus
2889 3732 3142 3803 Spiritum
3169 3753 3410 3796 sanctum
3436 3786 3450 3808 ,
3489 3747 3768 3816 quodlibet

2179 3827 2450 3883 peccatum
2476 3835 2595 3874 cum
2624 3821 2842 3877 scientia
2862 3829 3228 3895 committere;
3263 3841 3320 3888 ut
3358 3835 3612 3907 quidquid
3661 3839 3768 3896 ho:

2177 3909 2348 3964 mines
2369 3909 2657 3979 ignorando
2685 3923 2938 3982 peccant,
2987 3917 3038 3973 in
3081 3917 3271 3978 Filium
3314 3937 3566 3994 peccare;
3606 3933 3766 4002 quid-

2175 3999 2300 4067 quid
2325 4009 2502 4056 autcm
2549 4004 2780 4061 scientes
2821 4017 3069 4076 peccant,
3126 4012 3178 4068 in
3221 4013 3474 4084 Spiritum
3517 3999 3762 4080 sanctum

2173 4103 2394 4156 peccare
2413 4091 2718 4160 judicentur
2750 4113 2972 4168 :quaaro
2995 4103 3114 4170 quis
3144 4105 3347 4160 nesciat
3371 4109 3568 4164 malum
3612 4127 3759 4181 esse,

2171 4181 2316 4236 verbi
2341 4185 2547 4252 gratia,
2590 4201 2934 4259 corrumpere
2969 4192 3274 4262 pudicitiam
3314 4199 3492 4254 uxoris
3543 4203 3754 4271 alienae,

2171 4273 2252 4327 vel
2276 4288 2340 4328 eo
2361 4275 2476 4345 ipso
2501 4287 2643 4334 certe
2673 4279 2816 4350 quod
2836 4281 3012 4338 hocin
3038 4299 3133 4340 sua
3161 4289 3385 4360 conjuge
3427 4293 3593 4348 nollet
3635 4311 3759 4364 per-

2168 4365 2272 4432 peti
2299 4381 2313 4430 ;
2345 4375 2435 4420 aut
2464 4365 2704 4426 fraudare
2729 4387 3049 4445 quemquam
3079 4378 3132 4433 in
3160 4383 3391 4450 negotio,
3415 4395 3506 4440 aut
3525 4388 3758 4444 circum-

2165 4458 2349 4512 venire
2374 4459 2650 4517 mendacio
2669 4506 2684 4530 ,
2710 4475 2800 4520 aut
2832 4469 3134 4538 opprimere
3180 4477 3467 4532 testimonii
3497 4477 3750 4552 falsitate,

2164 4557 2254 4604 aut
2280 4551 2578 4608 auferenda:
2608 4557 2682 4610 rei
2725 4558 2842 4629 ejus
2886 4577 3044 4618 causa
3081 4565 3356 4636 insidiari,
3409 4579 3462 4626 et
3503 4551 3754 4632 occidere

2163 4645 2494 4712 quempiam;
2528 4655 2582 4700 et
2607 4647 2651 4702 si
2674 4651 2798 4719 quid
2823 4655 3040 4709 omnino
3062 4665 3144 4712 cst
3170 4659 3312 4728 quod
3335 4663 3434 4716 sibi
3483 4665 3550 4719 ab
3579 4667 3750 4723 altero

2162 4731 2278 4789 ﬁeri
2304 4749 2408 4789 non
2435 4739 2565 4804 vult,
2590 4749 2642 4794 ct
2670 4742 2714 4794 si
2740 4741 2855 4798 fieri
2885 4751 3147 4815 senserit,
3192 4761 3304 4808 toto
3340 4757 3500 4812 corde
3537 4760 3748 4816 indubi-

2161 4833 2334 4881 tanter
2357 4831 2606 4886 accusat?
2635 4833 2740 4888 Aut
2765 4835 2810 4890 si
2841 4837 2954 4894 hinc
2983 4841 3049 4896 ab
3079 4843 3446 4912 ignorantibus
3472 4851 3586 4907 ﬁeri
3609 4853 3747 4910 dici-

2159 4931 2296 4984 mus,
2325 4921 2447 4988 quid
2478 4921 2774 4980 invenimus
2798 4927 2852 4982 in
2878 4947 2981 5000 quo
3001 4933 3228 4990 scientes
3249 4937 3493 4996 homines
3520 4957 3746 5012 peccare

2159 5011 2480 5068 videantur?
2511 5015 2693 5070 Restat
2723 5035 2850 5088 ergo
2870 5032 2945 5090 ut,
2979 5026 3020 5078 si
3051 5023 3152 5080 hoc
3179 5038 3262 5083 est
3287 5045 3508 5099 peccare
3522 5011 3590 5089 fin
3623 5036 3746 5107 Spi-

2159 5102 2313 5156 ritum
2338 5115 2576 5159 sanctum
2603 5148 2616 5170 ,
2649 5121 2869 5176 peccare
2891 5125 3011 5167 cum
3057 5117 3278 5172 scientia
3303 5160 3318 5184 ,
3361 5121 3466 5177 illis
3509 5102 3742 5193 peccatis

2155 5207 2271 5264 qua:
2293 5199 2702 5252 commemoravi
2723 5211 2943 5272 negetur
2965 5205 3252 5274 pmnitendi
3281 5211 3427 5268 locus
3447 5231 3464 5281 ;
3487 5219 3738 5285 quoniam

2155 5293 2374 5354 peccato
2403 5287 2452 5339 in
2482 5285 2736 5358 Spiritum
2769 5303 3006 5348 sanctum
3025 5311 3236 5353 onmem
3260 5317 3408 5371 spem
3434 5307 3601 5361 venia:
3629 5309 3738 5363 Do-

2154 5376 2329 5431 minus
2357 5381 2647 5448 amputavit
2677 5384 2856 5452 :quod
2880 5387 2923 5438 si
2952 5389 3132 5457 regula
3175 5389 3465 5450 christiana
3507 5402 3733 5470 respuit,

2153 5477 2442 5536 omnesque
2467 5467 2586 5523 illos
2610 5471 2796 5542 quisic
2827 5485 3066 5544 peccant,
3099 5479 3166 5534 ad
3185 5485 3574 5541 correctionem
3598 5467 3737 5546 vitai

2061 5625 2082 5628 η
2153 5572 2348 5614 vorare
2385 5574 2490 5614 non
2529 5572 2734 5630 cessat;
2775 5563 2944 5622 adhuc
2983 5571 3328 5639 quaerendum
3366 5587 3449 5634 est
3493 5581 3620 5649 quid
3662 5585 3734 5639 sit

2151 5661 2372 5718 peccare
2401 5649 2454 5703 in
2479 5649 2732 5722 Spiritum
2760 5665 3021 5726 sanctum,
3053 5663 3138 5718 cui
3162 5675 3381 5735 peccato
3405 5672 3560 5729 venia
3584 5675 3728 5736 nulla

2150 5739 2478 5794 conceditur.

2213 5853 2232 5884 ⁸
2253 5861 2334 5906 Hs.
2359 5855 2625 5921 Vaticanus,
2647 5857 2730 5913 ubi
2749 5869 2892 5928 caput
2913 5863 3184 5936 haberetur,
3204 5843 3496 5930 nescientes.-
