4012 6490
511 371 655 431 2105

510 483 708 541 sitionis
728 496 908 536 manus
930 521 944 547 ,
974 479 1351 535 resurrectionis
1376 477 1527 531 etiam
1556 485 1864 530 mortuorum
1880 517 1894 541 ,
1919 484 1964 529 et
1998 477 2086 543 iu—

512 578 630 632 dicii
654 576 826 632 wterni
848 574 1032 647 (Hebr.
1066 589 1137 640 vt,
1174 573 1262 627 let
1279 570 1360 643 2).
1391 570 1494 625 ista
1528 570 1700 624 omnia
1742 569 1794 622 in
1818 568 2087 638 Baptismo

510 668 811 732 traduntur,
835 681 952 737 quae
974 672 1131 734 negat
1149 676 1267 718 esse
1285 660 1592 729 repetenda,
1617 660 1801 733 utique
1820 660 1872 712 in
1893 672 2086 713 conse-

512 761 726 819 crandis
762 758 1027 815 ﬁdelibus.
1048 756 1179 812 Nam
1202 756 1253 809 in
1287 753 1436 809 verbi
1462 752 1557 808 Dei
1587 753 1898 808 tractatione
1928 760 2087 821 alque

511 857 774 921 doctrina,
794 867 897 908 non
925 852 1113 906 iterum
1132 856 1358 914 tantum,
1377 846 1471 902 sed
1485 845 1681 915 saepius
1701 844 1920 900 dicenda
1938 850 2080 911 sunt,

510 950 648 1005 sicut
681 960 861 1003 rerum
889 943 956 999 de
971 941 1162 1013 quibus
1177 940 1457 995 disseritur
1478 938 1844 1009 Opportunitas
1863 936 2082 1006 ﬂagitat.

580 1040 672 1097 ΞΟ.
712 1041 796 1093 An
834 1051 962 1092 vero
991 1035 1099 1105 jam
1134 1032 1261 1088 illud
1308 1040 1587 1098 occurret,
1640 1039 1697 1085 ut
1736 1046 1841 1085 non
1884 1031 1995 1101 jam
2040 1029 2087 1084 si

507 1130 782 1203 quodlibet
810 1135 1082 1198 peceatum
1110 1125 1285 1179 sciens
1305 1123 1611 1186 admiserit,
1659 1122 1753 1177 sed
1804 1122 1848 1177 si
1875 1121 2086 1192 proprie

507 1230 782 1293 peccatum
802 1219 856 1273 in
883 1217 1137 1288 Spiritum
1164 1226 1405 1271 sanctum
1434 1215 1609 1270 sciens
1640 1214 1932 1278 admiserit,
1960 1224 2086 1269 tunc

505 1328 615 1367 non
640 1310 836 1366 habere
858 1308 1066 1363 veniam
1094 1307 1362 1377 judicetur
1380 1307 1403 1359 ?
1423 1306 1537 1373 Quo
1561 1306 1679 1360 loco
1707 1306 1871 1376 quaeri
1911 1313 2087 1375 potest

505 1412 687 1456 utrum
716 1401 918 1455 scirent
944 1399 1111 1453 Judaei
1149 1412 1244 1467 per
1285 1398 1540 1467 Spiritum
1586 1406 1827 1451 sanctum
1877 1396 2086 1466 operari

506 1494 813 1561 Dominum,
836 1493 1046 1563 quando
1066 1508 1187 1547 eum
1210 1493 1263 1546 in
1298 1492 1533 1561 principe
1557 1491 1935 1545 daemoniorum
1975 1491 2085 1546 dre-

504 1588 684 1644 monia
705 1586 986 1641 excludere
1010 1584 1449 1656 blasphemabant
1472 1582 1682 1655 (Matth.
1707 1600 1787 1648 1x,
1814 1583 1942 1654 54)?
1992 1582 2085 1637 Mi-

503 1696 597 1737 ror
625 1690 801 1735 autem
832 1678 1097 1750 quomodo
1123 1685 1340 1747 possent
1360 1676 1412 1730 in
1443 1676 1534 1730 illo
1561 1675 1813 1744 Spiritum
1841 1682 2083 1729 sanctum

504 1788 863 1844 cognoscere,
892 1785 1012 1825 eum
1056 1771 1227 1839 ipsum
1277 1769 1555 1823 Dominum
1606 1767 1795 1821 Filium
1840 1767 1930 1821 Dei
1968 1780 2086 1821 esse

504 1866 816 1921 nescirent:
864 1864 915 1917 in
940 1863 1027 1917 illa
1053 1862 1257 1917 scilicet
1296 1860 1562 1925 caecitate,
1595 1874 1710 1929 quae
1748 1876 1811 1913 ea;
1848 1870 1988 1929 parte
2032 1860 2086 1912 in

504 1956 675 2013 Israel
720 1957 858 2026 facta
911 1964 1016 2018 est,
1064 1956 1224 2007 donec
1277 1951 1532 2022 plenitudo
1585 1948 1822 2005 Gentium
1877 1952 2087 2004 intraret

505 2048 683 2122 (Rom.
709 2064 787 2114 χι,
816 2048 928 2118 25).
960 2048 1035 2101 De
1061 2060 1161 2116 qua
1186 2045 1534 2114 opportunius
1560 2058 1657 2097 suo
1681 2043 1831 2109 loco,
1863 2044 2086 2097 Domino

504 2141 786 2210 adjuvante
810 2149 968 2209 atque
1015 2138 1350 2207 permittente
1373 2176 1389 2202 ,
1425 2135 1752 2189 tractabitur.
1801 2134 2002 2189 Deinde
2041 2134 2087 2188 si

503 2231 814 2301 dijudicatio
834 2229 1116 2298 spirituum
1146 2227 1232 2280 illa
1263 2226 1595 2294 intelligitur,
1619 2239 1720 2293 qua
1750 2225 1975 2293 quisque
1998 2224 2084 2278 di-

502 2321 705 2391 judieat
728 2330 907 2375 utrum
932 2320 985 2372 in
1013 2331 1277 2387 quoquam
1297 2316 1526 2386 Spiritus
1555 2324 1769 2369 sanctus
1793 2356 1808 2381 ,
1841 2330 1908 2369 an
1939 2315 2087 2369 falla-

507 2412 608 2464 ςίιθ
647 2411 866 2479 spiritus
891 2418 1171 2477 operetur;
1222 2408 1338 2461 Ι]ωο
1364 2416 1539 2460 autem
1578 2406 1886 2475 dijudicatio
1941 2417 2087 2462 certo

505 2500 736 2569 quodam
769 2510 1005 2567 tempore
1037 2514 1131 2569 per
1161 2498 1417 2567 Spiritum
1443 2504 1687 2552 sanctum
1717 2497 1959 2553 fidelibus
1997 2498 2091 2553 da-

505 2599 613 2651 tur,
643 2591 777 2644 sicut
799 2590 902 2643 alio
932 2590 1048 2643 loco
1085 2589 1225 2642 idem
1250 2588 1525 2656 apostolus
1553 2588 1681 2643 dicit
1729 2587 1790 2658 (l
1818 2587 1936 2643 Cor.
1978 2606 2047 2643 xu
2071 2631 2086 2652 .

507 2681 600 2751 10)
639 2700 650 2733 :
682 2682 948 2751 quomodo
978 2689 1220 2750 poterant
1248 2679 1489 2735 infideles
1516 2679 1684 2734 Judaei
1708 2680 1824 2735 sine
1850 2681 1947 2735 isto
1974 2696 2091 2735 mu-

504 2790 636 2830 nere
662 2775 953 2845 dijudieare
976 2816 992 2839 ,
1021 2782 1195 2829 utrum
1229 2789 1324 2843 per
1349 2773 1600 2843 Spiritum
1628 2782 1868 2826 sanctum
1908 2774 2091 2829 Domi-

504 2881 610 2919 nus
649 2872 964 2934 ope‘raretur
991 2882 1002 2917 :
1030 2873 1085 2918 et
1111 2873 1289 2917 tamen
1312 2863 1362 2916 in
1386 2864 1466 2917 eis
1486 2904 1498 2927 ,
1526 2870 1585 2917 ut
1606 2862 1748 2931 justa
1775 2877 1928 2931 pmna
1968 2862 2099 2918 feria

503 2966 722 3020 rentur,
784 2955 1081 3024 pertissima
1112 2953 1305 3008 indicia
1335 2953 1720 3007 malevolentire
1749 2953 2090 3020 claruerunt,

502 3058 560 3102 et
604 3063 723 3102 eum
773 3046 933 3100 falsos
980 3054 1143 3100 testes
1190 3045 1243 3098 in
1292 3060 1413 3098 eum
1458 3054 1832 3113 compararunt
1877 3043 2088 3115 (Matth.

502 3155 655 3203 xxvi,
680 3139 872 3209 59‘60)
895 3180 909 3204 ,
942 3146 997 3193 et
1016 3138 1380 3193 submiserunt
1405 3138 1739 3193 simulatores
1759 3138 1849 3207 qui
1879 3152 1998 3192 eum
2038 3137 2094 3191 in

501 3232 668 3285 verbo
687 3229 1059 3300 caperent(ld.
1084 3245 1218 3297 χιιι,
1245 3228 1463 3299 15-17);
1494 3238 1680 3284 etcum
1701 3229 1969 3285 tremenda
2000 3230 2099 3283 mi-

501 3323 711 3387 rabilia,
725 3338 841 3393 quae
860 3324 910 3375 in
927 3323 1040 3391 ejus
1070 3322 1457 3376 resurrectione
1490 3321 1623 3375 facta
1640 3330 1781 3384 sunt,
1799 3323 1877 3375 eis
1898 3336 2096 3375 renun-

504 3414 783 3477 tiarentur,
802 3412 992 3466 famam
1014 3411 1199 3466 falsam
1219 3412 1585 3478 disseminare,
1600 3426 1661 3465 ac
1680 3412 1956 3467 veritatem
1978 3412 2100 3467 abs-

504 3488 754 3569 condere,
780 3503 1054 3557 custodum
1077 3502 1413 3571 corruptione
1429 3502 1601 3556 conati
1620 3511 1742 3556 sunt
1771 3501 1878 3573 (Id.
1906 3518 2096 3573 xxvnt,

514 3596 604 3666 15)
633 3613 647 3660 ;
677 3604 732 3650 et
778 3595 877 3648 alia
908 3595 1155 3648 malitiosi
1185 3602 1239 3649 et
1264 3594 1514 3648 venenosi
1546 3594 1706 3647 animi
1742 3594 1889 3664 signa
1916 3594 1967 3647 in
1996 3595 2095 3660 eis,

502 3697 753 3760 quantum
784 3688 1079 3755 evangeliea
1102 3686 1334 3741 narratio
1353 3686 1698 3747 demonstrat,
1722 3694 2099 3755 apparuerunt.

573 3780 663 3834 21.
689 3780 837 3835 Unde
858 3779 966 3848 jam
985 3779 1127 3832 velut
1154 3778 1371 3847 incoepit
1391 3778 1624 3843 elucere,
1655 3793 1774 3832 eum
1804 3779 2096 3846 peccarein

504 3869 757 3939 Spiritum
805 3876 1068 3934 sanctum,
1128 3868 1216 3937 qui
1272 3868 1522 3936 operibus
1561 3882 1679 3935 qua:
1726 3882 1821 3937 per
1841 3868 2094 3937 Spiritum

500 3970 743 4017 sanctum
774 3960 924 4026 fiunt,
954 3960 1214 4014 malevolo
1231 3960 1406 4013 animo
1418 3959 1754 4013 contradicit.
1775 3958 2088 4028 Quanquam

503 4057 645 4110 enim
675 4056 872 4109 nesciat
902 4064 1076 4109 utrum
1122 4054 1212 4109 ille
1259 4055 1329 4108 sit
1354 4055 1583 4123 Spiritus
1611 4062 1863 4120 sanctus;
1919 4064 2093 4109 tamen

504 4148 594 4215 qui
619 4147 718 4200 hoc
746 4146 923 4198 animo
971 4154 1072 4208 est,
1102 4151 1248 4199 utea
1291 4138 1452 4212 opera
1491 4145 1680 4213 quibus
1710 4143 1931 4208 invidet,
1947 4145 2096 4199 malit

505 4252 612 4290 non
633 4251 751 4291 esse
779 4236 1008 4305 Spiritus
1037 4237 1236 4299 sancti;
1268 4250 1371 4289 non
1393 4236 1513 4303 quia
1540 4235 1676 4289 mala
1698 4244 1839 4299 sunt,
1863 4235 1955 4289 sed
1974 4237 2093 4305 quia

506 4325 710 4379 invidet
729 4326 830 4391 eis,
860 4326 980 4393 quia
1007 4326 1106 4392 ipsi
1136 4324 1352 4378 bonitati
1381 4333 1463 4377 est
1487 4324 1782 4377 contrarius
1817 4339 1913 4393 per
1946 4326 2096 4380 mali-

502 4416 632 4470 tiam
676 4431 825 4471 suam
852 4432 865 4480 ;
896 4424 1040 4470 recte
1070 4416 1121 4468 in
1153 4413 1403 4481 Spiritum
1434 4423 1672 4468 sanctum
1705 4428 1925 4482 peccare
1954 4415 2094 4485 judi-

503 4516 671 4561 catur.
701 4505 1083 4560 Verumtamen
1111 4504 1158 4558 si
1186 4522 1250 4560 ex
1271 4519 1337 4559 eo
1363 4518 1574 4574 quoque
1600 4502 1875 4558 hominum
1905 4521 2090 4561 nume-

502 4612 586 4661 ro,
609 4595 801 4666 quibus
855 4596 1108 4650 Dominus
1135 4594 1262 4649 illud
1288 4595 1488 4650 crimen
1527 4593 1726 4664 objicit,
1777 4596 1999 4650 veniens
2026 4596 2092 4649 ad

504 4688 662 4744 ﬁdem
690 4688 910 4753 Christi,
938 4697 993 4744 et
1016 4687 1306 4758 pmoitendi
1332 4686 1650 4742 cruciatibus
1680 4687 1911 4741 edomita
1952 4688 2091 4741 invi-

499 4781 589 4836 dia
613 4782 833 4837 saiutem
878 4796 997 4836 cum
1041 4781 1288 4852 lacrymis
1318 4794 1565 4849 poscens,
1598 4779 1733 4834 sicut
1778 4779 1937 4834 etiam
1963 4795 2095 4834 non-

504 4875 637 4928 nulli
678 4889 861 4929 eorum
921 4875 1146 4930 fortasse
1194 4873 1477 4938 fecerunt;
1519 4887 1700 4941 quaero
1743 4882 1918 4926 utrum
1949 4874 2093 4941 quis-

500 4980 660 5035 quam
690 4974 834 5019 tanto
855 4980 1037 5020 errore
1060 4964 1355 5027 crudeseat,
1375 4972 1432 5018 ut
1456 4972 1547 5017 aut
1566 4972 1719 5033 neget
1736 4977 1829 5017 eos
1853 4963 1919 5017 ad
1935 4961 2091 5018 Chri-

501 5060 569 5112 sti
597 5059 913 5127 baptismum
943 5057 1145 5112 admitti
1172 5057 1489 5126 0portuisse,
1528 5066 1617 5110 aut
1648 5056 1838 5111 frustra
1891 5055 2089 5111 admis-

503 5166 594 5206 sos
621 5164 740 5205 esse
764 5151 1087 5206 contendat?
1126 5151 1256 5205 Nam
1283 5150 1329 5204 si
1359 5151 1475 5220 quis
1517 5165 1612 5220 per
1652 5150 1901 5204 invidiam
1929 5164 2090 5219 opera

502 5243 685 5298 divina
709 5243 1059 5312 blasphemat,
1091 5242 1339 5312 quoniam
1382 5243 1533 5296 bonis
1570 5242 1684 5307 Dei,
1705 5241 1804 5295 hoc
1841 5249 1923 5296 est
1938 5240 2091 5296 donis

506 5334 603 5389 Dei
633 5334 832 5389 malitia
862 5351 954 5388 sua
985 5334 1199 5397 resistit,
1234 5334 1286 5387 in
1305 5333 1555 5401 Spiritum
1579 5342 1817 5387 sanctum
1844 5346 2085 5401 peccare,

505 5434 563 5479 et
610 5435 887 5493 pr0pterea
928 5439 1076 5493 spem
1128 5425 1294 5478 veniae
1342 5438 1446 5477 non
1478 5422 1673 5478 habere
1710 5423 2089 5478 existimandus

508 5524 592 5571 est
619 5532 631 5568 :
662 5516 992 5583 attendamus
1019 5524 1191 5570 utrum
1213 5530 1277 5568 ex
1299 5528 1362 5569 eo
1388 5528 1609 5568 numero
1637 5512 1793 5567 fuerit
1819 5514 2089 5583 apostolus

510 5607 724 5663 Paulus.
751 5608 890 5662 Dicit
918 5607 1059 5662 enim
1089 5626 1102 5660 :
1131 5607 1228 5674 Qui
1259 5607 1396 5677 prius
1428 5606 1501 5678 fui
1523 5606 1865 5674 blasphemus,
1894 5615 1939 5657 et
1966 5622 2086 5674 per-

511 5709 724 5764 secutor,
749 5709 795 5753 et
809 5700 1080 5772 injuriosus
1097 5715 1117 5763 ,'
1135 5699 1221 5753 sed
1242 5698 1634 5753 misericordiam
1651 5706 1937 5753 consecutus
1952 5715 2082 5767 sum,

514 5791 634 5859 quia
659 5790 895 5861 ignorans
939 5789 1033 5861 feci
1078 5791 1131 5844 in
1157 5790 1504 5845 incredulitate
1528 5787 1589 5862 (Ι
1615 5787 1749 5843 Tim.
1780 5805 1817 5855 ι,
1851 5789 1917 5843 l3
1935 5789 1973 5861 ).
2002 5790 2084 5847 An

1080 363 1436 423 EPISTOLE
1474 364 1567 419 AD
1605 360 1946 431 ROMANOS,
1985 361 2043 420 S.
2083 359 2447 422 AUGUSTINI
2499 364 2837 425 INCHOATA
2878 370 3257 432 EXPOSITIO.

3627 384 3767 446 BHM

2196 476 2460 570 forteideo
2486 495 2590 535 non
2607 484 2856 552 pertinuit
2873 486 2937 539 ad
2952 487 3050 543 hoc
3063 505 3231 560 genus
3246 491 3501 563 criminis,
3522 499 3644 570 quia
3668 517 3771 561 non

2193 578 2306 672 erat
2320 568 2529 626 invidus
2542 572 2565 612 ν
2589 575 2879 632 Audiamus
2893 580 3016 649 quid
3033 582 3155 636 alibi
3168 582 3309 639 dicat
3334 604 3349 640 :
3377 568 3597 646 Fuimus
3618 596 3769 663 enim,

2192 852 2412 936 agentes,
2429 846 2796 916 abominabiles,
2818 855 3027 933 inuicem
3041 859 3156 913 odio
3172 861 3405 919 habentes
3425 865 3553 933 (Tit.
3569 883 3649 934 ut,
3679 871 3714 923 5
3729 871 3746 936 )
3762 916 3772 926 .

2262 934 2348 988 22.
2386 936 2441 991 Si
2464 953 2588 1009 ergo
2616 957 2715 998 nec
2741 943 2985 1013 Paganis,
3018 965 3116 1004 nec
3148 948 3405 1022 llebrscis,
3435 971 3535 1012 nec
3554 934 3771 1014 haereti-

2192 1023 2288 1115 cis,
2310 1035 2400 1080 aut
2425 1028 2772 1086 schismatieis
2796 1036 3028 1091 nondum
3052 1038 3348 1111 baptizatus,
3370 1044 3438 1098 ad
3452 1045 3772 1115 baptismum

2190 1112 2389 1208 chriso
2432 1119 2605 1175 aditus
2656 1124 2931 1196 clauditur,
2954 1130 3044 1185 ubi
3090 1134 3440 1192 condemnata
3463 1112 3571 1192 vita
3595 1138 3773 1208 priore

2193 1205 2247 1261 in
2302 1211 2489 1265 melius
2542 1226 2971 1288 commutentur;
3007 1228 3248 1293 quamvis
3293 1205 3677 1283 Christianitati
3719 1238 3772 1285 et

2192 1295 2446 1353 Ecclesia:
2471 1301 2565 1356 Dei
2588 1304 2929 1365 adversantes
2947 1322 3231 1383 antequam
3255 1315 3562 1372 cbristianis
3580 1296 3771 1374 Sacra-

2192 1390 2384 1443 mentis
2412 1391 2770 1463 abluerentur,
2812 1400 2970 1455 etiam
2995 1402 3214 1473 Spiritui
3241 1415 3426 1462 sancto
3445 1417 3645 1477 quanta
3671 1422 3773 1478 po-

2192 1483 2406 1534 tuerunt
2450 1481 2785 1543 infestationc
2817 1492 3143 1548 restiterim:
3170 1496 3217 1550 si
3252 1497 3411 1552 etiam
3447 1497 3772 1565 hominibus,

2190 1571 2279 1639 qui
2308 1588 2473 1643 usque
2489 1576 2552 1629 ad
2575 1576 3040 1640 Sacramentorum
3084 1589 3479 1658 perceptionem
3522 1590 3767 1645 veritatis

2192 1662 2467 1719 scientiam
2492 1681 2861 1740 perceperunt,
2883 1684 2938 1728 et
2962 1686 3082 1745 post
3106 1677 3220 1733 haec
3242 1679 3372 1749 lapsi
3392 1680 3611 1750 Spiritui
3648 1696 3773 1736 san-

2190 1761 2277 1808 cto
2314 1757 2638 1828 restiterunt,
2683 1763 2750 1818 ad
2778 1767 3055 1823 sanitatem
3093 1770 3454 1839 redeuntibus,
3505 1782 3562 1828 et
3591 1787 3775 1843 pacem

2193 1843 2287 1899 Dei
2316 1850 2620 1916 paenitendo
2663 1860 3042 1927 quaerentibus,
3094 1864 3345 1919 auxilium
3394 1866 3774 1921 misericordia:

2192 1951 2298 1990 non
2326 1950 2544 2009 negatur
2568 1960 2579 1995 :
2610 1946 2653 1997 si
2678 1946 2902 2019 denique
2929 1951 2995 2006 de
3024 1953 3128 2008 illis
3159 1955 3286 2024 ipsis
3314 1940 3506 2027 quibus
3535 1956 3777 2028 blasphe-

2191 2029 2349 2084 miam
2380 2032 2431 2085 in
2453 2032 2702 2103 Spiritum
2757 2051 2993 2098 sanctum
3022 2045 3090 2099 ab
3132 2048 3210 2102 eis
3236 2048 3492 2117 prolatam
3519 2049 3775 2107 Dominus

2192 2120 2404 2215 objceit,
2430 2127 2584 2193 siqui
2629 2131 3001 2202 resipiscentes
3041 2136 3109 2192 ad
3150 2138 3245 2195 Dei
3270 2142 3492 2210 gratiam
3525 2143 3776 2215 confuge-

2191 2221 2335 2278 runt,
2365 2214 2479 2269 sine
2522 2218 2627 2273 ulla
2677 2220 3002 2281 dubitatione
3044 2230 3214 2284 sanati
3239 2240 3407 2286 sunt:
3452 2233 3580 2303 quid
3633 2214 3775 2291 aliud

2193 2312 2377 2368 restat,
2409 2307 2509 2363 nisi
2536 2320 2594 2365 ut
2630 2326 2903 2382 peccatum
2934 2318 2985 2372 in
3036 2321 3290 2391 Spiritum
3320 2334 3585 2392 sanctum,
3633 2326 3775 2398 quod

2194 2408 2365 2464 neque
2411 2400 2463 2454 in
2493 2400 2595 2457 hoc
2622 2407 2836 2473 sreculo,
2889 2426 3060 2482 neque
3089 2414 3139 2468 in
3169 2414 3351 2470 futuro
3374 2417 3566 2473 dimitti
3595 2419 3778 2473 Domi-

2195 2500 2293 2539 nus
2321 2489 2466 2558 dicit,
2497 2496 2695 2550 nullum
2721 2499 3043 2573 intelligatur
3062 2506 3162 2560 nisi
3185 2512 3573 2575 perseverantia
3598 2512 3652 2565 in
3681 2527 3779 2567 ne-

2194 2577 2354 2673 quitia
2385 2590 2439 2636 et
2476 2584 2529 2638 in
2575 2588 2918 2660 malignitate,
2950 2590 3069 2650 cum
3097 2596 3465 2668 desperatione
3493 2602 3777 2673 indulgen-

2196 2670 2283 2763 tia:
2311 2672 2401 2727 Dei
2427 2675 2450 2727 ?
2480 2677 2587 2731 lloc
2615 2689 2696 2735 est
2715 2683 2858 2740 enim
2885 2689 3067 2755 gratire
3101 2690 3242 2745 illius
3266 2701 3320 2747 et
3355 2694 3471 2763 paci
3494 2670 3773 2759 resistere,

2198 2759 2264 2815 de
2289 2766 2480 2833 quibus
2510 2772 2661 2827 nobis
2685 2792 2862 2833 sermo
2891 2796 3031 2836 nunc
3055 2792 3202 2839 ortus
3222 2794 3322 2841 est.
3352 2759 3484 2841 Nam
3507 2788 3630 2845 hinc
3654 2789 3780 2845 licet

2198 2852 2494 2947 advertere,
2523 2862 2681 2918 etiam
2711 2866 2839 2935 ipsis
2862 2868 3081 2939 Judaeis,
3118 2889 3342 2943 quorum
3390 2876 3778 2947 blasphemiam

2199 2943 2452 3001 Dominus
2490 2949 2812 3021 arguit,’non
2850 2961 3011 3015 fuisse
3038 2962 3275 3020 clausum
3317 2943 3613 3037 corrigendi
3640 2983 3701 3024 se
3724 2978 3782 3025 et

2200 3037 2489 3129 ptenitcndi
2519 3043 2725 3113 locum;
2757 3050 2900 3118 quod
2943 3052 3081 3109 idem
3110 3056 3365 3112 Dominus
3391 3059 3443 3112 in
3465 3074 3526 3113 ea
3550 3061 3663 3129 ipsa
3689 3076 3781 3116 re-

2201 3126 2552 3191 prehensione
2572 3136 2645 3189 ait
2664 3136 2765 3192 illis
2795 3158 2808 3193 :
2831 3140 2930 3194 Aut
2950 3144 3100 3213 facite
3116 3144 3344 3201 arborem
3362 3126 3638 3217 bonam,vet
3662 3153 3780 3221 fru-

2201 3223 2335 3269 ctum
2355 3224 2462 3291 ejus
2489 3224 2669 3279 bonum
2693 3244 2712 3291 ,'
2740 3239 2827 3283 aut
2874 3232 3022 3299 facite
3058 3236 3285 3290 arborem
3337 3239 3542 3305 malum,
3571 3252 3620 3294 et
3661 3247 3779 3312 fru-

2207 3324 2343 3368 ctum
2393 3317 2500 3384 ejus
2549 3318 2778 3391 malum(
2815 3320 3001 3376 Matth.
3054 3341 3163 3393 xu,
3215 3328 3385 3383 51-55
3407 3329 3452 3400 ).
3491 3330 3648 3399 Quod
3674 3334 3781 3387 uli-

2209 3420 2313 3474 que
2355 3407 2495 3461 nulla
2512 3408 2713 3463 ratione
2734 3410 2998 3468 diceretur
3017 3415 3114 3480 eis,
3147 3419 3190 3470 si
3231 3428 3445 3488 propter
3494 3421 3638 3475 illam
3667 3423 3754 3478 bla

2204 3499 2498 3567 sphemiam
2543 3500 2650 3569 jam
2703 3513 3029 3561 commutare
3079 3508 3313 3563 animum
3371 3511 3421 3564 in
3474 3512 3689 3579 melius,
3722 3523 3780 3570 et

2203 3600 2348 3645 recte
2376 3590 2633 3647 factorum
2662 3593 2866 3650 fructus
2892 3613 3149 3667 generare
3172 3618 3277 3656 non
3295 3613 3529 3672 possent,
3559 3616 3653 3661 aut
3672 3607 3785 3663 fro-

2204 3689 2310 3734 stra
2341 3683 2499 3736 etiam
2530 3684 2643 3738 sine
2670 3689 2870 3754 peccati
2895 3690 2977 3743 sui
2996 3690 3306 3749 dimissionc
3329 3709 3670 3765 generarent.

2271 3773 2360 3830 25.
2388 3776 2527 3846 Ergo
2546 3777 2670 3847 quia
2721 3779 2978 3837 Dominus
3020 3784 3072 3837 in
3097 3784 3293 3854 Spiritu
3342 3788 3438 3843 Dei
3481 3792 3784 3862 expellebat

2201 3863 2481 3932 daemonia,
2510 3876 2833 3938 czcterosque
2856 3870 3202 3928 humanorum
3234 3891 3515 3947 corporum
3562 3883 3782 3940 morbos

2202 3952 2585 4025 languoresque
2605 3958 2841 4025 sanabat,
2871 3976 2976 4016 non
2997 3963 3066 4017 ob
3093 3964 3234 4018 aliud
3251 3966 3352 4021 nisi
3380 3976 3440 4023 ut
3467 3970 3782 4027 crederetur

2200 4042 2393 4098 dicenti
2419 4045 2538 4109 sibi,
2581 4047 2723 4118 Agite
2766 4051 3154 4119 paenitentiam;
3194 4060 3614 4129 apprOpinquavit
3648 4063 3781 4117 enim

2198 4156 2406 4209 regnum
2432 4141 2705 4209 ctelorum(
2736 4143 2821 4198 Id.
2853 4160 2929 4211 Ill,
2951 4145 3039 4216 2).
3070 4147 3401 4207 lnvisibiliter
3427 4153 3780 4225 enimpecca~
3818 4214 3833 4225 ,

2199 4238 2251 4284 ta
2276 4230 2625 4299 dimittuntur,
2648 4234 2731 4289 cui
2756 4234 3049 4291 dimissioni
3081 4237 3237 4294 fidem
3265 4241 3532 4297 miraculis
3558 4260 3781 4317 compa-

2198 4325 2349 4378 rabat
2379 4344 2392 4380 :
2422 4325 2562 4394 quod
2603 4326 2657 4380 in
2688 4326 2778 4381 illo
2805 4328 3094 4399 paralytico
3143 4333 3573 4391 manifestissime
3599 4347 3781 4394 esten-

2199 4416 2361 4473 ditur.
2393 4417 2522 4472 Cum
2548 4418 2690 4473 ‘enim
2717 4420 2886 4488 primo
2914 4422 2962 4476 ei
2990 4422 3185 4477 donum
3231 4426 3436 4481 visibile
3473 4428 3779 4499 obtulisset,

2199 4516 2415 4576 propter
2437 4507 2575 4577 quod
2626 4518 2878 4576 venerat;
2921 4526 3025 4566 non
3068 4515 3208 4568 enim
3234 4515 3343 4585 jam
3370 4528 3591 4574 venerat
3614 4519 3782 4577 Filius

2201 4596 2450 4663 hominis,
2480 4607 2531 4651 ut
2559 4597 2815 4667 iudicaret
2835 4602 3105 4669 saeculum,
3138 4605 3232 4660 sed
3264 4616 3585 4665 ubservaret
3610 4625 3782 4667 sacu-

2199 4688 2306 4743 lum
2333 4688 2524 4760 (Joan.
2548 4706 2624 4759 ιιι,
2650 4694 2715 4746 l7
2744 4693 2795 4763 ):
2825 4708 2944 4749 cum
2972 4711 3099 4766 ergo
3141 4696 3383 4766 dixisset,
3413 4700 3642 4757 Dimisso
3663 4712 3783 4758 sunt

2201 4780 2289 4833 tibi
2316 4792 2555 4849 peccata;
2583 4794 3076 4856 murmuratumque
3115 4798 3259 4844 esset
3307 4804 3338 4844 a
3389 4789 3593 4847 Judaris
3642 4794 3785 4849 indi-

2197 4870 2479 4939 gnantibus
2503 4873 2641 4942 quod
2674 4874 2748 4928 eis
2772 4882 2969 4930 tantam
3013 4886 3326 4947 potestatem
3373 4880 3472 4936 sibi
3502 4896 3783 4954 arrogasso

2198 4961 2509 5017 videretur:
2543 4964 2680 5030 Quid
2708 4975 2799 5033 est,
2845 4966 3033 5037 inquit,
3084 4968 3284 5037 facilius
3325 4970 3503 5035 dicere,
3556 4971 3784 5028 Dimisso

2198 5063 2314 5109 sunt
2343 5054 2429 5107 tibi
2453 5063 2658 5125 peccata
2679 5073 2699 5121 ;
2722 5073 2789 5109 an
2815 5056 2994 5121 dicere,
3030 5057 3195 5129 Surge
3218 5069 3263 5112 et
3283 5061 3483 5114 ambula
3501 5060 3527 5114 .’
3559 5060 3629 5116 Ut
3652 5064 3785 5117 scia-

2199 5145 2263 5199 tis
2278 5154 2439 5198 autem
2464 5145 2581 5215 quia
2611 5154 2900 5216 potestatem
2922 5148 3067 5214 habet
3090 5148 3255 5202 Filius
3289 5150 3503 5204 hominis
3533 5150 3786 5207 dimittere

2199 5247 2419 5308 peccata,
2454 5237 2612 5306 (dicit
2653 5236 2961 5309 paralytico)
2999 5238 3105 5292 Tibi
3136 5240 3268 5307 dico,
3292 5257 3458 5311 surge,
3503 5242 3630 5296 tolle
3663 5259 3785 5315 gra-

2198 5331 2365 5383 batum
2387 5338 2547 5393 tuum,
2578 5340 2625 5383 et
2650 5330 2773 5383 uade
2788 5330 2840 5383 in
2866 5330 3068 5383 domum
3084 5342 3228 5399 tuam
3256 5331 3274 5402 (
3299 5330 3464 5387 Marc.
3497 5347 3557 5398 ιι,
3577 5332 3707 5389 3-H
3734 5331 3784 5406 ).

2196 5420 2311 5487 Quo
2331 5421 2491 5489 facto,
2521 5430 2574 5477 ct
2598 5422 2786 5492 quibus
2804 5420 2959 5476 dictis
2986 5423 3114 5476 satis
3133 5422 3421 5477 declaravit
3451 5423 3574 5478 ideo
3604 5439 3667 5481 se
3693 5424 3783 5479 illa

2195 5511 2371 5567 facere
2410 5513 2462 5566 in
2501 5514 2829 5583 corporibus,
2864 5522 2921 5568 ut
2957 5514 3263 5569 crederetur
3300 5515 3503 5569 animas
3534 5524 3786 5587 peccatov

2194 5619 2312 5660 rum
2335 5603 2644 5658 dimissione
2662 5604 2901 5672 liberare,
2929 5605 2982 5659 id
3012 5615 3111 5671 est,
3142 5616 3199 5660 ut
3222 5607 3286 5662 de
3309 5614 3573 5676 potestate
3592 5607 3783 5665 visibili

2192 5704 2425 5769 potestas
2453 5695 2727 5752 invisibilis
2753 5710 3048 5754 mereretur
3076 5699 3251 5755 fidem.
3283 5700 3412 5767 Quia
3437 5715 3568 5770 ergo
3588 5702 3640 5755 in
3662 5700 3783 5772 Spi-

2199 5789 2303 5843 ritu
2333 5788 2429 5845 Dei
2456 5786 2679 5845 faciebat
2705 5790 2791 5844 illa
2820 5791 3016 5859 omnia,
3047 5791 3337 5865 utgratiam
3367 5806 3661 5873 pacemque
3684 5793 3775 5849 ho.
