4048 6480
269 430 414 488 2105

268 545 501 604 minibus
527 539 834 612 largiretur;
857 535 1077 606 gratiam
1097 535 1149 590 in
1171 535 1482 590 remissione
1499 541 1856 606 peccatorum,

266 654 456 711 pacem
486 637 540 691 in
588 631 1015 689 reconciliatione
1037 629 1130 684 Dei
1166 627 1260 700 (a),
1284 643 1313 682 a
1343 643 1444 698 quo
1470 637 1716 699 separant
1748 629 1860 683 sola

265 739 486 802 peccata
517 745 530 780 :
560 741 679 781 cum
700 724 956 779 dixissent
993 721 1162 776 Judaei
1186 719 1325 792 quod
1368 719 1421 774 in
1451 720 1744 775 Beelzebub
1765 720 1862 790 eji-

265 829 415 878 ceret
439 817 720 881 daemonia,
750 813 1170 870 misericorditer
1195 827 1287 866 eos
1329 811 1497 865 voluit
1551 812 1857 879 admonere,

269 928 340 970 ne
369 908 850 970 verbum.dicerent
871 914 926 960 et.
950 903 1331 974 blasphemiam
1358 903 1410 956 in
1448 901 1701 972 Spiritum
1734 917 1858 956 san-

271 999 667 1072 ctumUIatth.
709 1013 802 1062 xu,
842 996 1067 1064 22-35),
1125 994 1226 1048 hoc
1271 1001 1352 1047 est
1383 1033 1398 1057 ,
1434 1007 1500 1047 ne
1528 993 1710 1062 gratiae
1763 993 1860 1047 Dei

267 1095 495 1169 pacique
524 1092 863 1156 resisterent,
887 1104 1044 1159 quam
1079 1103 1172 1157 per
1198 1086 1452 1156 Spiritum
1483 1096 1723 1140 sanctum
1765 1087 1860 1142 do-

268 1202 397 1243 nare
450 1184 705 1240 Dominus
744 1189 980 1236 venerat.
1011 1179 1125 1234 Non
1156 1179 1278 1249 quia
1303 1179 1411 1247 jam
1461 1178 1560 1231 hoc
1598 1178 1854 1244 fecerant,

266 1277 410 1348 quod
429 1275 528 1330 sibi
561 1289 730 1344 neque
762 1273 814 1325 in
838 1271 939 1323 hoc
960 1270 1177 1334 smculo,
1204 1284 1376 1338 neque
1403 1268 1452 1320 in
1477 1267 1660 1321 futuro
1677 1267 1858 1321 dimit-

266 1374 501 1428 teretur;
535 1363 625 1419 scd
650 1377 714 1416 ne
741 1359 1071 1430 deSperando
1091 1358 1156 1413 de
1181 1359 1354 1421 venia,
1379 1365 1469 1411 aut
1495 1357 1642 1427 quasi
1671 1357 1737 1412 de
1762 1371 1856 1411 sua

263 1457 467 1529 justitia
495 1453 886 1526 praesumendo,
916 1450 1348 1521 etpoenitentiam
1372 1464 1477 1504 non
1505 1449 1726 1520 agendo,
1758 1456 1849 1502 aut

264 1548 661 1622 perseverando
705 1548 756 1600 in
810 1546 1064 1616 peccatis,
1095 1544 1198 1598 hoc
1246 1543 1479 1598 facerent
1513 1562 1525 1596 :
1560 1543 1658 1597 hoc
1700 1541 1857 1597 modo

267 1644 415 1698 enim
447 1642 686 1696 dicerent
724 1638 965 1702 verbum,
991 1638 1092 1691 hoc
1135 1645 1216 1690 est
1243 1636 1621 1705 blasphemiam
1653 1636 1705 1688 in
1734 1634 1855 1703 Spi-

265 1735 429 1790 ritum
475 1740 736 1799 sanctum,
793 1731 843 1784 in
876 1744 980 1799 quo
1032 1729 1288 1782 Dominus
1323 1729 1470 1797 signa
1517 1727 1604 1781 illa
1641 1736 1857 1796 propter

264 1824 595 1896 largiendum
617 1823 840 1893 gratiam
865 1835 1150 1891 pacemque
1172 1819 1414 1885 faciebat,
1444 1821 1486 1874 si
1511 1835 1855 1889 perseveran-

267 1917 340 1970 tia
372 1923 708 1986 pcccatorum
740 1913 837 1983 ipsi
864 1913 1046 1983 gratiae
1086 1912 1306 1980 pacique
1348 1911 1673 1965 resisterent.
1719 1911 1854 1966 Ver-

264 2007 392 2062 bum
420 2007 560 2061 enim
583 2005 780 2068 dicere,
810 2020 914 2058 non
938 2004 1005 2057 ita
1026 2003 1237 2058 videtur
1261 2002 1347 2056 hic
1373 2004 1619 2072 positum,
1644 2011 1702 2056 ut
1741 2011 1854 2057 tan-

263 2096 546 2152 tummodo
564 2096 688 2150 illud
713 2095 1030 2165 intelligatur
1051 2094 1191 2164 quod
1219 2109 1315 2163 per
1348 2094 1581 2164 linguam
1631 2093 1856 2147 fabrica-

264 2202 406 2255 mus,
437 2186 530 2241 sed
557 2186 697 2256 quod
731 2186 890 2240 corde
915 2188 1263 2253 conceptum,‘
1284 2186 1440 2238 etiam
1486 2201 1646 2255 Opere
1675 2187 1853 2253 expri-

263 2283 482 2338 mimus.
513 2280 661 2336 Sicut
695 2279 837 2333 enim
882 2295 987 2332 non
1031 2276 1350 2332 conﬁtentur
1383 2277 1573 2341 Deum,
1607 2276 1693 2344 qui
1735 2285 1854 2329 tan-

265 2383 378 2428 tum
409 2375 520 2427 oris
546 2387 676 2427 sono
701 2370 1041 2436 conﬁtentur,
1073 2384 1176 2422 non
1205 2371 1362 2422 etiam
1391 2368 1540 2420 bonis
1563 2368 1849 2437 operibus:

262 2479 386 2519 nam
413 2463 483 2518 de
505 2464 586 2518 Itis
615 2462 816 2516 dictum
837 2471 939 2523 est,
959 2459 1272 2526 Conﬁtentur
1288 2459 1418 2512 enim
1435 2475 1486 2511 se
1507 2474 1650 2512 nosse
1670 2459 1850 2522 Deum,

264 2557 414 2627 {actis
439 2566 604 2609 autem
637 2564 817 2624 negant
845 2553 984 2626 (Tit.
1035 2569 1070 2620 ι,
1103 2551 1228 2622 16).
1270 2552 1348 2606 Ex
1379 2567 1482 2622 quo
1521 2551 1855 2607 manifestum

263 2660 345 2704 est
365 2648 471 2702 diei
499 2647 690 2716 aliquid
713 2647 878 2710 factis,
911 2646 1046 2699 sicut
1072 2643 1409 2697 manifestum
1435 2653 1516 2696 est
1549 2645 1723 2709 negari
1755 2644 1855 2696 ali-

263 2740 388 2810 quid
420 2738 588 2792 factis.
632 2737 695 2791 Et
737 2737 872 2791 sicut
919 2735 1045 2789 illud
1073 2735 1210 2804 quod
1241 2735 1314 2788 ait
1359 2735 1659 2803 Apostolus,
1693 2734 1855 2788 Nemo

264 2835 408 2898 dicit,
437 2831 683 2885 Dominus
713 2828 880 2895 Jesus,
917 2830 1012 2883 nisi
1042 2829 1094 2881 in
1118 2828 1314 2898 Spiritu
1338 2836 1510 2881 sancto
1535 2825 1554 2898 (
1577 2827 1592 2881 l
1615 2824 1730 2881 Cor.
1758 2843 1848 2891 xu,

263 2926 300 2980 ὅ
326 2925 344 2995 )
368 2942 382 2989 ;
413 2940 518 2978 non
547 2931 719 2994 potest
745 2931 893 2976 recte
922 2921 1168 2990 intelligi,
1201 2921 1302 2974 nisi
1328 2921 1378 2972 in
1404 2920 1552 2974 factis
1581 2919 1756 2973 dicere
1775 2920 1856 2972 in-

266 3017 553 3086 telligatur.
575 3015 691 3069 Non
719 3015 860 3069 enim
890 3014 1062 3069 hocin
1091 3013 1291 3082 Spiritu
1321 3021 1503 3066 sancto
1542 3011 1720 3066 dicere
1753 3025 1852 3080 pu-

265 3107 411 3161 tandi
444 3117 586 3170 sunt,
611 3106 802 3176 quibus
831 3107 942 3174 ipse
963 3103 1218 3157 Dominus
1235 3102 1382 3168 dicit,
1415 3101 1601 3173 thuid
1619 3102 1738 3153 mihi
1769 3101 1846 3154 di-

277 3198 412 3262 citis,
449 3195 679 3260 Domine,
728 3194 963 3258 Domine,
1016 3202 1063 3246 et
1101 3209 1200 3246 non
1249 3192 1413 3262 facitis
1441 3207 1550 3262 qua:
1579 3191 1690 3264 diro
1720 3190 1853 3244 vobis

331 3309 403 3371 (α)
433 3315 672 3359 lttetract.
709 3319 812 3371 cap.
838 3307 913 3356 25.

291 3420 682 3454 =___.-_*_
699 3413 1386 3426 ,_______________-__

1479 3415 1682 3426 W—

1054 418 1267 476 EPIST.
1307 419 1398 475 AD
1427 419 1606 488 GAL.,
1638 421 1694 476 S.
1726 421 1886 479 AUG.
1927 421 2390 481 EXPOSITIONIS
2427 421 2630 480 LIBER
2671 423 2862 481 UNUS.

3386 430 3531 489 2106

1972 538 1992 610 (
2021 537 2143 593 Luc.
2175 557 2247 607 vt,
2278 541 2420 611 46)?
2448 549 2500 595 ct
2551 539 2701 604 illud,
2737 539 2858 593 Non
2888 539 3047 595 omnis
3088 539 3173 607 qui
3223 533 3361 598 mihi
3387 544 3529 615 dicit,

1967 630 2199 699 Domine,
2226 633 2458 698 Domine,
2503 634 2706 687 intrabit
2732 633 2783 687 in
2812 651 3015 704 regnum
3039 635 3274 688 caelorum
3307 637 3326 708 (
3353 637 3538 694 Matth.

1965 739 2058 787 vn,
2086 725 2147 778 21
2178 725 2220 794 ).
2251 725 2338 780 Sic
2360 726 2518 779 etiam
2547 726 2633 795 qui
2661 726 2759 779 hoc
2795 726 3035 790 verbum,
3067 726 3207 782 quod
3248 728 3363 782 sine
3388 729 3542 785 venia

1965 817 2078 871 vult
2101 817 2312 886 intelligi
2344 817 2616 882 Dominus,
2638 818 2688 872 in
2725 817 2976 887 Spiritum
3003 815 3415 883 sanctum-dicit,
3441 820 3542 875 hoc

1965 919 2066 975 est,
2091 910 2179 980 qui
2209 909 2492 978 desperans
2517 911 2582 965 de
2626 911 2790 981 gratia
2821 921 2872 965 et
2901 926 3032 982 pace
3069 927 3226 981 quam
3267 913 3448 979 donat,
3481 913 3535 968 in

1966 999 2195 1070 peccatis
2218 1002 2325 1054 suis
2353 1002 2797 1069 perseverandum
2817 1002 2916 1056 sibi
2942 1017 3060 1058 esse
3081 1002 3228 1069 dicit,
3253 1003 3432 1059 dicere
3449 1007 3532 1059 in-

1965 1091 2274 1160 telligendus
2295 1101 2375 1145 est
2400 1093 2549 1144 factis
2577 1111 2589 1146 :
2617 1103 2672 1146 ut
2698 1093 2959 1162 quomodo
2977 1094 3046 1146 illi
3064 1092 3217 1149 factis
3251 1095 3535 1150 Dominum

1964 1194 2176 1254 negant,
2201 1185 2275 1238 sic
2299 1185 2382 1238 isti
2411 1183 2560 1238 factis
2589 1184 2767 1238 dicant
2786 1199 2844 1239 se
2873 1185 2924 1238 in
2946 1185 3081 1239 mala
3109 1186 3211 1239 vita
3230 1201 3324 1240 sua
3346 1193 3402 1241 et
3421 1202 3538 1256 per-

1964 1277 2087 1330 ditis
2109 1276 2342 1331 moribus
2372 1285 2822 1346 perseveraturos,
2847 1285 2900 1330 et
2953 1276 3021 1330 ita
3067 1275 3279 1341 faciant,
3328 1277 3428 1331 hoc
3453 1285 3538 1332 est

1963 1378 2321 1439 perseverent.
2367 1367 2516 1434 Quod
2571 1368 2613 1421 si
2641 1367 2857 1433 faciunt,
2885 1368 3002 1437 quis
3039 1367 3147 1437 jam
3170 1369 3410 1434 miretur,
3443 1376 3538 1423 aut

1964 1464 2080 1530 quis
2099 1475 2204 1514 non
2230 1459 2503 1530 intelligat,
2545 1467 2598 1513 et
2626 1458 2907 1513 Dominum
2933 1456 3112 1512 .lesum
3141 1458 3409 1513 Christum
3441 1472 3537 1527 per

1963 1552 2105 1605 illam
2135 1551 2597 1606 comminationem
2648 1550 2713 1604 ad
2770 1549 3133 1619 paenitentiam
3191 1563 3406 1604 vocasse
3434 1549 3533 1603 Ju-

1963 1645 2128 1712 dacos,
2157 1646 2369 1699 uteisin
2391 1659 2448 1699 se
2463 1643 2798 1698 credentibus
2811 1644 3032 1712 gratiam
3061 1656 3348 1712 pacemque
3368 1641 3538 1695 dona-

1962 1746 2044 1792 ret
2069 1753 2082 1802 ;
2109 1744 2162 1790 et
2182 1735 2302 1790 huic
2328 1735 2508 1805 gratire
2531 1735 2752 1805 pacique
2790 1733 3178 1797 resistentibus,
3211 1733 3386 1786 ethoc
3412 1745 3536 1785 mo-

1961 1829 2030 1884 do
2058 1829 2276 1883 verbum
2319 1837 2476 1898 atque
2505 1825 2884 1896 blasphemiam
2935 1826 2989 1878 in
3017 1824 3268 1894 Spiritum
3299 1830 3539 1876 sanctum

1961 1922 2273 1986 dicentibus,
2307 1921 2410 1976 hoc
2451 1929 2552 1988 est,
2603 1921 2657 1974 in
2690 1919 2920 1989 peccatis
2945 1917 3056 1970 suis
3083 1917 3361 1986 desperata
3387 1921 3540 1984 atque

1962 2016 2121 2085 impia
2148 2015 2340 2070 mentis
2364 2014 2714 2069 obstinatione
2743 2009 3222 2082 perseverantibus,
3263 2016 3316 2062 et
3340 2007 3532 2063 adver-

1961 2123 2050 2163 sus
2072 2108 2237 2163 Deum
2264 2107 2378 2162 sine
2402 2106 2695 2160 humilitate
2717 2103 3060 2159 confessionis
3090 2111 3246 2172 atque
3277 2100 3541 2170 pmniten-

1962 2199 2048 2252 tiae
2099 2198 2548 2267 superbientibus,
2596 2213 2765 2266 neque
2809 2196 2861 2248 in
2892 2195 2993 2249 hoc
3031 2194 3244 2258 saeculo,
3275 2207 3446 2263 neque
3486 2192 3539 2246 in

1927 2331 1938 2341 .
1961 2291 2138 2345 futuro
2166 2290 2370 2344 veniam
2386 2304 2540 2358 posse
2564 2287 2825 2342 concedi?
2854 2285 2981 2351 Qua:
3002 2285 3045 2338 si
3076 2285 3149 2338 ita
3176 2292 3323 2349 sunt,
3343 2297 3538 2354 oppor-

1962 2377 2185 2430 tunitate
2230 2372 2485 2428 tractandi
2512 2371 2578 2426 de
2601 2371 2769 2440 gratia
2799 2379 2854 2423 et
2880 2383 3026 2438 pace,
3053 2383 3170 2437 quae
3213 2366 3367 2420 nobis
3403 2375 3484 2421 est
3509 2381 3542 2420 a

1964 2469 2074 2524 Deo
2105 2468 2258 2520 Patre
2279 2474 2333 2520 et
2361 2464 2587 2518 Domino
2621 2470 2802 2515 nostro
2821 2459 2965 2515 Jesu‘
2995 2457 3228 2522 Christo,
3278 2469 3464 2526 magna
3490 2462 3544 2510 et

1963 2558 2269 2614 difﬁcillima
2292 2555 2479 2610 eodem
2503 2554 2616 2622 ipso
2643 2551 2866 2606 Domino
2885 2549 3141 2618 largiente
3183 2545 3406 2615 qumstio
3441 2543 3524 2597 dis

1963 2653 2135 2706 soluta
2161 2659 2260 2704 est.
2283 2649 2530 2717 Quisquis
2551 2655 2723 2700 autem
2759 2643 2932 2697 adhuc
2959 2642 3028 2696 de
3053 2657 3110 2694 re
3144 2648 3287 2693 tanta
3316 2636 3542 2706 diligen-

1964 2744 2152 2797 tiorem
2195 2738 2668 2795 considerationem
2721 2734 3190 2799 tractationemque
3240 2726 3538 2789 desiderat,

1963 2835 2013 2888 in
2040 2831 2307 2901 Evangelii
2333 2827 2643 2882 tractatione
2667 2834 2824 2894 atque
2869 2823 2924 2876 in
2952 2819 3129 2875 verbis
3175 2816 3539 2886 Evangelista-

1962 2939 2079 2978 rum
2121 2923 2218 2977 sibi
2245 2917 2594 2975 desideranda
2647 2930 2765 2970 esse
2805 2918 3126 2982 cognoscat:
3159 2916 3213 2961 et
3238 2905 3540 2960 meminerit

1961 3029 2060 3069 nos
2089 3027 2227 3066 nunc
2243 3010 2533 3080 Epistolam
2555 3007 2700 3061 Pauli
2722 3002 2944 3074 apostoli
2970 2999 3033 3054 ad
3064 2999 3330 3052 Romanos
3353 3008 3537 3049 susce-

1962 3108 2103 3176 pisse
2133 3103 2479 3168 tractandam,
2500 3101 2650 3169 cujus
2679 3096 2932 3167 Epistoltn
2961 3101 3162 3147 textum
3197 3100 3531 3156 consequen-

1963 3207 2066 3252 tem
2087 3197 2138 3250 in
2168 3195 2284 3248 aliis
2309 3191 2685 3253 voluminibus,
2730 3189 2772 3242 si
2802 3186 3062 3241 Dominus
3104 3181 3350 3245 voluerit,
3379 3177 3538 3232 vcsti—

1959 3290 2216 3361 gabimus,
2236 3296 2292 3341 ut
2313 3285 2466 3355 hujus
2484 3285 2593 3354 jam
2620 3280 2829 3336 tandem
2855 3278 2953 3331 iste
2978 3276 3045 3329 sit
3074 3271 3281 3328 modus.

3087 3430 3270 3438 _-_——o-

2495 3443 2630 3448 _._____
2655 3434 2715 3447 “σ‹-““
2759 3434 2794 3444 ⁷..
2911 3437 2922 3442 -
2939 3434 3010 3442 ..αα

2293 3445 2488 3452 ,.,..---

354 3519 442 3576 De
465 3517 850 3596 subsequenti
899 3533 1096 3595 opere,
1128 3514 1266 3575 vide
1294 3514 1398 3576 lib.
1435 3515 1492 3585 1,
1533 3531 1663 3591 cap.
1693 3511 1794 3583 2’4,
1849 3508 2416 3576 Retractationum,
2453 3522 2492 3562 α
2541 3501 2658 3562 col.
2693 3497 2812 3557 622
2844 3542 2861 3572 ,
2911 3491 3132 3558 verbis,
3170 3492 3320 3551 Post
3369 3487 3543 3548 hunc

269 3617 510 3676 librum
550 3616 844 3693 exposui,
891 3633 1079 3694 usque
1109 3615 1188 3674 ad
1220 3615 1337 3674 col.
1384 3612 1523 3684 6‘23,
1559 3610 1783 3677 verbis,
1816 3608 2079 3685 Scripsit
2103 3603 2470 3683 Apostolus.
2714 3597 2801 3656 M.

867 3901 1010 4010 Β.
1037 3993 1050 4001 .
1076 3896 1843 4010 AUREIJI
1905 3883 2915 4004 AUGUSTI!!!

1266 4114 2019 4203 HIPPONENSIS
2071 4106 2599 4196 EPISCOPI

238 4195 267 4314 ³
402 4195 2131 4464 ΕΡΙΞΤΟΞΕᾸΙ)
2316 4274 3420 4446 GALATAS

1055 4551 1902 4740 @xpositionis
1955 4550 2266 4689 liber
2301 4532 2758 4689 unus“).
2813 4648 2816 4652 -

1607 4772 1661 4824 ιθ(
1673 4767 2082 4822 οθὲεςῠτθθεειε
2095 4767 2242 4817 ἓο-ξϐ)

927 4869 1221 4914 PREFATIO.

348 4965 402 5018 1.
443 4961 613 5016 Causa
645 4963 859 5028 propter
883 4967 1038 5024 quam
1070 4947 1253 5004 scribit
1288 4943 1572 5014 Apostolus
1598 4941 1664 4995 ad
1694 4939 1855 4996 Gala-

273 5063 358 5110 tas
383 5094 399 5118 ,
440 5051 555 5104 hare
601 5057 717 5113 est,
750 5055 805 5100 ut
833 5043 1130 5111 intelligant
1165 5037 1387 5108 gratiam
1435 5033 1528 5088 Dei
1584 5031 1636 5085 id
1679 5045 1858 5084 secum

275 5158 459 5214 agere,
490 5149 548 5194 ut
591 5139 691 5193 sub
721 5138 858 5205 Lege
883 5135 993 5204 jam
1034 5147 1138 5185 non
1168 5129 1291 5183 sint.
1320 5125 1451 5180 Cum
1483 5123 1620 5178 enim
1661 5120 1856 5190 praedi-

269 5213 392 5292 cata
425 5235 502 5290 eis
529 5242 670 5288 esset
696 5227 966 5298 Evangelii
993 5225 1179 5296 gratia,
1211 5237 1316 5276 non
1344 5217 1624 5273 defuerunt
1649 5213 1860 5284 quidam

269 5349 338 5387 ex
389 5325 819 5388 circumcisione,
853 5321 1092 5392 quamvis
1133 5312 1417 5371 Christiani
1460 5310 1693 5370 nomine,
1730 5321 1862 5361 non-

271 5425 404 5480 dum
452 5431 632 5475 tamen
681 5424 922 5471 tenentes
967 5414 1136 5483 ipsum
1191 5407 1374 5478 gratiae
1421 5402 1756 5466 beneﬁcium,
1809 5409 1863 5455 et

1967 4865 2139 4919 adhuc
2166 4865 2404 4918 volentes
2444 4875 2562 4915 esse
2587 4860 2684 4915 sub
2722 4859 2972 4914 oneribus
3000 4855 3174 4925 Legis.
3207 4867 3323 4923 quas
3357 4851 3544 4925 Domi:-

1968 4952 2067 4990 nus
2097 4937 2233 4989 Deus
2272 4934 2618 5002 imposuerat,
2664 4947 2770 4985 non
2794 4929 3012 4999 justitia:
3042 4921 3416 4988 servientibus,
3448 4921 3542 5001 sed

1966 5035 2206 5096 peccato,
2249 5023 2444 5092 justam
2485 5022 2686 5076 scilicet
2736 5021 2930 5089 Legem
2984 5015 3196 5086 injustis
3241 5013 3543 5068 hominibus

1965 5117 2140 5173 dando
2187 5115 2252 5170 ad
2298 5111 2707 5168 demonstranda
2746 5118 2958 5180 peccata
3001 5122 3208 5171 eorum,
3251 5120 3354 5158 non
3400 5101 3545 5156 aufe—

1965 5209 2128 5265 renda
2156 5227 2168 5262 :
2197 5223 2302 5261 non
2332 5207 2473 5261 enim
2499 5204 2667 5259 aufert
2690 5212 2902 5273 peccata
2925 5200 3030 5254 nisi
3059 5197 3226 5269 gratia
3255 5195 3394 5260 ﬁdei,
3424 5210 3543 5264 qua:

1967 5318 2062 5371 per
2107 5301 2443 5355 dilectionem
2488 5305 2734 5368 operatur
2763 5313 2777 5348 :
2808 5294 2907 5347 sub
2933 5293 3032 5346 hac
3079 5305 3204 5361 ergo
3242 5288 3408 5359 gratia
3430 5287 3540 5356 jam

1967 5393 2178 5450 Galatas
2204 5393 2536 5455 constitutos,
2566 5389 2641 5444 illi
2667 5386 2914 5441 volebant
2935 5383 3262 5439 constituere
3293 5380 3389 5436 sub
3409 5394 3542 5434 one-

1514 5527 1772 5568 ADMONITIO
1803 5530 1875 5562 PP.
1909 5521 2329 5561 Βεηυιεπκοῐιωί.

341 5641 612 5701 Castigatus
633 5644 709 5687 est
727 5636 824 5701 (hic
845 5632 992 5701 liber)
1014 5630 1072 5681 ad
1096 5629 1296 5701 eosdem
1317 5626 1507 5676 codices
1528 5635 1636 5672 cum
1659 5619 1963 5682 Expositione
1982 5614 2200 5677 Epistolas
2223 5612 2283 5662 ad
2300 5621 2555 5661 Romanos:
2578 5614 2918 5673 pmtereaque
2941 5605 2998 5655 ad
3022 5604 3227 5654 alterum
3250 5605 3550 5663 Tbuaneum,

279 5704 341 5754 ad
369 5693 698 5761 Alhi'ncnsem,
727 5693 1053 5748 Michaeliuum
1075 5702 1126 5742 et
1146 5693 1469 5753 Sergiensem.

469 5724 1639 5842 5331;};i‘Siiiiiiﬁﬁiié'téié’Jia?anes
1675 5744 1973 5806 editiones
2002 5740 2188 5802 initio
2218 5739 2389 5800 Retr.
2412 5743 2470 5799 et
2489 5733 2773 5797 Confess.
2817 5739 2862 5792 t.
2896 5733 2956 5808 1,
2986 5735 3366 5792 memoratas.
3431 5724 3520 5786 M.

255 5874 272 5884 “
347 5865 421 5929 (a)
444 5831 659 5928 Scriptus
679 5863 870 5914 circiter
891 5831 1061 5910 Christi
1077 5868 1254 5908 annum
1275 5853 1394 5906 394:
1416 5851 1601 5903 scilicet
1622 5849 1882 5913 Augustino
1904 5843 2057 5896 adhuc
2079 5841 2384 5906 presbytero,
2409 5852 2470 5888 ex
2492 5837 2576 5887 lib.
2606 5837 2626 5887 1
2655 5842 2880 5898 netraet.,
2911 5849 3049 5899 capp.
3069 5834 3130 5884 23
3161 5839 3214 5885 et
3229 5831 3306 5882 24.
