4048 6478
2001 245 2016 276 \

477 376 618 434 2107

473 491 624 548 ribus
663 489 840 562 Legis,
867 493 1234 546 asseverantes
1261 483 1394 542 nihil
1419 484 1498 542 eis
1537 481 1792 554 prodesse
1819 480 2057 550 Evange-

473 584 626 653 lium,
657 584 762 640 nisi
803 581 1330 646 circumciderentur,
1361 586 1416 634 et
1450 583 1672 632 caeteras
1697 573 1938 630 carnales
1963 572 2053 628 Ju-

473 677 614 734 daiei
657 678 791 736 ritus
828 674 1230 732 observationes
1273 670 1534 726 subirent.
1577 669 1640 722 Et
1683 667 1804 724 ideo
1834 667 2054 722 Paulum

471 769 771 838 apostolum
815 773 1118 836 suspectum
1163 762 1360 818 habere
1397 767 1689 830 coeperant,
1733 773 1764 814 a
1807 773 1912 826 quo
1949 756 2054 812 illis

472 859 816 926 Evangelium
849 857 1190 928 praedicatum
1217 863 1350 919 erat,
1381 862 1630 924 tanquam
1654 867 1760 906 non
1783 859 2052 907 tenentem

469 951 802 1022 disciplinam
840 959 1154 1006 caeterorum
1181 947 1580 1018 Apostolorum,
1616 946 1708 1018 qui
1734 944 1931 1002 Gentes
1957 959 2050 1000 co-

467 1044 664 1115 gebant
701 1041 991 1112 judaizare.
1045 1042 1294 1097 Cesserat
1341 1041 1482 1094 enim
1539 1039 1722 1094 talium
1777 1037 2054 1092 hominum

467 1135 734 1190 scandalis
755 1135 1026 1204 apostolus
1053 1133 1262 1200 Petrus,
1293 1139 1348 1188 et
1369 1133 1422 1188 in
1448 1131 1837 1186 simulationem
1863 1128 2052 1184 ductus
2083 1139 2087 1142 ‘

466 1233 600 1290 erat,
643 1231 892 1294 tanquam
935 1233 990 1280 et
1035 1225 1148 1295 ipse
1195 1224 1297 1279 hoc
1334 1223 1580 1290 sentiret,
1619 1222 1750 1276 nihil
1795 1222 2051 1291 prodesse

469 1314 726 1372 Gentibus
763 1317 1128 1387 Evangelium,
1161 1317 1261 1371 nisi
1291 1331 1454 1371 onera
1481 1315 1635 1388 Legis
1667 1316 1948 1386 implerent
1977 1334 1989 1370 :
2019 1331 2050 1370 a

465 1421 569 1476 qua
599 1408 938 1464 simulatione
973 1409 1112 1464 idem
1137 1409 1409 1480 apostolus
1434 1409 1628 1464 Paulus
1663 1425 1784 1464 eum
1811 1417 2044 1474 revocat,

463 1501 599 1556 sicut
633 1503 684 1557 in
717 1503 818 1560 hac
847 1505 958 1575 ipsa
999 1505 1234 1575 Epistula
1263 1504 1418 1560 docet
1457 1501 1650 1573 (Galat.
1677 1519 1736 1570 ιι,
1763 1499 1876 1574 it).
1904 1502 2050 1558 Talis

463 1595 677 1664 quidem
719 1598 942 1666 quaestio
966 1607 1048 1654 est
1077 1607 1132 1654 et
1165 1597 1218 1652 in
1257 1597 1494 1668 Epistola
1521 1595 1588 1650 ad
1615 1597 1882 1652 Romanos
1912 1613 1924 1647 :
1959 1610 2048 1649 ve-

464 1697 764 1746 rumtamen
801 1690 1010 1746 videtur
1057 1689 1254 1760 aliquid
1297 1691 1574 1756 interesse,
1619 1687 1761 1759 quod
1803 1687 1872 1743 ibi
1915 1701 2046 1743 con-

463 1781 754 1837 tentionem
781 1783 950 1852 ipsam
981 1783 1198 1850 dirimit,
1229 1783 1482 1852 [itemque
1509 1782 1800 1850 componit,
1825 1797 1944 1852 quae
1967 1781 2048 1834 iu-

463 1877 550 1926 ter
577 1887 670 1927 eos
699 1874 786 1942 qui
829 1889 895 1928 ex
923 1873 1138 1939 ludat-is,
1169 1882 1222 1926 et
1249 1887 1341 1927 eos
1369 1873 1456 1942 qui
1488 1887 1549 1928 ex
1579 1871 1836 1926 Gentibus
1869 1870 2045 1926 credi-

462 1963 672 2032 derant,
696 1976 810 2022 orta
843 1974 977 2028 erat,
1001 1981 1120 2020 cum
1143 1965 1216 2018 illi
1246 1973 1494 2034 tanquam
1517 1979 1584 2018 ex
1605 1963 1806 2017 meritis
1827 1977 2048 2032 operum

465 2057 620 2128 Legis
659 2059 760 2113 sibi
799 2057 1064 2114 redditum
1095 2055 1368 2126 Evangelii
1399 2055 1674 2125 praemium
1721 2054 2048 2108 arbitraren-

463 2156 568 2214 tur,
601 2149 742 2218 quod
771 2149 1044 2219 praemium
1077 2147 1458 2202 incircumcisis
1490 2156 1738 2216 tanquam
1767 2145 2048 2200 immeritis

463 2241 718 2296 uolebant
753 2241 900 2307 dari;
939 2241 1012 2295 illi
1051 2247 1236 2294 contra
1266 2237 1465 2292 Juda-is
1508 2252 1565 2292 se
1595 2237 1844 2307 praeferre
1885 2237 2049 2308 gesti-
2081 2309 2090 2316 .

460 2341 604 2397 rent,
651 2341 900 2402 tanquam
945 2330 1376 2386 interfectoribus
1417 2329 1626 2384 Domini
1651 2346 1664 2380 :
1694 2329 1746 2383 in
1793 2329 1893 2384 hac
1921 2343 2048 2382 vero

469 2425 702 2494 Epistula
729 2426 794 2478 ad
821 2439 914 2478 eos
935 2424 1138 2486 scribit,
1161 2423 1249 2491 qui
1275 2422 1382 2490 jam
1405 2421 1654 2475 commoti
1687 2427 1840 2475 erant
1861 2429 2046 2474 aucto-

463 2518 618 2572 ritate
649 2517 858 2571 illorum
890 2517 981 2586 qui
1011 2532 1076 2570 ex
1102 2515 1300 2570 Judmis
1329 2524 1500 2576 erant,
1531 2523 1585 2568 et
1621 2513 1688 2566 ad
1713 2513 2046 2568 observatio-

462 2621 560 2661 nes
589 2607 746 2676 l.egis
775 2607 1062 2676 cogebant;
1095 2614 1366 2675 asperant
1389 2605 1532 2658 enim
1561 2605 1638 2658 eis
1663 2604 1901 2668 credere,
1925 2613 2046 2658 tan-

459 2711 616 2767 quam
657 2697 852 2752 Paulus
893 2697 1164 2765 apostolus
1203 2710 1306 2750 non
1349 2711 1472 2750 vera
1503 2695 1864 2764 praedicasset,
1903 2695 2048 2766 quod

457 2803 551 2842 eos
593 2787 900 2842 circumcidi
945 2787 1222 2844 noluisset.
1265 2787 1334 2840 Et
1375 2787 1494 2840 ideo
1540 2785 1616 2840 sic
1655 2785 2048 2856 cmpit:Miror

457 2881 591 2951 quod
615 2881 686 2936 sic
712 2890 814 2934 tam
850 2881 947 2934 cito
978 2880 1343 2950 lransfcrimini
1367 2881 1428 2933 ab
1457 2895 1534 2943 eo,
1565 2880 1650 2951 qui
1672 2896 1756 2934 vos
1779 2881 1964 2934 vocavit
1993 2879 2047 2934 in

456 2975 671 3045 gloriam
697 2971 905 3040 Christi,
947 2975 1000 3025 in
1025 2971 1167 3025 aliud
1197 2971 1546 3040 Evangelium.
1591 2969 1702 3024 lloc
1729 2985 1856 3039 ergo
1885 2985 2046 3024 exor-

457 3066 547 3122 dio
569 3077 742 3120 causae
769 3064 1120 3135 quaestionem
1151 3063 1384 3117 breviter
1407 3062 1708 3116 insinuavit.
1732 3062 2044 3133 Quanquam

457 3167 512 3214 et
531 3161 640 3229 ipsa
663 3157 1001 3220 salutatione,
1025 3171 1146 3210 cum
1167 3155 1296 3210 dicit
1317 3170 1374 3208 se
1395 3154 1713 3221 apostolum,
1746 3171 1844 3208 non
1863 3156 1924 3208 ab
1949 3155 2046 3209 ho-

456 3251 692 3318 minibus,
743 3265 901 3321 neque
946 3265 1034 3320 per
1081 3249 1332 3302 hominem
1379 3246 1488 3318 (Id.
1525 3263 1561 3313 ι,
1593 3247 1648 3313 6,
1691 3249 1766 3318 1),
1811 3249 1950 3318 quod
1991 3249 2047 3304 in

459 3346 604 3400 nulla
637 3345 738 3398 alia
763 3344 989 3413 epistola
1017 3342 1218 3397 dixisse
1245 3342 1530 3406 invenitur,
1553 3342 1684 3396 satis
1710 3343 1962 3410 ostendit,
1991 3352 2045 3398 et

457 3440 580 3494 illos
605 3437 693 3508 qui
725 3437 846 3492 talia
881 3435 1291 3506 per-suadebant,
1327 3449 1430 3488 non
1473 3449 1590 3488 esse
1617 3449 1646 3488 a
1679 3434 1810 3502 Deo,
1850 3435 1944 3490 sed
1977 3436 2044 3490 ab

455 3530 792 3594 hominibus;
821 3537 874 3584 et
903 3529 1110 3582 caeteris
1145 3525 1433 3596 Apostolis,
1466 3537 1722 3596 quantum
1764 3527 1828 3581 ad
1856 3537 2047 3583 aucto-

453 3623 664 3678 ritatem
711 3620 996 3676 testimonii
1047 3619 1338 3689 evangelici
1383 3621 1633 3688 pertinet,
1687 3619 1944 3689 imparem
1986 3635 2044 3675 se

453 3713 640 3770 haberi
669 3729 774 3768 non
803 3719 1049 3783 oportere
1077 3723 1096 3766 2
1123 3711 1554 3782 quandoquidem
1583 3727 1688 3766 non
1721 3713 1786 3766 ab
1809 3713 2042 3767 homini-

453 3811 574 3878 bus,
605 3822 776 3877 neque
803 3821 898 3876 per
925 3805 1220 3871 hominem,
1245 3806 1340 3860 sed
1369 3821 1466 3875 per
1491 3805 1674 3860 Jesum
1701 3804 1967 3860 Christum
1991 3814 2045 3861 et

453 3905 622 3960 Deum
651 3903 862 3956 Patrem
885 3915 942 3954 se
967 3899 1266 3968 apostolum
1289 3899 1518 3954 noverit.
1547 3897 1766 3970 Singula
1789 3899 1946 3968 igitur
1975 3897 2043 3952 ab

452 3995 570 4063 ipso
601 3991 856 4062 Epistolae
883 3989 1167 4055 vestibulo,
1203 3991 1544 4059 permittente
1584 3990 1810 4044 Domino
1853 3999 1907 4044 et
1948 3990 2042 4044 ad-

451 4085 666 4158 iuvante
709 4083 943 4138 studium
989 4091 1250 4150 nostrum,
1296 4083 1375 4138 sic
1414 4081 1802 4138 consideranda
1846 4090 1900 4137 et
1931 4091 2039 4138 tra-

451 4177 642 4232 ctanda
663 4176 1012 4245 suscepimus.

523 4266 576 4320 2.
595 4261 824 4338 [Cum
857 4281 969 4334 cap.
999 4281 1036 4329 ι,
1057 4265 1091 4335 γ
1127 4265 1162 4336 y
1188 4302 1202 4317 .
1232 4265 1283 4332 1,
1309 4263 1393 4335 2.]
1421 4261 1618 4318 Paulus
1649 4265 1908 4335 apostolus
1937 4281 2040 4320 non

453 4359 518 4412 ab
545 4357 860 4420 hominibus,
889 4371 1147 4428 nequepcr
1181 4355 1556 4421 hontiuetttﬁed
1585 4373 1673 4427 per
1691 4356 1866 4410 Jcsum
1891 4355 2042 4410 Chri-

453 4459 606 4516 stum,
635 4458 683 4503 et
709 4447 872 4504 Deum
897 4447 1125 4514 Patrem,
1161 4448 1247 4518 qui
1275 4448 1528 4501 suscitavit
1561 4447 1704 4500 illuni
1734 4463 1765 4500 a
1794 4449 2040 4510 mortuis;

452 4551 500 4596 et
527 4543 612 4611 qui
639 4557 828 4595 mecum
847 4549 960 4594 sunt
984 4555 1152 4593 omnes
1181 4543 1382 4610 fratres,
1403 4536 1646 4592 Ecclesiis
1673 4535 1911 4591 Galatiae.
1935 4537 2039 4602 Qui

451 4635 520 4690 ab
547 4634 850 4690 hominibus
873 4633 1115 4697 mittitur,
1143 4613 1367 4686 mendax
1395 4639 1503 4697 est;
1533 4631 1621 4700 qui
1645 4643 1739 4700 per
1761 4629 2037 4684 hominem

451 4736 698 4802 mittitur,
733 4741 906 4804 potest
928 4745 1048 4786 esse
1071 4744 1260 4792 verax,
1282 4729 1404 4798 quia
1431 4735 1486 4782 et
1516 4727 1656 4780 Deus
1677 4740 1840 4780 verax
1867 4733 2042 4793 potest

451 4841 550 4896 per
580 4826 850 4880 hominem
873 4823 1088 4878 mittere
1115 4837 1128 4874 :
1159 4820 1248 4890 qui
1269 4833 1396 4889 ergo
1429 4831 1598 4886 neque
1619 4817 1686 4871 ab
1713 4814 2036 4879 hominibus,

451 4931 625 4988 neque
653 4931 750 4987 per
769 4915 1066 4980 "hominem,
1107 4911 1201 4968 sed
1229 4925 1326 4982 per
1351 4911 1522 4966 Deum
1559 4909 1806 4974 mittitur,
1851 4907 1918 4962 ab
1949 4906 2040 4960 illo

451 5025 617 5066 verax
645 5019 749 5076 est,
769 5009 858 5080 qui
885 5009 1048 5064 etiam
1081 5023 1174 5078 per
1193 5005 1464 5060 hominem
1495 5004 1692 5058 missos
1719 5017 1936 5057 veraces
1967 5001 2042 5054 la-

452 5101 546 5156 cit.
575 5101 789 5156 Priores
819 5115 946 5171 ergo
971 5099 1212 5170 Apostoli
1239 5109 1481 5162 veraces,
1511 5096 1600 5167 qui
1633 5109 1740 5149 non
1771 5095 1837 5149 ab
1865 5093 2038 5147 homi-

451 5193 629 5260 nibus,
655 5193 746 5248 sed
774 5207 803 5246 a
835 5193 945 5247 Deo
975 5207 1072 5262 per
1093 5191 1362 5245 hominem
1387 5189 1536 5244 missi
1563 5197 1704 5252 sunt,
1727 5201 1824 5256 per
1849 5185 2030 5241 Jesum

451 5285 722 5341 Christum
759 5287 960 5342 scilicet
991 5285 1165 5340 adhuc
1201 5283 1500 5338 mortalem.
1537 5281 1710 5336 Verax
1751 5279 1910 5334 etiam
1947 5291 2042 5330 no-

451 5377 702 5434 vissimus
741 5379 1052 5450 Apostolus,
1087 5377 1174 5450 qui
1203 5391 1297 5446 per
1336 5375 1520 5430 Jesum
1559 5371 1830 5428 Christum
1871 5375 2038 5423 totum

449 5471 560 5544 jam
597 5472 764 5528 Deum
799 5480 920 5542 post
962 5467 1405 5527 resurrectionem
1447 5466 1564 5534 ejus
1599 5464 1793 5518 missus
1832 5466 1912 5516 cst
1935 5459 2032 5530 (α).

453 5567 670 5626 Priores
693 5575 818 5623 sunt
847 5567 1028 5622 caeteri
1065 5563 1307 5635 Apostoli
1353 5577 1447 5633 per
1473 5559 1738 5615 Christum
1770 5554 1944 5609 adhuc
1973 5568 2040 5608 ex

453 5669 607 5730 parte
657 5659 944 5724 hominem,
1005 5658 1060 5713 id
1103 5666 1186 5712 est
1239 5649 1908 5712 mortalemznovissimus
1960 5652 2042 5700 est

443 5881 450 5910 l
519 5855 592 5912 la)
615 5861 632 5906 ι
654 5863 857 5908 hetract.
877 5869 981 5912 cap.
1019 5855 1097 5914 24,
1123 5869 1174 5907 n.
1202 5857 1246 5907 1.
1289 5925 1294 5932 _

1421 361 1774 424 EPISTOLAE
1811 361 1904 416 AD
1941 357 2282 428 GALATAS,
2321 359 2380 416 S.
2418 359 2788 418 AUGUSTINI

3587 365 3753 424 2108

2163 475 2358 532 Paulus
2384 478 2674 548 apostolus,
2705 494 2800 550 per
2821 477 3086 536 Christum
3111 480 3220 551 jam
3247 489 3416 538 totum
3453 483 3645 550 Deum,
3689 483 3751 539 id

2160 578 2262 636 est,
2301 570 2444 624 omni
2473 585 2538 626 ex
2579 583 2727 640 parte
2757 571 3126 629 immortalem.
3169 574 3250 630 Sit
3293 591 3420 648 ergo
3451 577 3752 633 testimonii

2161 663 2275 730 ejus
2301 665 2518 736 aequalis
2545 666 2852 732 auctoritas,
2883 668 2934 722 in
2963 669 3112 738 cujus
3144 669 3400 726 honorem
3431 672 3616 744 implet
3635 677 3753 729 cla-—

2159 755 2381 812 rilicatio
2401 758 2626 825 Domini,
2671 760 2714 814 si
2741 759 2864 830 quid
2893 759 3122 818 habebat
3163 763 3298 818 ordo
3343 767 3598 836 temporis
3641 769 3751 822 mi-

2089 843 2102 854 ’
2159 863 2278 903 nus.
2301 848 2424 904 ldeo
2451 851 2592 904 enim
2619 865 2738 906 cum
2764 851 3002 916 dixisset,
3035 851 3102 906 Et
3143 851 3308 908 Deum
3333 854 3558 925 Patrem,
3589 858 3752 912 addi-

2157 939 2254 1020 d.it,
2299 941 2383 1012 qui
2421 943 2674 998 suscitavit
2701 943 2847 998 illum
2884 961 2915 997 a
2953 945 3203 1011 mortuis;
3249 953 3306 1001 ut
3332 939 3489 1002 etizim
3533 965 3596 1004 ex
3641 949 3752 1003 huc

2157 1031 2316 1086 modo
2340 1033 2570 1089 breviter
2592 1035 2704 1106 jam
2732 1050 2762 1089 a
2788 1035 3077 1092 clarilicato
3101 1037 3322 1092 missum
3354 1053 3412 1094 se
3439 1054 3562 1096 esse
3587 1055 3750 1096 com-

2155 1135 2497 1182 memoraret.

2226 1220 2275 1272 5.
2323 1216 2420 1292 [11).
2437 1233 2474 1282 ι,
2491 1216 2634 1290 5-5.]
2675 1217 2852 1274 Gratia
2871 1219 3007 1274 vobis
3028 1228 3072 1274 et
3090 1237 3238 1290 pexa
3261 1220 3366 1276 Deo
3389 1221 3544 1276 Patre
3559 1235 3604 1278 et
3629 1223 3750 1278 Do-

2155 1312 2290 1366 mino
2303 1311 2336 1366 J
2341 1329 2424 1366 esu
2437 1310 2652 1366 Christo.
2673 1312 2849 1368 Gratia
2867 1315 2958 1370 Dei
2971 1323 3052 1369 est
3066 1331 3168 1386 qua
3183 1316 3337 1372 nobis
3349 1315 3612 1372 donantur
3627 1332 3754 1388 pec-

2153 1411 2288 1467 cata,
2311 1410 2368 1456 ut
2387 1403 2788 1458 reconcilientur
2808 1405 2944 1469 Deo;
2969 1421 3070 1474 pax
3083 1415 3284 1473 autem,
3299 1423 3402 1478 qua
3419 1411 3748 1464 reconcilia-

2153 1509 2274 1548 tnur
2299 1495 2426 1548 Deo.
2463 1495 2560 1560 Qui
2586 1495 2721 1550 dedit
2745 1497 3065 1568 semetipsum
3087 1515 3180 1568 pro
3211 1500 3428 1568 peccatis
3457 1503 3658 1562 nostris.
3686 1509 3750 1556 ut

2153 1587 2384 1642 eximeret
2405 1603 2494 1642 nos
2511 1587 2572 1642 de
2589 1589 2824 1660 praetenti
2843 1591 3028 1644 smculo
3051 1593 3292 1662 maligno.
3311 1593 3574 1649 Saeculum
3599 1612 3750 1666 pra:-

2152 1691 2274 1734 sens
2287 1680 2570 1750 malignum
2584 1689 2798 1751 propter
2809 1681 3066 1752 malignos
3080 1684 3342 1750 homines,
3355 1685 3442 1754 qui
3459 1686 3510 1740 in
3521 1701 3586 1740 eo
3599 1698 3752 1754 sunt,

2153 1769 2550 1840 intelligendum
2577 1781 2658 1824 est
2681 1772 2848 1828 :sicut
2867 1772 3090 1826 dicimus
3119 1783 3172 1828 et
3193 1774 3476 1844 malignam
3497 1775 3750 1842 domum,

2151 1869 2368 1930 propter
2379 1863 2636 1932 malignos
2656 1863 3013 1920 inhabitantes
3029 1865 3082 1918 in
3100 1881 3182 1920 ea.
3203 1865 3494 1922 Secundum
3511 1869 3751 1922 soluma-

2152 1961 2250 2006 tem
2267 1953 2364 2008 Dei
2392 1965 2436 2008 et
2463 1953 2632 2009 Patris
2661 1957 2838 2022 nostri,
2861 1958 2944 2010 cui
2969 1967 3038 2010 est
3061 1958 3222 2028 gloria
3249 1959 3302 2012 in
3325 1957 3512 2012 sarcula
3531 1960 3754 2014 saeculo-

2149 2062 2284 2106 rum,
2331 2045 2506 2100 Amen.
2529 2045 2740 2114 Quanto
2763 2048 2924 2120 igitur
2955 2049 3122 2119 magis
3149 2048 3390 2104 homines
3419 2065 3524 2104 non
3547 2051 3754 2106 debent

2151 2147 2460 2208 arroganter
2481 2138 2546 2194 ad
2565 2138 2770 2210 scipsos
2801 2139 3022 2204 referre,
3057 2140 3102 2194 si
3126 2141 3250 2210 quid
3274 2149 3561 2209 operantur
3579 2141 3746 2207 boui;

2150 2229 2360 2300 quando
2401 2239 2454 2284 ct
2485 2231 2598 2298 ipse
2627 2231 2720 2284 Dei
2749 2231 2917 2286 Filius
2963 2231 3013 2284 in
3043 2231 3352 2302 Evangelio,
3385 2247 3488 2286 non
3519 2231 3752 2302 gloriam

2151 2337 2300 2376 suam
2331 2337 2389 2378 se
2419 2337 2658 2393 quaerere
2675 2324 2809 2378 dixit
2833 2323 3026 2396 (Joan.
3061 2340 3176 2390 vni,
3205 2325 3318 2396 50),
3349 2341 3522 2395 neque
3549 2327 3749 2382 volun-

2155 2425 2312 2472 tatem
2343 2431 2490 2470 suam
2523 2416 2734 2472 venisse
2773 2417 2966 2480 facere,
3013 2417 3107 2470 sed
3136 2418 3462 2472 voluntatem
3505 2417 3622 2488 ejus
3646 2420 3750 2489 qui

2154 2525 2278 2566 eum
2303 2510 2446 2564 misit
2467 2509 2580 2580 (Id.
2603 2527 2678 2578 γι,
2708 2510 2838 2582 58)?
2866 2512 3034 2579 Quam
3065 2512 3386 2568 voluntatem
3413 2513 3756 2584 gloriamque

2150 2605 2324 2660 Patris
2345 2621 2486 2661 nunc
2505 2609 2944 2662 commemoravit
2973 2609 3282 2678 Apostolus,
3319 2617 3376 2663 ut
3399 2611 3512 2680 ipse
3529 2625 3752 2682 quoque

2153 2697 2360 2752 Domini
2387 2697 2653 2768 exemplo,
2686 2713 2717 2752 a
2753 2715 2860 2769 quo
2889 2699 3090 2754 missus
3117 2707 3224 2768 est,
3265 2715 3372 2754 non
3415 2714 3472 2756 se
3499 2717 3750 2772 quarrere

2150 2789 2372 2860 gloriam
2427 2805 2578 2844 suam
2631 2791 2974 2861 significaret,
3031 2808 3134 2848 nec
3185 2792 3364 2850 facere
3411 2793 3750 2850 voluntatem

2151 2897 2300 2936 suam
2333 2883 2386 2936 in
2413 2883 2794 2950 przedicatione
2831 2885 3122 2956 Evangelii,
3155 2883 3291 2940 sicut
3319 2885 3474 2956 paulo
3511 2895 3632 2956 post
3655 2886 3750 2940 di-

2151 2974 2224 3028 cit
2249 2993 2264 3028 :
2293 2974 2355 3030 Si
2381 2975 2664 3030 hominibus
2691 2976 2959 3047 placerem,
2995 2975 3186 3032 Christi
3223 2993 3396 3034 servus
3423 2993 3522 3034 non
3559 2994 3748 3032 essein.

2156 3062 2346 3136 (Galat.
2367 3082 2404 3133 ι,
2421 3064 2531 3139 10).
3581 3123 3585 3128 .

2221 3157 2274 3211 4.
2319 3155 2415 3229 [1b.
2441 3174 2480 3222 ι,
2505 3156 2645 3230 6-9.]
2689 3158 2851 3212 Miror
2875 3159 3010 3230 quod
3038 3162 3111 3214 sic
3133 3170 3236 3214 tam
3255 3161 3354 3216 cito
3377 3161 3748 3230 trausferimini

2149 3247 2212 3300 ab
2232 3264 2309 3312 eo,
2337 3237 2422 3317 qui.
2450 3265 2534 3302 vos
2561 3251 2750 3303 vocavit
2774 3252 2826 3304 in
2849 3249 3065 3320 gloriam
3087 3249 3293 3318 Christi,
3319 3253 3372 3306 in
3397 3253 3540 3306 aliud
3565 3253 3748 3308 Evan-

2149 3339 2354 3410 gelium,
2391 3341 2526 3410 quod
2561 3358 2662 3395 non
2689 3353 2760 3396 est
2788 3342 2950 3396 aliud.
2980 3343 3323 3415 Evangelium
3355 3346 3498 3401 enim
3528 3346 3573 3400 si
3599 3346 3748 3400 aliud

2149 3441 2248 3496 cst,
2289 3441 2484 3501 prurter
2512 3433 2564 3488 id
2605 3435 2762 3503 quod,
2799 3435 2911 3490 sive
2957 3453 3052 3506 per
3093 3453 3169 3502 se,
3217 3437 3328 3492 sive
3373 3455 3466 3507 per
3509 3439 3750 3508 aliquem

2151 3523 2408 3577 Dominus
2428 3524 2572 3579 dedit
2589 3542 2603 3588 ;
2621 3525 2732 3596 jam
2753 3541 2852 3580 nec
2881 3528 3224 3598 Evangelium
3253 3539 3396 3585 recte
3415 3529 3518 3585 dici
3545 3541 3746 3600 potest.

2148 3615 2440 3687 Vigilanter
2479 3627 2674 3684 autem,
2725 3635 2844 3674 cum
2885 3621 3127 3688 dixisset,
3177 3623 3542 3694 transferimini
3575 3623 3640 3678 ab
3679 3641 3749 3679 eo

2147 3710 2234 3780 qui
2257 3725 2341 3764 eos
2369 3711 2592 3777 vocavit,-
2613 3711 2872 3780 adjunxit,
2905 3713 2958 3766 in
2977 3713 3196 3784 gloriam
3227 3715 3432 3780 Christi,
3455 3733 3614 3786 quam
3647 3733 3752 3772 vo-

2149 3802 2330 3857 lebant
2355 3801 2430 3856 illi
2461 3811 2740 3870 evacuare,
2773 3805 2924 3873 quasi
2951 3803 3149 3859 frustra
3177 3807 3380 3861 venerit
3399 3805 3660 3872 Christus,
3695 3809 3750 3862 si

2143 3893 2254 3964 jam
2293 3893 2630 3949 circumcisio
2659 3896 2834 3950 carnis
2861 3903 3020 3966 atque
3049 3895 3352 3966 hujusmodi
3391 3912 3548 3967 opera
3577 3899 3750 3968 Legis

2149 3993 2350 4038 tantum
2379 3985 2643 4052 valebant,
2693 3996 2749 4039 ut
2780 4001 2872 4054 per
2917 3986 3006 4040 illa
3051 3987 3296 4042 homines
3339 3989 3472 4042 salvi
3515 3987 3734 4045 ﬂerent.

2149 4077 2268 4130 Nisi
2289 4078 2448 4146 aliqui
2475 4086 2592 4130 sunt
2616 4077 2968 4132 conturbantes
2993 4095 3098 4147 vos,
3137 4089 3185 4134 et
3208 4081 3424 4136 uolentes
3455 4091 3750 4136 convertere

2147 4168 2482 4240 Evangelium
2507 4168 2713 4224 Christi.
2740 4169 2856 4225 Non
2885 4171 3337 4240 quemadmodum
3361 4173 3492 4227 istos
3519 4182 3749 4227 contur-

2145 4261 2291 4328 bant,
2327 4263 2397 4315 ita
2423 4261 2587 4318 etiam
2613 4271 2934 4318 convertunt
2973 4261 3320 4334 Evangelium
3359 4263 3579 4332 Christi,
3611 4266 3748 4336 quia

2145 4363 2326 4410 manet
2369 4353 2732 4410 ﬁrmissimum
2761 4371 2778 4408 :
2810 4355 2904 4410 sed
2953 4359 3134 4410 tamen
3179 4363 3492 4412 convertere
3529 4357 3742 4426 volunt,

2144 4448 2234 4518 qui
2254 4447 2322 4501 ab
2350 4446 2714 4516 spiritualibus
2749 4445 2816 4500 ad
2844 4447 3078 4500 carnalia
3109 4455 3366 4502 revocant
3386 4447 3744 4503 intentionem

2144 4537 2498 4592 credentium.
2558 4537 2668 4591 lllis
2707 4538 2864 4592 enim
2913 4537 2981 4592 ad
3039 4537 3145 4592 ista
3193 4539 3500 4606 conversis,
3557 4549 3748 4595 manet

2145 4629 2492 4700 Evangelium
2531 4643 2640 4682 non
2681 4641 3019 4684 conversum.
3057 4629 3125 4683 Et
3167 4628 3289 4685 ideo
3335 4643 3456 4684 cum
3491 4629 3746 4698 dixisset,

2141 4723 2498 4778 conturbantes
2535 4737 2640 4786 vos,
2681 4735 2786 4775 non
2815 4721 2967 4786 dixit,
3001 4729 3054 4776 et
3079 4729 3471 4787 convertentes,
3501 4721 3617 4790 sed,
3645 4738 3744 4776 eo-

2145 4815 2318 4882 lentes,
2349 4814 2540 4885 inquit,
2573 4821 2856 4867 convertere
2881 4811 3219 4884 Enangelium
3249 4811 3454 4868 Christi.
3487 4813 3594 4869 Sed
3622 4813 3746 4870 licet

2143 4925 2255 4974 nos,
2293 4915 2381 4962 aut
2413 4905 2624 4976 angelus
2663 4907 2726 4959 de
2753 4905 2876 4960 celo
2905 4904 3040 4959 vobis
3077 4905 3486 4976 euangelizaverit
3524 4915 3744 4976 prater-

2143 5017 2297 5072 quam
2323 4998 2456 5068 quod
2475 4997 2924 5067 euangelizauimus
2944 4995 3098 5060 vobis,
3126 4995 3392 5050 anathema
3417 4995 3499 5051 sit.
3525 4993 3746 5054 Veritas

2147 5101 2361 5164 propter
2401 5091 2630 5160 seipsam
2673 5089 2940 5162 diligenda
2989 5097 3105 5158 est,
3147 5104 3252 5144 non
3295 5099 3516 5160 propter
3558 5089 3746 5144 homi-

2145 5201 2291 5252 nem,
2337 5193 2429 5240 aut
2465 5190 2682 5254 prepter
2723 5183 2989 5253 angelum,
3029 5197 3125 5250 per
3167 5196 3324 5251 quem
3365 5183 3740 5236 annuntiatur.

2145 5279 2246 5347 Qui
2279 5278 2419 5334 enim
2459 5285 2676 5346 propter
2723 5275 3122 5330 ammntiatores
3159 5273 3330 5343 diligit
3375 5289 3515 5340 eam,
3559 5284 3748 5344 potest

2145 5375 2304 5430 etiam
2336 5371 2608 5428 mendacia
2635 5369 2874 5440 diligere,
2919 5369 2964 5422 si
2991 5382 3092 5438 qua
3125 5369 3260 5422 forte
3285 5366 3386 5437 ipsi
3427 5381 3519 5422 sua
3547 5375 3740 5438 protu-

2146 5465 2325 5522 lerint.
2357 5463 2502 5518 Sicut
2545 5461 2892 5533 prtediximus,
2928 5467 2976 5512 et
3003 5475 3138 5512 nunc
3164 5459 3345 5512 iterum
3384 5455 3518 5524 dico,
3549 5457 3594 5512 si
3623 5459 3748 5529 quis

2147 5559 2282 5616 vobis
2310 5555 2719 5628 euangelizaverit
2748 5561 3082 5627 praterquam
3106 5551 3244 5622 quod
3282 5553 3567 5625 accepistis,
3599 5571 3740 5608 ana-

2149 5654 2314 5706 thema
2351 5649 2433 5703 sit.
2467 5647 2572 5702 Aut
2601 5659 2835 5716 praesens
2864 5643 2966 5700 hoc
2995 5643 3334 5714 praedixerat,
3365 5653 3456 5699 aut
3479 5646 3600 5715 quia
3629 5647 3740 5701 ite-

2147 5743 2287 5799 ravit
2309 5741 2448 5814 quod
2489 5739 2641 5805 dixit,
2676 5747 2956 5808 propterea
2981 5737 3148 5790 voluit
3183 5735 3384 5803 dicere,
3411 5735 3568 5802 fSicut
3591 5753 3732 5806 prte-

2151 5835 2388 5890 diximus.
2411 5832 2453 5888 Τ
2455 5847 2612 5888 amen
2631 5831 2742 5900 ipsa
2771 5829 2980 5888 iteratio
2995 5827 3355 5886 saluberrime
3373 5829 3730 5885 intentionem
