4048 6472
255 507 395 566 21119

254 623 436 678 movet
459 620 526 676 ad
550 617 851 675 firmitatem
875 606 1139 672 retinendi
1163 621 1302 679 eam,
1330 617 1448 684 qnae
1467 611 1544 666 sic
1567 615 1832 666 commen-

253 716 430 780 datur,
464 713 641 769 fidem.
1815 780 1818 782 _

324 801 376 863 Β.
419 804 519 877 [lb.
545 821 580 870 I,
605 800 714 876 10.]
755 797 811 856 ,11
814 800 909 854 odo
930 814 1045 871 ergo
1063 796 1343 852 hominibus
1365 794 1571 859 suadeo,
1599 810 1662 848 an
1681 783 1831 846 Deo?

251 909 341 951 aut
377 913 548 968 quaero
570 892 848 949 hominibus
877 887 1112 962 placere?
1146 888 1204 945 Si
1229 889 1394 942 adhuc
1413 885 1692 940 hominibus
1721 883 1831 954 pla-

252 1005 438 1054 cerem,
483 987 669 1043 Christi
704 1001 872 1040 servus
915 1000 1015 1037 non
1059 987 1234 1036 essem.
1275 979 1442 1035 Nemo
1484 979 1592 1033 Deo
1621 977 1827 1043 suadet,

253 1081 376 1151 quia
394 1075 673 1134 manifesta
693 1085 814 1131 sunt
838 1073 908 1129 illi
925 1075 1099 1127 omnia
1123 1090 1136 1126 :
1163 1071 1260 1128 sed
1278 1070 1575 1125 [nominibus
1591 1067 1679 1123 ille
1693 1069 1831 1123 bene

253 1165 463 1235 suadet,
489 1167 576 1238 qui
605 1183 710 1222 non
748 1181 808 1222 se
849 1165 954 1220 illis
976 1164 1183 1234 placere
1206 1162 1334 1230 vult,
1367 1160 1460 1216 sed
1487 1161 1652 1232 ipsam
1673 1173 1830 1230 quam

256 1261 448 1318 suadet
473 1255 768 1316 veritatem.
801 1253 902 1327 Qui
929 1259 1070 1313 enim
1091 1255 1262 1326 placet
1283 1249 1605 1320 hominibus,
1638 1267 1740 1306 non
1764 1249 1830 1307 ab

254 1351 386 1423 ipsis
411 1367 563 1406 suam
591 1349 814 1421 gloriam
851 1361 1116 1419 quaerens,
1146 1346 1241 1400 sed
1267 1346 1384 1413 Dei,
1416 1355 1470 1401 ut
1509 1345 1639 1400 salvi
1680 1343 1827 1410 fiant,

253 1459 361 1498 non
384 1439 494 1513 jam
528 1439 848 1506 heminibus,
893 1435 987 1494 sed
1029 1439 1139 1492 Deo
1168 1433 1382 1507 placet:
1415 1445 1504 1490 aut
1539 1444 1684 1491 certe
1721 1435 1830 1503 jam

249 1549 372 1589 cum
415 1543 470 1588 et
506 1531 617 1590 Deo
655 1531 824 1602 placet
865 1527 1020 1584 simul
1059 1538 1113 1583 et
1147 1527 1468 1591 hominibus,
1503 1542 1608 1580 non
1653 1525 1830 1594 utique

252 1621 558 1679 hominibus
585 1622 776 1694 placet.
810 1619 963 1676 Aliud
985 1625 1068 1675 est
1095 1621 1234 1673 enim
1265 1619 1474 1689 placere
1503 1615 1824 1683 hominibus,

251 1711 395 1769 aliud
437 1723 490 1770 et
521 1713 630 1768 Deo
659 1723 713 1768 et
737 1711 1058 1767 hominibus.
1091 1711 1221 1765 ltem
1251 1709 1341 1780 qui
1387 1705 1684 1762 hominibus
1712 1722 1831 1776 pro-

252 1817 370 1877 pter
390 1806 665 1860 veritatem
699 1804 888 1874 placet,
922 1818 1028 1858 non
1060 1801 1168 1873 jam
1201 1801 1314 1873 ipse
1342 1801 1464 1868 illis,
1499 1798 1592 1854 sed
1629 1799 1827 1854 veritas

252 1895 446 1966 placet.
476 1893 741 1950 Ptacerem
770 1903 946 1949 autem
989 1887 1124 1948 dixit
1152 1901 1402 1962 quantmn
1441 1891 1492 1944 in
1522 1889 1696 1960 scipso
1726 1897 1826 1956 est,

250 1997 507 2061 quantum
546 1983 610 2046 ad
639 1987 752 2059 ejus
781 1988 1105 2043 voluntatem
1150 1984 1371 2050 attinet;
1415 1999 1476 2038 ac
1522 1985 1564 2037 si
1596 1981 1824 2047 diceret,

252 2079 465 2150 placere
500 2077 712 2134 vellem.
744 2077 857 2132 Non
885 2078 1023 2133 enim
1067 2077 1112 2133 si
1139 2077 1240 2130 hoc
1276 2090 1342 2130 eo
1367 2090 1469 2130 non
1498 2083 1686 2145 agente
1719 2074 1830 2143 pla-

249 2179 370 2224 ceat
411 2167 590 2237 alicui,
631 2169 778 2240 quasi
810 2176 1027 2238 propter
1056 2167 1314 2236 seipsum,
1363 2173 1416 2220 et
1459 2181 1564 2219 non
1616 2171 1830 2235 prepter

252 2261 421 2316 Deum
467 2268 625 2330 atque
668 2254 1011 2332 Evangelium
1057 2257 1196 2330 quod
1227 2257 1522 2323 anntmtiat,
1566 2255 1829 2326 superbia:

250 2347 419 2422 ipsius
447 2352 637 2422 potius,
671 2368 826 2422 quam
857 2351 1028 2406 errori
1076 2349 1192 2420 ejus
1233 2351 1318 2404 cui
1356 2365 1602 2419 perverse
1633 2348 1824 2419 placet,

251 2439 588 2500 tribuendum
630 2452 730 2499 est.
763 2437 867 2498 Iste
911 2442 1087 2512 itaque
1131 2457 1319 2496 sensus
1363 2449 1444 2495 est
1469 2455 1480 2492 :
1509 2439 1662 2492 Modo
1703 2453 1828 2508 ergo

253 2531 555 2588 hominibus
580 2532 798 2599 suadeo,
826 2549 893 2587 an
925 2532 1067 2588 Deo?
1106 2540 1196 2586 aut
1221 2531 1341 2601 quia
1371 2529 1675 2584 hominibus
1707 2544 1829 2582 sua-

250 2621 373 2688 deo,
401 2639 583 2693 quer
608 2622 911 2676 hominibus
951 2621 1199 2690 placere?
1234 2619 1288 2674 Si
1316 2619 1487 2674 adhuc
1528 2618 1828 2673 hominibus

253 2729 547 2784 quaererem
591 2711 820 2784 placere,
853 2711 1049 2766 Christi
1093 2726 1277 2764 servus
1311 2725 1414 2764 non
1445 2724 1637 2764 essem.
1667 2708 1826 2762 iubet

247 2805 390 2860 enim
418 2803 507 2858 ille
536 2804 704 2858 servis
733 2803 842 2857 suis
873 2811 929 2856 ut
959 2802 1165 2856 discant
1196 2801 1262 2854 ab
1289 2800 1403 2870 ipso
1446 2799 1600 2853 mites
1626 2813 1744 2852 esse
1773 2806 1828 2852 et

247 2891 479 2948 humiles
505 2894 666 2949 corde
698 2883 908 2966 (Matth.
946 2907 1022 2957 ιι,
1055 2889 1166 2962 Ξ9).
1199 2889 1348 2958 Quod
1378 2887 1520 2942 nullo
1551 2887 1709 2942 modo
1737 2897 1831 2957 po-

247 2989 353 3038 test
381 2983 477 3052 qui
517 2991 733 3053 propter
758 2983 1013 3054 seipsum,
1043 2979 1094 3035 id
1123 2989 1204 3036 est
1240 2977 1457 3049 propter
1499 2987 1645 3034 suam
1680 2978 1829 3049 quasi

248 3074 512 3143 privatam
557 3081 609 3127 et
665 3074 936 3143 propriam
978 3072 1223 3142 gloriam,
1275 3071 1491 3140 placere
1527 3070 1828 3127 hominibus

245 3165 456 3234 quaerit.
502 3161 642 3218 Dicit
687 3169 863 3217 autem
905 3172 959 3218 et
1004 3163 1149 3228 alibi,
1192 3155 1490 3214 Hominibus
1541 3159 1822 3226 suademus",

246 3251 354 3308 Deo
384 3261 554 3307 autem
578 3251 880 3326 manifestati
906 3269 1079 3308 sumus
1113 3249 1177 3324 (11
1205 3251 1321 3304 Cor.
1351 3267 1402 3316 v,
1428 3252 1546 3322 ii);
1578 3259 1633 3304 ut
1676 3249 1832 3304 intel-

247 3343 380 3415 ligas
420 3341 563 3416 quod
594 3343 682 3398 hic
721 3345 813 3409 ait,
858 3342 1156 3396 flaminibus
1203 3341 1410 3403 suadeo,
1442 3357 1507 3394 an
1535 3338 1683 3393 Deo?
1721 3356 1827 3394 non

246 3436 432 3506 utique
452 3435 581 3500 Deo,
612 3434 704 3489 sed
731 3433 1032 3488 hominibus
1055 3431 1402 3488 suadendum.
1432 3429 1544 3484 Non
1564 3445 1689 3499 ergo
1715 3445 1828 3485 mo-

243 3534 366 3580 veat
391 3523 536 3595 quod
560 3521 682 3578 alibi
710 3523 861 3587 dixit,
895 3522 1038 3577 Sicut
1074 3531 1120 3576 et
1148 3538 1236 3591 ego
1277 3519 1504 3574 omnibus
1545 3537 1630 3588 per
1659 3521 1828 3573 omnia

233 3616 419 3690 .ptaceo
443 3615 684 3671 :addidit
704 3616 866 3680 enim,
910 3612 1030 3668 Non
1055 3629 1279 3681 quazrens
1300 3612 1432 3683 quod
1458 3612 1580 3665 mihi
1601 3612 1821 3681 prodest,

243 3705 334 3762 sed
358 3706 495 3777 quod
515 3706 702 3771 multis,
737 3715 790 3759 ut
817 3705 941 3758 salvi
972 3705 1094 3773 ﬁant
1113 3702 1154 3772 (l
1179 3702 1295 3758 Cor.
1333 3719 1386 3766 x,
1417 3703 1531 3771 55).
1554 3701 1695 3756 Nulli
1725 3717 1824 3756 au-

245 3805 352 3855 tem
379 3795 614 3868 prodest,
654 3805 714 3852 ut
757 3797 938 3851 salvus
967 3797 1076 3861 ﬁat,
1123 3796 1166 3849 si
1215 3794 1374 3849 homo
1413 3794 1462 3848 ei
1497 3802 1709 3862 propter
1740 3807 1824 3848 se-

245 3893 420 3962 ipsum
447 3891 654 3963 placeat
682 3901 695 3943 :
719 3889 805 3958 qui
838 3903 942 3942 non
973 3889 1141 3956 placet
1166 3887 1385 3950 utiliter,
1416 3885 1515 3938 nisi
1549 3899 1669 3937 cum
1703 3895 1825 3954 pro-

246 3990 363 4052 pter
390 3979 559 4036 Deum
584 3981 775 4050 placet,
802 3979 855 4033 id
872 3986 975 4044 est,
1009 3986 1066 4032 ut
1089 3977 1228 4032 Deus
1254 3977 1461 4045 placeat
1485 3983 1536 4029 et
1563 3974 1824 4044 gloriﬁce-

243 4083 350 4139 tur,
384 4087 508 4128 cum
539 4071 679 4126 dona
708 4071 825 4140 ejus
862 4069 1206 4124 attenduntur
1250 4069 1301 4121 in
1330 4068 1560 4133 homine,
1603 4076 1692 4120 aut
1732 4079 1825 4136 per

233 4162 599 4218 (ministerium
649 4161 879 4216 hominis
937 4159 1294 4231 accipiuntur;
1353 4169 1472 4212 cum
1521 4164 1697 4212 autem
1747 4159 1824 4213 sic

242 4250 404 4311 homo
426 4255 619 4325 placet,
649 4266 752 4308 non
778 4252 886 4322 jam
911 4252 1088 4317 homo,
1113 4251 1206 4306 sed
1234 4251 1372 4306 Deus
1395 4251 1583 4320 placet.
1608 4249 1823 4306 Utrum-

241 4361 344 4419 que
373 4357 504 4416 ergo
543 4351 690 4399 recte
730 4343 832 4397 dici
858 4351 1066 4413 potest;
1109 4347 1182 4407 et,
1212 4339 1324 4409 Ego
1353 4341 1555 4410 placeo,
1601 4349 1673 4406 et,
1717 4356 1822 4395 non

241 4455 340 4510 ego
365 4440 573 4509 placeo.
604 4437 658 4494 Si
685 4438 828 4492 enim
872 4435 1010 4490 adsit
1034 4435 1205 4490 bonus
1245 4433 1561 4498 intellector,
1601 4434 1822 4503 piusque

242 4531 502 4600 pulsator,
537 4529 733 4599 patebit
762 4536 1068 4595 utrumque,
1111 4532 1164 4579 et
1206 4523 1346 4577 nulla
1392 4524 1529 4577 inter
1556 4538 1617 4577 se
1667 4540 1824 4594 repu-

242 4624 456 4693 gnantia
484 4622 708 4690 repellet
734 4621 1039 4674 intrantem.

310 4715 362 4769 6.
407 4711 507 4786 [lb.
537 4729 574 4778 t,
602 4713 688 4778 11,
718 4710 830 4784 12.]
864 4709 1057 4763 Notum
1093 4709 1222 4762 enim
1255 4707 1390 4760 vobis
1430 4707 1582 4778 facio,
1616 4710 1818 4778 fratres,

245 4801 598 4876 Euangeiium,
621 4803 754 4873 quod
783 4799 1171 4872 euangelizatum
1200 4807 1271 4851 est
1297 4815 1327 4851 a
1353 4815 1448 4862 me,
1473 4799 1591 4866 quia
1621 4815 1722 4851 non
1750 4806 1821 4852 est

245 4896 518 4951 secundum
545 4897 814 4950 hominem.
840 4895 1016 4963 Neque
1042 4891 1170 4946 enim
1201 4907 1289 4962 ego
1319 4889 1379 4943 ab
1420 4891 1619 4943 homine
1652 4891 1820 4961 accepi

244 4987 405 5055 illud,
442 5003 600 5058 neque
637 4987 810 5053 didici,
841 4985 928 5040 sed
968 4999 1056 5055 per
1094 4983 1440 5036 reuelationem
1467 4980 1590 5035 Jesu
1612 4980 1818 5036 Christi.

247 5079 590 5150 Evangelium
635 5077 776 5148 quod
823 5075 1112 5132 secundum
1159 5074 1426 5126 hominem
1468 5081 1569 5139 est,
1598 5073 1815 5128 menda-

243 5173 382 5227 cium
412 5184 517 5226 est.
541 5170 724 5226 Omnis
748 5171 888 5225 enim
911 5168 1071 5222 homo
1097 5159 1320 5220 mendax
1348 5164 1513 5239 (Psat.
1541 5179 1659 5232 cxv,
1687 5165 1775 5238 11)
1803 5187 1816 5222 :

243 5265 358 5333 quia
392 5261 649 5333 quidquid
675 5261 912 5315 veritatis
951 5260 1215 5313 invenitur
1245 5258 1295 5309 in
1329 5255 1569 5320 homine,
1604 5270 1708 5310 non
1737 5263 1820 5311 est

243 5357 306 5410 ab
338 5356 575 5421 homine,
606 5353 697 5409 sed
723 5370 751 5406 a
777 5353 886 5407 Deo
915 5365 1008 5420 per
1038 5349 1327 5402 hominem.
1372 5347 1495 5401 Ideo
1532 5347 1641 5416 jam
1678 5345 1818 5416 quod

243 5445 532 5502 secundum
579 5444 850 5498 hominem
889 5450 990 5506 est,
1029 5455 1124 5494 nec
1163 5437 1501 5507 Evangelium
1539 5437 1818 5492 dicendum

243 5549 321 5592 est
349 5557 362 5592 :
392 5538 551 5609 quale
593 5537 664 5592 illi
696 5535 1006 5600 efferebant,
1032 5533 1118 5603 qui
1149 5532 1200 5586 in
1229 5531 1532 5584 servitutem
1563 5543 1625 5584 ex
1655 5531 1817 5585 liber-

247 5637 348 5683 tate
376 5628 718 5683 attrahehant
742 5641 834 5682 eos
862 5639 996 5696 quos
1024 5624 1163 5678 Deus
1187 5636 1254 5678 ex
1280 5621 1530 5676 servitute
1568 5621 1622 5675 in
1658 5621 1818 5675 liber-

244 5729 403 5780 tatem
436 5723 678 5776 vocabat.

313 5815 365 5866 7.
411 5811 509 5882 [lb.
542 5828 578 5875 ι,
609 5811 696 5876 15,
729 5808 838 5880 14η]
875 5826 893 5860 ι
932 5806 1170 5861 Audistis
1188 5805 1327 5859 enim
1357 5803 1814 5859 conversationem

248 5918 422 5962 meam
469 5899 754 5983 aliquando
797 5900 852 5956 in
893 5898 1184 5965 Judaismo,
1225 5899 1348 5981 quia
1387 5910 1547 5967 supra
1602 5894 1816 5953 modum
1850 5926 1865 5937 --

202 6030 272 6061 λι...

1415 487 1881 551 EXPOSITIONIS
1913 488 2118 551 LIBER
2150 494 2350 556 UNUS.

1921 377 1968 388 «ιο.
1977 378 1988 386 ι

3354 501 3496 559 9110

1940 614 2295 682 persequebar
2324 611 2609 670 Ecclesiam
2647 613 2772 684 Dei,
2809 621 2865 671 et
2905 614 3399 686 vastabam'lillam;
3446 625 3504 673 et

1938 703 2276 771 proficiebam
2293 707 2343 760 in
2360 705 2626 762 Judaismo
2649 722 2803 778 supra
2822 709 3016 764 multos
3037 718 3333 765 comtaneos
3353 723 3502 767 meos

1938 792 1990 847 in
2017 809 2210 863 genere
2239 813 2376 865 meo,
2404 799 2754 856 abundantius
2774 802 3048 856 mmulator
3067 802 3299 857 existens
3326 813 3503 872 pater-

1938 899 2122 939 narum
2155 902 2388 942 mearum
2419 890 2773 946 traditionum.
2804 909 2824 944 ι
2851 892 2907 946 Si
2937 891 3301 963 persequendo
3325 901 3380 948 et
3407 908 3500 947 va-

1937 975 2122 1030 Stando
2149 977 2434 1034 Ecclesium
2456 980 2546 1034 Dei
2571 982 2871 1051 proﬁciebat
2895 987 2947 1038 in
2969 983 3259 1051 Judaismo,
3284 988 3502 1052 apparet

1936 1070 2256 1125 contrarium
2295 1086 2412 1127 esse
2447 1071 2772 1128 Judaismum
2812 1076 3060 1130 Ecclesia:
3102 1076 3225 1140 Dei;
3257 1087 3361 1128 non
3403 1089 3501 1144 per

1937 1155 2076 1211 illam
2101 1159 2422 1229 Spiritualcm
2445 1161 2639 1233 Legem
2669 1180 2825 1235 quam
2855 1176 3168 1236 acceperunt
3191 1167 3376 1232 inda-i,
3400 1166 3498 1222 sed

1939 1263 2032 1318 per
2060 1252 2322 1308 carnalem
2362 1259 2814 1312 eonv'crsationem
2844 1258 3110 1313 servitutis
3149 1260 3401 1328 ipsorum.
3433 1259 3499 1312 Et

1937 1338 1980 1392 si
2011 1341 2303 1410 mm‘ulator,
2333 1344 2380 1398 id
2409 1353 2506 1412 est,
2534 1347 2764 1402 imitator
2791 1357 3124 1417 paternarum
3149 1362 3360 1403 suarum
3387 1355 3502 1403 tra-

1936 1429 2190 1489 ditionem
2239 1437 2650 1509 persequebatur
2696 1441 2887 1495 Paulus
2935 1441 3220 1495 Ecclesium
3265 1441 3378 1507 Dei,
3411 1455 3503 1509 pa-

1939 1521 2096 1577 torum
2123 1524 2286 1594 ipsius
2319 1527 2621 1585 traditiones
2651 1533 2924 1586 contrariae
2959 1541 3080 1587 sunt
3102 1533 3353 1587 Ecclesia:
3381 1532 3498 1597 Del,

1937 1625 2041 1666 non
2074 1623 2245 1669 autem
2274 1617 2428 1688 Legis
2460 1619 2597 1674 illius
2623 1623 2771 1691 culpa
2801 1632 2908 1690 est;
2939 1623 3047 1678 Lex
3077 1624 3216 1678 enim
3246 1624 3500 1692 spiritua-

1935 1703 2001 1758 lis
2023 1715 2104 1760 est
2122 1706 2292 1779 (Rom.
2319 1726 2413 1778 vn,
2441 1713 2551 1781 M),
2575 1727 2673 1766 nec
2702 1714 2980 1767 carnaliter
3006 1729 3062 1768 se
3089 1715 3228 1784 cogit
3248 1715 3497 1784 intelligi:

1934 1795 2027 1849 sed
2067 1797 2272 1853 illorum
2302 1801 2486 1855 vitium
2527 1810 2626 1868 est,
2657 1804 2742 1873 qui
2785 1807 2837 1857 et
2881 1804 2965 1858 illa
3004 1821 3120 1874 qum
3161 1814 3497 1874 acceperunt,

1934 1891 2213 1946 carnaliter
2241 1893 2491 1964 sentiunt,
2533 1905 2585 1951 et
2624 1899 2783 1952 multa
2823 1900 2980 1953 etiam
3021 1915 3115 1953 sua
3149 1900 3494 1966 tradiderunt,

1934 1977 2300 2050 dissolventes,
2349 1987 2484 2042 sicut
2528 1987 2779 2044 Dominus
2828 1990 2969 2054 dicit,
3029 1991 3331 2045 mandatum
3382 1991 3495 2058 Dei,

1935 2081 2148 2140 propter
2179 2075 2484 2132 traditiones
2510 2095 2632 2134 snas
2659 2080 2868 2150 (Matth.
2899 2095 2992 2148 xv,
3021 2082 3098 2150 5).

2005 2162 2055 2216 8.
2099 2161 2194 2236 [lb.
2224 2181 2262 2229 ι,
2294 2163 2496 2242 lii-19.]
2536 2169 2659 2224 Cant
2680 2183 2844 2226 autem
2889 2174 3075 2243 placuit
3115 2171 3244 2239 Deo,
3295 2174 3380 2244 qui
3419 2189 3499 2228 me

1934 2258 2205 2324 segregarit
2235 2257 2295 2311 de
2323 2267 2490 2314 ventre
2516 2265 2690 2316 matris
2720 2280 2860 2331 mete,
2891 2273 2934 2318 et
2963 2269 3151 2319 uacauit
3179 2283 3265 2335 per
3289 2268 3501 2336 gratiam

1934 2361 2097 2412 suam,
2123 2350 2340 2403 revelare
2361 2349 2551 2405 Filium
2579 2367 2722 2406 suum
2749 2355 2800 2407 itt
2831 2369 2927 2420 me,
2949 2363 3001 2408 ut
3027 2358 3374 2409 annuntiarent
3394 2373 3505 2410 eum

1933 2437 1986 2489 in
2014 2437 2270 2506 Gentibus,
2306 2443 2542 2496 continuo
2584 2459 2684 2497 non
2721 2446 2943 2514 acquievi
2986 2446 3123 2498 carni
3163 2455 3208 2499 et
3251 2447 3503 2515 sanguini.

1935 2529 2250 2600 Segregatur
2271 2534 2659 2603 quodammodo
2689 2535 2754 2591 de
2776 2548 2960 2593 ventre
2990 2520 3192 2603 matris,
3221 2539 3456 2610 quisquis
3476 2553 3507 2594 a

1934 2623 2219 2676 carnalium
2268 2635 2540 2693 parentum
2587 2629 2967 2683 consuetudine
3011 2644 3147 2684 cmca
3193 2637 3506 2697 separatur:

1935 2714 2223 2782 acquiescit
2258 2723 2431 2769 autem
2471 2719 2617 2772 carni
2643 2726 2696 2773 et
2723 2720 2983 2789 sanguini,
3014 2720 3251 2789 quisquis
3282 2719 3507 2772 carnali-

1934 2801 2038 2872 bus.
2075 2805 2381 2875 propinquis
2410 2811 2464 2861 et
2501 2810 2904 2879 consanguineis
2934 2811 3043 2864 suis
3073 2811 3354 2863 carnaliter
3379 2822 3503 2862 sua-

1935 2893 2180 2950 dentibus
2220 2893 2522 2953 assentittir.
2569 2899 2744 2971 Neque
2788 2902 2897 2955 veni
2937 2903 2989 2954 in
3028 2900 3397 2972 Jerosofymant
3439 2912 3504 2954 aa

1937 3003 2258 3058 pra’cessores
2287 3007 2420 3044 meos
2440 2987 2722 3063 Apostolos,
2745 2993 2831 3047 sed
2851 2993 2949 3047 abii
2971 2995 3032 3047 in.
3049 2994 3301 3059 Arabiam,
3335 3003 3379 3046 et
3408 2994 3506 3047 ite-

1935 3098 2044 3135 rum
2085 3097 2304 3137 reversus
2338 3100 2449 3137 sum
2481 3083 2804 3138 Damascum.
2837 3084 3028 3138 Deinde
3060 3095 3168 3156 post
3199 3103 3354 3139 annos
3385 3093 3503 3149 tres,

1934 3171 2137 3223 ascendi
2164 3165 2534 3243 JProsolymam
2562 3174 2727 3227 videre
2761 3173 2987 3241 Petrum,
3020 3183 3066 3228 et
3097 3176 3254 3227 mansi
3280 3175 3416 3244 apud
3441 3174 3508 3228 it-

1937 3260 2039 3314 lum
2067 3260 2235 3315 diebus
2262 3261 2559 3333 quindecim.
2586 3263 2640 3319 Si
2669 3280 2786 3318 cum
2812 3265 3219 3334 evangelizassct
3241 3265 3430 3318 Paulus
3455 3263 3510 3319 in

1937 3349 2148 3415 Arabia,
2180 3355 2361 3421 postea
2392 3354 2522 3408 vidit
2551 3349 2794 3423 Petrum,
2837 3371 2940 3410 non
2983 3355 3099 3410 ideo
3129 3364 3185 3409 ut
3215 3370 3309 3424 per
3339 3355 3510 3424 ipsum

1935 3441 2149 3497 Petrum
2179 3443 2407 3500 disceret
2436 3443 2808 3515 Evangelium;
2839 3462 2958 3500 nam
2999 3455 3123 3501 ante
3163 3461 3282 3501 eum
3331 3446 3512 3515 utique

1935 3533 2153 3588 vidisset
2179 3556 2192 3589 :
2217 3534 2309 3589 sed
2337 3545 2392 3588 ut
2419 3535 2701 3590 fraternam
2728 3536 3038 3591 charitatem
3063 3537 3218 3590 etiam
3245 3535 3510 3604 corporali

1935 3628 2117 3679 notitia
2149 3628 2463 3682 cumularet.
2487 3628 2656 3681 Alium
2682 3639 2848 3682 autem
2870 3627 3223 3699 Apostolorum
3257 3643 3354 3681 non
3383 3627 3505 3693 vidi,

1935 3717 2032 3769 nisi
2055 3715 2302 3770 Jacobum
2331 3721 2538 3789 fratrem
2568 3717 2792 3772 Domini.
2829 3719 3054 3774 Jacobus
3087 3719 3291 3774 Domini
3323 3718 3504 3783 frater,

1933 3807 2017 3860 vel
2049 3824 2111 3860 ex
2141 3807 2261 3862 filiis
2288 3807 2482 3878 Joseph
2513 3809 2577 3864 de
2608 3811 2707 3864 alia
2748 3826 2930 3874 uxore,
2963 3811 3046 3864 vel
3089 3825 3153 3865 ex
3193 3809 3506 3879 cognatione

1931 3895 2109 3953 Marim
2136 3901 2322 3953 matris
2346 3901 2460 3970 ejus
2483 3901 2638 3955 debet
2663 3901 2902 3970 intelligi.

2001 3991 2052 4046 9.
2097 3983 2190 4064 [lb.
2217 4008 2254 4058 ι,
2285 3992 2495 4066 90-24.]
2525 3995 2650 4060 Qua:
2687 3999 2850 4046 autem
2889 3993 3049 4047 scribo
3083 3993 3238 4060 vobis,
3271 4008 3379 4047 ecce
3415 4009 3504 4046 co-

1931 4095 2038 4138 ram
2061 4083 2187 4151 Deo,
2211 4087 2328 4155 quia
2352 4102 2450 4139 non
2479 4088 2706 4140 mentior.
2736 4087 2834 4154 Qui
2863 4087 3008 4151 dicit,
3034 4085 3162 4139 Ecce
3190 4102 3356 4139 coram
3377 4083 3502 4149 Deo,

1930 4175 2048 4244 quia
2079 4191 2178 4227 non
2207 4176 2438 4239 mentior,
2463 4175 2606 4244 jurat
2634 4177 2836 4246 utique.
2868 4176 2935 4230 Et
2970 4174 3094 4246 quid
3137 4177 3371 4230 sanctius
3407 4175 3508 4230 hac

1926 4265 2232 4335 juratione?
2254 4265 2359 4321 Sed
2381 4277 2484 4320 non
2512 4277 2594 4322 est
2622 4273 2803 4322 contra
2829 4279 3148 4338 praeceptum
3174 4270 3370 4339 juratio
3390 4285 3510 4339 qua:

1931 4373 1962 4410 a
1990 4357 2121 4411 malo
2137 4363 2226 4422 est,
2258 4373 2360 4412 non
2373 4357 2623 4427 jurantis,
2648 4359 2741 4412 sed
2769 4359 3148 4414 incredulitatis
3172 4359 3286 4430 ejus
3313 4360 3398 4414 cui
3417 4361 3507 4429 ju-

1931 4463 2052 4504 rare
2082 4450 2300 4520 Cogitur.
2326 4447 2456 4503 Nam
2489 4449 2611 4504 hinc
2642 4450 2950 4520 intelligitur
2976 4452 3046 4505 ita
3070 4451 3348 4505 Dominum
3380 4465 3508 4519 pro-

1931 4539 2168 4594 hibuisse
2200 4539 2502 4608 ajurando,
2538 4545 2594 4593 ut
2618 4547 2868 4609 Quantum
2908 4540 2962 4594 in
3003 4541 3117 4610 ipso
3160 4548 3242 4594 est
3283 4540 3506 4608 quisque

1930 4645 2035 4683 non
2061 4630 2233 4699 juret:
2260 4629 2399 4698 quod
2427 4629 2574 4682 multi
2621 4630 2819 4682 faciunt
2857 4630 2910 4684 in
2950 4646 3042 4685 ore
3073 4629 3326 4684 habentes
3361 4628 3508 4698 jura~

1935 4722 2128 4775 tionem
2153 4727 2398 4788 tanquam
2420 4733 2664 4786 magnum
2693 4727 2783 4772 aut
2807 4733 2973 4774 suave
3001 4719 3216 4788 aliquid.
3245 4717 3374 4771 Nam
3403 4719 3507 4770 uti-

1932 4827 2035 4882 que
2068 4811 2352 4880 Apostolus
2380 4817 2598 4862 noverat
2631 4819 2948 4879 prmceplum
2978 4809 3206 4874 Domini,
3235 4813 3288 4863 et
3309 4807 3506 4876 juravit

1931 4901 2266 4957 tamen.Non
2308 4901 2448 4955 enim
2491 4899 2736 4954 audiendi
2775 4908 2916 4965 sunt,
2961 4900 3051 4968 qui
3092 4899 3185 4952 has
3208 4900 3505 4969 jurationes

1929 5008 2048 5049 esse
2085 5008 2189 5047 non
2230 4999 2430 5061 putant.
2463 4990 2600 5058 Quid
2630 4992 2770 5046 enim
2800 4991 2996 5046 facient
3025 4991 3090 5046 de
3125 4992 3237 5057 illa,
3274 4991 3506 5057 Quotidie

1929 5094 2135 5155 morior,
2172 5105 2259 5159 per
2297 5088 2509 5158 gloriam
2553 5097 2782 5154 vestram,
2824 5090 3023 5157 fratres,
3064 5102 3215 5155 quam
3259 5084 3413 5139 habeo
3453 5085 3505 5136 in

1929 5181 2126 5238 Christo
2172 5180 2297 5234 Jesu
2341 5179 2554 5234 Domino
2597 5189 2766 5234 nostro
2813 5178 2872 5249 (1
2901 5179 3016 5232 Cor.
3044 5195 3129 5242 xv,
3155 5179 3216 5234 51
3243 5179 3301 5248 )?
3345 5195 3500 5248 quam

1929 5290 2099 5347 graeca
2137 5272 2454 5342 exemplaria
2501 5271 2978 5325 manifestissin'iam
3021 5271 3338 5340 jurationem
3385 5285 3502 5324 esse

1928 5369 2248 5423 convincunt
2282 5366 2377 5438 (a).
2401 5366 2665 5431 Quantum
2694 5369 2818 5432 ergo
2861 5363 2912 5417 in
2959 5363 3074 5433 ipso
3103 5371 3204 5429 est,
3233 5379 3334 5418 non
3359 5364 3503 5433 jurat

1928 5459 2258 5530 Apostolus:
2290 5469 2396 5510 non
2437 5455 2577 5510 enim
2619 5453 2818 5522 appetit
2854 5453 3172 5522 jurationem
3215 5454 3501 5524 cupiditate
3571 5447 3584 5527 ς

1925 5563 2016 5613 aut
2040 5553 2390 5609 delectatione
2412 5547 2646 5619 jurandi.
2668 5545 2898 5619 Amplius
2921 5558 2992 5604 est
3016 5548 3156 5603 enim
3179 5563 3357 5618 quam,
3383 5547 3499 5616 Est,

1925 5657 2028 5712 est;
2060 5645 2200 5714 Non,
2230 5660 2329 5699 non
2357 5660 2374 5708 ;
2404 5652 2456 5697 et
2485 5641 2604 5695 ideo
2632 5657 2662 5694 a
2691 5641 2824 5694 malo
2853 5649 2924 5695 est
2953 5640 3161 5712 (Matth.
3181 5658 3232 5709 v,
3260 5642 3370 5712 57),
3403 5641 3497 5696 sed

1925 5738 2244 5795 hitirmitatis
2291 5744 2380 5791 aut
2424 5732 2804 5789 incredulitatis
2843 5748 3026 5790 eorum
3066 5735 3156 5805 qui
3195 5750 3301 5789 non
3344 5733 3500 5791 aliter

1989 5898 2059 5962 (a)
2085 5897 2183 5949 vid.
2218 5895 2301 5946 lib.
2329 5893 2353 5944 1
2391 5891 2456 5944 de
2477 5899 2628 5942 Serm.
2658 5897 2790 5940 Dom.
2823 5892 2874 5941 in
2897 5901 3080 5954 monte,
3105 5906 3210 5959 cap.
3237 5894 3314 5957 17,
3343 5905 3393 5943 n.
3417 5895 3507 5955 51,
