4012 6470
553 367 690 426 2111

526 486 836 537 ιιιιογθιιιιιν
861 476 927 532 ad
954 474 1132 531 iidem.
1159 472 1353 528 Deinde
1390 471 1501 526 veni
1551 470 1605 523 in
1650 474 1813 539 partes
1842 465 2040 535 Syriae,
2075 472 2124 518 et

553 573 761 629 Ciliciae.
800 570 957 625 Eram
996 580 1163 623 autem
1203 568 1401 637 ignotus
1444 564 1572 634 facie
1617 561 1851 616 Ecclesiis
1891 559 2121 625 Iudaeae,

555 679 671 736 qua:
706 663 760 716 in
799 660 995 716 Christo
1033 667 1168 713 sunt.
1200 653 1769 720 Animadvertendum,
1798 666 1901 705 non
1930 651 1984 705 in
2010 650 2126 705 sola

556 758 886 831 Jerosolyma
914 756 1126 812 Iudaeos
1163 756 1215 809 in
1243 754 1512 809 Christum
1552 751 1856 815 credidisse,
1890 762 1988 802 nec
2018 753 2124 799 tam

558 865 755 923 paucos
778 847 961 913 fuisse,
996 855 1055 902 ut
1083 846 1334 902 Ecclesiis
1357 845 1604 901 Gentium
1629 844 2004 904 miscerentur;
2030 835 2126 892 sed

560 949 667 996 tam
692 940 906 1008 multos,
925 948 982 993 ut
1008 954 1073 993 ex
1101 937 1203 992 illis
1226 936 1473 992 Ecclesiae
1502 936 1709 990 ﬁerent.
1727 931 1940 985 Tantum
1960 936 2125 981 autem

560 1030 817 1085 audientes
851 1037 993 1084 erant
1022 1030 1138 1099 quia
1174 1028 1261 1099 qui
1288 1026 1565 1097 aliquando,
1592 1041 1683 1078 nos
1720 1019 2121 1092 persequebatur,

558 1140 692 1178 nunc
720 1122 1019 1194 euangelizat
1048 1121 1199 1191 ﬁdem
1235 1136 1383 1191 quam
1416 1116 1688 1188 aliquando
1712 1113 1971 1176 vastabat;
1997 1120 2043 1165 et
2071 1111 2124 1163 in

564 1231 645 1269 me
668 1214 1052 1284 magniﬁcabant
1080 1211 1262 1265 Deum.
1289 1201 1400 1265 Hoc
1425 1218 1505 1264 est
1524 1207 1666 1279 quod
1688 1205 1916 1267 dicebat,
1939 1218 2043 1256 non
2069 1215 2126 1255 se

562 1306 773 1377 placere
800 1292 1122 1369 horninibus,
1149 1304 1326 1373 utique
1353 1317 1447 1371 per
1475 1300 1726 1370 seipsum,
1753 1295 1847 1352 sed
1873 1302 1931 1349 ut
1955 1293 2007 1368 in
2037 1291 2126 1346 illo

558 1396 986 1466 magniﬁcaretur
1023 1394 1163 1449 Deus
1194 1413 1206 1447 :
1237 1393 1337 1447 hoc
1378 1399 1461 1447 est
1502 1390 1642 1461 quod
1686 1389 1840 1443 etiam
1875 1385 2128 1440 Dominus

556 1485 703 1551 dicit,
728 1485 953 1539 Luceant
981 1501 1135 1556 opera
1152 1493 1314 1537 vestra
1341 1499 1508 1536 coram
1535 1479 1832 1542 hominibus,
1856 1486 1909 1530 ut
1933 1476 2128 1529 videant

560 1576 687 1632 bona
724 1580 860 1649 facta
902 1585 1091 1644 vestra,
1117 1585 1163 1631 et
1190 1576 1470 1645 glorificent
1497 1572 1700 1627 Patrem
1726 1579 1940 1656 vestrum
1966 1567 2050 1638 qui
2075 1567 2129 1621 in

558 1669 697 1724 stetis
721 1677 791 1723 est
820 1667 1028 1740 (Matth.
1056 1683 1111 1734 v,
1141 1666 1253 1736 16).

634 1758 722 1814 10.
766 1756 877 1830 [lb.
906 1774 963 1821 ιι,
993 1759 1044 1823 1,
1072 1756 1170 1828 2.]
1199 1755 1393 1810 Deinde
1414 1769 1523 1827 post
1561 1768 1718 1807 annos
1758 1749 2131 1822 quatuordecim

562 1851 743 1905 iterum
787 1836 989 1903 ascendi
1028 1848 1398 1919 Jerosolymam
1435 1863 1547 1901 cum
1584 1844 1840 1909 Barnaba,
1880 1849 2131 1909 assumpto

560 1941 713 1997 etiam
735 1938 870 1993 Tito.
901 1938 1175 2008 Tanquam
1221 1939 1535 2014 testimoqiis
1578 1936 1814 2007 pluribus
1850 1934 1976 2003 agit,
2011 1946 2135 1987 cum

561 2032 723 2089 etiam
753 2032 881 2086 istos
910 2032 1166 2085 nominat.
1193 2031 1408 2085 Ascendi
1435 2039 1603 2084 autem
1635 2027 1907 2083 secundum
1943 2024 2133 2079 revela-

561 2123 787 2178 tionem:
812 2137 880 2177 ne
906 2129 1147 2177 moveret
1188 2136 1281 2177 eos
1316 2136 1481 2193 quare
1517 2119 1602 2174 vel
1648 2127 1772 2173 tunc
1812 2114 2130 2179 ascenderit,

563 2228 669 2284 quo
696 2222 800 2268 tam
827 2213 917 2268 diu
936 2228 1043 2268 non
1072 2212 1401 2267 ascenderat.
1425 2212 1754 2280 Quapropter
1779 2208 1824 2261 si
1848 2222 1912 2260 ex
1933 2205 2136 2259 revela-

560 2303 707 2358 tione
726 2302 980 2368 ascendit,
1001 2310 1125 2356 tunc
1144 2301 1398 2370 proderat
1419 2311 1474 2354 ut
1493 2299 1823 2375 ascenderet.
1841 2295 1910 2349 Et
1929 2294 2135 2365 exposui

559 2392 662 2445 illis
701 2391 1030 2462 Evangelium
1066 2391 1199 2461 quod
1238 2390 1456 2463 prwdico
1498 2391 1552 2444 in
1591 2388 1870 2454 Gentibus;
1914 2399 2137 2441 seorsum

560 2489 728 2536 autem
749 2483 826 2536 his
848 2482 935 2553 qui
956 2482 1181 2536 videntur
1201 2483 1239 2535 ι.
1259 2482 1411 2548 Quod
1436 2496 1679 2536 seorsum
1701 2480 1943 2549 exposuit
1959 2478 2135 2532 Evan-

560 2572 755 2642 gelium
785 2575 863 2626 eis
891 2572 980 2642 qui
1007 2573 1309 2627 eminebant
1333 2573 1385 2626 in
1413 2571 1684 2638 Ecclesia,
1726 2585 1845 2625 cum
1870 2569 1979 2637 jam
2007 2566 2137 2622 illud

561 2662 898 2732 exposuisset
945 2678 1123 2716 coram
1172 2663 1437 2729 omnibus,
1480 2677 1586 2716 non
1633 2661 1751 2716 ideo
1795 2660 1989 2714 factum
2033 2665 2133 2725 est,

562 2752 704 2823 quod
748 2752 921 2822 aliqua
964 2753 1097 2808 falsa
1139 2752 1361 2819 dixerat,
1415 2761 1475 2807 ut
1518 2767 1758 2807 seorsum
1802 2749 2137 2822 paucioribus

561 2857 692 2897 vera
717 2842 916 2898 diceret
940 2860 952 2896 :
982 2843 1074 2898 sed
1104 2842 1276 2914 aliqua
1303 2851 1557 2911 tacuerat,
1587 2858 1704 2914 qua:
1731 2841 1904 2896 adhuc
1930 2840 2134 2910 parvuli

561 2941 778 3003 portare
819 2948 924 2988 non
964 2942 1242 3003 poterant;
1276 2935 1517 3002 qualibus
1545 2949 1603 2989 se
1631 2934 1696 2987 ad
1725 2932 2025 2988 Corinthios
2052 2932 2135 2987 lac

562 3021 693 3076 dicit
717 3020 947 3089 dedisse,
968 3038 1072 3077 non
1101 3037 1275 3077 escam
1298 3022 1357 3095 (l
1387 3023 1501 3077 Cor.
1526 3039 1602 3089 ιιι,
1632 3023 1708 3093 2).
1740 3023 1952 3077 Falsum
1992 3023 2134 3077 enim

566 3113 747 3170 dicere
787 3113 920 3168 nihil
958 3113 1111 3179 licet;
1145 3114 1425 3183 aliquando
1464 3123 1637 3169 autem
1675 3114 1872 3184 aliqua
1909 3115 2023 3168 veri
2054 3122 2136 3169 ta-

567 3219 710 3271 cere,
738 3205 868 3259 utile
897 3212 998 3259 est.
1029 3203 1415 3259 Perfectionem
1457 3205 1621 3273 ipsius
1644 3219 1776 3274 opus
1804 3212 1919 3258 erat
1945 3212 2001 3258 ut
2031 3204 2135 3258 sci-

564 3302 685 3348 rent
709 3292 888 3348 cmteri
913 3293 1173 3363 Apostoli.
1211 3293 1326 3349 Non
1366 3293 1505 3348 enim
1546 3293 1865 3363 sequebatur
1895 3303 1971 3359 ut,
2001 3294 2045 3347 si
2076 3294 2137 3347 li-

566 3383 702 3440 delis
740 3393 899 3449 esset,
932 3399 1217 3454 veramque
1255 3394 1310 3439 et
1345 3394 1541 3439 rectam
1586 3392 1791 3439 teneret
1819 3384 1998 3449 ﬁdem,
2024 3383 2165 3453 jam,

568 3474 728 3529 etiam
765 3474 1035 3544 apostolus
1064 3489 1182 3530 esse
1206 3475 1445 3530 deberet.
1473 3474 1605 3529 illud
1630 3484 1805 3529 autem
1839 3474 1979 3545 quod
2008 3475 2135 3529 sub-

558 3565 752 3637 jungit,
778 3566 860 3622 Ne
883 3567 1014 3638 forte
1049 3568 1102 3621 in
1138 3584 1350 3621 vacuum
1373 3584 1539 3633 curro,
1568 3576 1654 3620 aut
1686 3568 1902 3633 cucurri,
1931 3581 2039 3620 non
2069 3566 2136 3622 ad

560 3658 677 3714 illos
696 3673 815 3713 cum
835 3658 1025 3729 quibus
1048 3672 1285 3714 seorsum
1314 3660 1535 3714 contulit
1560 3658 1926 3728 Evangelium,
1951 3658 2042 3712 sed
2067 3658 2134 3712 ad

559 3746 693 3803 istos
716 3749 907 3819 quibus
933 3750 1133 3816 scribit,
1157 3750 1307 3819 quasi
1338 3740 1431 3821 per
1451 3750 1912 3821 interrogationem
1934 3750 2132 3805 dictum

562 3838 961 3909 intelligendum
1008 3849 1122 3905 est;
1154 3848 1214 3895 ut
1253 3856 1319 3896 ex
1362 3826 1443 3897 eo.
1472 3850 1751 3912 appareret
1786 3857 1891 3896 non
1928 3857 2049 3898 eum
2078 3843 2132 3896 in

559 3944 782 3985 vacuum
810 3945 1028 3987 currere
1060 3941 1151 3987 aut
1185 3933 1502 3999 cucurrisse,
1524 3935 1648 4005 quia
1672 3934 1780 4003 jam
1810 3935 1969 3990 etiam
1994 3941 2129 3989 atte-

559 4026 786 4081 statione
826 4036 1141 4082 cancrorum
1188 4027 1322 4083 nihil
1364 4027 1431 4083 ab
1464 4028 1734 4098 Evangelii
1765 4029 1987 4084 veritate
2023 4028 2131 4083 dis-

556 4115 754 4170 sentire
777 4116 1116 4185 approbatur.

632 4205 719 4258 11.
762 4204 860 4279 [lb.
884 4192 939 4271 ιι,
969 4207 1106 4281 5-5.]
1137 4208 1242 4265 Sed
1277 4225 1436 4282 neque
1478 4209 1619 4264 Titus
1657 4211 1744 4281 qui
1774 4227 1966 4264 mecum
2005 4220 2128 4278 erat,

560 4295 750 4365 inquit,
792 4313 906 4351 cum
950 4308 1073 4352 esset
1114 4298 1337 4367 ercus,
1375 4298 1665 4370 compulsus
1706 4302 2128 4359 estcircumcidi.

557 4385 808 4454 Quamvis
835 4387 982 4444 Titus
1005 4389 1219 4445 Graecus
1244 4400 1404 4457 esset,
1429 4400 1483 4447 et
1502 4392 1641 4447 nulla
1663 4407 1783 4447 eum
1805 4393 2132 4450 consuetudo

560 4488 654 4534 aut
691 4481 934 4550 cognatio
962 4491 1236 4551 parentum
1272 4482 1579 4539 circumcidi
1618 4493 1852 4555 cogeret,
1883 4485 2021 4540 sicut
2046 4486 2133 4540 Ti-

557 4570 853 4637 motbeum,
883 4570 1037 4627 facile
1076 4580 1251 4628 tamen
1290 4575 1448 4629 etiam
1490 4575 1647 4630 istum
1678 4575 1980 4631 circumcidi
2013 4592 2132 4646 per-

535 4660 789 4716 misisset
816 4661 1123 4731 Apostolus.
1144 4661 1261 4717 Non
1285 4664 1426 4719 enim
1453 4665 1540 4718 tali
1570 4666 1971 4721 circumcisione
1991 4666 2133 4721 salu-

553 4758 660 4808 tem
700 4752 923 4809 docebat
961 4753 1178 4821 auierri,
1201 4755 1295 4811 sed
1325 4755 1371 4811 si
1398 4757 1449 4811 in
1478 4771 1543 4812 ea
1566 4759 1979 4814 constitueretur
2007 4773 2131 4830 spes

555 4844 762 4910 salutis,
790 4843 893 4901 hoc
924 4860 1044 4901 esse
1078 4854 1261 4901 contra
1303 4846 1527 4903 salutem
1554 4849 1884 4906 ostendebat.
1915 4851 2131 4906 Poterat

556 4949 684 5005 ergo
713 4943 771 4989 ut
796 4936 1118 5007 superﬂuam
1147 4952 1301 5008 {equo
1344 4939 1521 4993 animo
1564 4940 1810 5007 tolerare,
1841 4943 2129 4998 secundum

557 5027 876 5081 sententiam
906 5042 1064 5097 quam
1090 5028 1213 5084 alibi
1243 5029 1374 5083 dixit
1401 5045 1415 5082 :
1446 5029 1765 5085 Circumcisio
1803 5033 1930 5087 nihil
1966 5044 2053 5101 est,
2083 5043 2132 5090 et

556 5119 857 5188 prteputium
897 5119 1029 5173 nihil
1070 5130 1179 5185 est;
1213 5120 1304 5175 sed
1344 5108 1618 5175 observatio
1656 5123 2008 5181 mandatorum
2034 5126 2131 5181 Dei

555 5207 598 5278 (l
625 5207 741 5263 Cor.
761 5209 974 5277 vn,i9).
993 5208 1212 5281 Propter
1223 5210 1623 5266 subintroductos
1650 5225 1815 5268 autem
1839 5218 1995 5287 falsos
2018 5217 2129 5288 fra-

556 5309 653 5354 tres
679 5314 784 5354 non
813 5309 895 5355 est
921 5301 1222 5371 compulsus
1251 5301 1400 5356 Titus
1428 5302 1734 5357 circumcidi
1762 5322 1775 5357 :
1803 5304 1856 5359 id
1884 5316 1995 5373 est,
2020 5324 2127 5363 non

619 5410 637 5440 ί
662 5410 982 5480 Levanienses
1002 5411 1178 5462 codicis
1201 5412 1529 5480 hmapdiensis
1558 5417 1857 5480 auctoritate
1867 5427 2124 5480 reponunt,

553 5468 629 5520 his
647 5470 1024 5540 quividebantur
1044 5486 1147 5540 esse
1168 5472 1369 5540 aliquid.
1403 5477 1600 5540 caeteris
1621 5483 1783 5540 tamen
1815 5468 1950 5540 libris
1970 5468 2126 5540 abest,

491 5546 498 5553 ’
554 5530 881 5598 εδεεαιξᾳιςίά,
919 5546 1014 5595 quo
1046 5536 1191 5598 etiam
1230 5530 1281 5583 in
1318 5537 1527 5598 antiquis
1564 5538 1933 5598 Corbeiensibus
1970 5530 2131 5591 smmi

554 5600 690 5662 caret
727 5592 951 5662 Vulgata;
989 5603 1135 5662 atque
1174 5596 1379 5662 δέρᾳ,ᾼίὺὶ
1416 5592 1580 5655 liabet,
1604 5596 1680 5647 Itis
1710 5597 1794 5661 qui
1831 5598 2126 5662 videbantur,

556 5654 738 5723 sicque
752 5662 853 5723 tres
874 5660 981 5702 Mss.
1005 5654 1118 5723 hie:
1144 5665 1194 5706 at
1231 5656 1310 5707 alii
1347 5667 1471 5721 octo,
1498 5654 1683 5723 necnon
1696 5654 1809 5723 nm.
1828 5669 1889 5723 et
1935 5668 2028 5722 Er.,
2053 5654 2129 5713 his

558 5715 893 5788 quiytiideruur:
934 5722 1074 5788 lforro
1092 5719 1137 5767 in
1162 5732 1321 5788 graeco
1337 5727 1432 5781 est,
1453 5715 1543 5772 tois
1565 5720 1773 5788 docosisi,
1792 5722 1840 5772 id
1864 5715 2129 5788 esteisqui

562 5776 774 5823 eminent
796 5776 843 5824 in
864 5776 1087 5840 Feciesra,
1109 5776 1187 5832 uti
1203 5776 1549 5847 interpretatur
1571 5776 1878 5846 Augustinus.

1496 352 1844 413 EPISTOLIE
1882 351 1974 407 AD
2008 320 2344 418 GALATAS,
2384 346 2443 406 s.
2481 346 2845 407 AUGUSTINI

3605 340 3611 345 ’
3640 353 3784 415 ειη

2233 463 2280 518 ei
2310 461 2480 533 potuit
2500 463 2803 535 extorqueri
2844 471 2902 519 ut
2936 463 3419 535 circumcideretur,
3448 466 3575 538 quia
3610 468 3688 526 illi
3714 471 3802 543 qui

2230 552 2640 621 subintroierunt,
2666 553 2813 621 dicit,
2842 556 3147 624 proscultare
3170 556 3444 612 libertatem
3467 573 3678 628 eorum,
3703 576 3800 618 ve-

2232 641 2426 699 hemen
2434 652 2513 699 ter
2526 644 2892 710 observabant,
2910 653 2965 700 et
2979 646 3259 715 cupiebant
3276 648 3585 705 circumcidi
3600 651 3797 719 Titum,

2230 740 2292 788 ut
2327 732 2438 801 jam
2484 733 2960 801 circumcisionem,
2996 735 3153 789 etiam
3198 735 3362 806 ipsius
3400 738 3547 793 Pauli
3585 747 3803 796 attesta-

2231 824 2376 878 tione
2420 832 2475 878 et
2519 825 2897 893 consensione,
2941 835 3187 897 tanquam
3236 829 3393 884 saluti
3440 833 3798 889 necessariam

2230 915 2606 987 pnndicarent;
2644 926 2698 972 et
2728 918 2805 972 sic
2840 932 2953 993 eos,
2984 926 3042 973 ut
3068 920 3160 985 ait,
3190 921 3243 975 in
3280 922 3562 977 servitutem
3596 924 3799 996 redige-

2230 1016 2361 1073 rent,
2389 1007 2441 1061 id
2470 1016 2569 1075 est,
2592 1008 2690 1064 sub
2714 1024 2875 1063 onera
2901 1009 3057 1080 Legis
3078 1010 3287 1066 servilia
3309 1024 3644 1069 revocarent.
3677 1015 3803 1082 Qui.

2230 1097 2321 1153 bus
2361 1116 2414 1154 se
2450 1116 2539 1153 nec
2576 1101 2643 1154 ad
2676 1100 2871 1169 horam,
2900 1102 2952 1155 id
2981 1111 3082 1167 est,
3118 1116 3217 1158 nec
3243 1103 3309 1158 ad
3351 1113 3559 1176 tempus
3598 1108 3804 1163 cessisse

2230 1188 2358 1244 dicit
2399 1191 2708 1263 subjectioni,
2748 1200 2801 1246 ut
2849 1194 3026 1248 veritas
3070 1192 3331 1251 Evanaelii
3377 1206 3691 1251 permaneret
3738 1198 3801 1252 ad

2232 1279 2432 1337 Gentes.
2478 1280 2485 1286 “

2304 1373 2390 1427 12.
2433 1372 2530 1446 [11).
2559 1390 2616 1441 ιι,
2645 1373 2782 1447 6-9.]
2809 1374 3142 1430 Denotabant
3177 1383 3354 1431 autem
3391 1386 3803 1451 suspectumque

2232 1462 2416 1519 haberi
2458 1463 2708 1519 volebant
2745 1465 2908 1519 invidi
2947 1465 3242 1534 apostolum
3268 1466 3506 1534 Paulum,
3536 1468 3681 1538 quod
3704 1470 3803 1525 ali~

2232 1556 2442 1626 quando
2474 1565 2782 1626 persecutor
2811 1557 3165 1613 Ecclesiarum
3196 1558 3386 1626 fuerit;
3416 1569 3471 1617 et
3501 1560 3623 1617 ideo
3651 1563 3803 1625 dicit.

2232 1646 2313 1701 De
2332 1648 2409 1702 his
2426 1657 2589 1701 autem
2616 1649 2701 1718 qui
2719 1646 2948 1703 videntur
2972 1665 3077 1703 esse
3100 1649 3311 1719 aliquid,
3332 1651 3504 1721 quales
3532 1653 3803 1723 aliquando

2234 1738 2447 1810 fuerint,
2467 1738 2593 1792 nihil
2618 1755 2727 1792 mea
2749 1740 2965 1793 interest.
2984 1739 3114 1808 Quia
3130 1751 3182 1794 et
3197 1741 3284 1809 qui
3304 1739 3548 1796 videntur
3567 1757 3689 1798 esse
3704 1743 3804 1798 ali-

2234 1828 2382 1898 quid,
2400 1828 2700 1882 carnalibus
2720 1828 3020 1883 hominibus
3036 1828 3281 1883 videntur
3294 1844 3414 1885 esse
3431 1831 3628 1900 aliquid
3651 1849 3664 1884 :
3685 1848 3803 1888 nam

2237 1935 2341 1975 non
2361 1929 2484 1975 sunt
2500 1921 2599 1989 ipsi
2615 1920 2826 1990 aliquid.
2849 1921 2914 1975 Et
2932 1921 2977 1975 si
2994 1921 3133 1976 euim
3154 1920 3278 1977 boni
3295 1922 3520 1977 ministri
3541 1924 3633 1978 Dei
3662 1935 3801 1992 sunt,

2236 2009 2476 2065 Christus
2501 2009 2555 2065 in
2580 2009 2683 2064 illis
2708 2019 2787 2065 est
2803 2010 3016 2081 aliquid,
3042 2026 3145 2066 non
3164 2012 3261 2081 ipsi
3278 2028 3373 2082 per
3389 2027 3449 2067 se
3484 2013 3619 2069 Nam
3639 2016 3682 2069 si
3702 1997 3803 2085 ips:

2237 2116 2333 2171 per
2360 2115 2418 2156 se
2443 2109 2622 2156 essent
2645 2101 2861 2171 aliquid,
2895 2117 3104 2172 semper
3130 2102 3351 2157 fuissent
3373 2104 3593 2174 aliquid.
3624 2106 3804 2172 Quales

2238 2192 2508 2262 aliquando
2524 2192 2727 2263 fuerint,
2746 2193 2797 2248 id
2813 2202 2913 2260 est,
2928 2193 3050 2264 quia
3066 2204 3120 2249 et
3136 2194 3231 2263 ipsi
3249 2203 3555 2264 peccatores
3574 2195 3802 2264 fuerunt,

2239 2282 2366 2336 nihil
2379 2298 2472 2337 sua
2484 2282 2610 2337 dicit
2625 2284 2880 2338 interesse
2896 2300 2907 2335 :
2922 2282 3192 2353 quiaDeus
3205 2283 3418 2339 hominis
3429 2301 3693 2356 personam
3704 2303 3804 2340 non

2239 2375 2436 2445 accipit,
2468 2374 2520 2428 id
2545 2386 2646 2440 est,
2679 2374 2792 2428 sine
2818 2388 3164 2444 personarum
3198 2375 3502 2444 acceptione
3529 2390 3711 2432 omnes
3740 2376 3805 2432 ad

2241 2468 2464 2521 salutem
2488 2465 2722 2530 vocavit,
2755 2480 2860 2519 non
2888 2474 3137 2536 reputans
3161 2466 3265 2520 illis
3289 2466 3477 2522 delicta
3508 2481 3712 2522 eorum.
3741 2468 3806 2523 Et

2242 2557 2362 2613 ideo
2385 2556 2694 2612 absentibus
2732 2556 2835 2610 illis
2860 2558 2947 2626 qui
2987 2558 3189 2627 priores
3224 2556 3348 2612 facti
3384 2566 3539 2613 erant
3561 2560 3803 2628 apostoli,

2241 2647 2434 2703 Paulus
2463 2664 2491 2701 a
2514 2648 2737 2702 Domino
2780 2649 3040 2717 perfectus
3078 2657 3158 2704 est
3186 2666 3199 2702 :
3228 2656 3286 2703 ut
3326 2650 3537 2720 quando
3574 2666 3693 2708 cum
3734 2654 3808 2708 eis

2244 2740 2496 2806 contulit,
2528 2739 2659 2793 nihil
2699 2747 2841 2794 esset
2871 2739 3012 2808 quod
3041 2739 3347 2809 periectioni
3371 2741 3485 2812 ejus
3518 2742 3805 2811 adderent;

2245 2831 2338 2886 sed
2375 2831 2550 2902 potius
2583 2831 2825 2886 viderent
2865 2830 3106 2886 eumdem
3136 2832 3411 2889 Dominum
3447 2835 3629 2891 Jesum
3659 2835 3810 2892 Chrio

2242 2930 2403 2988 stum,
2443 2922 2533 2992 qui
2574 2922 2687 2977 sine
2730 2936 3070 2991 personarum
3114 2926 3421 2994 acceptione
3458 2926 3633 2981 salvos
3667 2928 3807 2994 facit,

2242 3012 2345 3069 hoc
2364 3014 2574 3069 dedisse
2593 3014 2755 3068 Paulo
2778 3023 2833 3067 ut
2848 3014 3172 3069 ministraret
3194 3014 3471 3084 Gentibus,
3490 3018 3631 3088 quod
3652 3020 3808 3074 etiam

2243 3102 2401 3158 Petro
2421 3104 2640 3158 dederat
2661 3112 2717 3158 ut
2743 3103 3065 3159 ministraret
3087 3104 3304 3161 Judzeis.
3324 3104 3439 3161 Non
3461 3124 3587 3179 ergo
3614 3110 3810 3165 inventi

2243 3204 2365 3248 sunt
2395 3195 2445 3248 in
2475 3194 2653 3264 aliquo
2680 3194 2960 3249 dissentire
2984 3195 3051 3249 ab
3077 3194 3186 3261 illo,
3209 3206 3265 3251 ut
3289 3213 3411 3254 eum
3435 3199 3525 3254 ille
3552 3214 3611 3255 se
3634 3199 3811 3269 perfe-

2241 3293 2383 3338 ctum
2418 3285 2756 3355 Evangelium
2793 3284 3062 3353 accepisse
3095 3286 3312 3355 diceret,
3341 3288 3419 3343 illi
3455 3298 3727 3359 negarent,
3758 3299 3810 3345 et

2240 3375 2436 3444 aliquid
2488 3376 2682 3432 vellent
2724 3385 2972 3445 tanquam
3020 3377 3331 3446 imperfecto
3380 3381 3738 3438 addere:sed
3779 3398 3811 3440 e

2240 3468 2505 3533 contrario
2557 3484 2652 3539 pro
2702 3469 3174 3539 reprehensoribus
3226 3472 3664 3542 imperfectionis,
3708 3490 3808 3545 ap-

2240 3557 2549 3628 probatores
2573 3560 2911 3630 perfectionis
2940 3560 3170 3617 fuerunt.
3202 3561 3269 3617 Et
3303 3563 3544 3619 dederunt
3579 3565 3810 3622 dexteras

2238 3649 2506 3711 societatis,
2544 3650 2597 3703 id
2637 3659 2736 3715 est,
2766 3664 3148 3708 consenserunt
3186 3654 3237 3708 in
3276 3656 3603 3723 societatem,
3630 3667 3681 3713 et
3710 3674 3808 3729 pa-

2239 3748 2456 3794 ruerunt
2480 3740 2735 3796 voluntati
2763 3743 2969 3797 Domini
2990 3783 3005 3808 ,
3032 3746 3424 3801 consentientes
3452 3757 3509 3802 ut
3532 3748 3726 3803 Paulus
3755 3758 3810 3806 et

2238 3828 2506 3885 Barnabas
2527 3830 2665 3885 irent
2680 3831 2747 3884 ad
2764 3830 2962 3898 Gentes,
2981 3833 3078 3902 ipsi
3100 3843 3265 3889 autem
3287 3836 3340 3888 in
3358 3836 3805 3906 circumcisionem,

2237 3936 2355 3993 qua:
2400 3924 2677 3993 praeputio,
2726 3924 2777 3978 id
2824 3933 2925 3990 est,
2973 3923 3230 3981 Gentibus
3271 3931 3533 3983 contraria
3574 3929 3805 3986 videtur.

2233 4012 2367 4069 Nam
2410 4013 2569 4068 etiam
2609 4016 2686 4068 sic
2725 4022 2897 4084 potest
2928 4015 3167 4085 intelligi,
3188 4016 3329 4085 quod
3356 4017 3448 4083 ait,
3475 4034 3503 4072 e
3530 4022 3806 4088 contrario,

2237 4114 2295 4161 ut
2314 4105 2446 4160 ordo
2474 4105 2574 4160 istc
2604 4106 2673 4161 sit
2698 4124 2710 4160 :
2732 4106 2857 4160 Mihi
2881 4107 3022 4160 enim
3051 4106 3140 4176 qui
3162 4106 3405 4163 videntur
3432 4108 3649 4180 aliquid,
3674 4112 3806 4167 nihil

2236 4207 2595 4267 apposuerunt
2635 4198 2675 4261 ί,
2705 4196 2796 4252 sed
2842 4212 2873 4252 e
2924 4197 3231 4287 contrario.
3263 4207 3319 4253 ut
3366 4215 3464 4255 nos
3509 4202 3722 4271 quidem
3754 4205 3808 4259 in

2236 4288 2431 4346 Gentes
2473 4291 2689 4354 iremus,
2736 4304 2854 4359 qua:
2896 4298 3020 4345 sunt
3070 4292 3349 4346 centraria:
3391 4293 3807 4364 circumcisioni,

2236 4382 2334 4451 ipsi
2364 4391 2539 4437 autem
2584 4383 2636 4436 in
2661 4382 3119 4438 circumcisionem
3142 4425 3156 4449 ,
3187 4396 3571 4441 consenserunt
3597 4388 3729 4443 mihi
3755 4398 3810 4444 et

2235 4472 2488 4528 Barnabic
2511 4489 2525 4539 ;
2557 4473 2659 4528 hoc
2686 4480 2787 4541 est,
2810 4473 3040 4528 dexteras
3056 4475 3303 4529 societatis
3322 4477 3462 4530 nobis
3486 4477 3755 4534 dederunt.

2306 4567 2392 4619 15.
2419 4565 2597 4636 Neque
2621 4566 2672 4619 in
2700 4566 3074 4621 contumeliam
3101 4582 3480 4635 prmcessorum
3508 4570 3627 4639 ejus
3657 4580 3812 4642 putet

2235 4655 2353 4725 quis
2383 4654 2449 4709 ab
2478 4669 2542 4709 eo
2567 4654 2763 4709 dictum
2793 4695 2807 4719 ,
2840 4653 2942 4722 Qui
2980 4655 3210 4709 videntur
3240 4672 3345 4710 esse
3372 4658 3594 4725 aliquid,
3636 4662 3812 4730 quales

2234 4747 2503 4818 aliquando
2530 4748 2736 4816 fuerint,
2778 4746 2903 4801 nihil
2936 4763 3043 4801 mea
3068 4746 3288 4803 interest.
3317 4748 3378 4802 Et
3407 4748 3481 4803 illi
3514 4751 3661 4805 enim
3691 4760 3813 4805 tan-

2234 4853 2391 4908 quam
2418 4837 2717 4906 spirituales
2744 4836 2843 4891 viri
2872 4836 3119 4892 volebant
3145 4839 3319 4893 resisti
3346 4840 3650 4897 carnalibus
3671 4884 3686 4909 ,
3719 4843 3813 4913 qui

2235 4927 2485 4999 putabant
2511 4926 2708 4995 aliquid
2748 4925 2890 4995 ipsos
2920 4941 3040 4981 esse
3062 4969 3077 4993 ,
3109 4933 3165 4981 et
3194 4942 3297 4995 non
3335 4929 3510 4997 potius
3537 4929 3815 4987 Christum

2233 5023 2287 5077 in
2331 5022 2449 5082 eis:
2491 5020 2818 5089 multumque
2852 5018 3190 5089 gaudebant,
3234 5035 3351 5075 cum
3397 5022 3818 5089 persuaderetur

2233 5113 2561 5174 hominibus,
2588 5118 2643 5165 et
2668 5110 2871 5180 seipsos
2898 5124 3250 5180 praecessores
3277 5111 3455 5177 Pauli,
3486 5113 3628 5168 sicut
3655 5130 3814 5169 eum-

2232 5205 2353 5259 dem
2380 5201 2622 5263 Paulum,
2660 5214 2724 5254 ex
2752 5199 3115 5269 peccatoribus
3143 5200 3457 5270 iustiﬁcatos
3486 5218 3609 5259 esse
3642 5220 3672 5259 a
3699 5205 3813 5259 Do-

2233 5296 2408 5359 mino,
2448 5292 2538 5361 qui
2572 5304 2858 5361 personam
2885 5290 3115 5345 hominis
3143 5305 3248 5345 non
3278 5293 3470 5362 accipit
3499 5309 3515 5347 :
3548 5297 3669 5365 quia
3714 5296 3819 5351 Dei

2230 5385 2451 5456 gloriam
2494 5383 2833 5453 quaerebant,
2860 5398 2965 5438 non
2995 5397 3165 5437 suam.
3196 5383 3299 5439 Sed
3323 5384 3447 5455 quia
3483 5388 3727 5443 carnales
3760 5399 3823 5445 et

2230 5475 2440 5544 superbi
2462 5473 2725 5540 homines,
2748 5475 2793 5527 si
2812 5473 2939 5544 quid
2959 5473 3026 5528 de
3050 5475 3155 5528 vita
3176 5474 3409 5546 ipsorum
3433 5479 3699 5546 praeterita
3732 5479 3823 5534 di-

2230 5568 2401 5630 citur,
2434 5568 2759 5633 irascuntur,
2802 5573 2856 5623 et
2890 5566 2942 5620 in
2985 5566 3358 5622 contumeliam
3396 5570 3693 5639 accipiunt;
3746 5586 3822 5628 ex

2292 5724 2310 5754 ι
2335 5730 2433 5771 Am.
2458 5727 2737 5794 Enetus:
2769 5720 2960 5794 decem,
2992 5720 3275 5794 gingiuam
3295 5722 3380 5787 qui
3407 5721 3649 5785 um,
3682 5722 3829 5778 πω

2228 5791 2582 5846 apposueram;
2608 5797 2701 5834 nec
2720 5783 2919 5845 habent,
