4048 6470
241 473 386 535 2115

243 585 426 640 animo
449 595 548 636 suo
575 573 859 646 conjiciunt
891 568 1194 642 Apostolos.
1227 567 1416 622 Petrus
1441 574 1614 620 autem
1647 571 1700 618 ct
1726 561 1816 616 Ja-

244 678 410 735 cobus
430 683 483 730 et
502 673 730 728 Joannes
753 665 1116 721 honoratiores
1139 662 1190 716 in
1218 658 1484 730 Apostolis
1503 663 1673 720 erant,
1695 653 1818 723 quia

245 768 376 838 ipsis
404 765 574 820 tribus
602 778 661 818 se
690 763 744 816 in
785 767 967 814 monte
998 755 1249 810 Dominus
1278 749 1506 806 ostendit
1536 749 1588 803 in
1616 745 1818 817 signiﬁ-

244 837 455 912 catione
487 853 638 923 regni
677 851 787 916 sui,
819 863 938 904 cum
965 855 1088 901 ante
1124 859 1218 899 sex
1251 842 1365 898 dies
1390 841 1610 895 dixisset
1641 856 1654 892 :
1689 837 1822 891 Sunt

245 950 327 1002 hic
355 947 561 1015 quidam
586 943 650 998 de
675 938 1130 1004 circumstantibus,
1159 936 1242 1006 qui
1271 951 1371 988 non
1390 932 1654 1004 gustabunt
1682 945 1820 982 mor-

245 1050 366 1105 tem,
406 1039 560 1091 donec
594 1035 792 1088 videant
820 1031 1012 1085 Filium
1037 1028 1250 1082 hominis
1284 1027 1337 1080 in
1365 1040 1517 1094 regno
1544 1020 1716 1074 Patris
1743 1018 1824 1073 sui

246 1131 459 1202 (Matth.
490 1145 583 1183 xvi
607 1169 620 1192 ,
648 1126 762 1198 28).
790 1126 897 1179 Nec
933 1123 1031 1192 ipsi
1059 1129 1211 1177 erant
1240 1119 1527 1181 columnae,
1555 1113 1649 1170 sed
1672 1112 1822 1167 vide—

244 1223 460 1277 bantur.
497 1219 727 1274 Noverat
768 1217 909 1271 enim
948 1214 1140 1269 Paulus
1185 1208 1495 1280 sapientiam
1536 1205 1826 1260 aediﬁcasse

245 1316 346 1372 sibi
378 1315 593 1369 domum
613 1354 629 1379 ,
671 1319 726 1366 et
761 1325 867 1365 non
895 1317 1003 1363 tres
1028 1307 1302 1361 columnas
1330 1301 1664 1358 constituisse
1689 1339 1704 1364 ,
1732 1296 1825 1352 sed

246 1418 454 1477 septem
488 1405 666 1477 (Prov.
695 1419 750 1458 Ix
774 1443 789 1469 ,
832 1402 887 1473 1)
921 1419 934 1454 :
963 1400 1053 1470 qui
1079 1411 1330 1452 numerus
1366 1395 1449 1450 vel
1479 1393 1545 1448 ad
1573 1393 1825 1447 unitatem

248 1497 607 1553 Ecclesiarum
636 1493 861 1550 refertur
886 1490 1060 1562 (solet
1085 1489 1225 1544 enim
1253 1503 1347 1558 pro
1377 1486 1621 1540 universo
1663 1479 1824 1550 poni,

247 1592 386 1646 sicut
412 1594 468 1646 in
503 1587 786 1658 Evangelio
820 1585 1018 1640 dictum
1045 1591 1147 1649 est,
1178 1581 1400 1650 Accipiet
1437 1578 1490 1631 in
1519 1581 1613 1629 hoc
1644 1571 1827 1628 siccqu

246 1681 431 1750 septies
477 1676 554 1751 [a]
595 1685 785 1731 tantum
821 1672 1029 1746 [Matt/t.
1083 1685 1177 1726 Xlx
1201 1710 1216 1736 ,
1259 1666 1382 1738 29];
1413 1681 1476 1721 ac
1510 1665 1556 1719 si
1589 1664 1824 1730 diceret,

253 1770 412 1835 Quasi
439 1767 566 1821 nihil
590 1766 844 1831 habentes,
873 1773 918 1818 et
953 1762 1120 1817 omnia
1149 1759 1455 1831 possidentes
1481 1755 1548 1830 [ll
1574 1755 1690 1811 Cor.
1730 1770 1784 1808 γι
1810 1794 1825 1821 ,

249 1859 367 1932 10].
396 1859 551 1915 Unde
588 1859 746 1913 etiam
783 1857 1013 1910 Joannes
1041 1853 1105 1907 ad
1132 1861 1332 1922 septem
1359 1848 1543 1904 scribit
1567 1845 1830 1902 Ecclesias

252 1949 436 2025 [Apoc.
463 1967 515 2017 ι,
543 1947 603 2022 4]
631 1990 644 2014 ,
677 1963 795 2019 qua:
826 1947 1006 2016 utique
1041 1942 1354 1999 universalis
1382 1939 1636 1994 Ecclesia:
1662 1937 1679 1968 ¹
1710 1951 1831 2006 pcr-

250 2057 439 2097 sonam
460 2039 703 2112 gerunt);
725 2038 808 2094 vel
830 2045 975 2094 certe
998 2035 1062 2090 ad
1089 2032 1441 2104 septenariam
1465 2029 1828 2100 operationem

252 2133 482 2203 Spiritus
527 2130 694 2185 sancti
732 2129 899 2198 magis
949 2127 1175 2182 refertur
1219 2122 1548 2193 septenarius
1582 2132 1832 2174 numerus

252 2225 640 2286 columnarum,
670 2219 941 2290 sapientia:
967 2226 1021 2272 et
1048 2215 1365 2280 intellectus,
1398 2211 1604 2267 consilii
1629 2219 1685 2266 et
1721 2210 1830 2264 for-

254 2315 512 2379 titudinis,
542 2313 776 2368 scientiae
803 2319 858 2366 et
887 2309 1114 2380 pietatis,
1144 2315 1198 2362 et
1222 2307 1425 2362 timoris
1453 2305 1545 2360 Dei
1573 2301 1724 2377 (Isai.
1753 2317 1830 2371 ιι,

252 2408 310 2474 2,
345 2407 425 2476 5),
457 2405 646 2477 quibus
671 2402 1061 2474 Operationibus
1089 2400 1275 2455 domus
1301 2398 1422 2454 Filii
1443 2397 1568 2464 Dei,
1600 2395 1702 2450 hoc
1729 2405 1829 2462 est,

256 2499 496 2555 Ecclesia
522 2499 843 2554 continetur.

328 2592 417 2646 14.
450 2590 546 2663 [lb.
575 2606 634 2657 ιι,
669 2587 780 2659 10.]
807 2584 956 2654 Quod
982 2593 1157 2640 autem
1186 2583 1294 2650 ait,
1322 2580 1542 2636 Tantum
1567 2589 1620 2633 ut
1645 2594 1835 2651 paupe-

258 2700 372 2738 rum
396 2699 637 2738 memores
661 2695 896 2745 essemus,
920 2677 1052 2748 quod
1071 2684 1117 2746 et
1139 2675 1312 2731 studui
1332 2674 1424 2727 hoc
1445 2665 1610 2744 ipsum
1633 2674 1796 2741 facere
1815 2685 1836 2722 :

259 2776 558 2831 communis
584 2789 708 2829 cura
738 2781 853 2828 erat
871 2770 1116 2826 omnibus
1138 2767 1405 2839 Apostolis
1426 2766 1492 2820 de
1519 2764 1837 2835 pauperibus

261 2877 565 2922 sanctorum
588 2906 604 2933 ,
634 2864 722 2935 qui
751 2872 898 2918 erant
930 2862 985 2915 in
1023 2860 1203 2916 Judtca
1224 2901 1238 2925 ,
1284 2859 1375 2929 qui
1418 2873 1594 2912 rerum
1624 2869 1838 2909 suarum

269 2957 601 3013 venditarum
638 2954 807 3025 pretia
853 2951 920 3007 ad
961 2951 1121 3022 pedes
1150 2949 1524 3020 Apostolorum
1556 2952 1841 3017 posuerant

265 3049 402 3122 (Act.
445 3065 498 3103 tv
523 3089 538 3113 ,
581 3045 693 3115 35).
723 3046 809 3102 Sic
837 3060 962 3115 ergo
987 3045 1053 3097 ad
1080 3044 1276 3099 Gentes
1321 3042 1472 3096 missi
1500 3046 1623 3095 sunt
1647 3038 1840 3093 Paulus

265 3150 321 3198 et
348 3140 640 3206 Barnabas,
669 3147 726 3194 ut
749 3138 1000 3194 Ecclesia:
1024 3137 1270 3192 Gentium
1293 3151 1408 3206 qua:
1438 3135 1539 3189 hoc
1566 3149 1670 3188 non
1699 3131 1842 3187 fece-

267 3241 430 3299 rant,
461 3231 858 3295 ministrarent,
898 3228 1193 3288 hortatione
1217 3228 1448 3296 ipsorum
1469 3268 1483 3293 ,
1516 3226 1593 3280 eis
1626 3225 1714 3294 qui
1741 3224 1844 3279 hoc

268 3321 508 3377 fecerant
540 3340 552 3375 :
585 3323 721 3377 sicut
743 3321 810 3376 ad
836 3320 1104 3377 Romanos
1127 3318 1270 3384 dicit,
1308 3337 1326 3369 ‹
1359 3318 1507 3372 Nunc
1526 3326 1700 3370 autem
1721 3331 1845 3386 per-

268 3431 388 3483 gam
417 3415 711 3470 Jerusalem
748 3413 1047 3468 ministrare
1072 3412 1268 3467 sanctis
1300 3428 1312 3463 :
1346 3409 1538 3480 placuit
1562 3409 1703 3465 enim
1732 3408 1843 3463 Ma-

270 3508 512 3564 cedonia:
535 3516 589 3564 ct
625 3505 836 3561 Achaia:
861 3503 1287 3561 communionem
1325 3502 1554 3571 aliquam
1589 3499 1762 3554 facere
1790 3499 1846 3554 in

270 3615 534 3671 pauperes
572 3609 904 3665 sanctorum,
939 3597 1030 3668 qui
1063 3605 1186 3652 sunt
1222 3596 1275 3649 in
1300 3595 1612 3650 Jerusalem.
1645 3593 1848 3648 Placuit

272 3694 414 3748 enim
439 3693 560 3758 illis,
589 3701 644 3748 et
663 3691 929 3747 debitores
957 3704 1142 3744 eorum
1170 3697 1310 3742 sunt.
1339 3687 1395 3742 Si
1421 3687 1563 3742 enim
1593 3685 1844 3755 spiritua-

275 3785 412 3841 libus
437 3801 624 3840 eorum
662 3783 1185 3839 communicaverunt
1223 3779 1454 3845 Gentes,
1495 3778 1691 3834 debent
1714 3785 1768 3832 et
1792 3777 1847 3832 in

273 3877 574 3932 carnalibus
602 3876 901 3931 ministrare
925 3875 1003 3930 eis
1033 3867 1206 3944 (Rom.
1229 3887 1315 3936 xv,
1347 3869 1561 3940 25-27).

349 3969 435 4023 15.
477 3966 574 4040 [1b.
605 3983 680 4034 ιι,
707 3963 915 4037 11-16.]
956 3963 1012 4018 ln
1058 3963 1254 4018 nullam
1295 3976 1420 4032 ergo
1458 3957 1847 4016 simulationem

277 4058 470 4115 Paulus
507 4061 687 4128 lapsus
722 4067 869 4125 erat,
911 4057 1031 4127 quia
1061 4054 1306 4110 servabat
1336 4053 1528 4123 ubique
1552 4051 1693 4122 quod
1719 4066 1850 4106 con-

276 4166 468 4222 gruere
493 4149 732 4216 videbat,
759 4150 868 4204 sive
894 4147 1143 4202 Ecclesiis
1170 4146 1415 4202 Gentium
1439 4186 1454 4211 ,
1486 4143 1597 4198 sive
1637 4143 1849 4198 Judan-

277 4259 416 4308 rum,
448 4251 508 4297 ut
532 4255 786 4311 nusquam
814 4238 1046 4294 auferret
1073 4235 1506 4292 consuetudinem
1530 4276 1545 4304 ,
1587 4250 1704 4304 quae
1732 4249 1849 4289 ser-

278 4344 395 4388 vata
441 4348 548 4388 non
591 4331 908 4402 impediebat
950 4329 1016 4384 ad
1058 4327 1398 4383 obtinendum
1443 4341 1663 4396 regnum
1708 4325 1846 4380 Dei:

279 4431 483 4483 tantum
515 4426 801 4481 admonens
827 4439 894 4479 ne
923 4423 1040 4493 quis
1069 4423 1122 4476 in
1151 4421 1428 4490 superﬂuis
1455 4429 1676 4489 poneret
1701 4435 1852 4488 spem

280 4519 492 4584 salutis,
523 4518 680 4572 etiam
717 4516 762 4572 si
786 4513 1222 4570 consuetudinem
1254 4513 1307 4565 in
1334 4511 1411 4565 eis
1440 4520 1652 4579 propter
1681 4509 1851 4564 oﬁ‘en-

278 4611 486 4664 sionem
513 4609 841 4662 inﬁrmorum
869 4605 1134 4661 custodire
1168 4604 1344 4659 vellet.
1386 4602 1531 4659 Sicut
1569 4603 1635 4658 ad
1665 4602 1854 4657 Corin-

279 4701 420 4756 thios
470 4700 642 4756 dicit:
693 4718 711 4752 t
762 4699 1115 4754 Circumcisus
1158 4698 1276 4767 quis
1317 4705 1532 4751 vocatus
1581 4695 1703 4750 est?
1745 4710 1854 4749 non

279 4793 510 4848 adducat
549 4792 879 4861 praeputium.
913 4790 969 4843 ln
1016 4788 1273 4859 pricputio
1309 4789 1427 4858 quis
1472 4801 1688 4843 vocatus
1731 4787 1856 4842 est?

281 4898 385 4938 non
414 4881 839 4938 circumeidatur.
882 4878 1225 4937 Circumcisio
1254 4879 1383 4932 nihil
1409 4887 1490 4933 est
1510 4921 1522 4945 ,
1555 4888 1608 4933 et
1645 4894 1856 4948 praepu-

283 4976 412 5030 tium
435 4974 567 5029 nihil
587 4983 670 5028 est
692 4990 706 5040 ;
732 4972 827 5028 sed
845 4972 1142 5027 observatio
1159 4969 1524 5024 mandatorum
1549 4971 1661 5025 Dei.
1687 4971 1858 5026 Unus-

281 5069 510 5138 quisque
553 5066 606 5122 in
650 5081 751 5136 qua
791 5067 1066 5120 vocatione
1092 5073 1306 5120 vocatus
1343 5075 1442 5128 est,
1480 5065 1531 5117 in
1557 5079 1617 5116 ca
1642 5077 1858 5132 perma-

284 5169 406 5216 neat
430 5179 448 5212 ι
491 5158 533 5230 (Ι
557 5159 672 5214 Cor.
703 5174 797 5224 vn,
829 5157 1032 5228 18-20).
1062 5159 1174 5215 lloc
1200 5159 1340 5214 enim
1367 5157 1433 5212 ad
1460 5173 1550 5212 eas
1576 5165 1860 5212 consuetu-

285 5253 438 5307 dines
473 5251 558 5306 vel
587 5250 916 5306 conditiones
943 5251 1063 5304 vitae
1095 5251 1300 5316 retulit,
1333 5266 1450 5320 qua:
1495 5249 1626 5304 nihil
1666 5250 1861 5304 obsunt

288 5343 409 5397 ﬁdei
434 5343 693 5411 bonisque
727 5342 979 5396 moribus.
1018 5341 1133 5396 Non
1163 5343 1303 5395 enim
1331 5344 1373 5395 si
1399 5341 1532 5394 latro
1558 5351 1671 5396 erat
1711 5342 1859 5411 quis-

288 5451 390 5503 que
419 5449 540 5488 cum
570 5444 784 5489 vocatus
810 5443 908 5499 est,
953 5434 1110 5489 debet
1140 5434 1191 5487 in
1220 5434 1496 5488 latrocinio
1526 5448 1858 5502 permanere.

289 5524 478 5580 Petrus
517 5536 693 5597 autem
733 5526 1111 5580 cumvenisset
1149 5525 1515 5591 Antiochiam,
1557 5524 1862 5592 objurgatus

289 5628 370 5674 est
392 5635 422 5674 a
447 5619 631 5687 Paulo,
659 5635 765 5674 non
790 5620 909 5690 quia
936 5620 1180 5675 servabat
1199 5617 1632 5674 consuetudinem
1655 5615 1864 5670 Judaeo-

355 5794 375 5826 ί
403 5804 502 5866 ιξιιιἲ
529 5802 579 5845 et
595 5800 670 5866 Er‘.
685 5797 1097 5866 consentientibus
1112 5796 1286 5846 decem
1308 5804 1432 5859 Mss,
1460 5810 1570 5863 qtttc
1593 5805 1750 5863 utique
1765 5797 1867 5851 uni-

294 5857 526 5906 versitatis
548 5857 786 5908 Ecclesitc.

357 5919 432 5982 (tt)
453 5925 593 5971 Forte
614 5921 664 5972 iu
685 5934 843 5983 graeco
866 5927 996 5986 erat,
1020 5919 1390 5986 hcptaplasiona.

1406 446 1866 510 EXPOSITIONIS
1900 443 2104 505 LIBER
2142 447 2342 506 UNUS.

3345 410 3518 503 aut

1929 577 2078 630 rum,
2127 563 2177 618 in
2216 580 2317 634 qua
2364 572 2517 621 natus
2542 570 2701 634 atque
2737 560 2990 618 educatus
3013 566 3129 617 erat
3157 560 3490 633 (quanquam

1925 657 2061 726 apud
2084 656 2278 713 Gentes
2300 674 2415 713 eam
2439 674 2543 714 non
2571 655 2838 728 servaret)
2869 674 2883 710 :
2915 656 3007 711 sed
3035 656 3336 727 objurgatus
3365 665 3446 710 est
3467 695 3486 724 ,

1926 751 2045 820 quia
2088 750 2342 806 Gentibus
2379 768 2496 807 cam
2533 751 2744 806 volebat
2773 753 3041 822 imponere
3067 793 3080 818 ,
3111 764 3232 805 cum
3274 748 3492 802 vidisset

1925 842 2180 912 quosdam
2205 844 2413 898 venisse
2440 843 2500 896 ab
2538 843 2759 908 Iacobo,
2806 842 2859 896 id
2899 851 3016 910 est,
3052 857 3080 894 a
3109 840 3321 905 Judaea;
3369 853 3492 893 nam

1926 934 2178 990 Ecclesiae
2221 934 2675 1006 Jerosolymitantc
2725 935 2950 990 Jacobus
2993 931 3221 1004 praefuit.
3275 931 3492 985 Timcns

1927 1040 2054 1096 ergo
2092 1041 2184 1082 eos
2221 1027 2310 1097 qui
2337 1025 2508 1081 adhuc
2549 1026 2802 1096 putabant
2829 1025 2880 1079 in
2908 1023 3012 1079 illis
3040 1019 3494 1078 observationibus

1927 1117 2150 1172 salutem
2177 1118 2512 1172 constitutam
2536 1157 2550 1182 ,
2598 1116 2910 1186 segregabat
2947 1130 3004 1170 se
3047 1131 3076 1168 a
3114 1111 3373 1170 Gentibus
3397 1152 3410 1176 ,
3440 1119 3496 1165 et

1929 1207 2172 1262 simulate
2215 1208 2320 1262 illis
2367 1207 2730 1262 consentiebat
2774 1205 2840 1260 ad
2884 1205 3198 1275 imponenda
3238 1201 3497 1259 Gentibus

1929 1297 2017 1352 illa
2059 1312 2220 1352 onera
2261 1298 2529 1354 servitutis
2580 1317 2593 1351 :
2637 1296 2775 1368 quod
2817 1298 2870 1351 in
2916 1296 3080 1366 ipsius
3121 1292 3497 1364 objurgationis

1929 1387 2104 1441 verbis
2129 1388 2258 1442 satis
2279 1395 2516 1457 apparet.
2547 1386 2661 1442 Non
2684 1387 2825 1442 enim
2851 1386 2942 1450 ait,
2970 1385 3028 1439 Si
3050 1393 3120 1452 tu,
3148 1401 3261 1437 cum
3283 1381 3499 1436 Judteus

1929 1478 1998 1533 sis
2023 1519 2036 1542 ,
2065 1477 2351 1546 Gentiliter,
2393 1487 2440 1533 et
2479 1495 2580 1532 non
2611 1477 2828 1532 Iudaica
2863 1477 2983 1532 vivis
3005 1519 3020 1544 ,
3057 1475 3500 1547 quemadmodum

1931 1584 2114 1624 rursus
2139 1569 2205 1623 ad
2231 1569 2665 1625 consuetudinem
2693 1569 2994 1624 Judazorum
3023 1565 3342 1623 reverteris?
3369 1563 3462 1620 sed
3481 1605 3498 1633 ,

1931 1663 2368 1732 quemadmodum,
2399 1662 2588 1731 inquit,
2631 1661 2810 1715 Gentes
2851 1661 2986 1731 cogis
3015 1658 3322 1731 judaizare?
3349 1654 3502 1724 Quod

1933 1762 2106 1808 autem
2134 1753 2234 1808 hoc
2258 1753 2306 1808 ei
2335 1769 2503 1806 coram
2541 1751 2765 1806 omnibus
2791 1751 2954 1819 dixit,
2983 1750 3267 1805 necessitas
3292 1747 3502 1817 coegit,

1933 1857 1991 1901 ut
2017 1861 2202 1902 omnes
2233 1846 2372 1900 illius
2411 1845 2774 1916 objurgatione
2813 1852 3147 1899 sanarentur.
3195 1841 3311 1896 Non
3359 1840 3503 1894 enim

1935 1939 2062 1994 utile
2108 1947 2223 1994 erat
2264 1953 2500 1993 errorem
2544 1939 2633 2008 qui
2674 1937 2851 2008 palam
2896 1941 3148 2000 noceret,
3196 1933 3249 1986 in
3296 1938 3503 1986 secreto

1935 2029 2239 2084 emendare.
2285 2029 2397 2083 Huc
2421 2028 2625 2084 accedit
2651 2027 2790 2097 quod
2819 2026 3041 2081 ﬁrmitas
3069 2034 3121 2080 et
3150 2023 3382 2079 Charitas
3407 2023 3509 2077 Pe-

1935 2121 2027 2190 tri,
2055 2122 2137 2176 cui
2161 2129 2245 2176 ter
2263 2136 2293 2174 a
2319 2122 2542 2176 Domino
2564 2120 2760 2175 dictum
2782 2128 2882 2183 est,
2906 2119 3058 2172 Amas
3081 2133 3156 2170 me
3176 2117 3202 2170 Ρ
3231 2131 3377 2188 pasce
3397 2128 3510 2168 oves

1937 2229 2071 2266 meas
2093 2211 2272 2282 (Joan.
2300 2228 2408 2276 xxi,
2439 2211 2551 2283 15),
2573 2211 2992 2280 objurgationem
3020 2209 3176 2263 talem
3198 2205 3508 2278 posterioris

1938 2303 2165 2374 pastoris
2218 2317 2312 2372 pro
2360 2302 2526 2355 salute
2570 2301 2744 2370 gregis
2800 2299 3148 2354 libentissime
3198 2295 3511 2352 sustinebat.

1936 2393 2070 2449 Nam
2110 2378 2223 2448 erat
2251 2393 2587 2462 objurgatore
2616 2408 2713 2446 suo
2751 2390 2864 2460 ipse
2889 2390 2978 2460 qui
3005 2389 3381 2458 objurgabatur
3409 2385 3516 2440 mi-

1939 2485 2178 2549 rabilior,
2205 2494 2258 2538 et
2286 2484 2352 2538 ad
2376 2481 2685 2537 imitandum
2711 2480 2996 2537 difﬁcilior.
3016 2480 3245 2535 Facilius
3261 2489 3346 2534 est
3372 2479 3514 2534 enim

1939 2575 2122 2630 videre
2150 2574 2276 2644 quid
2303 2575 2352 2626 in
2380 2575 2483 2627 alio
2509 2575 2762 2642 corrigas,
2790 2581 2949 2642 atque
2972 2572 3026 2626 id
3054 2571 3402 2641 vituperando
3428 2569 3515 2625 vel

1942 2664 2269 2735 objurgando
2297 2664 2590 2733 corrigere,
2623 2678 2781 2732 quam
2812 2663 2990 2718 videre
3027 2663 3151 2732 quid
3175 2663 3229 2716 in
3259 2671 3309 2718 te
3345 2659 3515 2716 corri-

1942 2757 2170 2828 gendum
2221 2756 2308 2821 sit,
2359 2756 2689 2825 lihenterque
2730 2756 2940 2825 corrigi,
2985 2755 3066 2809 vel
3121 2770 3216 2825 per
3269 2755 3515 2823 teipsum,

1944 2849 2138 2904 nedum
2187 2865 2280 2918 per
2324 2848 2519 2912 alium;
2564 2847 2696 2902 adde
2741 2848 3121 2916 posteriorem,
3168 2845 3304 2901 adde
3349 2859 3520 2898 coram

1947 2941 2191 2994 omnibus.
2236 2939 2386 2993 Valet
2427 2948 2604 2992 autem
2660 2937 2761 2992 hoc
2806 2937 2871 2992 ad
2919 2952 3165 3006 magnum
3209 2935 3520 2990 humilitatis

1946 3031 2246 3100 exemplum
2270 3070 2287 3098 ,
2323 3046 2440 3100 quae
2485 3029 2710 3083 maxima
2753 3036 2836 3083 est
2873 3028 3149 3097 disciplina
3187 3027 3516 3081 christiana:

1949 3123 2248 3177 humilitate
2309 3121 2450 3176 enim
2500 3127 2844 3175 conservatur
2887 3118 3136 3174 Charitas.
3195 3117 3330 3172 Nam
3385 3114 3520 3170 nihil

1949 3232 2066 3273 eam
2105 3217 2258 3270 citius
2299 3213 2461 3268 violat
2502 3228 2659 3282 quam
2697 3211 2959 3282 superbia.
3008 3211 3074 3266 Et
3117 3209 3238 3264 ideo
3267 3208 3522 3263 Dominus

1949 3324 2055 3363 non
2083 3308 2176 3373 ait,
2207 3306 2396 3361 Tollite
2413 3306 2595 3375 jugum
2619 3319 2796 3358 meum
2817 3311 2870 3358 et
2896 3303 3082 3357 discite
3109 3316 3140 3355 a
3166 3315 3250 3355 me
3274 3301 3523 3370 quoniam

1950 3399 2295 3470 quatriduana
2340 3397 2406 3452 de
2443 3396 2698 3465 sepulcris
2737 3395 2992 3450 cadavera
3021 3391 3285 3447 exsuscito
3309 3433 3322 3455 ,
3364 3399 3525 3460 atque

1952 3493 2130 3546 omnia
2166 3489 2426 3545 dmmonia
2466 3487 2530 3542 de
2559 3487 2868 3555 corporibus
2903 3484 3176 3538 hominum
3205 3481 3528 3550 morbosque

1951 3583 2180 3652 depello,
2208 3590 2260 3634 et
2286 3588 2475 3634 cmtera
2503 3578 2658 3647 hujus
2688 3577 2830 3630 modi
2859 3574 2997 3630 :tsed
3020 3614 3034 3638 ,
3066 3572 3280 3639 Tollite,
3312 3573 3520 3641 inquit,

1949 3675 2126 3744 iugum
2146 3689 2330 3735 meum,
2359 3680 2404 3724 et
2430 3669 2603 3723 discite
2633 3686 2664 3721 a
2691 3685 2768 3722 me
2793 3667 2909 3737 quia
2935 3666 3068 3720 mitis
3095 3682 3227 3732 sum,
3251 3673 3297 3717 et
3322 3661 3528 3716 humilis

1951 3763 2100 3818 corde
2129 3762 2336 3835 (Matth.
2360 3777 2433 3828 χι,
2456 3759 2569 3832 29).
2601 3759 2694 3814 Illa
2721 3758 2861 3812 enim
2887 3758 3034 3828 signa
3063 3764 3186 3811 sunt
3211 3769 3388 3820 rerum
3417 3753 3530 3822 spi-

1950 3854 2218 3910 ritualium
2253 3872 2267 3908 :
2299 3853 2478 3907 mitem
2514 3859 2688 3905 autem
2730 3863 2848 3904 esse
2885 3856 2938 3902 et
2975 3847 3226 3901 humilem
3255 3843 3529 3900 cl‘taritatis

1951 3953 2378 4001 conservatorem
2407 3945 2425 3975 ί
2451 3983 2466 4008 ,
2512 3958 2598 3998 res
2624 3943 2752 4011 ipsae
2789 3939 3088 4010 spirituales
3113 3945 3238 3992 sunt
3257 3978 3272 4004 ,
3300 3934 3366 3990 ad
3394 3949 3528 4006 quas

1950 4053 2047 4108 per
2074 4038 2159 4092 illa
2190 4036 2470 4103 ducuntur,
2502 4033 2591 4104 qui
2615 4033 2780 4088 oculis
2802 4030 3038 4100 corporis
3060 4029 3225 4085 dediti
3252 4027 3410 4083 ﬁdem
3446 4027 3527 4080 in-

1956 4130 2261 4196 visibilium,
2291 4129 2410 4198 quia
2427 4128 2538 4197 jam
2563 4127 2628 4181 de
2651 4126 2787 4180 notis
2810 4124 3116 4192 usitatisque
3147 4136 3252 4174 non
3279 4126 3522 4201 possupt,

1955 4225 2020 4281 de
2050 4225 2200 4280 novis
2225 4231 2279 4278 et
2311 4221 2602 4291 repentinis
2630 4216 2921 4272 visibilibus
2947 4222 3211 4285 quierunt.
3241 4211 3296 4266 Si
3322 4225 3448 4280 ergo
3470 4206 3529 4265 et

1955 4318 2029 4372 illi
2072 4317 2160 4387 qui
2189 4313 2448 4384 cogebant
2473 4308 2993 4378 Gentesjudaizare,
3035 4304 3344 4359 didicissent
3371 4301 3530 4356 mites

1955 4424 2075 4465 esse
2099 4416 2153 4464 et
2178 4405 2404 4461 humiles
2433 4402 2612 4466 corde,
2639 4399 2778 4470 quod
2804 4414 2834 4452 a
2865 4395 3087 4452 Domino
3113 4395 3301 4448 Petrus
3328 4391 3533 4445 didice-

1955 4511 2072 4568 rat;
2116 4499 2302 4555 saltem
2336 4504 2574 4551 correeto
2613 4501 2757 4546 tanto
2799 4490 2911 4544 viro
2947 4487 3014 4541 ad
3050 4484 3361 4540 imitandum
3393 4480 3532 4534 invi-

1957 4603 2227 4659 tarentur,
2277 4606 2376 4646 nec
2414 4595 2658 4660 putarent
2697 4583 3037 4653 Evangelium
3082 4577 3280 4635 Christi
3315 4573 3536 4645 iustitia:

1959 4703 2068 4742 sua:
2116 4695 2362 4755 tanquam
2402 4682 2636 4737 debitum
2684 4678 2948 4734 redditum
2983 4695 2994 4730 :
3024 4673 3110 4730 sed
3156 4674 3362 4728 scientes
3407 4684 3532 4740 quo-

1959 4780 2096 4833 niam
2143 4794 2241 4831 non
2287 4775 2599 4848 justiﬁcatur
2648 4772 2796 4826 homo
2834 4787 2896 4824 ea:
2943 4768 3171 4839 operibus
3221 4763 3390 4834 Legis,
3435 4761 3533 4815 niss

1961 4888 2050 4944 per
2070 4871 2221 4940 ﬁdem
2255 4867 2438 4923 Christi
2461 4864 2586 4919 Jesu
2606 4906 2621 4931 ,
2654 4872 2713 4918 ut
2745 4863 2962 4933 impleat
2980 4874 3140 4929 opera
3166 4855 3321 4925 Legis
3341 4897 3356 4921 ,
3384 4851 3536 4922 adju-

1962 4974 2119 5020 vante
2149 4962 2506 5018 inﬁrmitatem
2553 4973 2702 5013 suam
2725 4999 2740 5024 ,
2773 4971 2876 5011 non
2917 4953 3103 5007 merito
3129 4964 3227 5003 suo
3247 4990 3260 5014 ,
3294 4945 3386 5001 scd
3412 4960 3536 5015 gra-

1965 5059 2036 5112 tia
2077 5057 2208 5122 Dei;
2259 5070 2365 5109 non
2398 5051 2672 5124 exigerent
2700 5049 2767 5103 de
2807 5043 3062 5102 Gentibus
3105 5039 3345 5096 carnales
3380 5035 3537 5104 Legis

1965 5150 2383 5214 observationes,
2418 5146 2512 5202 sed
2537 5160 2631 5215 per
2663 5143 2829 5212 ipsam
2857 5137 3075 5208 gratiam
3101 5133 3257 5215 ﬁdei,
3291 5129 3542 5201 Spiritua-

1966 5245 2034 5299 lia
2065 5258 2223 5314 opera
2250 5241 2406 5310 Legis
2426 5253 2518 5293 eos
2549 5237 2766 5304 implere
2787 5244 2942 5314 posse
2968 5208 3366 5298 cognosc'erent.
3390 5220 3536 5288 Quo-

1967 5337 2106 5390 niam
2135 5349 2201 5388 ex
2228 5331 2474 5402 operibus
2502 5327 2675 5397 Legis,
2708 5338 2829 5379 cum
2859 5320 2968 5376 suis
3007 5317 3202 5374 viribus
3231 5331 3294 5370 ea
3319 5314 3540 5384 quisque

1968 5430 2236 5494 tribuerit,
2270 5443 2374 5481 non
2400 5424 2580 5506 gratiae
2607 5419 2908 5476 miserantis
2935 5417 3027 5472 Dei
3051 5458 3066 5485 ,
3098 5429 3206 5470 non
3229 5407 3539 5483 justiﬁcabi-

1969 5533 2054 5579 tur
2079 5523 2253 5578 omnis
2273 5538 2419 5588 caro,
2449 5519 2501 5574 id
2530 5527 2632 5584 cst,
2660 5516 2833 5570 omnis
2859 5513 3050 5578 homo,
3080 5510 3190 5564 sive
3215 5519 3399 5563 omnes
3425 5515 3543 5556 car-

1969 5619 2159 5673 naliter
2199 5616 2509 5672 sentientes.
2542 5611 2607 5664 Et
2633 5610 2750 5664 ideo
2777 5608 2852 5661 illi
2878 5649 2893 5675 ,
2922 5605 3010 5675 qui
3046 5618 3166 5658 cum
3208 5600 3316 5670 jam
3361 5597 3544 5650 essent

1970 5712 2067 5781 sub
2094 5711 2252 5780 Lege,
2284 5706 2491 5762 Christo
2519 5700 2886 5765 crediderunt,
2919 5714 3024 5752 non
3054 5696 3174 5766 quia
3201 5690 3328 5762 justi
3357 5693 3542 5753 erant,

1969 5804 2065 5861 sed
2092 5811 2148 5857 ut
2165 5801 2596 5870 justiticarentur,
2628 5803 2884 5851 venerunt
2906 5791 2970 5845 ad
2996 5789 3216 5860 gratiam
3242 5782 3383 5838 ﬁdei.

2035 5921 2054 5954 ί
2078 5926 2143 5972 tta
2159 5926 2262 5970 Mss.
2284 5922 2339 5968 At
2360 5915 2495 5972 editi.
2518 5910 2764 5965 charitatis
2781 5902 3070 5960 conservatio
3086 5906 3172 5960 est.
3188 5906 3273 5951 Res
3295 5894 3430 5957 ipsae.
3448 5897 3549 5948 θιο.
