4012 6490
523 401 665 461 2115

597 518 684 572 16.
715 514 811 589 [11).
841 529 902 583 ιι,
933 509 1138 584 15-18.]
1177 496 1517 565 Peccatorum
1544 513 1716 558 autem
1744 513 1933 555 nomen
1955 495 2089 552 Gen-

525 611 664 667 tibus
690 609 1046 678 imposuerant
1072 601 1260 665 Judaei,
1287 599 1394 670 jam
1423 603 1630 652 vetusta
1658 591 1881 664 quadam
1908 603 2093 660 super-

527 703 646 769 bia,
687 711 933 771 tanquam
964 697 1061 768 ipsi
1088 695 1212 765 justi
1242 699 1451 756 essent,
1485 685 1712 742 videndo
1753 682 1998 753 stipulam
2036 679 2091 734 in

1467 382 1816 446 EPISTOLE
1849 379 1941 438 AD
1977 367 2313 446 GALATAS,
2351 375 2409 434 S.
2449 372 2814 436 AUGUSTINI

3622 381 3766 441 2116

2196 493 2288 548 illa
2317 502 2399 549 est
2426 493 2568 549 enim
2593 495 2769 566 potius
2793 509 2949 566 quam
2975 495 3072 551 sub
3096 494 3214 562 illa;
3243 496 3365 570 quia
3388 511 3497 555 non
3535 515 3633 557 sua
3659 504 3767 560 vita

2194 587 2342 653 vivit,
2371 587 2454 641 cui
2483 587 2792 643 coercenda:
2826 588 2932 643 Lex
2961 588 3264 659 imponitur.
3292 589 3362 647 Ut
3387 594 3528 648 enim
3570 596 3648 651 sic
3686 597 3770 653 di-

2195 692 2332 744 cam,
2355 680 2466 750 ipsa
2483 679 2873 751 quodammodo
2888 681 3026 752 Lege
3046 683 3176 737 vivit
3188 683 3229 748 ί,
3246 684 3334 755 qui
3352 701 3472 740 cum
3489 687 3774 748 dilectione

528 797 682 855 oculo
704 769 896 862 alieno,
920 801 973 847 et
996 806 1099 845 non
1132 789 1331 843 trabem
1359 786 1409 838 in
1437 799 1552 839 suo.
1582 777 1884 836 Secundum
1908 787 2091 830 eorum
2191 769 2408 850 justitire
2445 771 2586 842 juste
2613 772 2760 837 vivit,
2806 787 2911 827 non
2941 775 3154 844 proprio
3190 789 3252 830 ac
3298 777 3628 848 transitoria,
3679 781 3772 839 sed

529 905 734 948 morem
762 888 966 941 locutus
996 881 1280 953 Apostolus
1304 879 1406 942 ait,
1450 875 1557 929 Nos
1593 882 1776 927 natura
1800 869 1972 924 Ιαάωί
1988 908 2004 934 ,
2049 873 2096 920 et

531 997 630 1036 non
655 996 715 1033 ea:
740 976 976 1032 Gentibus
997 981 1310 1044 peccatores;
1337 967 1388 1022 id
1409 973 1509 1031 est,
1537 979 1668 1034 quos
1692 959 1954 1031 appellant
1975 970 2099 1027 pec-

533 1081 758 1134 catores,
801 1084 917 1124 cum
945 1066 1051 1121 sint
1089 1073 1141 1118 et
1183 1061 1281 1132 ipsi
1322 1066 1624 1131 peccatores
1656 1071 1668 1106 :
1703 1051 1810 1106 Nos
1836 1065 1982 1120 ergo,
2011 1049 2095 1102 in-

533 1165 678 1236 quit,
708 1171 888 1215 natura
913 1156 1116 1222 Judwi,
1146 1168 1266 1209 cum
1292 1149 1524 1207 Gentiles
1548 1161 1652 1200 non
1679 1155 1934 1207 essemus,
1966 1151 2099 1242 quos

535 1257 634 1328 ipsi
662 1263 962 1325 peccatores
989 1248 1274 1318 appellant,
1305 1253 1480 1298 tamen
1518 1248 1564 1294 et
1601 1254 1688 1292 nos
1720 1241 2025 1328 peccatores
2047 1241 2099 1284 in

535 1322 732 1404 Christo
783 1344 908 1399 Jesu
955 1341 1291 1404 credidimus,
1338 1343 1392 1388 ut
1429 1331 1761 1407 justi/icemur
1811 1341 1897 1396 per
1949 1322 2101 1392 ﬁdem

537 1439 739 1496 Christi.
771 1438 881 1491 Non
909 1444 1083 1490 autem
1127 1435 1424 1504 quaererent
1445 1422 1716 1495 iustificari
1744 1463 1758 1488 ,
1800 1418 1898 1473 nisi
1925 1422 2103 1473 essent

537 1539 860 1603 peccatores.
905 1529 982 1582 An
1028 1526 1159 1579 forte
1196 1522 1315 1592 quia
1365 1520 1418 1573 in
1457 1516 1667 1572 Christo
1706 1513 1981 1566 voluerunt
2019 1509 2100 1579 ju-

537 1622 790 1688 stiticari,
838 1615 1230 1690 peccaverunt?
1273 1612 1434 1686 quia,
1481 1610 1525 1664 si
1575 1607 1680 1678 jam
1733 1605 1860 1675 justi
1911 1603 2100 1668 erant,

538 1714 680 1769 aliud
704 1712 988 1784 qumrendo
1027 1710 1205 1779 utique
1246 1709 1595 1776 peccaverunt
1624 1717 1636 1752 :
1669 1697 1783 1762 sed,
1816 1696 1858 1752 si
1887 1696 1955 1750 ita
1983 1703 2064 1749 est
2087 1735 2103 1761 ,

539 1805 748 1878 inquit,
794 1821 920 1875 ergo
952 1802 1176 1858 Christus
1221 1788 1408 1870 peccati
1442 1794 1666 1850 minister
1701 1801 1792 1847 est.
1823 1787 1972 1856 Quod
2003 1787 2106 1841 uti-

539 1913 644 1968 que
691 1911 792 1950 non
837 1902 1054 1964 possunt
1095 1891 1312 1956 dicere,
1355 1888 1474 1958 quia
1516 1895 1570 1940 et
1612 1884 1709 1954 ipsi
1740 1883 1830 1953 qui
1860 1879 2110 1936 nolebant

541 1987 642 2040 nisi
672 1982 996 2040 circumcisis
1038 1981 1294 2038 Gentibus
1322 1977 1456 2033 tradi
1485 1975 1852 2046 Evangelium,
1880 1972 1932 2026 in
1957 1971 2110 2026 Chri-

540 2086 624 2131 sto
653 2074 1002 2137 crediderant.
1047 2071 1114 2126 Et
1140 2071 1258 2125 ideo
1287 2069 1426 2140 quod
1456 2068 1612 2131 dicit,
1653 2065 1828 2127 Absit,
1877 2079 1980 2118 non
2022 2076 2111 2116 so-

542 2167 625 2225 lus
645 2210 658 2233 ,
695 2166 789 2222 sed
827 2181 946 2220 cum
977 2164 1102 2234 ipsis
1128 2163 1272 2218 dicit.
1303 2160 1566 2215 Destruxit
1599 2167 1775 2212 autem
1809 2154 2110 2224 superbiam

444 2325 446 2327 ,
541 2258 853 2328 gloriantem
877 2255 943 2310 de
971 2253 1218 2324 Operibus
1248 2252 1421 2321 Legis,
1445 2265 1564 2319 quae
1581 2247 1781 2304 destrui
1814 2256 1867 2301 et
1891 2245 2112 2301 deberet

544 2357 598 2402 et
626 2354 819 2416 posset,
849 2361 915 2400 ne
941 2345 1108 2414 gratia
1135 2343 1252 2397 fidei
1286 2342 1556 2394 videretur
1579 2354 1684 2393 non
1713 2337 2030 2404 necessaria,
2065 2338 2110 2392 si

545 2453 705 2508 opera
733 2437 886 2506 Legis
915 2436 1070 2490 etiam
1095 2436 1209 2488 sine
1236 2434 1319 2487 illa
1344 2431 1630 2502 justiﬁcare
1656 2429 2020 2485 crederentur.
2051 2428 2114 2482 Et

546 2529 668 2584 ideo
693 2528 1063 2598 praavaricator
1086 2535 1201 2590 est,
1233 2525 1275 2578 si
1305 2538 1488 2578 rursus
1527 2523 1611 2576 illa
1637 2521 1892 2587 aedificat,
1931 2519 2114 2574 dicens

546 2618 688 2688 quod
710 2633 867 2686 opera
888 2616 1042 2685 Legis
1064 2617 1221 2669 etiam
1242 2615 1358 2666 sine
1376 2614 1539 2683 gratia
1562 2611 1868 2680 justifieant,
1895 2619 1949 2664 ut
1967 2608 2115 2664 Chri-

545 2719 659 2764 stus
677 2710 875 2777 peccati
899 2709 1139 2762 minister
1162 2706 1478 2761 inveniatur.
1510 2704 1694 2757 Posset
1719 2717 1845 2772 ergo
1862 2702 1935 2755 illi
1954 2701 2112 2769 objici

545 2799 770 2865 dicenti,
806 2798 866 2852 Si
893 2799 1025 2851 enim
1053 2812 1164 2867 qua
1188 2796 1429 2858 destruxi,
1463 2795 1567 2848 haec
1593 2794 1765 2847 eadem
1791 2809 1963 2846 rursus
1988 2793 2114 2846 ardi-

543 2891 676 2962 ﬁco,
717 2891 1148 2960 praevaricatorem
1177 2887 1420 2956 meipsum
1457 2885 1699 2938 constituo
1723 2924 1738 2950 ,
1781 2882 1914 2949 Quid
1953 2897 2111 2953 ergo,

464 3000 470 3006 ’
546 2983 665 3054 quia
693 2982 846 3036 fidem
868 2980 1058 3036 Christi
1083 2980 1421 3050 oppugnabas
1444 2987 1618 3044 antea,
1642 2993 1796 3047 quam
1826 2991 1965 3030 nunc
1989 2975 2114 3029 tedi-

546 3071 672 3129 ficas
695 3115 711 3142 ,
756 3075 1209 3144 praevaricatorem
1243 3081 1294 3127 te
1333 3069 1653 3126 constituis?
1695 3069 1799 3126 Sed
1835 3069 1978 3123 illam
2010 3085 2114 3124 non

545 3167 843 3235 destruxit,
875 3169 994 3238 quia
1024 3166 1222 3221 destrui
1255 3182 1357 3219 non
1396 3172 1588 3234 potest.
1629 3161 1775 3218 Hanc
1812 3172 1988 3216 autem
2029 3177 2117 3217 su-

548 3261 782 3332 perbiam
810 3275 932 3313 vere
958 3258 1310 3322 destruxerat,
1338 3263 1744 3322 constanterque
1773 3253 2076 3308 destruebat
2099 3293 2114 3319 ,

548 3350 669 3418 quia
699 3348 898 3402 destrui
944 3356 1164 3416 poterat.
1205 3346 1273 3401 Et
1310 3345 1429 3400 ideo
1473 3360 1578 3399 non
1621 3345 1709 3399 ille
1745 3345 2118 3414 praevaricator

549 3447 650 3504 est,
679 3438 765 3507 qui
797 3454 906 3492 rem
934 3453 1111 3492 veram
1140 3453 1258 3491 cum
1284 3445 1565 3490 conaretur
1589 3435 1879 3501 destruere,
1903 3444 1956 3489 et
1977 3443 2118 3505 post-

549 3543 610 3586 ea
645 3545 820 3584 veram
846 3545 966 3584 esse
990 3544 1052 3583 ac
1083 3528 1279 3582 destrui
1309 3543 1411 3581 non
1443 3541 1598 3600 posse
1632 3535 2008 3597 cognosceret,
2043 3534 2121 3580 te-

548 3621 662 3675 nuit
681 3635 796 3675 eam
825 3628 879 3673 ut
909 3620 959 3672 in
987 3635 1047 3673 ea
1074 3618 1423 3672 aedificaretur
1453 3635 1465 3671 :
1497 3616 1590 3673 sed
1619 3617 1705 3671 ille
1745 3615 2119 3687 praevaricator

546 3718 648 3776 est,
679 3711 766 3780 qui
793 3725 910 3764 cum
939 3709 1257 3763 destruxerit
1284 3723 1398 3764 rem
1421 3707 1630 3775 falsam,
1662 3708 1784 3778 quia
1806 3707 2005 3764 destrui
2024 3721 2121 3780 po.

511 3789 513 3792 i
547 3809 672 3870 test,
705 3818 820 3857 eam
849 3818 1032 3857 rursus
1054 3801 1296 3857 aedificat.

622 3893 707 3948 17.
751 3893 847 3968 [lb'.
869 3911 926 3962 ιι,
961 3892 1171 3967 19-21.]
1197 3893 1452 3948 Mortuum
1477 3903 1652 3949 autem
1674 3908 1732 3950 se
1752 3892 1876 3965 Legi
1899 3893 2045 3962 dicit,
2065 3900 2122 3948 ut

543 3983 653 4058 jam
685 3984 784 4040 sub
825 3986 962 4058 Lege
989 4003 1092 4039 non
1120 3995 1279 4050 esset,
1311 3985 1404 4040 sed
1437 3994 1609 4040 tamen
1652 4002 1739 4056 per
1766 3984 1982 4056 Legem:
2009 3985 2121 4042 sive

547 4076 668 4146 quia
687 4075 899 4130 Judteus
919 4085 1053 4142 erat,
1084 4084 1138 4130 et
1163 4086 1407 4144 tanquam
1439 4074 1779 4144 pmdagogum
1803 4074 1996 4146 Legem
2027 4091 2119 4132 ac-

549 4173 780 4230 ceperat,
809 4165 944 4217 sicut
973 4173 1152 4233 postea
1180 4164 1481 4218 manifestat
1510 4163 1702 4235 (Colat.
1742 4181 1814 4227 ιιι,
1849 4167 1959 4235 ‘24).
2010 4167 2122 4221 Hoc

552 4263 728 4308 autem
759 4256 928 4323 agitur
956 4271 1050 4323 per
1077 4254 1438 4325 pzedagogum,
1468 4264 1525 4309 ut
1552 4273 1656 4310 non
1696 4259 1762 4312 sit
1792 4261 2121 4316 necessarius

511 4419 516 4423 Α
549 4344 906 4416 paedagogus:
942 4344 1079 4398 sicut
1107 4360 1198 4413 per
1238 4345 1398 4399 ubera
1444 4349 1670 4400 nutritur
1710 4347 1901 4413 infans,
1935 4359 1991 4403 ut
2012 4352 2121 4419 jam

550 4434 800 4489 uberibus
841 4449 944 4487 non
985 4434 1242 4503 indigeat;
1276 4443 1329 4489 et
1367 4451 1460 4503 per
1500 4452 1683 4490 navem
1726 4440 2028 4506 pervenitur
2057 4441 2121 4495 ad

551 4525 792 4597 patriam,
815 4533 871 4579 ut
890 4525 996 4594 jam
1018 4523 1135 4577 navi
1161 4540 1293 4593 opus
1316 4541 1417 4578 non
1436 4527 1521 4580 sit.
1543 4526 1664 4581 Sive
1687 4542 1780 4596 per
1801 4527 1992 4599 Legem
2017 4532 2125 4599 spi-

551 4617 812 4672 ritualiter
835 4615 1152 4670 intellectam
1181 4614 1309 4686 Legi
1338 4625 1578 4672 mortuus
1603 4627 1700 4685 est,
1728 4635 1793 4674 ne
1815 4620 1913 4675 sub
1929 4637 1988 4675 ea
2008 4636 2124 4675 car-

551 4711 744 4766 naliter
790 4710 1006 4763 viveret.
1052 4707 1183 4761 Nam
1228 4707 1329 4765 hoc
1369 4710 1526 4764 modo
1568 4725 1661 4780 per
1700 4713 1893 4783 Legem
1919 4715 2043 4784 Legi
2070 4726 2126 4772 ut

551 4808 886 4857 morerentur
909 4798 1141 4862 volebat,
1182 4812 1302 4852 eum
1343 4800 1419 4854 eis
1463 4804 1619 4870 paulo
1667 4813 1786 4872 post
1825 4805 1916 4871 ait,
1963 4805 2126 4867 Dicite

553 4893 696 4959 mihi,
723 4891 811 4945 sub
840 4891 972 4960 Lege
998 4888 1216 4943 volentes
1238 4906 1359 4956 esse,
1389 4890 1570 4961 Legem
1596 4910 1694 4948 non
1722 4895 1945 4966 legistis?
1980 4897 2126 4953 Scri-

554 4993 693 5054 ptum
720 4993 791 5038 est
817 4982 948 5037 enim
972 4981 1107 5053 quod
1138 4981 1390 5034 Abraham
1411 4981 1535 5036 duos
1559 4985 1690 5053 ﬁlios
1712 4986 1884 5043 habuit
1918 4988 2022 5062 (Ib.
2045 4975 2130 5060 tv,

552 5074 772 5145 21,22),
795 5084 922 5141 etc.,
941 5082 998 5129 ut
1025 5089 1117 5144 per
1137 5073 1375 5128 eamdem
1399 5073 1591 5146 Legem
1614 5079 1959 5146 spiritualiter
1981 5087 2130 5141 intel-

548 5164 741 5220 lectam
769 5173 1100 5220 morerentur
1129 5162 1427 5219 carnalibus
1455 5165 1909 5229 observationibus
1949 5174 2124 5247 Legis.

552 5254 702 5322 Quod
731 5264 905 5310 autem
932 5255 1186 5326 adjungit,
1220 5253 1288 5310 Ut
1317 5254 1419 5308 Deo
1439 5256 1630 5321 vivam;
1651 5259 1758 5314 Deo
1784 5264 2128 5336 vivitquisub

555 5348 663 5402 Deo
692 5358 800 5415 est;
834 5349 955 5420 Legi
985 5357 1181 5413 autem,
1213 5350 1300 5420 qui
1331 5349 1428 5404 sub
1456 5351 1594 5420 Lege
1622 5360 1734 5406 est:
1762 5355 1862 5409 sub
1888 5356 2026 5428 Lege
2044 5376 2130 5416 au-

555 5446 660 5493 tem
690 5440 834 5508 vivit,
863 5441 914 5496 in
940 5449 1193 5510 quantum
1221 5443 1442 5513 quisque
1473 5452 1717 5513 peccator
1743 5456 1842 5512 est,
1872 5449 1923 5503 id
1953 5460 2051 5517 est,
2075 5453 2126 5508 in

555 5541 806 5603 quantum
827 5550 858 5589 a
889 5543 1069 5591 vetere
1095 5536 1307 5590 homine
1333 5552 1438 5592 non
1468 5548 1549 5594 est
1575 5549 1834 5607 mutatus;
1865 5558 1957 5597 sua
1987 5547 2128 5601 enim

555 5624 659 5678 vita
690 5623 834 5690 vivit,
863 5634 919 5680 et
943 5625 1063 5681 ideo
1099 5625 1207 5681 Lex
1238 5642 1395 5697 supra
1427 5628 1570 5682 illum
1608 5637 1716 5696 est;
1747 5631 1867 5700 quia
1895 5634 1984 5702 qui
2012 5651 2128 5693 eam

557 5729 663 5769 non
693 5715 894 5785 implet,
921 5715 1055 5770 infra
1085 5717 1228 5772 illam
1253 5726 1352 5772 est.
1388 5716 1520 5783 Nam
1531 5720 1675 5790 justo
1695 5717 1803 5776 Leu:
1831 5725 1993 5794 posita
2027 5743 2128 5784 non

557 5820 631 5862 est
655 5808 674 5880 (
694 5807 709 5858 i
730 5807 863 5862 Tim.
884 5824 921 5875 t,
951 5806 1030 5880 9),
1054 5809 1105 5864 id
1127 5817 1210 5865 est
1232 5810 1496 5882 imposita,
1524 5820 1580 5868 ut
1607 5828 1767 5885 supra
1789 5816 1937 5875 illum
1952 5820 2023 5878 sit
2039 5838 2054 5878 :
2071 5823 2129 5882 in

2198 864 2465 917 communi
2495 878 2556 918 ac
2585 863 2757 918 stabili
2781 864 3018 934 gaudens
3045 863 3205 920 bono.
3230 863 3298 921 Et
3325 867 3446 922 ideo
3475 870 3641 926 Paulo
3672 889 3776 929 non

2198 960 2314 1008 erat
2342 952 2450 1006 Lex
2475 952 2811 1022 imponenda,
2853 953 2943 1023 qui
2986 953 3130 1019 dicit,
3171 953 3294 1009 Vivo
3334 968 3499 1012 autem
3533 961 3653 1030 jam
3679 979 3777 1016 non

2201 1062 2312 1118 ego,
2338 1047 2455 1100 vivit
2473 1063 2587 1101 vero
2607 1049 2658 1101 in
2681 1064 2758 1101 me
2787 1045 3032 1103 Christus.
3059 1048 3188 1117 Quis
3212 1064 3338 1120 ergo
3356 1051 3545 1107 audeat
3563 1051 3776 1109 Christo

2200 1138 2394 1212 Legem
2422 1140 2712 1210 imponere,
2741 1139 2830 1211 qui
2855 1140 2982 1195 vivit
3001 1141 3054 1195 in
3076 1140 3278 1195 Paulo?
3305 1141 3420 1197 Non
3453 1145 3595 1198 enim
3623 1145 3778 1202 audet

2203 1233 2320 1301 quis
2341 1231 2516 1287 dicere
2535 1231 2799 1287 Christum
2824 1248 2928 1287 non
2950 1241 3094 1288 recte
3120 1233 3316 1302 vivere,
3341 1243 3398 1289 ut
3413 1235 3461 1290 ei
3482 1239 3780 1295 coercendo

2203 1321 2312 1378 Lex
2344 1323 2658 1394 imponenda
2685 1325 2772 1379 sit.
2807 1323 2957 1391 Quod
2998 1335 3166 1379 autem
3195 1342 3328 1379 nunc
3357 1328 3485 1391 vivo,
3508 1329 3698 1400 inquit,
3727 1329 3782 1385 in

2205 1429 2385 1479 carne;
2426 1415 2546 1486 quia
2589 1429 2692 1470 non
2724 1423 2904 1486 posset
2927 1416 3107 1472 dicere
3136 1417 3405 1473 Christum
3433 1417 3608 1475 adhuc
3637 1435 3784 1476 mor-

2205 1506 2380 1562 taliter
2393 1509 2589 1574 vivere,
2614 1509 2718 1562 vita
2735 1517 2909 1563 autem
2933 1509 2985 1563 in
3008 1524 3170 1563 carne
3186 1511 3423 1566 mortalis
3447 1520 3556 1578 est;
3580 1513 3635 1566 in
3660 1513 3780 1579 ﬁde,

2207 1596 2396 1666 inquit,
2438 1598 2545 1651 vivo
2585 1597 2710 1652 Filii
2754 1596 2849 1652 Dei
2873 1614 2891 1652 :
2915 1608 2972 1653 ut
2997 1599 3154 1653 etiam
3185 1601 3262 1655 sic
3298 1599 3540 1657 Christus
3565 1603 3708 1657 vivat
3731 1603 3782 1657 in

2208 1689 2480 1758 credente,
2512 1691 2797 1745 habitando
2827 1692 2880 1745 in
2921 1693 3172 1748 interiore
3217 1693 3432 1749 homine
3481 1709 3577 1765 per
3624 1695 3781 1751 fidem

2214 1781 2424 1853 (Ep/tes.
2470 1797 2545 1850 tu,
2593 1783 2679 1850 16,
2715 1783 2826 1852 17),
2875 1793 2931 1838 ιιι
2957 1792 3138 1854 postea
3172 1801 3266 1854 per
3291 1787 3522 1855 speciem
3566 1787 3786 1858 impleat

2213 1885 2356 1939 eum,
2384 1887 2502 1926 cum
2535 1873 2840 1943 absorptum
2866 1872 3023 1928 fuerit
3043 1875 3267 1931 mortale
3291 1891 3320 1929 a
3347 1876 3450 1930 vita
3482 1875 3548 1947 (ιι
3573 1875 3694 1932 Cor.
3727 1891 3782 1943 ἶ,

2212 1965 2289 2038 4).
2317 1966 2387 2022 Ut
2411 1976 2586 2021 autem
2612 1967 2915 2022 ostenderet
2934 1967 3076 2038 quod
3099 1967 3229 2022 vivit
3254 1969 3304 2022 in
3335 1969 3427 2024 illo
3452 1968 3716 2034 Christus,
3733 1979 3786 2026 et

2213 2059 2352 2132 quod
2381 2061 2432 2114 in
2457 2075 2616 2115 carne
2657 2061 2837 2114 vivens
2867 2061 2921 2114 in
2951 2060 3053 2115 fide
3078 2059 3206 2115 vivit
3232 2061 3351 2115 Filii
3382 2062 3497 2129 Dei,
3529 2076 3634 2116 non
3664 2076 3782 2118 me-

2215 2151 2302 2206 riti
2322 2152 2403 2206 sui
2431 2166 2565 2216 esse,
2601 2151 2692 2206 sed
2717 2153 2895 2222 gratiae
2918 2152 3117 2222 ipsius:
3140 2153 3241 2220 Qui
3263 2170 3360 2218 me,
3379 2155 3566 2224 inquit,
3585 2155 3782 2223 dilexit,

2215 2250 2263 2295 et
2297 2241 2502 2294 tradidit
2529 2242 2745 2313 seipsum
2784 2259 2874 2311 pro
2915 2260 3012 2297 me.
3052 2242 3157 2298 Pro
3198 2259 3301 2313 quo
3329 2245 3528 2315 utique,
3563 2246 3663 2300 nisi
3694 2261 3791 2316 pro

2215 2339 2514 2403 peccatore,
2559 2341 2615 2387 ut
2657 2350 2775 2388 eum
2803 2335 3149 2405 justiticaret?
3178 2334 3247 2391 Et
3284 2335 3414 2392 dicit
3441 2338 3542 2393 hoc
3581 2339 3668 2409 qui
3693 2337 3789 2396 Ju-

2218 2421 2364 2478 daeus
2390 2433 2543 2480 natus
2568 2433 2621 2478 et
2644 2425 2897 2480 educatus
2923 2437 3056 2492 erat,
3101 2437 3154 2482 et
3181 2427 3533 2485 abundantius
3571 2431 3793 2488 aemula-

2217 2523 2302 2570 tor
2327 2516 2600 2571 exstiterat
2619 2527 2954 2586 paternarum
2973 2533 3182 2572 suarum
3204 2519 3558 2576 traditionum.
3579 2521 3720 2592 Ergo
3746 2523 3792 2577 si

2220 2614 2275 2661 et
2302 2621 2396 2675 pro
2441 2607 2630 2662 talibus
2660 2623 2717 2662 sc
2748 2608 2964 2662 tradidit
2991 2608 3249 2676 Christus,
3279 2611 3437 2666 «iam
3466 2612 3564 2682 ipsi
3604 2628 3795 2682 pecca-

2219 2703 2364 2752 tores
2388 2708 2560 2752 erant.
2591 2699 2702 2753 Non
2731 2715 2857 2770 ergo
2884 2701 3084 2755 meritis
3110 2703 3328 2771 justitia:
3361 2718 3470 2759 sua:
3496 2703 3674 2760 datum
3707 2705 3792 2761 di-

2219 2800 2358 2857 cant,
2395 2792 2536 2862 quod
2567 2808 2670 2846 non
2701 2807 2833 2862 opus
2860 2801 2975 2847 erat
3005 2793 3161 2864 justis
3209 2796 3343 2850 dari.
3378 2795 3498 2850 Non
3522 2797 3652 2850 enim
3681 2797 3795 2852 ueni

2219 2897 2395 2936 uocare
2410 2884 2593 2954 justas,
2617 2883 2688 2937 ait
2717 2884 2988 2948 Dominus,
3020 2885 3108 2938 sed
3133 2895 3410 2956 peccatores
3455 2886 3663 2958 (Matth.
3716 2903 3790 2957 ιι,

2221 2973 2344 3041 15);
2374 2971 2436 3026 ad
2467 2973 2566 3027 hoc
2605 2974 2803 3042 utique,
2836 2988 2902 3028 ne
2926 2974 3028 3027 sint
3057 2985 3380 3043 peccatores.
3409 2975 3461 3032 Si
3487 2989 3614 3048 ergo
3637 2975 3796 3034 Chri-

2221 3074 2333 3121 stus
2358 3079 2441 3118 me
2463 3063 2665 3130 dilexit,
2693 3073 2747 3118 et
2769 3065 2984 3118 tradidit
3005 3065 3234 3134 seipsum
3265 3081 3361 3138 pro
3389 3082 3506 3134 me;
3537 3085 3638 3123 non
3669 3069 3794 3123 ini.

2222 3163 2321 3210 tam
2344 3157 2475 3226 facio
2499 3156 2714 3225 gratiam
2743 3154 2855 3222 Dei,
2883 3165 2939 3210 ut
2964 3155 3133 3211 dicam
3161 3172 3256 3228 per
3279 3158 3471 3229 Legem
3499 3175 3617 3216 esse
3641 3161 3797 3232 iusti-

2222 3249 2368 3302 tiam.
2418 3247 2556 3301 Nam
2593 3249 2636 3302 si
2671 3266 2759 3320 per
2786 3247 2968 3320 Legem
2989 3250 3211 3320 justitia,
3240 3267 3357 3322 ergo
3383 3251 3612 3308 Christus
3637 3256 3792 3325 gratis

2221 3348 2449 3393 mortuus
2473 3349 2581 3393 est:
2606 3339 2657 3394 id
2699 3349 2800 3406 est,
2849 3342 2962 3394 sine
3007 3356 3162 3395 causa
3189 3351 3428 3398 mortuus
3457 3352 3557 3411 est,
3588 3345 3798 3414 quando

2221 3444 2319 3501 per
2346 3430 2560 3500 Legem,
2589 3429 2642 3483 id
2670 3441 2749 3485 est
2781 3445 2874 3501 per
2898 3446 3055 3499 opera
3084 3431 3238 3499 Legis
3263 3433 3453 3502 quibus
3471 3433 3640 3488 Judmi
3667 3451 3796 3491 con-

2222 3522 2471 3588 fidebant,
2505 3530 2681 3591 posset
2705 3537 2822 3576 esse
2837 3523 3035 3591 justitia
3065 3523 3121 3576 in
3150 3522 3471 3580 hominibus.
3501 3523 3678 3582 Gratis
3702 3543 3796 3582 au-

2221 3620 2330 3668 tem
2360 3622 2622 3667 mortuum
2646 3612 2913 3668 Christum
2955 3629 3054 3668 nec
3096 3613 3166 3668 illi
3197 3613 3378 3670 dicunt
3407 3631 3539 3686 quos
3578 3618 3796 3688 refellit,

2223 3705 2470 3776 quoniam
2492 3704 2820 3760 Christianos
2855 3720 2913 3761 se
2959 3707 3208 3762 volebant
3251 3707 3452 3764 haberi.
3508 3710 3626 3766 Non
3673 3727 3797 3782 ergo

2223 3807 2368 3853 recte
2403 3813 2496 3868 per
2523 3797 2610 3853 illa
2640 3797 2794 3869 Legis
2818 3813 2976 3868 opera
3005 3798 3332 3856 Christianos
3354 3803 3640 3872 justificari
3682 3818 3800 3860 sua-

2225 3888 2436 3944 debant.

2299 3981 2382 4036 18.
2424 3980 2521 4053 [lb.
2555 3998 2629 4049 ιιι,
2663 3979 2738 4056 1.]
2763 3972 2963 4051 Quibus
2989 3993 3132 4040 recte
3157 3985 3302 4051 dicit,
3339 3985 3383 4041 0
3409 3987 3551 4042 stulti
3576 3987 3794 4058 Galam,

2225 4071 2333 4142 quis
2359 4088 2440 4125 vos
2467 4073 2764 4141 fascinauit?
2797 4073 2944 4141 Quod
2995 4090 3098 4128 non
3143 4085 3286 4131 recte
3333 4076 3600 4132 diceretur
3626 4080 3694 4135 de
3722 4080 3800 4135 his

2225 4163 2315 4234 qui
2344 4180 2608 4233 nunquam
2637 4164 3004 4233 profecissent,
3037 4167 3127 4222 sed
3156 4168 3222 4223 de
3254 4169 3334 4223 his
3353 4171 3439 4239 qui
3465 4184 3529 4225 ex
3562 4175 3800 4241 profectu

2225 4254 2560 4310 defecissent.
2591 4255 2719 4308 Ante
2737 4272 2944 4326 quorum
2970 4260 3138 4312 oculos
3163 4257 3387 4314 Christus
3405 4259 3556 4315 Jesus
3576 4264 3799 4331 proscri-

2227 4354 2343 4416 ptus
2367 4355 2458 4412 est,
2487 4347 2790 4414 cruciﬁxus:
2816 4346 2917 4403 hoc
2946 4359 3045 4416 est,
3077 4351 3267 4419 quibus
3301 4351 3606 4407 videntibus
3648 4355 3801 4410 Chri-

2228 4445 2341 4491 stus
2367 4435 2518 4491 Jesus
2547 4435 2905 4492 luereditatcm
2933 4454 3080 4492 suam
3127 4441 3622 4511 possessionemque
3652 4460 3798 4499 suam

2229 4527 2433 4591 amisit;
2477 4527 2559 4581 his
2601 4529 2778 4596 utique
2821 4527 3178 4582 auferentibus
3227 4544 3365 4594 eam,
3412 4530 3802 4604 Dominumque

2228 4617 2351 4672 inde
2377 4618 2778 4687 expellentibus,
2811 4619 2897 4688 qui
2923 4635 2984 4673 ex
3007 4623 3173 4690 gratia
3202 4619 3325 4675 fidei
3355 4636 3449 4691 per
3471 4638 3628 4691 quam
3646 4623 3802 4680 Chri-

2229 4717 2340 4762 stus
2373 4708 2606 4777 possidet
2651 4709 2865 4774 Gentes,
2914 4710 2978 4763 ad
3021 4709 3174 4781 Legis
3202 4725 3364 4780 opera
3417 4727 3513 4768 eos
3558 4715 3652 4784 qui
3698 4730 3804 4771 cre-

2230 4800 2476 4855 diderant
2531 4803 2882 4867 revocabant,
2941 4803 3229 4860 auferendo
3273 4805 3351 4862 illi
3409 4811 3800 4878 possessionem

2231 4905 2402 4959 suam,
2451 4893 2499 4946 id
2551 4902 2660 4958 est,
2719 4908 2811 4949 eos
2857 4894 2908 4947 in
2956 4895 3146 4965 quibus
3179 4897 3296 4965 jure
3342 4899 3524 4970 gratia:
3576 4902 3804 4972 fideique

2231 4980 2574 5038 inhabitabat.
2597 4983 2747 5052 Quod
2777 4985 2827 5039 in
2852 4986 2978 5055 ipsis
3002 4987 3200 5046 Galatis
3220 4991 3474 5048 accidisse
3501 4994 3613 5048 vult
3638 4997 3803 5052 videri

2231 5073 2517 5142 Apostolus
2539 5093 2551 5130 :
2571 5089 2691 5128 nam
2730 5075 2796 5129 ad
2825 5074 2925 5132 h‘oc
2951 5080 3181 5149 pertinet
3224 5084 3362 5153 quod
3399 5087 3492 5153 ait,
3523 5088 3654 5143 Ante
3678 5107 3807 5161 quo-

2229 5180 2346 5218 rum
2373 5167 2563 5218 oculos.
2598 5166 2732 5234 Quid
2761 5169 2903 5223 enim
2934 5178 3038 5225 tam
3067 5182 3190 5229 ante
3219 5175 3397 5230 oculos
3423 5191 3607 5232 eorum
3637 5181 3808 5234 ccuti-

2229 5257 2325 5328 git,
2352 5272 2507 5327 quam
2537 5259 2677 5330 quod
2707 5260 2759 5314 in
2788 5261 2914 5332 ipsis
2939 5264 3339 5335 contigit?Cum
3361 5278 3536 5323 autem
3559 5270 3804 5338 dixisset,

2229 5348 2381 5404 Iesus
2419 5350 2648 5407 Christus
2688 5357 2993 5426 proscriptus
3029 5366 3119 5424 est,
3163 5356 3384 5426 addidit,
3427 5362 3807 5430 cruci/imm!

2232 5443 2358 5498 hinc
2377 5457 2471 5498 eos
2494 5444 2723 5500 maxime
2741 5456 2998 5515 moveret,
3021 5463 3140 5503 cum
3161 5449 3672 5522 considerarentquo
3687 5468 3809 5522 pre-

2230 5534 2308 5590 tio
2349 5535 2541 5589 emerit
2582 5536 2990 5606 possessionem,
3036 5553 3192 5608 quam
3219 5540 3272 5594 in
3301 5540 3380 5596 eis
3406 5541 3714 5606 amittebat;
3745 5550 3811 5596 ut

2231 5641 2417 5697 parum
2439 5637 2581 5682 esset
2599 5629 2759 5697 gratis
2781 5644 2900 5683 eum
2930 5640 3216 5698 mortuum,
3237 5633 3376 5702 quod
3398 5634 3644 5702 superius
3665 5632 3810 5688 dixe-

2233 5730 2334 5776 rat.
2367 5719 2499 5774 lllud
2529 5721 2669 5775 enim
2697 5721 2768 5777 ita
2791 5731 2962 5792 sonat,
2992 5731 3240 5795 tanquam
3275 5739 3379 5781 non
3411 5727 3706 5799 pervenerit
3735 5727 3812 5780 att

2287 5833 2317 5867 αι
2339 5831 2606 5885 sicaliauot
2625 5842 2730 5888 Mss.
2751 5846 2805 5889 At
2824 5841 2956 5903 editi,
2969 5842 3123 5908 ipsum
3136 5840 3486 5906 quodammodo
3505 5838 3655 5902 lege-
3669 5829 3810 5885 W-
