4048 6466
287 398 432 462 2H7

285 521 705 596 possessionem,
737 531 834 589 pro
872 529 973 588 qua
1014 516 1322 586 sanguinem
1361 511 1523 568 dedit.
1569 513 1868 582 Proscripto

1421 392 1912 454 ‘EXPOSITIONIS
1947 393 2154 454 LIBER
2189 395 2390 458 UNUS.

3407 413 3546 475 2118

1984 529 2099 568 rum
2130 515 2320 586 legitur
2359 516 2491 588 (Act.
2536 516 2623 590 ιι).
2667 517 2780 575 Hoc
2804 527 2981 578 autem
3009 521 3209 581 factum
3251 535 3366 584 erat
3405 531 3545 601 apud

284 625 467 671 autem
495 613 652 667 etiam
683 625 800 681 qua:
843 608 1074 675 tenebat,
1113 608 1452 662 auferuntur:
1484 605 1577 662 sed
1607 605 1719 660 haec
1747 620 1873 674 pro-
1978 607 2189 666 Galatas
2215 622 2494 683 antequam
2523 615 2607 669 isti
2631 615 2698 669 ad
2727 631 2818 672 eos
2847 620 3223 688 pervertendos
3243 630 3296 677 et
3316 623 3545 680 circum-

283 707 509 776 scriptio
546 720 652 758 non
684 703 836 757 obest
862 701 1094 764 Christo,
1143 700 1231 769 qui
1261 699 1421 753 etiam
1452 698 1528 753 sic
1554 713 1648 768 per
1676 696 1869 752 divini-

281 810 448 854 tatem
480 798 733 853 Dominus
758 802 840 849 est
867 793 1134 860 omnium;
1158 791 1250 848 sed
1273 790 1370 862 ipsi
1392 790 1733 862 possessioni,
1753 803 1870 860 quae

280 894 443 962 hujus
468 892 652 962 gratia:
680 891 885 944 cultura
917 897 1078 943 caret.

353 985 444 1040 19.
488 983 620 1038 Hinc
655 982 765 1052 jam
806 981 991 1052 incipit
1030 979 1397 1033 demonstrare
1426 975 1868 1047 quemadmodum

276 1077 453 1150 gratia
501 1073 620 1129 ﬁdei
666 1073 912 1137 sufﬁciat,
945 1071 1010 1125 ad
1036 1069 1430 1142 justiﬁeandum
1468 1069 1583 1124 sine
1622 1068 1869 1138 operibus

280 1169 472 1238 Legis;
505 1183 570 1221 ne
595 1166 713 1236 quis
741 1163 943 1219 diceret
974 1179 1076 1217 non
1103 1177 1162 1217 se
1194 1162 1409 1231 quidem
1435 1159 1685 1231 Operibus
1711 1159 1868 1230 Legis

278 1269 489 1315 tantum
518 1268 679 1313 totam
728 1257 959 1310 hominis
993 1253 1425 1323 justiﬁcationem
1469 1251 1722 1319 tribuere,
1773 1250 1867 1306 sed

277 1369 456 1423 neque
494 1362 694 1405 tantum
734 1350 919 1420 gratia:
949 1345 1092 1412 ﬁdei,
1122 1363 1185 1401 ex
1219 1356 1442 1416 utroque
1478 1353 1653 1399 autem
1682 1343 1866 1414 perﬁci

277 1445 528 1500 salutem.
553 1441 658 1496 Sed
695 1440 808 1494 hmc
837 1439 1057 1509 quaestio
1088 1447 1146 1492 ut
1187 1437 1464 1508 diligenter
1494 1445 1768 1502 tractetur,
1799 1450 1866 1490 ne

278 1537 400 1606 quis
426 1535 638 1588 fallatur
664 1534 931 1602 ambiguo,
975 1531 1112 1585 scire
1149 1529 1295 1600 prius
1341 1530 1499 1584 debet
1526 1543 1685 1599 opera
1709 1526 1865 1597 Legis

276 1628 527 1700 bipartita
577 1641 715 1681 esse.
763 1624 894 1679 Nam
940 1623 1131 1694 partim
1177 1623 1228 1676 in
1275 1622 1639 1684 sacramentis,
1673 1620 1862 1691 partim

274 1734 406 1775 vero
435 1721 486 1773 in
515 1719 750 1773 moribus
792 1717 1141 1786 accipiu-ntur.
1194 1713 1273 1768 Ad
1323 1721 1653 1770 sacramenta
1701 1711 1865 1782 perti-

274 1822 427 1879 nent,
474 1809 808 1867 circumcisio
837 1809 1031 1874 carnis,
1077 1807 1353 1863 sabbatum
1385 1806 1694 1875 temporale,
1727 1819 1860 1859 neo-

273 1903 491 1968 menize,
522 1900 806 1968 sacrificia,
835 1909 994 1969 atque
1023 1914 1210 1954 omnes
1239 1896 1540 1968 hujusmodi
1570 1897 1862 1950 innumera:

274 1995 697 2051 observationes.
730 1992 809 2046 Ad
840 2007 1016 2045 mores
1055 1999 1253 2056 autem,
1304 1987 1423 2042 Non
1470 1987 1684 2052 occides,
1740 1985 1858 2040 Non

273 2087 623 2150 nuzchaberis,
650 2085 770 2139 Non
801 2085 986 2157 falsum
1021 2083 1355 2136 testimonium
1379 2081 1513 2134 dices
1542 2078 1731 2150 (Exod.
1764 2094 1856 2145 xx,

275 2181 490 2252 13-56),
522 2191 575 2234 et
603 2179 722 2233 talia
750 2186 967 2232 czctera.
1001 2175 1390 2244 Numquidnam
1423 2187 1550 2242 ergo
1575 2171 1860 2241 Apostolus

273 2274 345 2330 ita
377 2281 554 2342 potest
583 2287 688 2324 non
713 2284 900 2324 curare
929 2278 1102 2321 utrum
1128 2265 1448 2321 christiauus
1480 2262 1741 2318 homicida
1769 2270 1861 2316 aut

273 2366 521 2422 machus
548 2364 635 2429 sit,
666 2377 732 2416 an
761 2370 938 2415 castus
982 2370 1138 2429 atque
1186 2359 1473 2424 innocens;
1512 2354 1858 2426 quemadmo-

274 2459 402 2515 dum
429 2473 536 2512 non
569 2463 720 2510 curat
755 2450 930 2508 utru'm
963 2452 1309 2507 circumcisus
1340 2465 1520 2514 carne,
1553 2465 1617 2502 an
1647 2465 1857 2519 praepu-

274 2552 437 2606 tiatus
471 2550 576 2603 sit?
601 2548 749 2602 Nunc
769 2562 895 2615 ergo
923 2547 988 2600 de
1018 2544 1099 2598 his
1121 2543 1370 2614 Operibus
1394 2542 1624 2596 maxime
1646 2549 1854 2606 tractat,

272 2659 395 2714 qua:
424 2651 548 2696 sunt
575 2642 625 2694 in
653 2638 1024 2703 sacramentis,
1053 2650 1354 2706 quanquam
1397 2642 1450 2687 et
1478 2632 1562 2687 illa
1594 2631 1856 2686 interdum

272 2751 332 2792 se
362 2733 656 2790 admiscere
684 2732 963 2803 signiﬁcet.
997 2731 1167 2799 Prope
1195 2729 1352 2783 ﬁnem
1377 2735 1552 2781 autem
1583 2723 1854 2795 Epistola},

271 2826 340 2882 de
369 2827 452 2881 his
480 2825 760 2896 separatim
791 2823 1055 2890 tractabit,
1102 2837 1218 2892 qua:
1257 2828 1380 2875 sunt
1407 2817 1462 2872 in
1489 2817 1726 2872 moribus
1764 2834 1777 2870 :
1804 2825 1858 2870 et

271 2917 405 2974 illud
437 2917 686 2982 breviter,
706 2915 808 2970 hoc
833 2925 1008 2969 autem
1030 2913 1247 2968 diutius.
1267 2911 1392 2966 Haec
1412 2910 1553 2967 enim
1579 2925 1741 2964 onera
1762 2924 1859 2978 po-

271 3009 378 3064 tius
409 3010 606 3079 imponi
637 3006 709 3081 (a)
739 3007 994 3062 Gentibus
1017 3021 1242 3076 quorum
1274 3005 1470 3059 utilitas
1496 3003 1548 3056 in
1589 3001 1858 3056 intellectu

272 3112 389 3157 est:
419 3116 540 3155 nam
571 3101 681 3154 haec
708 3100 883 3154 omnia
910 3107 1246 3168 exponuntur
1270 3095 1610 3162 Christianis,
1652 3103 1706 3148 ut
1734 3093 1858 3163 quid

271 3194 508 3257 valeant,
554 3200 757 3246 tantum
789 3191 1100 3260 intelligant,
1136 3205 1241 3244 non
1269 3189 1428 3243 etiam
1455 3188 1631 3242 facere
1666 3201 1859 3255 cogan-

272 3295 378 3342 tur.
411 3284 468 3338 ln
500 3282 960 3339 observationibus
1000 3290 1198 3348 autem,
1247 3280 1292 3334 si
1323 3295 1428 3333 non
1476 3277 1856 3347 intelligantur,

271 3377 502 3433 servitus
529 3376 639 3430 sola
670 3383 780 3442 est;
815 3375 984 3444 qualis
1009 3381 1124 3428 erat
1149 3373 1201 3427 in
1231 3372 1426 3442 populo
1456 3369 1783 3436 Judazorum,
1807 3375 1859 3422 et

273 3477 356 3523 est
392 3483 558 3536 usque
584 3467 791 3521 adhuc:
822 3467 866 3520 si
894 3474 1069 3520 autem
1100 3474 1154 3519 et
1184 3464 1535 3518 observentur
1558 3461 1667 3526 illa,
1698 3471 1752 3515 et
1775 3461 1858 3514 in-

274 3559 599 3628 telligantur,
629 3574 734 3612 non
760 3557 919 3612 modo
940 3556 1070 3611 nihil
1094 3557 1308 3623 obsunt,
1333 3553 1427 3610 sed
1453 3553 1610 3608 etiam
1637 3561 1860 3622 prosunt

274 3652 494 3721 aliquid,
514 3651 558 3704 si
573 3651 797 3720 tempori
816 3659 1136 3721 congruant;
1161 3648 1297 3701 sicut
1313 3647 1378 3699 ab
1400 3647 1515 3716 ipso
1532 3645 1711 3716 Moyse
1732 3644 1861 3699 Pro-

273 3744 555 3815 phetisque
584 3745 860 3799 observata
890 3753 1030 3810 sunt,
1063 3740 1475 3812 congruentibus
1518 3739 1594 3792 illi
1643 3738 1856 3810 populo,

274 3837 360 3893 cui
389 3835 566 3890 adhuc
591 3835 710 3890 talis
744 3836 973 3890 servitus
998 3833 1141 3888 utilis
1163 3842 1297 3899 erat,
1328 3839 1386 3886 ut
1421 3830 1520 3885 sub
1549 3830 1738 3884 timore
1764 3845 1859 3883 cu-

274 3927 584 3985 stodiretur.
632 3926 773 3981 Nihil
801 3928 944 3981 enim
984 3935 1090 3979 tam
1117 3924 1202 3995 pie
1231 3918 1394 3979 terrei
1421 3925 1673 3989 animam,
1703 3938 1858 3992 quam

275 4028 670 4077 sacramentum
718 4035 822 4075 non
874 4020 1200 4074 intellectum
1234 4037 1246 4072 :
1288 4017 1614 4071 intellectum
1657 4025 1856 4082 autem,

276 4113 525 4185 gaudium
556 4113 702 4184 pium
731 4112 888 4182 parit,
920 4121 973 4167 et
1000 4111 1298 4166 celebratur
1325 4109 1512 4173 libere,
1545 4109 1588 4164 si
1617 4124 1746 4178 opus
1782 4115 1863 4163 est

277 4207 536 4276 tempori;
567 4206 612 4260 si
641 4215 818 4260 autem
844 4220 951 4258 non
981 4213 1062 4258 est
1087 4219 1241 4273 opus,
1273 4219 1394 4258 cum
1422 4202 1680 4256 suavitate
1710 4201 1865 4270 Spiri-

277 4299 407 4353 tuali
440 4297 804 4352 tantummodo
847 4297 1056 4366 legitur,
1091 4304 1144 4350 et
1187 4303 1458 4350 tractatur.
1488 4293 1655 4348 Omne
1685 4302 1860 4347 autem

275 4400 671 4446 sacramentum
701 4405 820 4444 cum
863 4388 1194 4457 intelligitur,
1227 4396 1318 4440 aut
1360 4387 1426 4440 ad
1457 4384 1863 4454 contemplatio-

275 4501 400 4540 nem
433 4485 672 4540 veritatis
697 4482 946 4550 refertur,
980 4489 1070 4535 aut
1095 4481 1160 4534 ad
1188 4480 1356 4534 bonos
1382 4495 1578 4533 mores.
1607 4476 1863 4532 Contem-

275 4577 444 4649 platio
473 4576 708 4630 veritatis
754 4575 807 4628 in
839 4574 1003 4628 solius
1039 4573 1130 4626 Dei
1160 4571 1440 4626 dilectione
1483 4569 1698 4626 fundata
1749 4577 1860 4623 est:

275 4669 404 4724 boni
447 4683 625 4722 mores
668 4668 722 4721 in
764 4667 1050 4720 dilectione
1081 4663 1178 4718 Dei
1218 4674 1268 4718 et
1313 4663 1561 4734 proximi,
1593 4660 1864 4731 inquibus

276 4761 486 4817 duobus
509 4760 786 4831 praeceptis
808 4767 914 4813 tota
931 4759 1041 4813 Lex
1058 4757 1253 4828 pendet
1277 4766 1330 4812 et
1357 4756 1636 4826 Propheta:
1654 4754 1859 4826 (Matth.

276 4872 421 4922 xxu,
451 4853 664 4926 57-40).
689 4853 839 4908 Nunc
866 4854 1027 4922 igitur
1053 4849 1504 4920 quemadmodum
1530 4849 1864 4904 circumcisio

276 4951 480 5010 carnis,
511 4955 565 5002 et
587 4953 778 5002 cmtera
804 4943 1108 5016 hujusmodi
1123 4943 1279 5013 Legis
1301 4956 1480 5010 opera,
1507 4942 1594 4997 ubi
1614 4941 1724 5011 jam
1740 4956 1862 5012 gra-

276 5041 345 5096 tia
383 5041 504 5094 fidei
533 5048 634 5106 est,
663 5054 768 5092 non
800 5037 906 5092 sint
935 5036 1253 5100 necessaria,
1286 5033 1580 5089 videamus.

345 5134 436 5186 ‘20.
484 5131 582 5205 [lb.
611 5135 697 5198 tli,
725 5127 866 5202 9-9.]
901 5128 1010 5184 Hoc
1039 5129 1219 5196 solum,
1252 5127 1437 5197 inquit,
1478 5125 1591 5180 volo
1622 5125 1809 5180 discere
1833 5142 1866 5179 a

274 5227 411 5280 vobis
434 5242 452 5279 :
476 5223 560 5280 Ea:
585 5223 814 5296 aperibus
833 5221 980 5292 Legis
1010 5222 1260 5293 Spiritum
1287 5221 1568 5291 accepistis,
1599 5237 1664 5274 an
1685 5236 1748 5274 ea:
1765 5237 1862 5274 au-

275 5320 386 5371 ditu
438 5318 593 5386 ﬁdei?
630 5315 1034 5389 Respondetur:
1065 5314 1254 5385 Utique
1293 5329 1355 5369 ex
1385 5313 1568 5368 auditu
1609 5313 1752 5368 fidei.
1782 5312 1865 5370 Ab

273 5410 540 5478 Apostolo
570 5410 711 5463 enim
758 5407 1040 5479 praedicata
1069 5415 1151 5463 est
1174 5407 1252 5461 eis
1277 5404 1427 5471 ﬁdes,
1459 5405 1511 5460 in
1543 5422 1642 5474 qua
1672 5405 1866 5476 praedi-

273 5503 493 5556 catione
522 5502 700 5570 utique
726 5499 1011 5555 adventum
1040 5507 1092 5552 et
1120 5498 1455 5568 prmsentiam
1500 5497 1667 5551 sancti
1695 5497 1865 5566 Spiri-

275 5604 363 5648 tus
395 5601 710 5649 senserant:
739 5593 874 5647 sicut
894 5591 985 5646 illo
1011 5600 1246 5659 tempore
1265 5588 1318 5644 in
1345 5588 1574 5643 novitate
1605 5588 1867 5642 invitatio-

276 5685 362 5740 nis
398 5685 468 5739 ad
506 5684 665 5739 ﬁdem
693 5683 853 5739 etiam
883 5680 1228 5737 sensibilibus
1271 5681 1544 5735 miraculis
1582 5679 1865 5750 praesentia

275 5781 452 5842 sancti
478 5779 708 5852 Spiritus
732 5780 1040 5851 apparebat,
1072 5781 1210 5836 sicut
1239 5775 1295 5830 in
1335 5774 1554 5830 Actibus
1581 5773 1865 5845 Apostolo-

273 5929 280 5982 ξ
338 5896 420 5959 (ιι)
443 5902 603 5958 Forte,
621 5896 836 5957 prohibet
858 5895 1054 5959 irnponi,
1080 5903 1178 5960 aut,
1195 5895 1353 5960 potius
1377 5891 1584 5954 exponit.

1977 698 2230 757 cidendos
2270 707 2555 760 venissent.
2608 707 2708 762 lste
2749 724 2876 780 ergo
2917 725 3105 768 sensus
3138 721 3253 768 est:
3282 714 3336 769 Si
3365 715 3415 770 in
3445 716 3548 773 illis

1975 793 2226 862 Operibus
2253 796 2406 867 Legis
2439 810 2578 854 esset
2606 801 2748 856 salus
2778 811 2972 872 vestra,
3009 821 3115 860 non
3139 806 3289 864 vobis
3317 805 3546 878 Spiritus

1975 897 2189 943 sanctus
2214 890 2312 944 nisi
2341 891 2664 949 circumcisis
2704 895 2937 952 daretur.
2976 899 3176 957 Deinde
3212 900 3422 957 intulit:
3453 901 3545 956 Sic

1973 978 2114 1033 stulti
2137 984 2271 1047 estis,
2294 992 2346 1036 ut
2366 999 2478 1038 cum
2495 987 2675 1055 spiritu
2693 991 2961 1059 caeperitis,
2983 1008 3115 1047 nunc
3131 1013 3280 1051 carne
3303 1011 3541 1051 consum-

1972 1074 2192 1127 ntemini.
2212 1075 2322 1129 l-loc
2338 1085 2417 1131 est
2433 1078 2572 1147 quod
2590 1083 2830 1150 superius
2848 1083 2900 1137 in
2919 1086 3138 1142 exordio
3161 1088 3368 1145 dixerat
3388 1108 3402 1146 :
3423 1086 3542 1142 Nisi

1971 1165 2129 1236 aliqui
2146 1178 2261 1222 sunt
2282 1171 2628 1228 conturbantes
2651 1189 2755 1240 vos,
2774 1185 2822 1230 et
2845 1177 3061 1233 volentes
3078 1191 3359 1236 convertere
3374 1180 3543 1236 Euan-

1969 1258 2158 1330 gelium
2197 1261 2381 1316 Christi
2410 1262 2602 1337 (Galat.
2634 1283 2670 1340 ι,
2706 1267 2778 1337 7).
2807 1269 3147 1327 Conturbatio
3190 1275 3332 1328 enim
3367 1267 3542 1328 ordini

1970 1353 2231 1407 contraria
2271 1364 2385 1410 est:
2414 1356 2547 1412 ordo
2583 1368 2663 1413 est
2690 1368 2864 1414 autem
2905 1377 2935 1416 a
2971 1365 3271 1420 carnalibus
3295 1366 3361 1420 ad
3391 1362 3545 1436 spiri-

1970 1445 2126 1500 tuaiia
2144 1461 2384 1517 surgere,
2409 1466 2513 1504 non
2535 1451 2602 1506 ab
2624 1453 2982 1521 spiritualibus
2997 1458 3063 1512 ad
3080 1460 3308 1514 carnalia
3327 1459 3538 1530 cadere,

1968 1535 2106 1592 sicut
2133 1538 2246 1594 istis
2272 1541 2552 1596 acciderat.
2581 1543 2647 1598 Et
2686 1544 2800 1600 haec
2837 1556 2920 1602 est
2957 1549 3223 1620 Evangelii
3265 1552 3544 1609 conversio

1967 1639 2264 1688 retrorsus:
2289 1635 2429 1705 quod
2458 1637 2579 1706 quia
2623 1637 2818 1694 bonum
2865 1656 2971 1696 nou
2999 1651 3100 1707 est,
3133 1659 3238 1698 non
3265 1653 3346 1700 est
3374 1644 3540 1700 Evan-

1967 1723 2181 1794 gelium,
2201 1740 2321 1780 cum
2339 1725 2440 1781 hoc
2456 1730 2814 1784 annuntiatur.
2833 1731 2984 1800 Quod
3009 1741 3182 1789 autem
3211 1735 3358 1802 dicit,
3375 1735 3543 1791 Tanta

1967 1816 2108 1883 passi
2133 1816 2286 1879 estis;
2310 1819 2474 1873 multa
2487 1819 2596 1888 jam
2618 1836 2712 1890 pro
2733 1822 2835 1876 ﬁde
2861 1823 3232 1889 toleraverant,
3257 1841 3360 1880 non
3385 1827 3544 1883 timo-

1965 1921 2047 1971 re,
2062 1915 2308 1977 tanquam
2330 1911 2428 1966 sub
2461 1910 2599 1982 Lege
2616 1914 2794 1982 positi,
2816 1915 2910 1970 sed
2928 1918 3094 1986 magis
3111 1917 3162 1972 in
3188 1917 3317 1986 ipsis
3335 1916 3544 1988 passio-

1968 1999 2125 2054 nibus
2161 2000 2417 2059 charitate
2445 1999 2686 2060 timorem
2731 2009 3271 2080 vicerantzquoniam
3307 2011 3542 2069 charitas

1966 2090 2060 2146 Dei
2085 2093 2184 2146 dilf
2183 2110 2272 2147 usa
2287 2108 2367 2149 est
2385 2097 2437 2150 in
2459 2098 2706 2154 cordibus
2727 2116 2911 2156 eorum
2929 2117 3024 2172 per
3033 2102 3286 2172 Spiritum
3299 2112 3538 2160 sanctum

1965 2196 2121 2253 quem
2150 2198 2466 2254 acceperunt
2493 2190 2668 2256 (Rom.
2704 2207 2754 2256 v,
2774 2193 2848 2261 5).
2874 2192 2998 2247 Sine
3011 2210 3164 2247 causa
3179 2210 3325 2265 ergo,
3348 2195 3538 2265 inquit,

1905 2311 1919 2324 .
1966 2282 2106 2328 tanta
2133 2277 2271 2346 passi
2294 2279 2430 2344 estis,
2461 2280 2547 2348 qui
2577 2296 2640 2335 ex
2676 2281 2951 2347 charitate,
2984 2298 3102 2352 quae
3131 2285 3183 2337 in
3217 2285 3369 2338 vobis
3395 2293 3540 2341 tanta
3596 2315 3602 2321 -

1965 2366 2232 2434 sustinuit,
2261 2368 2325 2421 ad
2354 2369 2596 2424 timorem
2617 2371 2782 2424 relabi
2799 2372 2978 2425 vultis.
3001 2371 3061 2425 Si
3083 2382 3248 2426 tamen
3265 2375 3373 2427 sine
3389 2391 3543 2428 causa

1964 2464 2107 2512 tanta
2139 2459 2279 2528 passi
2309 2461 2454 2515 estis.
2497 2460 2648 2526 Quod
2690 2462 2828 2516 enim
2857 2465 2973 2518 sine
2997 2479 3152 2518 causa
3185 2465 3380 2519 factum
3408 2465 3542 2520 dici-

1963 2557 2067 2612 tur,
2101 2550 2425 2618 superﬁuum
2457 2560 2566 2617 est;
2600 2553 2925 2622 superﬂuum
2957 2563 3133 2609 autem
3176 2570 3275 2609 nec
3302 2555 3538 2624 prodest,

1962 2657 2061 2696 nec
2087 2650 2274 2696 nocet:
2299 2642 2398 2695 hoc
2441 2657 2568 2696 vero
2598 2643 2878 2697 videndum
2912 2652 3012 2710 est,
3053 2660 3119 2698 ne
3148 2645 3214 2698 ad
3252 2645 3541 2713 perniciem

1962 2734 2152 2786 valeat.
2199 2731 2311 2786 Non
2353 2733 2495 2787 enim
2526 2733 2624 2788 hoc
2654 2744 2734 2788 est
2762 2750 2865 2789 non
2895 2750 3132 2804 surgere,
3166 2737 3305 2806 quod
3345 2745 3424 2792 est
3448 2752 3540 2793 ca-

1962 2819 2123 2877 dere:
2152 2824 2390 2892 quamvis
2418 2823 2500 2876 isti
2532 2825 2764 2878 nondum
2808 2826 3143 2890 cecidissent,
3188 2827 3282 2882 sed
3320 2827 3428 2896 jam
3453 2829 3540 2883 in-

1963 2912 2288 2967 clinarentur
2315 2921 2372 2967 ut
2393 2913 2661 2969 caderent.
2691 2915 2822 2968 Nam
2854 2916 3034 2986 utique
3059 2916 3232 2970 adhuc
3259 2918 3311 2970 in
3332 2919 3409 2972 eis
3425 2918 3542 2988 Spi-

1962 3003 2094 3058 ritus
2123 3012 2334 3056 sanctus
2373 3004 2711 3072 operabatur,
2759 3006 2894 3058 sicut
2940 3016 3328 3074 consequenter
3372 3007 3538 3062 dicit:

1967 3093 2067 3160 Qui
2097 3110 2211 3164 ergo
2241 3093 2410 3147 tribuit
2449 3094 2584 3149 vobis
2613 3095 2888 3165 Spiritum,
2921 3107 2965 3150 et
2995 3098 3195 3151 virtutes
3225 3111 3460 3166 operatur
3489 3101 3543 3155 in

1962 3186 2117 3250 vobis,
2150 3203 2212 3240 ea:
2232 3189 2461 3257 aperibus
2491 3186 2665 3258 Legis,
2683 3205 2750 3241 an
2770 3205 2831 3242 ea:
2855 3188 3030 3241 auditu
3051 3189 3208 3258 ﬁdei?
3235 3190 3544 3260 Responde-

1963 3287 2073 3349 tur,
2121 3281 2312 3351 Utique
2337 3297 2402 3335 ex
2430 3280 2613 3335 auditu
2639 3281 2781 3347 ﬁdei,
2817 3283 2952 3336 sicut
2975 3284 3220 3352 superius
3265 3294 3542 3340 tractatum

1963 3383 2065 3430 est.
2098 3373 2298 3429 Deinde
2337 3373 2553 3428 adhibet
2583 3374 2883 3442 exemplum
2927 3375 3096 3446 patris
3143 3375 3431 3442 Abraham,
3475 3377 3545 3432 de

1963 3481 2069 3536 quo
2095 3465 2147 3518 in
2178 3465 2410 3534 Epistola
2437 3464 2502 3519 ad
2530 3465 2799 3520 Romanos
2831 3465 3047 3521 uberius
3068 3466 3410 3536 apertiusque
3436 3466 3543 3522 dis-

1963 3566 2162 3611 sertum
2181 3555 2630 3627 est(Rom.tv,5).
2658 3556 2772 3610 Hoc
2785 3557 2926 3611 enim
2954 3558 3188 3612 maxime
3201 3559 3251 3611 in
3279 3573 3344 3612 eo
3374 3558 3546 3613 victo-

1962 3647 2163 3702 riosum
2187 3655 2285 3713 cst,
2306 3645 2447 3716 quod
2471 3655 2756 3715 antequam
2785 3647 3272 3712 circumcideretur,
3298 3646 3544 3717 deputata

1965 3747 2046 3792 est
2072 3736 2200 3791 ﬁdes
2229 3739 2346 3806 ejus
2371 3735 2436 3790 ad
2462 3736 2744 3806 justitiam,
2773 3746 2825 3792 et
2844 3736 2912 3792 ad
2938 3737 3040 3792 hoc
3060 3737 3356 3793 rectissime
3375 3738 3546 3794 refer-

1965 3838 2050 3885 tur
2070 3829 2208 3900 quod
2238 3830 2287 3885 ei
2313 3829 2511 3884 dictum
2539 3839 2640 3895 est,
2673 3830 2806 3898 Quia
2838 3831 3185 3885 benedicentur
3213 3832 3265 3884 in
3301 3840 3346 3884 te
3376 3848 3546 3886 omnes

1964 3932 2132 3996 gentes
2164 3921 2314 3995 (Gen.
2365 3938 2494 3989 χχιι,
2542 3921 2670 3992 18);
2700 3922 2994 3979 imitatione
3039 3922 3219 3994 utique
3255 3923 3381 3978 ﬁdei
3409 3924 3544 3994 ejus,

1965 4032 2067 4088 qua
2089 4017 2408 4086 justiﬁcatus
2449 4024 2531 4070 est
2558 4015 2717 4071 etiam
2743 4024 2863 4070 ante
2889 4025 3279 4071 sacramentum
3314 4017 3547 4072 circum-

1965 4109 2196 4174 cisiouis,
2230 4106 2371 4177 quod
2399 4107 2464 4160 ad
2514 4107 2635 4162 ﬁdei
2681 4108 3008 4177 signaculum
3028 4109 3288 4178 accepit‘,
3331 4118 3384 4164 et
3429 4118 3549 4166 ante

1967 4215 2180 4256 omnem
2211 4200 2516 4254 servitutem
2540 4197 2718 4269 Legis,
2747 4214 2861 4268 qua:
2888 4199 3055 4254 multo
3083 4208 3202 4270 post
3231 4198 3352 4254 data
3373 4208 3471 4256 est.

2037 4294 2126 4348 21.
2159 4291 2258 4360 Hb.
2287 4309 2372 4359 ιιι,
2400 4291 2612 4364 10-12.]
2656 4290 2809 4358 Quod
2850 4301 3030 4347 autem
3071 4293 3180 4360 ait,
3232 4293 3543 4366 Quicumque

1967 4389 2100 4444 enim
2126 4405 2188 4443 ea:
2205 4388 2436 4458 operibus
2461 4385 2607 4459 Legis
2627 4397 2742 4440 sunt
2766 4427 2782 4448 ,
2815 4385 2904 4439 sub
2929 4386 3196 4441 maledicto
3220 4397 3336 4444 sunt
3363 4386 3550 4458 Legit;

1968 4484 2066 4539 sub
2103 4482 2292 4537 timore
2322 4481 2433 4535 vult
2454 4480 2699 4550 intelligi,
2730 4495 2834 4533 non
2862 4480 2914 4532 in
2938 4479 3186 4534 libertate
3215 4498 3228 4534 :
3259 4490 3314 4533 ut
3345 4481 3548 4535 scilicet

1969 4575 2231 4646 corporali
2281 4573 2639 4646 praesentique
2685 4572 2916 4626 vindicta
2958 4573 3318 4628 vindicaretur
3354 4572 3411 4626 in
3454 4587 3547 4627 eos

1968 4668 2058 4739 qui
2103 4682 2208 4720 non
2243 4673 2616 4735 permanerent
2656 4664 2710 4717 in
2753 4664 2998 4719 omnibus
3033 4680 3150 4734 quae
3190 4664 3383 4732 scripta
3426 4672 3546 4717 sunt

1968 4758 2024 4814 in
2052 4759 2186 4814 libro
2206 4757 2381 4827 Legis,
2412 4764 2471 4810 ut
2499 4755 2735 4810 facerent
2760 4771 2856 4821 ea;
2887 4755 2989 4810 huc
3016 4770 3222 4825 quoque
3249 4754 3545 4822 accederet,

1968 4859 2027 4907 ut
2046 4851 2097 4904 in
2131 4849 2241 4919 ipsa
2257 4861 2540 4917 corporum
2562 4860 2719 4915 pmna
2740 4846 2898 4900 etiam
2920 4844 3187 4900 maledicti
3207 4845 3542 4914 ignominiam

1967 4939 2335 4998 formidarent.
2376 4937 2468 4993 Ille
2502 4945 2678 4992 autem
2702 4937 3020 5008 justiﬁeatur
3058 4935 3195 5006 apud
3231 4937 3427 5003 Deum,
3457 4937 3545 5006 qui

1969 5048 2090 5090 eum
2133 5030 2298 5102 gratis
2338 5031 2500 5096 colit,
2546 5045 2651 5084 non
2697 5030 2900 5085 sciﬁcet
2941 5027 3227 5098 cupiditate
3270 5028 3544 5098 appetendi

1969 5124 2167 5196 aliquid
2196 5124 2262 5178 ab
2292 5123 2406 5193 ipso
2433 5130 2624 5192 prater
2649 5122 2819 5191 ipsum
2842 5162 2857 5187 ,
2903 5129 2993 5174 aut
3019 5120 3209 5174 timore
3247 5120 3543 5175 amittendi.

1968 5217 2029 5274 In
2048 5217 2164 5287 ipso
2179 5216 2320 5271 enim
2344 5215 2460 5271 solo
2481 5230 2606 5270 vera
2632 5223 2809 5269 nostra
2839 5212 3108 5268 beatitudo
3131 5223 3288 5282 atque
3313 5212 3545 5282 perfecta

1970 5321 2086 5378 est;
2127 5320 2180 5366 et
2217 5310 2468 5382 quoniam
2516 5307 2792 5363 invisibilis
2822 5314 2904 5361 est
2942 5305 3108 5360 oculis
3155 5305 3397 5371 carneis,
3446 5304 3546 5361 ﬁde

1970 5405 2194 5471 colitur,
2237 5401 2490 5474 quamdiu
2529 5393 2584 5454 in
2618 5399 2717 5453 hac
2741 5413 2902 5454 carne
2941 5396 3196 5461 vivimus,
3230 5397 3365 5450 sicut
3390 5411 3545 5466 supra

1970 5500 2102 5556 dixit
2124 5542 2138 5565 ,
2177 5498 2324 5566 Quod
2353 5506 2518 5550 autent
2546 5511 2678 5548 nunc
2700 5494 2806 5546 uiuo
2832 5494 2884 5546 in
2901 5508 3070 5556 carne,
3101 5492 3155 5544 in
3175 5489 3277 5560 ﬁde
3301 5491 3408 5544 vivo
3427 5488 3545 5544 Filii

1971 5594 2068 5649 Dei
2093 5590 2288 5666 (Galat.
2317 5583 2374 5658 ιί,
2405 5589 2498 5661 20)
2534 5606 2547 5654 ;
2578 5596 2633 5643 et
2657 5589 2768 5657 ipsa
2794 5596 2876 5642 est
2910 5585 3133 5655 justitia.
3167 5583 3287 5652 .Quo
3319 5583 3546 5652 pertinet

1971 5688 2112 5761 quod
2139 5687 2338 5743 dictum
2374 5693 2486 5750 est,
2523 5683 2656 5747 Quia
2674 5684 2846 5754 justus
2865 5697 2929 5735 ex
2961 5679 3061 5751 ﬁde
3084 5678 3217 5732 vivit.
3249 5677 3381 5732 Hinc
3403 5680 3543 5732 enim

1971 5826 2417 5942 ωἱέςοδίεεὶαιιθνθη
2449 5819 2576 5885 φωά
2617 5816 2735 5884 ﬁdei
2768 5817 3063 5884 signacuhun
3097 5815 3279 5883 accepit
3291 5830 3310 5881 ;
3347 5823 3546 5881 praeter.

2125 5922 2137 5942 ι
2161 5902 2178 5935 (
2232 5923 2239 5936 ι

2125 5902 2239 5948 ,aa.
