4012 6470
525 420 667 485 9119

525 542 809 605 ostendere
833 539 999 597 voluit
1020 539 1140 610 quia
1177 538 1232 593 in
1258 536 1398 608 Lege
1422 549 1580 591 nemo
1607 535 1948 606 justiﬁcatur,
1980 533 2105 604 quia

525 637 783 707 scriptum
811 642 894 689 est
925 632 1126 703 justum
1149 644 1215 686 ex
1249 627 1356 684 ﬁde
1384 628 1581 683 vivere.
1609 626 1785 694 Quare
1808 622 2107 696 intelligen-

527 729 654 785 dum
698 735 780 784 est
821 728 874 783 in
915 725 1091 796 Lege,
1135 721 1281 793 quod
1317 737 1459 777 nunc
1480 721 1555 775 ait
1594 722 1649 775 in
1676 719 1905 791 operibus
1933 719 2104 790 Legis,

526 819 724 876 dictum
764 832 922 884 esse;
953 826 1007 872 et
1047 817 1149 871 hoc
1191 814 1307 870 istis
1343 813 1433 884 qui
1474 814 1529 868 in
1558 812 1962 868 circumcisione
1991 825 2106 865 car-

529 914 615 968 nis
640 921 693 967 et
721 910 919 970 talibus
946 907 1405 965 observationibus
1426 906 1763 962 continentur
1790 922 1804 959 :
1836 905 1889 960 in
1915 905 2106 975 quibus

524 1006 612 1077 qui
658 1004 820 1072 vivit,
863 1003 933 1058 ita
974 1002 1028 1057 in
1054 1000 1196 1072 Lege
1240 1009 1352 1066 est,
1391 1008 1449 1054 ut
1484 999 1583 1055 sub
1614 998 1756 1069 Lege
1786 998 1943 1053 vivat.
1996 996 2103 1052 Sed

522 1097 716 1167 Legem
733 1137 746 1161 ,
776 1104 834 1150 ut
851 1093 1050 1149 dictum
1077 1100 1192 1161 est,
1220 1107 1317 1163 pro
1346 1091 1478 1162 ipsis
1503 1091 1753 1161 cperibus
1782 1090 1937 1161 Legis
1963 1105 2105 1145 nunc

521 1190 715 1260 posuit,
746 1186 961 1257 quodin
982 1185 1364 1256 posterioribus
1391 1182 1777 1239 manifestatur.
1808 1183 1897 1237 Ait
1920 1182 2061 1237 enim
2085 1200 2099 1238 :

519 1276 629 1333 Lex
650 1286 813 1332 autent
838 1294 937 1345 non
962 1286 1035 1331 est
1066 1293 1128 1331 ea:
1156 1276 1287 1345 ﬁde,
1331 1274 1419 1329 sed
1455 1275 1538 1345 qui
1575 1274 1744 1343 fecerit
1770 1290 1857 1341 ea,
1887 1274 2012 1328 eivet
2047 1274 2101 1327 in

518 1371 639 1426 illis.
669 1369 786 1425 Non
813 1370 907 1437 ait,
938 1369 1039 1438 Qui
1070 1368 1259 1425 fecerit
1287 1382 1423 1433 eam,
1455 1368 1598 1423 vivet
1625 1368 1676 1422 in
1707 1383 1808 1433 ea;
1859 1375 1918 1422 ut
1939 1366 2098 1422 intel-

516 1462 650 1533 ligas
688 1462 881 1533 Legem
923 1462 975 1516 in
1002 1462 1103 1517 hoc
1132 1461 1249 1516 loco
1292 1474 1388 1530 pro
1413 1460 1541 1530 ipsis
1569 1459 1817 1530 operibus
1843 1459 2092 1528 positam.

518 1554 621 1624 Qui
645 1563 823 1611 autem
848 1553 1098 1610 vivebant
1126 1554 1179 1608 in
1208 1552 1290 1607 bis
1320 1552 1570 1621 operibus
1592 1593 1607 1619 ,
1639 1551 1895 1606 timebant
1918 1551 2097 1620 utique

517 1661 622 1714 ne,
665 1648 711 1703 si
752 1663 857 1703 non
884 1662 949 1705 ea
990 1646 1282 1712 fecissent,
1321 1644 1719 1715 lapidationem,
1749 1644 1834 1700 vel
1858 1659 2092 1713 crucem,

515 1740 600 1794 vel
626 1739 822 1810 aliquid
852 1737 1153 1809 hujusmodi
1179 1744 1503 1807 paterentur.
1536 1736 1678 1805 Ergo
1706 1735 1790 1807 qui
1819 1735 1987 1803 fecerit
2013 1750 2089 1801 ea,

516 1829 722 1900 inquit,
766 1831 892 1885 vivet
920 1830 974 1883 in
1008 1828 1160 1893 illis;
1202 1828 1254 1883 id
1293 1836 1403 1896 est,
1448 1826 1665 1881 habebit
1692 1825 1999 1895 prmmium,
2028 1840 2095 1880 ne

516 1924 617 1978 ista
645 1931 815 1978 morte
841 1923 1104 1993 puniatur.
1148 1920 1264 1975 Non
1295 1936 1420 1991 ergo
1451 1918 1591 1989 apud
1620 1920 1783 1974 Deum
1802 1960 1817 1985 ,
1858 1918 2007 1988 cujus
2027 1934 2095 1975 ex

518 2014 624 2069 ﬁde
662 2014 706 2068 si
732 2012 850 2084 quis
888 2013 940 2067 in
969 2011 1068 2067 hac
1096 2012 1202 2066 vita
1226 2011 1449 2077 vixerit,
1489 2025 1609 2065 cum
1639 2009 1761 2065 hinc
1783 2010 2091 2079 excesserit,

515 2115 644 2162 tunc
668 2121 789 2161 eum
814 2106 983 2175 magis
1010 2104 1226 2158 habebit
1250 2103 1723 2173 prtesentissimum
1750 2104 2029 2173 praemium
2052 2106 2089 2157 ¹.

513 2197 632 2254 Non
656 2199 833 2268 itaque
861 2213 929 2251 ex
960 2197 1063 2253 ﬁde
1096 2196 1260 2265 vivit,
1289 2197 1531 2267 quisquis
1558 2198 1840 2267 praesentia
1870 2213 1990 2268 qua:
2011 2198 2093 2252 vi-

514 2289 711 2346 dentur
732 2318 757 2354 ,-
774 2287 859 2342 vel
882 2288 1062 2357 cupit,
1087 2288 1173 2343 vel
1204 2288 1389 2354 timet;
1421 2289 1543 2359 quia
1573 2288 1704 2344 ﬁdes
1734 2289 1825 2343 Dei
1854 2288 1920 2343 ad
1947 2289 2090 2344 invi-

513 2381 685 2437 sibilia
727 2379 996 2450 pertinet,
1051 2394 1168 2448 qum
1210 2388 1333 2450 post
1378 2380 1659 2435 dabuntur.
1710 2379 1844 2434 Nam
1886 2388 1968 2436 est
1992 2380 2093 2435 ista

513 2474 754 2545 quaedam
790 2473 844 2527 in
887 2473 1139 2543 Operibus
1178 2473 1334 2544 Legis
1366 2474 1571 2545 justitia
1598 2471 1830 2546 (quando
1852 2475 1967 2530 sine
1996 2489 2093 2531 suo
2140 2514 2145 2519 ι

512 2566 734 2636 praemio
772 2567 957 2621 relicta
990 2582 1095 2623 non
1128 2565 1267 2639 est),
1315 2578 1374 2622 ut
1410 2568 1501 2637 qui
1539 2566 1726 2622 fecerit
1753 2582 1812 2622 ea
1833 2608 1848 2634 ,
1877 2567 2017 2622 vivat
2038 2569 2092 2622 in

520 2658 621 2715 eis.
643 2658 796 2715 Unde
824 2667 880 2714 et
915 2659 982 2714 ad
1008 2659 1276 2715 Romanos
1301 2660 1428 2715 dicit
1460 2678 1473 2713 :
1506 2659 1567 2715 Si
1595 2677 1727 2714 emm
1754 2659 2009 2714 Abraham
2033 2678 2094 2715 ea:

510 2748 740 2820 operibus
780 2750 1093 2820 justi/iratus
1135 2759 1233 2816 est,
1286 2750 1430 2803 habet
1462 2752 1711 2821 'gloriam,
1752 2756 1841 2806 sed
1883 2768 1983 2807 non
2026 2753 2093 2807 ad

510 2838 676 2895 Deum
708 2840 880 2912 (Rom.
909 2857 990 2909 tv,
1019 2841 1099 2912 2).
1145 2841 1299 2896 Aliud
1324 2851 1406 2896 est
1432 2858 1586 2912 ergo,
1633 2858 1737 2897 non
1773 2842 2048 2914 justiﬁcari
2074 2864 2088 2913 ;

510 2930 653 2986 aliud
673 2973 688 2999 ,
717 2947 822 2987 non
867 2932 1146 3002 justtﬁcari
1214 2933 1353 3002 apud
1384 2933 1569 2987 Deum.
1614 2934 1714 3001 Qui
1741 2935 1956 2989 omnino
1986 2952 2113 2991 non

506 3020 857 3093 justiﬁcatur,
901 3040 998 3080 nec
1041 3024 1126 3079 illa
1154 3034 1330 3079 servat
1383 3040 1500 3095 qua:
1560 3028 1852 3096 temporale
1898 3028 2094 3084 habent

509 3114 787 3184 prmmium
807 3157 822 3183 ,
850 3130 947 3170 nec
978 3116 1065 3169 illa
1094 3131 1212 3185 qua:
1237 3124 1491 3171 aeternum
1521 3134 1533 3170 ε
1564 3118 1652 3187 qui
1678 3127 1853 3173 autem
1885 3120 1935 3173 in
1966 3136 2094 3191 ope-

508 3202 659 3260 ribus
683 3205 838 3275 Legis
877 3206 1215 3275 justiﬁcatur,
1240 3222 1342 3261 non
1382 3207 1520 3277 apud
1545 3209 1708 3263 Deum
1736 3208 2088 3278 justiﬁcatur;

512 3295 637 3363 quia
666 3296 1009 3365 temporalem
1041 3296 1163 3350 inde
1193 3306 1462 3366 exspectat
1488 3298 1857 3370 visibilemque
1882 3316 2091 3356 mercc-

516 3384 661 3441 dem.
693 3385 800 3440 Sed
831 3395 1003 3441 tamen
1043 3396 1125 3441 est
1148 3388 1304 3441 etiam
1349 3388 1478 3457 ista,
1525 3397 1583 3443 ut
1621 3390 1765 3455 dixi,
1810 3391 2088 3461 qumdam,

513 3484 576 3532 ut
618 3478 696 3532 sic
736 3476 942 3545 dicam,
991 3486 1201 3534 terrena
1244 3480 1577 3550 carnalisque
1611 3480 1813 3549 justitia
1843 3501 1856 3532 :
1890 3497 2011 3537 nam
2039 3491 2093 3539 et

508 3565 624 3637 ipse
649 3566 936 3637 Apostolus
961 3584 1078 3623 eam
1106 3569 1363 3639 justitiam
1386 3579 1577 3637 vocat,
1623 3585 1742 3625 cum
1783 3572 1906 3628 alibi
1937 3573 2088 3643 dicit,

510 3658 805 3715 Secundum
838 3661 1094 3731 justitiam
1121 3679 1234 3734 qua:
1272 3663 1327 3717 in
1364 3662 1498 3734 Lege
1522 3671 1625 3732 est,
1652 3676 1966 3723 conversatus
2004 3669 2093 3741 qui

505 3748 697 3820 fuerim
729 3751 837 3806 sine
862 3754 1063 3822 querela
1094 3751 1354 3825 (Philipp.
1387 3770 1482 3821 ιιι,
1531 3754 1623 3825 6).

597 3841 687 3897 22.
732 3841 830 3916 [lb.
873 3861 961 3910 ιιι,
1000 3846 1099 3913 15,
1139 3845 1252 3920 14.]
1302 3846 1588 3918 Propterea
1634 3848 1890 3908 Dominus
1936 3851 2089 3911 Jesus

503 3933 747 3990 Christus
764 3936 873 4006 jam
894 3936 1192 3993 libertatem
1220 3937 1437 3994 daturus
1464 3939 1821 4009 credentibus,
1846 3945 2089 4015 quaedam

505 4042 686 4082 earum
711 4029 1137 4084 Observationum
1167 4045 1271 4085 non
1305 4034 1534 4088 servavit
1559 4034 1626 4089 ad
1654 4035 1906 4092 litteram.
1938 4038 2090 4094 Unde

507 4116 667 4171 etiam
696 4131 819 4171 cum
849 4118 1069 4174 sabbato
1102 4122 1400 4176 esurientes
1430 4123 1678 4195 discipuli
1722 4128 1899 4196 spicas
1942 4129 2089 4184 evul-

508 4203 703 4258 sissent
728 4247 744 4270 ,
790 4207 1061 4275 respondit
1088 4210 1480 4279 indignantibus
1501 4253 1514 4277 ,
1549 4214 1828 4272 Dominum
1854 4233 1974 4274 esse
2000 4218 2088 4274 Fi-

506 4294 636 4348 lium
664 4294 896 4351 hominis
932 4299 1089 4352 etiam
1119 4299 1324 4353 sabbati
1354 4299 1564 4371 (Matth.
1589 4319 1697 4371 xu,
1729 4307 1865 4377 1-8).
1908 4307 2087 4379 Itaque

505 4382 597 4439 illa
622 4385 906 4442 carnaliter
928 4402 1036 4441 non
1064 4388 1397 4446 observando
1417 4434 1431 4458 ,
1474 4394 1764 4450 carnalium
1789 4398 2085 4471 conﬂagra-

505 4476 583 4532 vit
606 4476 858 4533 invidiam
883 4494 898 4543 ;
923 4487 976 4534 et
1004 4482 1239 4552 suscepit
1258 4483 1472 4552 quidem
1506 4500 1718 4555 ptenam
1752 4493 2081 4561 propositam

504 4568 641 4639 illis,
669 4571 758 4641 qui
787 4586 849 4627 ea
876 4587 979 4627 non
1009 4573 1409 4645 observasseut,
1438 4578 1530 4634 sed
1559 4588 1616 4635 ut
1641 4582 1918 4641 credentes
1943 4586 1998 4641 in
2027 4603 2085 4643 se

503 4660 627 4716 talis
655 4676 829 4732 paenae
866 4663 1055 4719 timore
1094 4652 1343 4723 liberaret
1371 4686 1384 4722 :
1417 4685 1522 4740 quo
1565 4674 1791 4741 pertinet
1818 4677 1960 4747 quod
1988 4679 2084 4735 ad-

502 4752 697 4824 jungit,
725 4752 954 4810 Christus
980 4771 1070 4810 nos
1092 4759 1301 4812 redemit
1331 4759 1393 4813 de
1412 4762 1677 4819 maledicto
1699 4764 1847 4839 Legis
1872 4811 1885 4833 ,
1918 4774 2083 4842 factus

506 4861 598 4914 pro
627 4846 768 4900 nobis
806 4847 1169 4915 maledictum;
1198 4852 1314 4921 quia
1352 4853 1595 4924 scriptum
1632 4866 1738 4925 est,
1779 4858 2084 4917 Maledictus

506 4937 667 4991 omnis
691 4938 777 5006 qui
815 4940 995 5009 pendet
1022 4942 1075 4995 in
1103 4942 1258 5012 ligno.
1292 4943 1419 5011 Quae
1444 4949 1706 5003 sententia
1744 4951 2085 5020 spiritualitcr

508 5026 924 5100 intelligentibus
950 5047 1339 5092 sacramentum
1365 5047 1447 5093 est
1475 5039 1732 5096 libertatis
1757 5060 1769 5096 :
1797 5047 2086 5104 carnaliter

508 5128 683 5175 autem
708 5125 1055 5182 sentientibus
1078 5169 1094 5196 ,
1127 5128 1171 5183 si
1208 5128 1377 5183 ιιιιάιεὶ
1404 5139 1526 5184 sunt
1551 5173 1565 5199 ,
1594 5132 1778 5204 jugum
1808 5147 1888 5192 est
1913 5141 2083 5194 servi-

509 5215 673 5281 tutis;
714 5218 759 5270 si
798 5220 983 5288 pagani
1012 5230 1103 5275 aut
1128 5222 1383 5291 haeretici,
1426 5224 1780 5284 velamentum
1811 5244 1892 5288 est
1910 5236 2077 5291 catei-

512 5302 653 5357 tatis.
696 5305 828 5363 Nam
856 5309 995 5379 quod
1042 5311 1255 5381 quidam
1286 5314 1453 5368 nostri
1493 5317 1666 5371 minus
1705 5318 1759 5373 in
1801 5320 2084 5393 Scripturis

511 5393 730 5461 eruditi,
759 5400 1074 5455 sententiam
1099 5402 1252 5458 istam
1284 5404 1442 5459 nimis
1467 5405 1737 5476 timentes,
1769 5422 1822 5466 et
1851 5412 2087 5485 Scriptu-

512 5495 601 5537 ras
637 5494 845 5543 veteres
886 5490 1063 5547 debita
1108 5494 1300 5565 pietate
1338 5498 1723 5568 approbantes,
1757 5518 1860 5558 non
1901 5518 2086 5575 putant

514 5573 616 5633 hoc
649 5577 716 5634 de
741 5580 962 5639 Domino
990 5600 1110 5643 esse
1155 5588 1349 5645 dictum
1373 5634 1387 5658 ,
1438 5593 1530 5648 sed
1558 5593 1625 5650 de
1665 5595 1797 5652 Juda
1831 5573 2085 5661 traditore

578 5795 953 5892 23:3
971 5808 1430 5892 .pr‘tes‘tgt‘t-issitnum
1464 5816 1729 5879 prtemium.
1766 5823 1852 5874 Alii
1874 5824 2083 5892 codices,

517 5864 948 5918 prwsentissimmn
968 5864 1237 5929 praemium.

1478 410 1834 472 EPISTOUE
1873 413 1965 469 AD
2003 408 2341 484 GALATAS,
2383 417 2442 473 S.
2482 409 2843 476 AUGUSTINI

3653 425 3797 491 2128

2219 536 2334 607 ejus
2368 556 2381 591 :
2408 538 2559 596 aiunt
2592 542 2735 597 enim
2770 550 3049 613 propterea
3074 556 3181 598 non
3210 556 3330 598 esse
3354 535 3556 599 dictum
3576 586 3593 614 ,
3624 534 3801 603 Mate—

2216 627 2378 685 dictus
2415 632 2606 700 omnis,
2639 634 2730 705 qui
2758 634 2934 705 ﬁgitur
2961 635 3015 689 in
3049 634 3222 705 ligno;
3267 633 3391 698 sed,
3422 635 3508 705 qui
3534 638 3721 707 pendet
3746 640 3797 693 in

2216 720 2394 790 ligno;
2436 726 2557 794 quia
2598 741 2701 780 non
2750 726 2835 780 hic
2862 727 3114 781 Dominus
3159 726 3482 798 signiﬁcatus
3527 739 3647 795 est,
3700 732 3797 787 sed

2213 811 2302 867 ille
2326 814 2416 884 qui
2442 832 2500 870 se
2527 817 2714 888 laqueo
2738 818 3011 889 suspendit
3040 837 3053 873 :
3082 819 3241 901 nimis
3259 831 3458 892 errant,
3487 840 3586 879 nec
3610 834 3792 881 atten-

2212 903 2342 959 dunt
2370 921 2429 961 se
2465 918 2649 963 contra
2677 912 2987 979 Apostolum
3031 911 3334 983 disputare,
3370 915 3459 984 qui
3494 915 3605 983 ait,
3638 914 3791 971 Chri-

2210 1006 2316 1052 stus
2345 1015 2433 1053 nos
2462 1000 2668 1056 redemit
2695 1003 2756 1056 de
2797 1005 3061 1058 maledicto
3098 1004 3278 1077 Legis,
3326 1009 3487 1077 factus
3522 1025 3616 1078 pro
3645 1009 3793 1065 nobis

2209 1090 2573 1156 maledictum;
2600 1095 2716 1164 quia
2750 1096 2992 1167 scriptum
3020 1105 3125 1165 est,
3172 1097 3475 1154 Maledictus
3506 1101 3672 1156 omnis
3705 1102 3794 1173 qui

2210 1181 2390 1250 pendet
2426 1183 2479 1237 in
2518 1183 2671 1255 ligno.
2717 1186 2816 1254 Qui
2841 1203 2967 1258 ergo
3011 1204 3106 1258 pro
3136 1190 3286 1245 nobis
3312 1190 3485 1246 factus
3514 1201 3596 1248 est
3624 1194 3795 1249 male-

2206 1270 2440 1339 dictum,
2476 1275 2588 1345 ipse
2617 1278 2794 1348 utique
2826 1279 3074 1349 pependit
3102 1281 3153 1335 in
3181 1282 3355 1353 ligno,
3386 1283 3440 1338 id
3467 1294 3588 1349 est,
3623 1285 3787 1342 Chri-

2205 1372 2337 1434 stus,
2364 1367 2571 1436 quinos
2600 1369 2842 1425 liberavit
2866 1387 2895 1425 a
2924 1373 3205 1428 maledicto
3233 1374 3418 1447 Legis;
3449 1386 3508 1430 ut
3538 1393 3644 1432 non
3668 1378 3785 1448 jam

2205 1457 2394 1517 timore
2440 1461 2853 1531 justiticaremur
2899 1469 2951 1520 in
2995 1468 3242 1537 operibus
3284 1470 3479 1541 Legis,
3535 1473 3633 1527 sed
3681 1473 3790 1532 ﬁde

2202 1551 2340 1621 apud
2371 1551 2557 1619 Deum,
2581 1570 2699 1625 quae
2728 1571 2836 1611 non
2864 1572 2957 1626 per
2990 1558 3232 1613 timorem
3255 1600 3270 1625 ,
3302 1561 3393 1615 sed
3424 1576 3520 1630 per
3538 1563 3784 1621 dilectio—

2202 1659 2323 1699 nem
2367 1656 2635 1717 operatur.
2686 1648 2915 1718 Spiritus
2952 1651 3093 1706 enim
3136 1662 3388 1716 sanctus,
3439 1655 3528 1725 qui
3558 1655 3666 1712 hoc
3689 1673 3786 1728 per

2199 1732 2417 1805 Moysen
2445 1735 2598 1805 dixit,
2630 1747 2914 1809 utrumque
2941 1740 3170 1811 providit
3198 1742 3216 1773 ¹
3238 1782 3255 1808 ,
3287 1751 3344 1797 ιιι
3363 1751 3414 1799 et
3445 1743 3638 1801 timore
3658 1748 3786 1802 visi-

2197 1825 2319 1882 bilis
2360 1842 2532 1897 paanae
2571 1830 2966 1887 custodirentur
3008 1834 3095 1903 qui
3137 1835 3373 1890 nondum
3427 1846 3676 1906 poterant
3717 1855 3783 1895 ex

2198 1915 2540 1973 invisibiliunt
2576 1920 2681 1975 ﬁde
2722 1922 2928 1989 vivere;
2962 1936 3014 1978 et
3044 1925 3158 1993 ipse
3199 1925 3442 1983 timorem
3474 1929 3637 1984 istum
3670 1931 3783 1986 sol-

2196 2020 2346 2067 veret
2372 2014 2711 2083 suscipiendo
2738 2017 2881 2085 quod
2904 2018 3206 2086 timebatur,
3230 2021 3319 2090 qui
3351 2022 3542 2077 timore
3566 2024 3781 2078 sublato

2197 2104 2397 2160 donum
2425 2106 2553 2164 dare
2586 2118 2793 2178 poterat
2822 2110 3116 2168 charitatis.
3148 2112 3255 2169 Nec
3287 2114 3339 2167 in
3360 2114 3462 2170 hoc
3489 2116 3635 2186 quod
3659 2133 3782 2172 ma-

2198 2195 2420 2253 ledictus
2447 2207 2530 2254 est
2556 2200 2856 2270 appellatus
2882 2202 2973 2272 qui
2998 2203 3194 2273 pendet
3221 2204 3274 2258 in
3296 2205 3459 2275 ligno,
3490 2215 3777 2262 contume—

2196 2288 2267 2343 lia
2296 2289 2351 2343 in
2373 2290 2652 2346 Dominum
2678 2293 2910 2363 putanda
2934 2303 3035 2349 est.
3068 2294 3149 2349 Ex
3173 2305 3321 2364 parte
3345 2296 3540 2366 quippe
3566 2298 3781 2353 mortali

2197 2384 2452 2454 pependit
2477 2385 2529 2439 in
2559 2386 2702 2457 ligno
2733 2406 2747 2442 :
2777 2388 3073 2444 mortalitas
3098 2397 3276 2444 autem
3303 2389 3443 2444 unde
3472 2390 3561 2455 sit,
3592 2399 3778 2446 notum

2196 2484 2279 2529 cst
2302 2476 2679 2544 credentibus;
2713 2493 2778 2533 ex
2802 2494 2957 2549 pmna
2979 2479 3171 2551 quippe
3198 2488 3299 2546 est,
3327 2487 3381 2535 et
3404 2480 3784 2537 maledictione

2196 2567 2438 2635 peecati’l
2469 2568 2626 2637 primi
2650 2568 2910 2638 hominis,
2943 2586 3101 2641 quam
3130 2572 3387 2628 Dominus
3436 2574 3692 2643 suscepit,
3724 2580 3783 2628 et

2197 2667 2413 2727 peccata
2438 2670 2620 2716 nostra
2663 2663 2879 2732 pertulit
2916 2662 2970 2717 in
2997 2678 3220 2733 corpore
3255 2680 3353 2722 suo
3389 2678 3551 2738 seper
3578 2667 3782 2736 lignum

2198 2748 2241 2818 (l
2268 2748 2411 2804 Petr.
2442 2768 2499 2820 ιι,
2521 2752 2637 2824 24).
2659 2751 2715 2809 Si
2735 2769 2862 2826 ergo
2880 2754 3163 2824 diceretur,
3196 2756 3335 2813 Mors
3360 2758 3641 2813 maledicta
3663 2769 3781 2825 est;

2197 2856 2355 2897 nemo
2394 2843 2798 2901 cxhorresceret
2830 2865 2843 2902 :
2874 2848 3001 2918 quid
3035 2860 3210 2905 autem
3252 2851 3351 2905 nisi
3379 2866 3527 2907 mors
3570 2852 3786 2909 Domini

2198 2934 2446 3003 pependit
2471 2939 2523 2990 in
2566 2936 2741 3007 ligno,
2793 2946 2851 2993 ut
2888 2948 3115 2996 mortem
3153 2942 3429 2998 moriendo
3457 2944 3783 3012 superaret?

2198 3027 2384 3082 eadem
2412 3028 2570 3098 igitur
2595 3030 2894 3096 maledicta,
2925 3049 3042 3103 qua:
3066 3035 3201 3089 victa
3222 3042 3321 3090 est.
3346 3036 3476 3090 item
3502 3037 3548 3091 si
3568 3036 3780 3093 dicere-

2198 3128 2320 3188 tur,
2374 3121 2650 3177 Peccatum
2697 3123 3033 3179 maledictum
3064 3107 3193 3193 'est;
3242 3143 3400 3183 nemo
3448 3129 3779 3185 miraretur:

2197 3212 2324 3281 quid
2353 3221 2528 3269 autem
2558 3215 2808 3284 pependit
2843 3216 2894 3270 in
2924 3217 3095 3288 ligno,
3138 3219 3238 3274 nisi
3268 3229 3538 3290 peccatum
3573 3222 3779 3277 veteris

2198 3301 2464 3367 hominis,
2518 3306 2660 3375 quod
2698 3306 2955 3364 Dominus
3004 3324 3102 3379 pro
3148 3311 3299 3367 nobis
3340 3314 3395 3367 in
3438 3314 3549 3383 ipsa
3594 3313 3776 3369 carnis

2196 3395 2516 3450 mortalitate
2554 3399 2823 3468 suscepit?
2859 3399 3011 3455 Unde
3055 3416 3153 3457 nec
3204 3403 3414 3458 erubuit
3456 3420 3555 3459 nec
3605 3405 3785 3459 timuit

2196 3484 2483 3554 Apostolus
2508 3487 2685 3543 dicere
2708 3531 2722 3556 ,
2775 3500 3050 3559 peccatum
3085 3508 3206 3547 eum
3242 3494 3432 3549 fecisse
3460 3513 3554 3565 pro
3579 3497 3739 3553 nobis
3762 3540 3779 3565 ,

2196 3574 2428 3643 addens,
2480 3575 2547 3631 Ut
2573 3579 2635 3632 de
2677 3591 2878 3649 peccato
2910 3583 3269 3638 condemnaret
3311 3596 3566 3655 peccatum
3596 3586 3775 3661 (Rom.

2194 3680 2322 3734 vm,
2352 3667 2433 3738 5).
2478 3667 2595 3723 Νοιι
2634 3671 2777 3726 enim
2802 3680 2857 3727 et
2880 3684 3032 3729 vetus
3060 3673 3218 3729 homo
3247 3686 3427 3731 noster
3463 3678 3624 3734 simul
3650 3697 3777 3737 cru-

2195 3757 2532 3828 ciﬁgeretur,
2576 3761 2710 3817 sicut
2736 3762 2879 3819 idem
2922 3766 3192 3835 apostolus
3236 3767 3359 3822 alibi
3386 3767 3547 3834 dicit,
3591 3772 3693 3825 nisi
3724 3772 3775 3827 in

2194 3851 2282 3907 illa
2312 3862 2482 3909 morte
2513 3855 2717 3911 Domini
2758 3861 2959 3927 peccati
2990 3863 3157 3917 nostri
3186 3861 3351 3932 ﬁgura
3378 3864 3672 3933 penderet,
3720 3876 3780 3923 ut

2194 3956 2539 4003 evacuaretur
2580 3964 2779 4020 corpus
2804 3954 3037 4021 peccati,
3076 3964 3136 4009 ut
3161 3957 3295 4011 ultra
3326 3974 3431 4013 non
3473 3962 3775 4018 serviamus

2192 4047 2410 4105 peccato
2436 4039 2544 4110 (Id.
2572 4057 2623 4096 vt
2643 4084 2659 4109 ,
2684 4041 2759 4114 6).
2790 4043 2847 4123 In
2876 4046 3026 4116 cujus
3050 4049 3253 4118 peccati
3280 4059 3333 4106 et
3359 4055 3547 4110 mortis
3574 4054 3767 4126 ﬁgura,

2192 4127 2351 4183 etiam
2379 4129 2587 4201 Moyses
2613 4132 2667 4192 in
2710 4149 2891 4192 eremo
2936 4152 3095 4208 super
3129 4140 3328 4211 lignum
3367 4146 3621 4203 exaltavit
3656 4168 3775 4206 ser-

2192 4227 2405 4290 pentem
2432 4222 2615 4295 (Num.
2648 4243 2760 4295 xxi,
2788 4229 2864 4300 9).
2897 4230 3251 4289 Pcrsuasione
3282 4238 3477 4308 quippe
3502 4246 3773 4312 serpentis

2192 4311 2352 4371 homo
2383 4317 2433 4371 in
2460 4317 2854 4377 damnationem
2884 4327 3069 4383 mortis
3094 4327 3303 4384 cecidit.
3340 4330 3526 4405 Itaque
3550 4352 3777 4407 serpens

2190 4404 2258 4459 ad
2278 4406 2713 4477 signiﬁcationem
2737 4413 2900 4483 ipsius
2918 4420 3125 4486 mortis,
3148 4426 3527 4481 convenienter
3546 4427 3600 4482 in
3630 4404 3777 4499 ligno

2189 4501 2449 4557 exaltalus
2474 4512 2554 4558 cst
2586 4523 2600 4559 :
2634 4505 2686 4560 iu
2710 4507 2797 4562 illa
2827 4509 2969 4567 enim
3016 4511 3181 4583 ﬁgura
3210 4530 3356 4571 mors
3394 4519 3605 4575 Domini
3644 4538 3777 4592 pen-

2189 4589 2345 4646 debat
2368 4594 2420 4647 in
2448 4594 2607 4664 ligno.
2650 4598 2777 4664 Quis
2805 4610 2981 4657 autem
3009 4604 3353 4674 abhorreret,
3388 4625 3432 4664 ει
3463 4610 3761 4682 diceretur,

2189 4681 2497 4740 Maledictus
2540 4701 2760 4758 serpens
2804 4693 2893 4763 qui
2933 4694 3127 4763 pendet
3155 4697 3208 4750 in
3253 4698 3435 4768 ligno?
3480 4702 3545 4756 Et
3587 4681 3773 4762 Lumen

2188 4785 2415 4832 mortem
2442 4782 2616 4835 carnis
2641 4782 2848 4839 Domini
2878 4790 3219 4861 praeﬁgurans
3257 4809 3483 4865 serpens
3506 4798 3780 4867 pendebat

2188 4866 2242 4921 in
2271 4868 2433 4938 ligno,
2465 4871 2549 4926 cui
2576 4887 2906 4933 sacramento
2938 4881 3050 4950 ipse
3078 4866 3638 4959 Dominusiattestatus
3664 4902 3774 4960 est,

2190 4956 2373 5015 dicens
2406 4978 2419 5015 :
2454 4963 2601 5017 Sicut
2640 4969 2876 5022 exattavit
2916 4970 3117 5043 Moyses
3158 4958 3436 5047 serpentem
3476 4982 3529 5036 in
3578 5000 3775 5054 eremo,

2188 5053 2260 5107 ita
2283 5056 2497 5109 exaltari
2524 5070 2717 5127 oportet
2742 5060 2933 5117 Filium
2962 5066 3177 5123 hominis
3198 5087 3349 5141 super
3369 5083 3554 5129 terram
3581 5053 3774 5147 (Jonn.

2190 5159 2275 5210 ιιι,
2319 5146 2433 5217 14).
2480 5147 2597 5203 Non
2642 5152 2780 5206 enim
2809 5163 2863 5208 et
2890 5154 2989 5211 hoc
3035 5158 3088 5212 in
3130 5164 3505 5220 contumeliam
3551 5146 3780 5227 Domini

2190 5234 2405 5307 Moysen
2448 5236 2638 5295 fecisse
2689 5244 2878 5313 aliquis
2924 5248 3141 5317 dixerit,
3192 5269 3310 5308 cum
3363 5267 3560 5313 tantam
3608 5261 3660 5315 in
3705 5279 3781 5320 ea

2189 5341 2346 5384 cruce
2376 5330 2600 5386 salutem
2630 5332 2901 5392 hominum
2933 5354 3051 5396 esse
3077 5356 3439 5415 cognosceret,
3469 5362 3528 5405 ut
3556 5368 3662 5408 non
3692 5355 3779 5411 ob

2190 5420 2331 5478 aliud
2359 5422 2425 5478 ad
2454 5424 2569 5496 ejus
2596 5427 2845 5484 indicium
2885 5446 3184 5505 serpentem
3207 5441 3351 5496 illum
3381 5445 3585 5516 erigere
3610 5447 3786 5518 jube-

2190 5520 2310 5580 ret,
2340 5516 2440 5570 nisi
2471 5526 2526 5571 ut
2554 5534 2675 5573 eum
2722 5520 2986 5579 intuentes
3026 5530 3113 5598 qui
3158 5537 3320 5591 morsi
3358 5553 3388 5590 a
3426 5516 3781 5609 serpentibus

2191 5686 2197 5704 ».
2255 5652 2275 5725 ξ
2298 5648 2694 5725 [diti-,pftevtdit.
2716 5656 2881 5725 Melius
2898 5665 3024 5721 Mss,
3048 5662 3270 5725 providit.
3596 5676 3597 5679 ‘
3760 5688 3790 5720 πε

2255 5711 2286 5794 1
2298 5710 2415 5794 aditi
2436 5710 2710 5794 prgin:
2728 5716 2910 5794 quippe
2925 5710 3387 5794 estjeimulefdictio
3410 5734 3611 5794 peccati.

2191 5769 2430 5863 diiquznei
2741 5769 2987 5863 "peccata:
2999 5769 3045 5863 1t.
3040 5769 3128 5857 eui
3136 5769 3769 5863 ’δίὀῖἷῑῇιεὲἶὲἱῖῐὲεᾶἒῖἷ
3766 5773 3795 5863 :-

2193 5836 2648 5920 ﬁdeliam-tigna,
2675 5836 2844 5896 et.'1\'os
2864 5858 2973 5901 cum
2990 5847 3097 5900 aliis
3111 5836 3533 5920 novem'Vﬁre't'
3555 5836 3770 5913 W83“

2194 5894 2344 5947 ctione
2363 5894 2562 5950 peccati.
