4048 6484
260 416 399 473 2111

262 529 505 587 moritur=
550 535 739 599 erant,
791 532 1044 589 continuo
1085 544 1420 592 sanarentur.
1470 536 1578 593 Nec
1619 544 1839 608 propter

260 623 404 678 aliud
432 623 522 679 ille
549 637 772 695 serpens
795 640 994 694 aeneus
1021 625 1190 682 factus
1214 637 1352 695 erat,
1377 628 1476 684 nisi
1503 638 1561 684 ut
1588 643 1841 698 perman-

258 732 400 772 sura:
427 717 691 787 passionis
714 717 923 774 Domini
949 719 1105 775 ﬁdem
1128 721 1466 791 signiﬁcaret.
1490 721 1662 775 Etiam
1689 721 1843 791 vulgo

258 810 457 879 quippe
486 809 734 865 dicuntur
761 826 943 881 amca,
984 828 1211 884 quorum
1252 830 1503 869 numerus
1539 823 1735 869 manet.
1785 814 1841 871 Si

254 906 399 956 enim
431 902 584 958 obliti
612 913 791 959 essent
816 903 1062 961 homines
1085 948 1100 971 ,
1147 916 1200 962 et
1224 906 1561 961 obliteratum
1596 917 1735 962 esset
1774 905 1840 962 de

256 996 516 1051 memoria
543 998 814 1067 temporis,
842 1001 986 1071 quod
1008 1001 1248 1058 Christus
1267 1018 1364 1072 pro
1378 1002 1678 1059 hominibus
1697 1018 1840 1057 mor-

255 1096 377 1142 tuus
420 1097 536 1154 εει,
584 1104 713 1146 vere
764 1102 1107 1149 morerentur
1137 1113 1151 1149 ε
1180 1111 1321 1149 nunc
1370 1104 1549 1151 autem
1586 1104 1837 1166 tanquam

252 1194 404 1234 :cnea
430 1190 709 1252 permanet
734 1184 910 1240 crucis
936 1184 1069 1241 ﬁdes
1092 1228 1109 1254 ,
1154 1196 1211 1242 ut
1238 1202 1359 1242 cum
1403 1188 1492 1242 alii
1518 1189 1832 1258 moriantur,

252 1272 343 1325 alii
389 1282 712 1340 nascantur,
763 1275 933 1347 ipsam
985 1286 1161 1336 tamen
1204 1280 1482 1335 sublimem
1523 1296 1835 1350 permanere

252 1363 563 1434 inveniant,
595 1382 753 1437 quam
779 1367 1033 1424 intuendo
1072 1381 1344 1427 sanentur.
1392 1372 1508 1428 Non
1550 1372 1708 1444 igitur
1736 1373 1834 1427 mi-

256 1470 377 1509 rum
420 1456 468 1511 si
502 1455 571 1512 de
603 1458 886 1514 maledicto
922 1460 1047 1515 vicit
1081 1462 1454 1533 maledictum,
1486 1464 1577 1535 qui
1618 1464 1742 1519 vicit
1765 1464 1833 1521 de

252 1555 427 1601 morte
455 1558 678 1603 mortem
700 1590 714 1614 ,
744 1557 799 1605 et
821 1550 889 1606 de
912 1563 1130 1622 peccato
1162 1563 1457 1624 peccatum,
1487 1556 1554 1611 de
1582 1563 1832 1627 serpente

253 1651 581 1709 serpentem.
624 1642 897 1699 Maledicta
931 1653 1109 1701 autem
1133 1662 1311 1714 mors,
1342 1648 1679 1704 maledictum
1708 1663 1830 1719 pec-

244 1736 423 1782 catum
450 1771 465 1794 ,
510 1730 822 1788 maledictus
864 1749 1113 1805 serpens;
1153 1745 1208 1792 et
1246 1737 1361 1794 haec
1387 1739 1563 1793 omnia
1590 1740 1643 1794 in
1671 1754 1830 1796 cruce

246 1820 569 1891 triumphata
610 1833 751 1879 sunt.
803 1824 1108 1882 Maledicta:
1140 1828 1300 1899 igitur
1334 1831 1496 1885 omnis
1525 1832 1610 1902 qui
1649 1834 1829 1903 pendet

242 1909 296 1962 in
338 1910 495 1981 ligna.
540 1912 675 1981 Quia
719 1930 847 1985 ergo
890 1932 999 1972 non
1024 1933 1092 1974 ex
1118 1920 1370 1989 operibus
1410 1921 1599 1993 Legis,
1631 1922 1727 1978 sed
1759 1939 1827 1979 ex

244 1999 350 2055 ﬁde
394 2001 654 2071 justiﬁcat
680 2003 925 2061 Christus
952 2007 1231 2065 credentes
1259 2010 1313 2065 in
1340 2024 1433 2079 se,
1462 2011 1621 2067 timor
1657 2014 1825 2070 male-

242 2092 497 2148 dictionis
543 2096 719 2151 crucis
761 2097 969 2154 ablatus
1008 2109 1091 2156 est
1119 2119 1133 2154 :
1162 2101 1396 2158 cbaritas
1437 2105 1826 2165 benedictionis

243 2184 472 2240 Abrahae
494 2196 709 2257 propter
734 2191 1036 2261 exemplum
1069 2192 1192 2248 ﬁdei
1212 2205 1488 2263 permanet
1510 2196 1579 2251 ad
1601 2197 1822 2256 Gentes.

246 2274 314 2330 Ut
340 2280 776 2335 annuntiationem
795 2324 811 2351 ,
844 2282 1048 2353 inquit,
1079 2285 1286 2355 spiritus
1306 2304 1397 2356 per
1419 2288 1574 2356 ﬁdem
1593 2291 1824 2360 accipia-

239 2384 352 2423 mus
387 2386 407 2423 :
436 2370 489 2425 id
509 2380 611 2441 est,
644 2382 701 2427 ut
720 2389 826 2428 non
857 2375 999 2445 quod
1021 2377 1239 2432 timetur
1265 2378 1320 2433 in
1351 2394 1533 2448 carne,
1562 2382 1658 2439 sed
1682 2384 1823 2455 quod

240 2461 431 2529 Spiritu
462 2462 697 2534 diligitur
717 2506 731 2532 ,
762 2465 1046 2523 credituris
1067 2470 1427 2526 annuntietur.

308 2552 401 2607 25.
430 2553 529 2626 [lb.
558 2572 637 2622 ιιι,
669 2556 882 2630 15-18.]
912 2558 1063 2616 Unde
1087 2560 1247 2616 etiam
1276 2565 1579 2620 testamenti
1605 2565 1823 2623 humani

240 2644 565 2700 mentionem
610 2647 769 2715 facit,
817 2649 960 2719 quod
1008 2650 1191 2722 utique
1236 2653 1403 2709 multo
1429 2665 1512 2710 est
1560 2656 1823 2714 inﬁrmius

238 2750 399 2804 quam
424 2736 680 2793 divinum.
710 2738 902 2796 Tamen
934 2742 1149 2799 hominis
1169 2748 1522 2816 conﬁrmatum
1551 2760 1821 2807 testamen-

239 2836 369 2894 tum,
391 2829 579 2899 inquit,
616 2848 760 2887 nemo
786 2834 986 2889 irritum
1009 2838 1152 2907 facit,
1178 2848 1266 2892 aut
1290 2843 1661 2912 superordinat.
1688 2846 1821 2912 Quia

237 2934 361 2975 cum
401 2932 622 2979 testator
656 2933 826 2981 mutat
862 2936 1271 2997 testamentum,
1313 2948 1421 2989 non
1448 2936 1819 2995 conﬁrmatum

237 3024 406 3069 mutat
439 3033 453 3069 :
486 3019 756 3074 testatoris
791 3022 934 3076 enim
963 3032 1135 3079 morte
1158 3025 1519 3083 conﬁrmatur.
1542 3029 1693 3097 Quod
1722 3046 1820 3087 au-

238 3115 343 3161 tem
374 3122 519 3163 mors
540 3112 808 3168 testatoris
832 3113 971 3167 valet
997 3115 1065 3170 ad
1083 3118 1505 3175 conﬁrmandum
1537 3130 1821 3181 testamen-

237 3204 346 3252 tum
395 3200 512 3270 ejus
537 3241 551 3267 ,
598 3204 720 3272 quia
759 3207 1040 3261 consilium
1085 3219 1292 3266 mutare
1332 3211 1441 3279 jam
1472 3228 1578 3268 non
1608 3226 1814 3287 potest;

237 3288 337 3344 hoc
375 3290 877 3352 incommutabilitas
903 3300 1271 3367 promissionis
1301 3302 1396 3358 Dei
1422 3304 1566 3361 valet
1589 3307 1657 3361 ad
1684 3322 1817 3364 con-

235 3381 548 3439 ﬁrmandam
570 3386 933 3447 liaereditatem
962 3393 1208 3460 Abrahae,
1238 3396 1387 3467 cujus
1418 3400 1547 3454 ﬁdes
1566 3399 1817 3471 deputata

236 3480 316 3527 est
339 3474 408 3529 ad
427 3476 685 3544 justitiam
715 3479 888 3548 (Rom.
921 3498 997 3547 iv,
1022 3482 1100 3555 9).
1132 3484 1197 3539 Et
1223 3485 1341 3541 ideo
1357 3503 1542 3544 semen
1564 3491 1813 3561 Abrahae,

232 3565 317 3619 cui
343 3566 492 3620 dicta:
519 3578 633 3623 sunt
651 3573 1032 3641 promissiones,
1060 3575 1331 3633 Christum
1352 3579 1481 3635 dicit
1504 3581 1812 3652 Apostolus,

233 3651 337 3709 hoc
360 3665 444 3711 est
471 3672 659 3714 omnes
682 3660 1014 3720 Christianos
1057 3664 1163 3721 ﬁde
1206 3667 1477 3726 imitantes
1503 3672 1771 3728 Abraham

231 3749 378 3818 quod
402 3750 470 3806 ad
496 3752 915 3823 singularitatem
947 3757 1172 3830 redigit,
1210 3764 1632 3821 commendando
1670 3768 1813 3837 quod

232 3856 338 3897 non
365 3842 566 3900 dictum
592 3856 713 3912 est,
740 3848 806 3902 Et
830 3850 1099 3907 seminibus
1117 3892 1135 3917 ,
1166 3853 1290 3921 sed,
1315 3854 1514 3910 Semini
1534 3866 1620 3911 tuo
1642 3874 1662 3924 ;
1688 3860 1813 3929 quia

228 3941 282 3988 et
306 3950 413 3990 una
441 3946 525 3993 est
551 3938 679 3995 ﬁdes
703 3981 720 4007 ,
769 3950 823 3996 et
853 3958 960 3999 non
1004 3954 1223 4013 possunt
1261 3947 1507 4004 similiter
1534 3950 1813 4020 justiﬁcari

228 4026 319 4095 qui
351 4027 537 4084 vivunt
561 4045 628 4085 ex
655 4031 904 4101 operibus
926 4034 1209 4091 carnaliter
1228 4077 1242 4102 ,
1271 4053 1389 4093 cum
1416 4038 1499 4096 his
1523 4042 1614 4110 qui
1630 4042 1813 4098 vivunt

229 4129 296 4171 ex
335 4117 443 4173 ﬁde
472 4120 838 4189 spiritualiter.
892 4125 1179 4181 Vincuntur
1220 4138 1399 4186 autem
1442 4132 1583 4202 quod
1628 4133 1808 4203 infert,

227 4203 339 4261 Lex
374 4209 612 4264 nondum
658 4212 783 4268 data
815 4223 932 4269 erat
956 4254 974 4282 ,
1022 4232 1121 4272 nec
1165 4229 1347 4290 posset
1389 4230 1510 4291 post
1537 4231 1615 4278 tot
1642 4239 1811 4281 annos

225 4296 296 4351 ita
329 4299 469 4367 dari,
495 4310 554 4357 ut
572 4304 817 4374 antiquas
842 4306 1069 4362 Abrahae
1111 4311 1493 4379 promissiones
1520 4314 1699 4370 irritas
1726 4318 1807 4372 fa-

224 4402 395 4448 ceret.
451 4394 508 4449 Si
544 4396 687 4451 enim
726 4397 834 4454 Lex
870 4398 1128 4469 justiﬁcat
1152 4442 1167 4467 ,
1219 4418 1327 4457 non
1374 4415 1457 4459 est
1491 4406 1809 4475 justiﬁcatus

225 4484 519 4553 Abraham,
562 4489 652 4559 qui
690 4490 917 4545 multum
947 4501 1070 4547 ante
1094 4492 1290 4564 Legem
1320 4494 1436 4551 fuit.
1488 4497 1640 4565 Quod
1686 4502 1808 4570 quia

223 4574 405 4633 dicere
437 4592 542 4632 non
566 4589 789 4648 possunt
810 4623 826 4648 ,
853 4591 1116 4654 coguntur
1141 4584 1294 4640 fateri
1321 4602 1426 4641 non
1455 4587 1611 4658 Legis
1633 4594 1809 4661 operi-

220 4667 323 4725 bus
352 4671 634 4741 justiﬁcari
663 4673 935 4731 hominem
955 4718 970 4742 ,
1023 4676 1115 4732 sed
1151 4676 1271 4733 ﬁde.
1324 4678 1491 4734 Simul
1520 4682 1677 4736 etiam
1710 4699 1807 4740 nos

218 4764 364 4833 cogit
388 4764 686 4835 intelligere
706 4808 721 4832 ,
754 4782 944 4823 omnes
970 4769 1216 4839 antiquos
1243 4769 1333 4841 qui
1362 4770 1635 4841 justiﬁcati
1659 4786 1803 4843 sunt,

218 4868 284 4909 ex
300 4855 420 4925 ipsa
442 4855 548 4911 ﬁde
566 4856 906 4927 justiﬁcatos.
931 4860 1085 4928 Quod
1101 4862 1244 4917 enim
1272 4877 1372 4918 nos
1394 4878 1461 4918 ex
1492 4875 1641 4934 parte
1669 4881 1805 4935 prae-

218 4947 461 5013 teritum,
494 4948 546 5003 id
572 4957 685 5017 est,
716 4951 947 5021 primum
971 4952 1261 5009 adventum
1286 4955 1528 5021 Domini;
1561 4972 1628 5012 ex
1657 4968 1807 5027 parte

215 5035 492 5103 futurum,
531 5039 585 5094 id
619 5049 735 5109 εει,
776 5042 1070 5099 secundum
1105 5044 1394 5100 adventum
1436 5048 1643 5101 Domini
1687 5062 1805 5104 cre-

214 5126 395 5185 dendo
420 5129 553 5186 salvi
578 5130 843 5189 efﬁcimur
870 5152 883 5187 :
916 5135 1020 5191 hoc
1042 5143 1211 5191 totum
1239 5136 1333 5201 illi,
1375 5138 1427 5192 id
1461 5146 1561 5205 est,
1602 5146 1804 5195 utrum-

213 5238 318 5291 que
365 5225 656 5283 adventum
718 5227 951 5285 futurum
1011 5231 1334 5299 credebant,
1388 5232 1659 5288 revelante
1702 5234 1804 5289 sibi

214 5311 421 5382 Spiritu
445 5328 652 5386 sancto,
683 5328 741 5374 ut
766 5320 900 5376 salvi
925 5321 1133 5378 ﬁerent.
1158 5322 1313 5379 Unde
1340 5332 1422 5379 est
1444 5324 1605 5379 etiam
1634 5324 1800 5381 illud:

212 5405 480 5462 Abraham
527 5413 815 5483 concupivit
858 5413 994 5468 diem
1040 5431 1210 5471 meum
1250 5415 1449 5485 videre,
1477 5426 1524 5471 et
1550 5416 1673 5472 vidit
1696 5458 1712 5487 ,
1753 5428 1802 5474 et

212 5501 420 5571 gavisus
444 5511 518 5555 est
542 5502 718 5573 (Joan.
744 5521 837 5559 vut
857 5544 872 5570 ,
900 5506 1016 5577 56).

200 5636 207 5643 .
280 5594 377 5647 24.
420 5593 520 5666 [1b.
552 5611 641 5663 ιιι,
674 5596 763 5663 19,
792 5597 908 5671 20.]
937 5599 1187 5669 Sequitur
1214 5599 1437 5671 quaestio
1462 5600 1591 5656 satis
1613 5616 1802 5657 neces-

208 5684 356 5738 saria
382 5701 395 5737 :
419 5685 474 5741 Si
499 5687 641 5742 enim
670 5688 802 5744 ﬁdes
823 5690 1079 5760 justiﬁeat
1098 5724 1117 5759 ς
1145 5702 1198 5747 ει
1227 5693 1431 5762 priores
1472 5694 1676 5761 sancti,
1709 5695 1803 5764 qui

208 5774 362 5843 apud
390 5775 556 5832 Deum
579 5778 853 5849 justiﬁcati
873 5790 1028 5847 sunt,
1054 5798 1148 5852 per
1167 5784 1335 5853 ipsam
1354 5785 1622 5855 justiﬁcati
1653 5796 1796 5855 sunt,
1840 5826 1841 5829 η

194 5856 346 5951 "quid
369 5883 506 5942 opus
541 5880 658 5926 erat
694 5871 889 5943 Legem
928 5872 1083 5928 dari?
1110 5874 1277 5941 Quam
1312 5878 1657 5947 quaestionem
1686 5887 1794 5934 tra-

238 5967 299 6047 δῖ
414 6033 421 6039 _
464 5962 694 6028 ΒΑιιετ.
728 5965 1008 6030 AUGUST.
1041 5966 1151 6029 Ill.

1423 410 1892 477 EXPOSITIONIS
1931 420 2135 480 LIBER
2176 426 2265 483 UN
2271 428 2375 485 US.

3383 451 3533 509 9122

1959 543 2201 598 ctandam
2251 546 2330 601 sic
2369 547 2579 617 intulit,
2628 550 2990 626 interrogans,
3031 565 3087 614 et
3130 558 3345 629 dicens,
3387 566 3524 632 Quid

1951 633 2105 702 ergo?
2134 635 2417 709 Hucusque
2445 642 2588 697 enim
2615 642 2960 717 interrogatio
2988 658 3071 705 est
3098 667 3112 705 :
3135 651 3328 709 deinde
3355 655 3523 712 infer-

1950 728 2037 775 tur
2054 728 2359 795 responsio,
2382 728 2490 785 ch
2509 736 2917 805 transgressionis
2934 740 3099 811 gratia
3125 743 3382 812 preposita
3409 754 3520 813 est,

1948 812 2104 869 donec
2124 818 2309 873 veniret
2327 861 2342 886 ,
2366 820 2568 907 inquit,
2595 842 2761 881 semen
2789 829 2872 883 cui
2895 832 3195 900 promissum
3219 844 3323 901 est,
3356 835 3524 907 dispo-

1946 905 2095 959 situm
2118 925 2207 977 per
2232 909 2449 982 Angelos
2469 900 2525 969 in
2546 933 2699 972 manu
2720 918 3038 978 Mediatoris.
3072 900 3324 981 Mediator
3352 938 3522 984 autem

1943 997 2092 1052 unius
2119 1016 2219 1054 non
2245 1011 2317 1056 est
2337 1044 2351 1069 ,
2383 1003 2519 1060 Deus
2546 1024 2661 1063 vero
2684 1027 2815 1067 unus
2843 1025 2916 1068 est
2937 1014 3033 1088 (a).
3058 1016 3401 1075 Mediatorcm
3427 1021 3521 1077 Je-

1942 1099 2059 1141 sum
2099 1087 2365 1148 Christum
2387 1098 2675 1155 secundum
2707 1087 2974 1161 hominem
2998 1106 3101 1163 dici
3120 1151 3137 1177 ,
3168 1125 3235 1165 ex
3255 1111 3342 1165 illa
3372 1112 3524 1182 ejus-1

1940 1176 2062 1232 dem
2104 1185 2329 1251 apostoli
2378 1191 2640 1246 sententia
2683 1193 2744 1247 ﬁt
2789 1196 3029 1265 planius,
3072 1176 3194 1255 cum
3236 1203 3346 1256 ait:
3377 1176 3522 1259 linus

1939 1270 2070 1324 enim
2093 1272 2257 1341 Deus,
2284 1294 2411 1333 unus
2449 1289 2495 1334 et
2540 1284 2783 1339 mediator
2826 1286 2925 1341 Dei
2970 1299 3017 1343 et
3061 1292 3318 1347 hominum
3365 1294 3515 1350 homo

1939 1360 2166 1420 Christus
2182 1367 2331 1424 Jesus
2359 1371 2401 1443 (l
2424 1370 2556 1429 Tim.
2579 1390 2614 1429 ιι
2632 1417 2646 1441 ,
2672 1376 2748 1449 5).
2771 1378 3029 1436 Mediator
3047 1398 3172 1454 ergo
3192 1385 3331 1440 inter
3348 1386 3518 1443 Deum

1937 1462 1989 1507 et
2019 1454 2183 1511 Deum
2210 1473 2328 1515 esse
2357 1477 2463 1518 non
2508 1477 2716 1537 posset,
2761 1472 2883 1541 quia
2928 1489 3064 1529 unus
3092 1486 3175 1531 est
3204 1477 3342 1533 Deus
3369 1495 3383 1532 :
3408 1496 3515 1534 me-

1936 1543 2101 1599 diator
2118 1558 2282 1604 autem
2311 1553 2461 1609 unius
2498 1573 2599 1611 non
2626 1568 2735 1627 est,
2763 1562 2884 1631 quia
2910 1563 3051 1620 inter
3075 1567 3282 1637 aliquos
3301 1569 3510 1626 medius

1934 1645 2033 1691 est.
2064 1638 2252 1711 Angeli
2290 1658 2483 1715 porro,
2512 1650 2604 1719 qui
2643 1666 2750 1706 non
2792 1653 2925 1724 lapsi
2978 1666 3101 1713 sunt
3147 1673 3178 1713 a
3226 1670 3519 1731 conspectu

1935 1726 2062 1797 Dei,
2091 1734 2385 1793 mediatore
2410 1754 2518 1795 non
2549 1757 2682 1812 opus
2708 1743 2934 1814 habent,
2968 1764 3063 1819 per
3088 1765 3244 1821 quem
3272 1756 3516 1812 reconci-

1933 1817 2143 1877 lientur.
2197 1824 2327 1882 Item
2372 1832 2546 1901 angeli
2589 1834 2680 1903 qui
2726 1836 2874 1892 nullo
2922 1817 3181 1905 suadente
3221 1853 3516 1913 spontanea

1932 1917 2363 1982 praevaricatione
2402 1922 2479 1978 sic
2525 1924 2660 1994 lapsi
2702 1936 2858 1997 sunt,
2891 1944 2989 2000 per
3022 1932 3371 1991 mediatorem
3405 1952 3516 1993 non

1929 2008 2356 2067 reconciliantur.
2381 2013 2566 2071 Restat
2591 2031 2719 2089 ergo
2747 2027 2807 2075 ut
2835 2022 2925 2092 qui
2964 2024 3258 2082 mediatore
3282 2028 3514 2099 superbo

1931 2094 2138 2154 diabolo
2164 2103 2464 2171 superbiam
2491 2111 2843 2177 persuadente
2882 2115 3122 2185 dejectus
3161 2126 3272 2186 est,
3303 2094 3512 2177 media-

1930 2196 2047 2245 tore
2068 2190 2254 2247 humili
2271 2194 2485 2255 Christo
2500 2199 2851 2262 humilitatem
2878 2210 3230 2278 persuadente
3253 2211 3511 2284 erigatur.

1924 2277 2061 2337 Nam
2092 2285 2135 2339 si
2175 2286 2342 2344 Filius
2372 2291 2468 2347 Dei
2506 2293 2560 2348 in
2604 2299 2834 2354 naturali
2861 2277 3161 2370 aequalitate
3193 2277 3366 2360 Patris
3393 2320 3513 2359 ma—

1926 2387 2056 2429 nere
2098 2376 2289 2445 vellet,
2321 2396 2420 2437 nec
2461 2398 2519 2439 se
2562 2387 2887 2457 exinaniret,
2930 2391 3157 2449 formam
3185 2396 3327 2450 servi
3367 2397 3514 2451 acci-

1926 2463 2079 2534 piens
2105 2465 2359 2542 (Philipp.
2384 2488 2452 2539 ιι,
2480 2473 2567 2547 7);
2597 2493 2704 2533 non
2731 2489 2876 2537 esset
2911 2484 3173 2540 mediator
3210 2485 3308 2541 Dei
3333 2494 3389 2542 et
3414 2486 3515 2543 ho-

1926 2555 2128 2611 minum
2162 2576 2175 2611 :
2201 2565 2323 2631 quia
2355 2564 2467 2634 ipsa
2497 2566 2728 2625 Trinitas
2756 2586 2892 2627 unus
2920 2573 3061 2630 Deus
3091 2585 3214 2644 εει,
3244 2576 3432 2634 eadem
3456 2578 3517 2635 in

1926 2646 2122 2715 tribus,
2153 2650 2310 2707 Patre
2333 2662 2387 2708 et
2410 2655 2542 2712 Filio
2567 2668 2620 2713 et
2645 2658 2844 2729 Spiritu
2874 2672 3057 2719 sancto
3076 2706 3092 2732 ,
3119 2664 3329 2722 deitatis
3354 2675 3514 2722 aeter-

1924 2738 2091 2796 nitate
2115 2750 2169 2797 et
2194 2745 2498 2815 aequalitate
2523 2760 2820 2808 constante.
2862 2751 2950 2809 Sic
2987 2755 3165 2825 itaque
3204 2758 3389 2815 unicus
3415 2758 3511 2814 Fi-

1924 2828 2027 2883 lius
2052 2832 2179 2899 Dei,
2209 2836 2474 2893 mediator
2498 2839 2594 2895 Dei
2628 2851 2682 2897 et
2722 2843 2998 2901 hominum
3028 2847 3200 2904 factus
3237 2860 3353 2919 est,
3382 2866 3511 2908 cum

1924 2920 2157 2979 Verbum
2186 2925 2280 2982 Dei
2310 2929 2447 2984 Deus
2488 2932 2628 3001 apud
2655 2933 2818 2989 Deum
2840 2978 2855 3001 ,
2888 2945 2941 2991 et
2977 2939 3307 3009 majestatem
3354 2957 3509 3000 suam

1924 3027 2091 3084 usque
2109 3016 2175 3070 ad
2204 3016 2429 3073 humana
2452 3020 2730 3091 deposuit,
2763 3034 2817 3081 et
2836 3027 3191 3085 humilitatem
3218 3032 3541 3090 humanam"

1923 3121 2093 3177 usque
2134 3108 2199 3164 ad
2244 3110 2420 3167 divina
2465 3114 2746 3183 subvexit,
2784 3127 2840 3173 ut
2870 3120 3130 3177 mediator
3181 3133 3323 3179 esset
3367 3126 3509 3181 inter

1922 3195 2091 3254 Deum
2113 3209 2167 3255 et
2193 3200 2434 3258 homines
2460 3204 2619 3260 homo
2639 3222 2735 3276 per
2755 3207 2921 3264 Deum
2948 3212 3083 3266 ultra
3105 3212 3365 3269 homines.
3390 3214 3509 3287 Ipse

1923 3299 2005 3346 est
2022 3292 2162 3346 enim
2193 3296 2465 3363 speciosus
2488 3296 2661 3353 forma
2698 3316 2810 3371 prae
2845 3300 2966 3359 ﬁliis
2997 3303 3305 3373 hominum,
3328 3317 3383 3362 et
3410 3323 3509 3363 un-

1921 3390 2038 3437 ctus
2076 3383 2197 3440 oleo
2221 3388 2592 3444 exsultationis
2622 3405 2734 3461 pra:
2774 3392 3118 3463 participibus
3162 3398 3272 3451 suis
3316 3395 3507 3469 (Psal.

1919 3488 2062 3540 xuv,
2093 3476 2208 3545 55).
2238 3476 2420 3533 Sanati
2450 3489 2576 3535 sunt
2617 3498 2744 3553 ergo
2786 3484 2854 3538 ab
2898 3485 3169 3555 impietate
3198 3488 3460 3557 superbiae
3488 3530 3508 3556 ,

1920 3572 1978 3619 ut
2002 3569 2473 3625 reconciliarentur
2500 3572 2610 3628 Deo
2631 3614 2645 3637 ,
2678 3574 2999 3645 quicumque
3042 3576 3286 3634 homines
3326 3578 3508 3635 humi-

1919 3654 2122 3713 litatem
2147 3658 2380 3729 Christi,
2408 3670 2461 3718 et
2483 3678 2580 3733 per
2606 3666 2988 3722 revelationem
3018 3677 3301 3739 antequam
3327 3670 3502 3740 fieret,

1916 3754 1973 3801 et
1997 3762 2091 3816 per
2118 3748 2464 3821 Evangelium
2510 3763 2853 3825 posteaquam
2899 3757 3038 3813 facta
3086 3769 3200 3827 est,
3233 3761 3506 3820 credendo

1917 3837 2246 3909 dilexerunt,
2276 3842 2543 3914 diligendo
2594 3846 2783 3902 imitati
2824 3859 2966 3905 sunt.
3007 3850 3112 3906 Sed
3150 3852 3265 3909 haec
3298 3854 3504 3924 justitia

1920 3930 2072 3997 ﬁdei,
2094 3933 2217 4002 quia
2258 3949 2362 3989 non
2409 3950 2507 4005 pro
2534 3938 2726 3993 merito
2758 3940 2879 3996 data
2917 3950 3000 3997 est
3040 3944 3338 4000 hominibus
3361 3987 3376 4013 ,
3406 3948 3505 4003 sed

1916 4037 2014 4092 pro
2041 4023 2406 4081 misericordia
2454 4035 2508 4082 et
2546 4029 2713 4097 gratia
2760 4031 2888 4097 Dei,
2922 4048 3030 4087 non
3071 4044 3185 4090 erat
3229 4037 3504 4106 popularis

1917 4121 2206 4183 antequam
2242 4115 2382 4171 Deus
2405 4116 2567 4172 homo
2608 4119 2747 4174 inter
2770 4118 3015 4179 homines
3045 4136 3372 4180 nasceretur.
3405 4127 3505 4182 Se-

1915 4221 2029 4259 men
2050 4213 2226 4260 autem
2247 4208 2330 4260 cui
2350 4209 2651 4277 promissum
2673 4220 2764 4276 est,
2790 4213 3042 4281 populum
3073 4215 3363 4286 signiﬁcat;
3392 4232 3504 4273 non

1915 4294 2037 4351 illos
2086 4298 2437 4366 paucissimos
2490 4300 2583 4370 qui
2630 4302 3042 4360 revelationibus
3094 4322 3211 4363 eam
3267 4308 3501 4365 futuram

1914 4399 2226 4457 cernentes,
2255 4394 2500 4461 quamvis
2528 4409 2623 4463 per
2650 4396 2893 4452 eamdem
2922 4398 3057 4453 salvi
3083 4400 3302 4469 ﬁerent,
3332 4418 3503 4472 popu-

1914 4478 2023 4534 lum
2054 4489 2229 4536 tamen
2259 4484 2461 4538 salvum
2493 4483 2667 4540 facere
2695 4502 2797 4540 non
2830 4498 3095 4555 poterant.
3139 4491 3239 4558 Qui
3270 4493 3499 4562 populus

1913 4584 2072 4636 sane,
2105 4573 2146 4625 si
2179 4589 2276 4642 per
2304 4582 2471 4629 totum
2496 4576 2677 4631 orbem
2708 4579 3075 4636 consideretur
3105 4582 3248 4655 (nam
3286 4583 3353 4640 de
3386 4592 3500 4641 toto

1912 4660 2043 4714 orbe
2090 4659 2383 4717 Ecclesiam
2423 4663 2716 4721 Jerusalem
2777 4669 3049 4725 cmlestem
3097 4682 3381 4744 congregat
3408 4675 3496 4745 ³),

1911 4753 2065 4822 pauci
2096 4763 2256 4819 sunt,
2287 4755 2409 4825 quia
2428 4757 2513 4810 via
2543 4768 2763 4828 angusta
2788 4775 3075 4832 paucorum
3100 4773 3217 4819 est:
3246 4766 3301 4820 in
3323 4782 3491 4821 unum

1912 4850 2091 4898 tamen
2125 4847 2464 4917 congregati,
2505 4857 2762 4919 quotquot
2807 4853 3036 4908 existere
3076 4863 3393 4925 potuerunt,
3423 4873 3496 4913 ex.

1910 4948 2018 5004 quo
2066 4934 2409 5005 Evangelium
2464 4939 2802 5010 praedicatur,
2848 4952 2903 4997 et
2944 4954 3199 5015 quotquot
3243 4958 3495 5017 poterunt

1909 5042 2079 5097 usque
2104 5028 2157 5082 in
2197 5028 2353 5085 ﬁnem
2402 5033 2583 5086 swculi
2629 5048 2724 5103 per
2764 5050 2952 5090 omnes
2989 5048 3209 5107 gentes,
3233 5040 3505 5110 adiunctis

1910 5118 2011 5173 sibi
2062 5120 2219 5174 etiam
2268 5120 2406 5189 illis,
2436 5125 2678 5193 quamvis
2725 5125 3096 5196 paucissimis,
3141 5133 3230 5200 qui
3276 5147 3340 5187 ex
3389 5134 3497 5191 ﬁde

1910 5209 2155 5275 Domini,
2185 5210 2286 5266 ﬁde
2313 5213 2621 5283 prOphetica
2649 5217 2690 5282 ³,
2720 5224 2842 5270 ante
2869 5217 3056 5273 ambos
3082 5220 3340 5277 adventus
3379 5224 3499 5293 ejus

1910 5311 2133 5358 salutem
2161 5304 2346 5374 gratim
2377 5316 2765 5377 perceperunt,
2788 5310 3010 5379 implent
3029 5322 3333 5369 sanctorum
3362 5315 3494 5371 bea-

1910 5392 2173 5448 tissimum
2227 5395 2456 5452 civitatis
2501 5400 2837 5469 sempiternae
2888 5410 3104 5458 statum.
3154 5405 3503 5477 Superbienti

1909 5499 2036 5557 ergo
2061 5486 2257 5557 populo
2282 5486 2393 5543 Lex
2419 5489 2588 5558 posita
2612 5499 2723 5560 est,
2750 5500 2811 5547 ut
2837 5494 3088 5564 quoniam
3116 5499 3340 5567 gratiam
3367 5498 3496 5555 cltu-

1974 5682 1991 5711 ι
2009 5688 2130 5757 ares
2146 5688 2274 5757 _Mss_.,
2300 5681 2508 5757 Ecclesia
2529 5683 2795 5757 Jerusalem
2817 5685 3053 5757 caelestem
3064 5698 3334 5757 congregat.
3349 5700 3506 5757 Unus,

1910 5742 2120 5824 Ecclesia
2140 5746 2191 5795 in
2211 5742 2476 5824 Jerusalem
2502 5745 2738 5824 argesten:
2761 5756 3094 5821 congregatur.
3121 5742 3212 5824 ,⁷η

1974 5808 1994 5835 ¹
2016 5806 2088 5853 sic
2110 5813 2215 5854 MSS.
2242 5814 2296 5854 At.
2317 5812 2446 5866 Lov.,
2471 5820 2534 5857 ea:
2555 5807 2654 5872 [ide
2679 5806 2871 5861 Domini
2889 5806 2975 5874 per
2990 5813 3309 5878 prophetiam.

1970 5888 2044 5951 (a)
2066 5894 2084 5936 ι
2108 5894 2329 5941 Retract..
2372 5904 2477 5957 cap.
2498 5892 2576 5957 24,
2602 5908 2651 5944 n.
2679 5894 2725 5945 2.

2657 5978 3233 6064 {Soixantc-scpt.)

2040 6022 2065 6053 χ
2148 5986 2223 6060 ξ’»
