4048 6488
459 304 604 356 2127

460 421 605 469 erant
631 409 926 474 redimeret,
957 417 1014 466 et
1036 407 1102 462 ad
1125 405 1454 464 liberandum
1481 420 1601 461 eum
1633 405 1884 475 populum
1915 419 2040 476 per-

373 503 375 506 ⁴
457 509 627 575 tinet,
655 506 746 578 qui
786 503 1036 574 parvulus
1077 501 1175 556 sub
1207 500 1494 570 paedagogo
1523 497 1824 564 serviebat;
1865 503 1920 554 et
1953 512 2042 552 re—

455 597 626 654 fertur
652 597 720 653 ad
747 595 800 651 id
827 593 972 665 quod
995 591 1158 658 dixit,
1191 595 1380 662 factum
1404 589 1492 644 sub
1518 588 1668 660 Lege.
1703 589 1836 644 Illud
1865 596 2043 644 autem

455 690 600 764 quod
629 690 732 757 ait,
765 696 819 742 ut
853 686 1174 756 adoptionem
1200 683 1424 752 filiorum
1451 681 1751 751 recipiamus
1769 722 1784 748 ,
1816 681 2045 736 refertur

455 781 528 838 ad
563 780 618 836 id
645 777 788 851 quod
815 775 982 842 dixit,
1016 777 1207 845 factum
1235 789 1298 826 ea:
1327 772 1551 826 muliere.
1585 771 1720 826 Hinc
1747 771 1888 826 enim
1916 769 2045 825 ado-

455 873 696 944 ptionem
725 867 1012 938 recipimus
1033 905 1049 932 ,
1077 863 1218 935 quod
1252 863 1342 919 ille
1381 861 1578 918 Unicus
1602 877 1710 916 non
1730 861 2044 932 dedignatus

455 971 542 1020 est
566 959 1023 1033 participationem
1047 963 1253 1010 naturae
1279 963 1496 1020 nostrae,
1521 953 1691 1008 factus
1712 968 1780 1008 ex
1797 953 2039 1020 muliere,

453 1064 648 1114 utnon
671 1053 846 1108 solum
872 1049 1186 1120 Unigenitus
1219 1057 1362 1103 esset
1389 1047 1478 1102 ubi
1509 1045 1701 1100 fratres
1728 1061 1834 1100 non
1862 1045 2038 1110 habet,

453 1149 553 1206 sed
571 1151 734 1206 etiam
748 1145 1135 1215 Primogenitus
1156 1143 1210 1197 in
1226 1141 1406 1197 multis
1423 1140 1674 1196 fratribus
1694 1139 1845 1194 ﬁeret
1865 1136 2039 1210 (Rom.

453 1255 552 1296 vin
571 1281 588 1308 ,
611 1240 728 1310 29).
757 1239 872 1292 Duo
898 1237 1041 1292 enim
1069 1233 1365 1306 proposuit,
1396 1233 1588 1303 factum
1615 1247 1678 1286 ea:
1703 1231 1930 1298 muliere,
1960 1232 2043 1300 {a-

452 1339 590 1384 etum
617 1330 710 1384 sub
733 1327 868 1399 Lege
893 1343 912 1384 :
939 1326 1035 1383 sed
1061 1333 1263 1381 mutato
1291 1324 1478 1380 ordine
1503 1322 1796 1394 respondit.

523 1423 612 1478 51.
643 1419 742 1494 [1b.
770 1436 847 1486 1v,
875 1418 957 1492 6.]
981 1419 1100 1474 Jam
1125 1418 1272 1472 illum
1305 1415 1560 1486 p0pulum
1597 1413 1923 1484 adjungens,
1953 1411 2044 1481 qui

449 1512 706 1584 parvulus
731 1511 832 1568 sub
854 1509 1288 1580 procuratoribus
1311 1516 1366 1564 et
1389 1505 1656 1562 actoribus
1683 1503 1964 1574 serviebat,
1987 1502 2042 1558 id

451 1612 569 1672 est,
597 1602 876 1660 elementis
901 1600 1060 1672 hujus
1085 1599 1307 1667 mundi,
1337 1614 1407 1653 ne
1431 1604 1677 1669 putarent
1701 1609 1760 1649 se
1789 1609 1893 1650 non
1922 1607 2042 1648 esse

447 1693 592 1750 ﬁlios
608 1735 624 1762 ,
651 1693 774 1764 quia
799 1708 906 1748 non
930 1701 1086 1746 erant
1111 1690 1209 1745 sub
1239 1689 1525 1758 pmdagogo
1545 1727 1560 1752 ,
1597 1685 1848 1752 Quoniam
1873 1692 2042 1738 autent

449 1787 546 1857 ﬁlii
569 1787 706 1853 estis,
733 1785 926 1857 inquit,
955 1783 1091 1839 misit
1116 1782 1254 1838 Deus
1276 1781 1528 1852 Spiritum
1551 1777 1678 1832 Filii
1706 1778 1784 1831 sui
1809 1777 1863 1830 in
1885 1775 2041 1830 corda

447 1887 639 1946 vestra,
671 1879 998 1942 clamantem,
1027 1875 1196 1938 Abba,
1230 1872 1408 1926 Pater.
1445 1871 1560 1924 Duo
1587 1877 1710 1926 sunt
1736 1867 1896 1924 verba
1921 1881 2040 1937 quae

445 1971 657 2041 posuit,
693 1977 751 2023 ut
778 1967 1071 2038 posteriore
1111 1965 1554 2034 interpretaretur
1593 1959 1822 2030 primum
1858 1975 1871 2011 :
1914 1971 2039 2012 nam

446 2060 552 2116 hoc
573 2069 676 2128 est,
707 2059 868 2126 Abba,
901 2057 1041 2129 quod
1069 2056 1249 2109 Pater.
1280 2055 1567 2126 Eleganter
1591 2060 1768 2108 autem
1789 2050 2040 2120 intelligi-

443 2160 534 2208 tur
553 2166 658 2206 non
675 2149 869 2204 frustra
887 2147 1110 2202 duarum
1133 2145 1435 2216 linguarum
1451 2143 1614 2200 verba
1635 2143 1875 2213 posuisse
1896 2141 2038 2197 idem

444 2242 816 2314 signiﬁcantia,
849 2250 1068 2313 propter
1097 2240 1400 2294 universum
1433 2238 1710 2310 populum,
1737 2236 1827 2307 qui
1855 2235 1922 2291 de
1946 2235 2040 2292 Ju-

444 2337 576 2393 dmis
604 2345 659 2393 et
681 2337 748 2392 de
773 2335 1032 2392 Gentibus
1062 2335 1118 2390 in
1143 2334 1404 2388 unitatem
1433 2331 1554 2386 ﬁdei
1585 2343 1804 2386 vocatus
1830 2337 1912 2384 est
1939 2348 1952 2383 :
1981 2337 2038 2384 ut

443 2429 720 2486 hebratum
761 2428 984 2484 verbum
1029 2429 1096 2482 ad
1141 2425 1354 2482 Iudaeos
1377 2465 1393 2490 ,
1439 2439 1672 2495 graecum
1713 2422 1783 2478 ad
1826 2431 2029 2493 gentes,

445 2521 722 2590 utriusque
751 2529 930 2575 tamen
952 2517 1102 2574 verbi
1142 2517 1330 2572 eadem
1355 2514 1673 2586 signiﬁcatio
1699 2513 1766 2568 ad
1793 2513 2035 2582 ejusdem

443 2615 570 2671 ﬁdei
611 2614 936 2684 spiritusque
961 2613 1218 2666 unitatem
1253 2608 1534 2680 pertineat.
1575 2605 1708 2660 Nam
1735 2614 1790 2659 et
1825 2604 1893 2659 ad
1922 2605 2032 2658 Ro-

443 2721 651 2772 manos,
681 2706 769 2760 ubi
796 2703 984 2760 similis
1008 2702 1232 2773 quaestio
1259 2700 1326 2756 de
1353 2714 1482 2770 pace
1511 2699 1563 2752 in
1586 2696 1800 2752 Christo
1825 2695 2034 2751 Judaeo-

442 2815 562 2855 rum
617 2797 971 2866 Gentiumque
1023 2801 1311 2860 tractatur,
1371 2791 1472 2844 hoc
1520 2789 1648 2844 dicit
1689 2805 1702 2840 :
1745 2785 1868 2842 Non
1901 2788 2033 2841 enim

442 2891 704 2962 accepistis
731 2889 966 2959 spiritum
1005 2885 1256 2940 seruitutis
1295 2883 1476 2936 iterum
1511 2882 1565 2934 in
1595 2881 1803 2946 timore;
1833 2879 1920 2934 sed
1945 2895 2032 2933 ac-

441 2983 644 3052 cepistis
671 2981 922 3050 Spiritum
945 2977 1234 3046 adoptionis
1259 2975 1504 3044 ﬁliorum,
1530 2973 1584 3025 in
1607 2988 1706 3043 quo
1731 2971 2028 3036 clamamus,

441 3073 614 3138 Abba,
647 3071 802 3126 Pater
833 3069 992 3142 (Ibid.
1031 3067 1141 3140 15).
1175 3067 1338 3121 Recte
1366 3075 1543 3120 autem
1579 3063 1646 3118 de
1669 3061 1954 3133 pr‘msentia
1979 3070 2034 3116 et

441 3166 510 3221 de
533 3165 676 3222 dono
703 3163 932 3232 Spiritus
961 3160 1131 3216 sancti
1157 3159 1384 3227 probare
1410 3155 1578 3212 voluit
1606 3154 1866 3211 Gentibus
1889 3153 2032 3226 quod

441 3263 743 3330 pertineant
785 3257 854 3310 ad
893 3252 1298 3324 promissionem
1345 3248 1690 3304 luereditatis.
1731 3246 1848 3302 Non
1887 3247 2030 3304 enim

441 3353 860 3424 evangelizatum
884 3357 969 3404 est
993 3347 1280 3410 Gentibus,
1305 3345 1409 3401 nisi
1445 3353 1566 3414 post
1599 3357 1880 3400 ascensum
1918 3341 2026 3396 Do-

441 3445 574 3500 mini
603 3453 658 3499 et
685 3441 968 3497 adventum
991 3438 1220 3508 Spiritus
1241 3437 1431 3491 sancti.
1453 3433 1740 3504 Coeperant
1758 3433 1899 3489 enim
1917 3433 2026 3503 jam

440 3536 610 3594 Judaei
641 3534 880 3601 credere,
911 3547 1034 3588 cum
1063 3532 1118 3586 in
1143 3529 1299 3586 terris
1322 3528 1496 3584 adhuc
1521 3527 1686 3590 Filius
1709 3527 1804 3582 Dei
1830 3537 2029 3582 morta-

439 3629 548 3684 lem
589 3627 860 3682 hominem
905 3631 1144 3694 gereret,
1189 3621 1326 3676 sicut
1355 3621 1408 3674 in
1437 3619 1729 3689 Evangelio
1767 3619 2027 3688 scriptum

437 3730 523 3777 est
549 3737 562 3773 :
591 3719 680 3774 ubi
705 3731 1004 3788 quanquam
1035 3723 1090 3770 et
1111 3713 1430 3769 Chananmat
1459 3711 1694 3766 mulieris
1722 3709 1882 3764 ﬁdem
1913 3711 2028 3778 ipse

439 3811 735 3868 laudaverit
773 3808 985 3880 (Matth.
1020 3823 1119 3874 xv,
1151 3805 1243 3878 28)
1264 3847 1279 3872 ,
1312 3813 1365 3859 et
1391 3805 1529 3859 illius
1557 3803 1930 3870 Centurionis,
1959 3801 2027 3858 de

437 3903 648 3976 quoait
687 3918 793 3956 non
835 3916 894 3956 se
935 3900 1203 3956 invenisse
1238 3899 1396 3954 talem
1435 3897 1594 3954 ﬁdem
1636 3897 1690 3952 in
1720 3896 1880 3952 lsrael
1911 3895 2022 3968 (Id.

439 3993 563 4062 vin,
597 3994 722 4065 10);
753 4001 930 4048 tamen
957 3991 1172 4062 proprie
1207 3999 1333 4046 tunc
1361 3989 1559 4045 Judaeis
1599 4004 1718 4044 esse
1756 3988 2025 4058 evangeli-

438 4094 636 4151 zatum,
663 4083 839 4138 verbis
866 4083 1032 4152 ipsius
1059 4081 1268 4136 Domini
1296 4081 1424 4136 satis
1447 4081 1648 4135 clarum
1673 4091 1782 4146 est,
1811 4093 1932 4132 cum
1955 4077 2026 4133 ad

439 4176 606 4244 ipsius
645 4172 960 4228 Chanauaezc
997 4171 1425 4242 deprecationem
1473 4171 1604 4226 dixit
1649 4185 1754 4223 non
1799 4185 1860 4225 se
1905 4185 2025 4226 esse

437 4265 660 4322 missum
692 4265 792 4319 nisi
819 4265 886 4319 ad
913 4277 1044 4320 oves
1071 4277 1190 4333 quae
1213 4261 1482 4332 perierunt
1509 4261 1698 4315 domus
1719 4260 1882 4315 Israel
1911 4259 2021 4330 (Id.

439 4373 532 4424 xv,
553 4357 644 4426 24)
672 4373 684 4408 :
709 4363 763 4410 et
783 4355 1072 4426 discipulos
1099 4369 1220 4408 cum
1245 4353 1502 4416 mitteret,
1529 4351 1620 4418 ait,
1649 4349 1717 4403 In
1737 4351 1870 4404 viam
1891 4349 2027 4405 Gen-

438 4451 564 4506 tium
588 4467 651 4504 ne
677 4449 898 4503 abieritis
917 4489 930 4513 ,
963 4455 1010 4502 et
1041 4447 1096 4501 in
1129 4446 1350 4500 civitates
1379 4445 1824 4500 Samaritanorum
1858 4460 1918 4498 ne
1943 4444 2023 4498 in-

437 4543 710 4608 troieritis;
738 4541 826 4597 sed
853 4543 922 4596 ite
949 4541 1169 4612 primunt
1196 4539 1263 4592 ad
1289 4555 1400 4594 oves
1427 4554 1540 4609 quae
1564 4538 1816 4608 perierunt
1845 4537 2022 4593 domus

435 4635 602 4692 Israel
633 4634 759 4706 (Id.
811 4651 880 4698 x,
907 4633 976 4698 5,
1033 4632 1067 4688 6
1103 4633 1143 4702 ).
1189 4631 1438 4688 Gentium
1478 4637 1656 4684 autem
1701 4629 1840 4684 aliud
1883 4628 2023 4685 ovile

435 4730 741 4800 appellavit,
771 4741 892 4781 cum
911 4723 1134 4790 diceret,
1167 4723 1341 4776 Habeo
1365 4723 1494 4776 alias
1521 4737 1634 4776 oves
1657 4737 1768 4792 qua:
1789 4737 1888 4775 non
1907 4728 2024 4776 sunt

436 4822 500 4876 de
527 4823 619 4876 hoc
645 4819 802 4884 ouili;
830 4831 962 4889 quas
989 4827 1163 4872 tatnen
1197 4829 1256 4870 se
1282 4813 1630 4870 adducturum
1659 4813 1765 4878 ait,
1801 4821 1856 4868 nt
1881 4821 2024 4868 esset

435 4929 574 4968 unus
599 4927 746 4982 grex,
778 4919 832 4964 et
859 4923 994 4964 unus
1017 4919 1198 4978 pastor
1227 4904 1403 4979 (Joan.
1431 4921 1464 4959 κ
1485 4946 1498 4968 ,
1525 4904 1615 4975 16)
1645 4921 1658 4957 :
1687 4903 1897 4974 quando
1924 4920 2022 4960 au-

433 5011 567 5068 tem,
595 5001 696 5056 nisi
723 5007 844 5070 post
861 4998 1294 5054 clariﬁcationem
1315 4995 1504 5050 suam?
1529 4995 1657 5049 Post
1674 4995 2022 5050 resurrectio-

436 5109 563 5151 nem
588 5103 767 5148 autem
791 5091 951 5148 etiam
977 5091 1040 5144 ad
1067 5089 1263 5146 Gentes
1289 5085 1574 5156 discipulos
1599 5085 1761 5150 misit,
1786 5101 1906 5141 cum
1926 5100 2021 5142 eos

433 5185 648 5241 interim
669 5184 1017 5254 Jerosolymae
1039 5196 1254 5236 manere
1267 5178 1532 5248 jussisset,
1551 5175 1720 5232 donec
1739 5177 1816 5230 eis
1837 5190 2022 5232 secun-

437 5279 565 5335 dum
601 5276 1008 5348 promissionem
1039 5289 1186 5329 suam
1215 5271 1468 5341 Spiritum
1508 5276 1747 5322 sanctum
1786 5268 2022 5324 mitteret

436 5368 576 5438 (Act.
599 5384 648 5436 ι,
675 5369 754 5438 4).
783 5365 920 5422 Cum
949 5381 1078 5436 ergo
1107 5364 1327 5420 dixisset
1353 5359 1639 5432 Apostolus
1663 5400 1677 5425 ,
1715 5358 1857 5413 Misit
1884 5359 2022 5416 Deus

437 5461 634 5516 Filium
671 5477 838 5528 suum,
881 5463 1068 5532 factum
1107 5475 1170 5512 ex
1197 5458 1420 5522 muliere,
1451 5455 1640 5525 factum
1667 5455 1759 5508 sub
1787 5454 1938 5526 Lege,
1967 5465 2022 5510 ut

438 5553 626 5632 eos‘qui
645 5551 736 5605 sub
757 5549 890 5622 Lege
911 5559 1054 5605 erant
1071 5549 1359 5614 redimeret,
1383 5555 1436 5601 ut
1455 5547 1776 5616 adoptionem
1797 5545 2030 5614 filiorum-

437 5644 736 5716 'ecipiantus
765 5641 958 5716 (Colat.
995 5659 1083 5710 1v,
1110 5641 1202 5715 4);
1249 5641 1482 5698 restabat
1511 5649 1566 5695 ut
1605 5639 1762 5696 etiam
1799 5638 2018 5708 Gentes,

436 5749 558 5808 quae
581 5751 690 5794 non
715 5744 870 5795 erant
895 5735 994 5794 sub
1020 5735 1180 5810 Lege,
1213 5735 1279 5792 ad
1307 5734 1549 5794 eamdem
1575 5742 1754 5792 tamen
1775 5731 2022 5806 adoptio-

1449 291 1805 348 EPISTOLE
1842 291 1936 347 AD
1973 287 2314 360 GALATAS,
2354 289 2782 349 S.AUGUSTINI

3597 295 3744 358 2128

2148 419 2274 460 nem
2301 404 2534 460 ﬁliorum
2573 403 2840 476 pertinere
2873 403 3179 486 ostenderet
3221 423 3235 462 :
3279 405 3422 478 quod
3457 405 3528 465 de
3573 401 3749 466 sancti

2149 495 2384 567 Spiritus
2406 496 2568 566 dono,
2599 497 2691 568 qui
2718 497 2967 553 omnibus
2989 497 3144 554 datus
3172 507 3275 567 est,
3299 499 3475 558 docet.
3507 499 3664 558 Unde
3681 518 3748 562 se

2151 588 2311 643 etiam
2345 588 2536 644 Petrus
2577 587 2647 644 de
2691 589 2953 658 baptizato
2999 589 3370 646 incircumciso
3410 591 3744 652 Centurione

2149 679 2395 736 Cornelio
2415 680 2652 736 defendit
2671 681 2810 751 apud
2829 681 3043 738 Judaeos
3061 683 3152 754 qui
3172 683 3532 754 crediderant,
3555 685 3746 744 dicens

2137 788 2257 830 non
2283 788 2342 829 se
2366 775 2604 844 potuisse
2627 789 2820 846 aquam
2844 790 3044 846 negare
3071 777 3174 832 illis
3199 792 3332 854 quos
3352 777 3464 850 jam
3484 777 3747 849 Spiritum

2148 875 2389 924 sanctum
2414 867 2685 938 accepisse
2712 867 2976 924 claruerat
3008 867 3140 940 (Act.
3165 885 3220 935 x,
3249 870 3363 940 i7).
3391 869 3522 924 Nam
3549 879 3603 926 et
3623 871 3745 941 ipso

2147 960 2461 1030 gravissimo
2482 960 2802 1016 documento
2824 961 2986 1016 etiam
3009 962 3252 1032 superius
3274 977 3400 1018 usus
3419 971 3503 1018 est
3519 963 3738 1030 Paulu5_

2146 1067 2268 1108 cum
2291 1053 2526 1120 diceret,
2567 1053 2675 1108 Hoc
2695 1054 2860 1108 solum
2885 1055 2996 1108 volo
3025 1055 3214 1110 discere
3237 1071 3270 1108 a
3295 1056 3428 1110 vobis
3457 1073 3474 1110 :
3499 1054 3585 1110 Ea:
3613 1073 3743 1128 0pc—

2122 1145 2284 1200 'ribus
2312 1143 2462 1217 Legis
2488 1145 2736 1216 Spiritum
2765 1147 3028 1218 accepistis
3047 1189 3062 1214 ,
3093 1164 3160 1200 an
3194 1163 3257 1202 ea:
3277 1148 3454 1202 auditu
3480 1149 3644 1218 fidei?
3673 1150 3746 1205 Et

2145 1237 2306 1306 paulo
2335 1247 2485 1306 post,
2519 1237 2620 1304 Qui
2641 1254 2757 1308 ergo
2793 1239 2966 1292 tribuit
2991 1236 3128 1293 vobis
3149 1237 3397 1309 Spiritum
3417 1280 3432 1306 ,
3461 1249 3506 1294 et
3530 1239 3742 1295 uirtutes

2146 1337 2382 1398 operatur
2403 1331 2456 1383 in
2481 1329 2616 1383 vobis
2639 1345 2657 1384 :
2679 1327 2761 1384 Ea:
2785 1329 3016 1400 operibus
3040 1329 3212 1402 chis,
3241 1347 3306 1384 an
3331 1347 3396 1386 ea:
3419 1331 3595 1385 auditu
3615 1331 3742 1401 ﬁdei

2147 1418 2342 1490 (Galat.
2368 1436 2446 1484 Ill,
2469 1420 2524 1486 2,
2550 1419 2651 1490 5)?
2680 1420 2768 1475 Sic
2789 1428 2842 1475 et
2867 1419 2972 1486 hic,
2999 1419 3273 1488 Quoniam,
3306 1421 3496 1492 inquit,
3519 1423 3616 1492 ﬁlii
3635 1421 3742 1476 Dei

2145 1514 2261 1566 estis
2279 1553 2294 1578 ,
2323 1513 2456 1566 misit
2481 1511 2621 1566 Deus
2647 1511 2896 1582 Spiritum
2925 1511 3050 1567 Filii
3077 1514 3156 1568 sui
3183 1514 3238 1568 in
3261 1513 3414 1568 corda
3438 1525 3604 1570 vestra
3627 1515 3736 1570 cla-

2145 1613 2362 1659 mantem
2381 1647 2398 1672 ,
2426 1605 2584 1672 Abba,
2619 1605 2796 1661 Pater.

2214 1694 2302 1750 52.
2329 1693 2425 1766 [1b.
2456 1712 2528 1762 1v,
2557 1697 2611 1762 7,
2633 1695 2710 1770 8.]
2733 1696 2936 1753 Deinde
2953 1696 3386 1754 manifestissime
3409 1698 3644 1754 ostendit
3663 1699 3738 1756 de

2143 1786 2228 1842 his
2253 1788 2415 1843 etiam
2451 1804 2512 1844 se
2547 1789 2725 1846 dicere
2741 1831 2755 1855 ,
2782 1790 2872 1860 qui
2900 1806 2968 1846 ex
2992 1789 3251 1848 Gentibus
3279 1791 3348 1847 ad
3375 1791 3536 1846 ﬁdem
3562 1807 3734 1848 vene-

2143 1889 2298 1946 rant,
2323 1879 2392 1935 ad
2417 1895 2550 1950 quos
2573 1882 2736 1936 etiam
2775 1882 3068 1953 Epistolam
3111 1881 3334 1950 scribit,
3363 1882 3548 1951 Itaque
3577 1884 3733 1954 jam,

2141 1971 2342 2042 inquit,
2389 1990 2491 2028 non
2531 1984 2605 2028 est
2649 1991 2816 2030 servus
2835 2015 2850 2042 ,
2895 1976 2984 2031 sed
3029 1976 3168 2045 ﬁlius
3193 1992 3214 2030 :
3258 1985 3476 2047 propter
3509 1975 3566 2031 id
3591 1975 3740 2048 quod

2142 2061 2387 2130 dixerat,
2427 2064 2683 2130 Quamdiu
2725 2069 2883 2120 haeres
2921 2067 3159 2137 parvulus
3185 2075 3292 2135 est,
3321 2067 3450 2122 nihil
3493 2066 3664 2134 diﬂ'ert
3700 2083 3740 2120 α

2141 2170 2302 2209 servo.
2333 2154 2394 2210 Si
2431 2167 2598 2210 autent
2639 2157 2775 2226 ﬁlius
2795 2197 2811 2223 ,
2838 2157 3040 2228 inquit,
3075 2167 3121 2212 et
3147 2157 3302 2214 luere:
3327 2175 3416 2230 per
3443 2157 3603 2212 Deum
3630 2173 3650 2212 :
3679 2156 3738 2212 id

2139 2253 2254 2312 est,
2297 2261 2396 2316 per
2428 2247 2846 2304 misericordiam
2883 2249 3017 2316 Dei,
3063 2263 3172 2304 non
3213 2257 3313 2320 'per
3347 2249 3738 2320 promissiones

2138 2347 2348 2408 patrum
2368 2381 2384 2406 ,
2423 2339 2491 2396 de
2535 2341 2726 2412 quibus
2751 2339 3035 2397 carnaliter
3059 2341 3197 2397 sicut
3220 2339 3391 2396 Judaei
3418 2350 3574 2396 natus
3617 2355 3730 2396 non

2139 2439 2248 2498 est;
2281 2431 2376 2487 sed
2403 2442 2578 2488 tamen
2623 2432 2765 2488 ﬁlius
2801 2433 3030 2489 Abrahae
3057 2433 3352 2490 secundum
3379 2433 3736 2490 imitationem

2137 2519 2288 2588 ﬁdei,
2319 2523 2469 2593 cujus
2518 2523 2640 2580 ﬁdei
2679 2525 2904 2595 gratiam
2944 2541 3039 2596 per
3063 2525 3486 2583 misericordiam
3515 2518 3736 2582 Domini

2136 2615 2349 2670 meruit.
2396 2615 2502 2670 Sed
2548 2624 2665 2671 tunc
2693 2617 2925 2688 quidem,
2959 2618 3162 2689 inquit,
3193 2619 3483 2691 ignorantes
3524 2616 3693 2672 Deum
3713 2659 3732 2686 ,

2137 2707 2215 2760 Itis
2241 2708 2330 2776 qui
2359 2709 2654 2764 naturaliter
2678 2727 2779 2764 non
2819 2719 2935 2765 sunt
2981 2711 3053 2765 dii
3099 2712 3337 2766 servistis.
3383 2709 3538 2766 Nunc
3582 2719 3736 2768 certe

2137 2798 2258 2867 quia
2299 2814 2404 2854 non
2433 2799 2633 2856 ludatis
2661 2800 2874 2870 scribit,
2901 2801 2996 2858 sed
3023 2799 3318 2869 Gentibus;
3345 2815 3445 2859 nec
3481 2801 3582 2866 ait,
3609 2816 3734 2857 ser-

2134 2888 2383 2956 vivimus,
2405 2891 2522 2958 sed,
2540 2891 2758 2946 servistis
2784 2909 2801 2945 :
2829 2892 2958 2948 satis
2979 2891 3254 2964 probabile
3276 2902 3358 2947 est
3378 2892 3540 2948 etiam
3569 2906 3736 2962 supe-

2135 2981 2248 3034 rius
2273 2980 2342 3036 de
2385 2979 2644 3037 Gentibus
2679 2981 2878 3038 dictum
2899 3025 2915 3050 ,
2961 2983 3102 3053 quod
3145 2985 3242 3039 sub
3267 2983 3544 3039 elementis
3573 2983 3734 3052 hujus

2135 3070 2318 3126 mundi
2346 3081 2500 3126 erant
2525 3072 2816 3128 servientes
2835 3114 2850 3138 ,
2881 3082 3130 3144 tanquam
3155 3073 3255 3128 sub
3295 3071 3732 3144 procuratoribus

2134 3169 2189 3216 et
2209 3162 2481 3218 actoribus
2507 3161 2619 3234 (Id.
2652 3179 2708 3218 iV
2725 3205 2742 3231 ,
2765 3155 2932 3235 l-3).°
2955 3163 3088 3219 Nam
3115 3165 3229 3234 ipsa
3256 3163 3518 3220 elementa
3545 3165 3732 3235 utique

2133 3267 2240 3306 non
2263 3261 2386 3308 sunt
2413 3254 2722 3310 naturaliter
2745 3255 2839 3322 dii,
2877 3273 2896 3307 ‹
2923 3255 3035 3310 sive
3055 3256 3108 3309 in
3129 3255 3270 3311 caelo
3292 3297 3306 3322 ,
3329 3255 3443 3311 sive
3463 3257 3516 3312 in
3544 3264 3686 3312 terra
3709 3273 3724 3311 :

2133 3342 2580 3414 quemadmodum
2606 3344 2758 3400 multi
2783 3345 2890 3412 dii,
2921 3354 2975 3404 et
2995 3346 3196 3402 domini
3221 3347 3374 3402 multi
3407 3365 3419 3400 :
3445 3347 3542 3403 sed
3569 3347 3728 3404 nobis

2133 3447 2270 3488 unus
2291 3433 2432 3488 Deus
2467 3433 2643 3500 Pater,
2677 3450 2744 3490 ex
2783 3451 2888 3506 quo
2917 3438 3124 3506 omnia,
3156 3447 3210 3494 et
3236 3453 3332 3506 nos
3378 3439 3432 3494 in
3475 3439 3628 3509 ipso;
3671 3447 3731 3494 et

2132 3541 2271 3581 unus
2295 3527 2554 3584 Dominus
2580 3527 2734 3584 Iesus
2777 3527 3054 3599 Christus,
3092 3547 3187 3600 per
3224 3547 3384 3602 quem
3423 3532 3638 3600 omnia,
3671 3539 3729 3590 et

2131 3633 2230 3674 nos
2259 3634 2352 3688 per
2380 3619 2597 3690 ipsumjt
2627 3621 2674 3691 (l
2704 3619 2822 3676 Cor.
2845 3638 2960 3691 vin,
2991 3624 3024 3678 5
3042 3665 3058 3692 ,
3089 3623 3169 3694 6).
3191 3622 3324 3678 Cum
3349 3633 3526 3680 autem
3551 3624 3722 3694 dicit,

2132 3709 2231 3764 His
2271 3711 2360 3781 qui
2401 3711 2698 3766 naturaliter
2741 3730 2844 3768 non
2885 3723 3002 3767 sunt
3044 3713 3151 3780 dii,
3188 3715 3440 3782 servistis,
3471 3715 3608 3788 satis.
3628 3715 3728 3770 de-

2131 3811 2394 3857 monstrat
2419 3819 2581 3858 unum
2610 3820 2794 3866 verum
2826 3805 2996 3860 Deum
3031 3815 3220 3862 natura
3241 3821 3362 3863 esse
3387 3807 3554 3862 Deum
3573 3847 3588 3872 ,
3615 3812 3728 3878 quo

2133 3895 2349 3950 nomine
2361 3895 2592 3952 Trinitas
2617 3897 2926 3956 fidelissimo
2953 3909 3008 3955 et
3033 3901 3292 3956 catholico
3321 3902 3522 3972 gremio
3543 3901 3728 3959 cordis

2130 3985 2405 4056 accipitur.
2432 3985 2538 4043 Eos
2564 3995 2742 4044 autem
2765 3989 2854 4060 qui
2869 3999 3056 4046 natura
3073 4007 3178 4046 non
3189 3999 3315 4047 sunt
3330 3992 3422 4060 dii,
3441 4001 3724 4064 propterea

2129 4077 2376 4147 superius
2396 4088 2770 4147 procuratores
2791 4089 3104 4152 actoresque
3125 4083 3358 4154 appellat
3382 4126 3398 4152 ,
3428 4085 3550 4155 quia
3575 4083 3726 4140 nulla

2129 4177 2372 4222 creatura
2409 4177 2522 4234 est,
2568 4170 2679 4224 sive
2723 4187 2841 4241 quae
2865 4172 2920 4226 in
2949 4174 3170 4230 veritate
3209 4181 3418 4242 manet,
3446 4173 3576 4230 dans
3601 4175 3726 4245 glo-

2129 4259 2261 4312 riam
2291 4261 2434 4324 Deo;
2463 4259 2574 4316 sive
2612 4275 2732 4330 qua:
2771 4261 2825 4314 in
2862 4262 3083 4318 veritate
3127 4279 3234 4318 non
3275 4265 3447 4330 stetit,
3476 4279 3728 4334 quatrens

2126 4349 2348 4420 gloriam
2372 4363 2522 4403 suam
2556 4368 2568 4402 :
2602 4351 2750 4405 nulla
2779 4350 2994 4422 inquam
3014 4363 3256 4410 creatura
3283 4363 3394 4422 est,
3422 4370 3540 4425 quae
3568 4371 3678 4410 non
3701 4395 3720 4424 ,

2129 4439 2259 4494 velit
2278 4439 2429 4506 nolit,
2461 4439 2654 4496 divinae
2685 4441 3029 4513 providentiae
3054 4445 3284 4512 serviat;
3308 4445 3403 4500 sed
3428 4447 3610 4502 volens
3635 4433 3732 4501 fa-l

2127 4530 2199 4586 cit
2224 4547 2344 4586 cum
2374 4547 2438 4587 ea
2479 4532 2620 4602 quod
2655 4533 2854 4598 bonum
2878 4543 2961 4590 est
3001 4536 3059 4602 ¹;
3099 4535 3168 4592 de
3196 4536 3286 4590 illa
3320 4551 3448 4592 vero
3471 4551 3590 4608 quae
3616 4536 3724 4594 hoc

2103 4635 2235 4677 'non
2262 4623 2403 4688 vult,
2433 4623 2492 4677 ﬁt
2516 4623 2656 4693 quod
2677 4624 2880 4694 justum
2909 4633 3008 4681 est.
3036 4625 3168 4682 Nam
3193 4625 3240 4680 si
3265 4626 3424 4686 etiam
3455 4627 3556 4697 ipsi
3585 4643 3723 4698 pra:-

2129 4713 2453 4770 varicatorcs
2490 4715 2690 4786 angeli,
2725 4731 2844 4772 cum
2894 4718 3133 4789 principe
3176 4733 3274 4774 suo
3314 4719 3566 4788 diabolo,
3609 4735 3727 4778 non

2128 4813 2276 4860 recte
2297 4805 2602 4861 dicerentur
2625 4817 2999 4877 procuratores
3025 4809 3110 4866 vel
3133 4818 3342 4866 actores
3369 4811 3563 4866 divina:
3590 4826 3722 4881 pro-

2127 4897 2408 4964 videntiae,
2456 4914 2560 4954 non
2612 4899 2867 4957 Dominus
2923 4902 3290 4973 magistratum
3335 4903 3492 4975 hujus
3535 4903 3722 4960 mundi

2127 4989 2398 5045 diabolum
2438 4989 2674 5060 diceret;
2717 5007 2818 5048 nec
2854 5001 3092 5049 uteretur
3117 4993 3208 5049 illo
3234 4994 3302 5050 ad
3327 4994 3724 5066 correptionen

2127 5082 2402 5138 hominum
2430 5082 2546 5152 ipsa
2571 5093 2808 5153 potestas
2826 5086 3148 5156 apostolica,
3179 5087 3368 5144 eodem
3398 5088 3563 5144 Paulo
3588 5087 3722 5147 alibi

2126 5173 2338 5232 dicente
2359 5215 2374 5240 ,
2410 5175 2548 5244 Quos
2585 5177 2774 5231 tradidi
2799 5188 3010 5248 satanaz,
3035 5189 3090 5234 ut
3113 5180 3309 5236 discant
3335 5199 3435 5238 non
3477 5182 3719 5253 blasphe-
3785 5223 3793 5244 ς

2125 5283 2264 5321 mare
2306 5265 2350 5339 (l
2395 5265 2527 5322 Tim.
2556 5283 2613 5338 1,
2644 5267 2735 5340 20)
2770 5277 2866 5326 :et
2909 5271 3013 5328 alio
3059 5271 3177 5328 loco
3223 5273 3292 5328 ad
3334 5274 3595 5342 salutem;
3643 5275 3722 5332 ait

2127 5361 2267 5418 enim
2290 5402 2304 5428 ,
2339 5380 2356 5414 ι
2397 5360 2509 5430 Ego
2537 5362 2750 5432 quidem
2791 5363 2930 5420 sicut
2953 5364 3146 5422 absens
3187 5381 3445 5438 corpore,
3479 5383 3718 5440 prmsens

2190 5457 2206 5486 ²
2225 5463 2354 5522 [δογη
2369 5467 2435 5504 ex
2457 5457 2743 5522 auctoritate
2766 5459 2912 5522 trium
2927 5466 3376 5522 manuscriptorum,
3403 5459 3558 5510 volens
3580 5461 3716 5522 Γαῖα,
3773 5459 3786 5522 ’g

2128 5515 2322 5582 _cum_de
2345 5529 2402 5566 ea
2425 5517 2550 5582 quod
2575 5517 2745 5582 bonum
2766 5523 2835 5568 est
2850 5517 2923 5582 ﬁt.
2949 5527 3070 5582 Ante
3083 5515 3202 5570 vero
3215 5521 3264 5570 in
3287 5515 3432 5572 editis
3456 5531 3554 5570 sm.
3575 5515 3626 5570 et
3641 5515 3716 5570 Erl
3783 5517 3798 5534 ‘

2127 5577 2400 5645 legebatur,
2429 5577 2584 5630 uolens
2605 5579 2720 5643 facit
2742 5577 2930 5645 c_um'ea
2953 5581 3194 5645 (subaudi,
3213 5583 3372 5633 divina
3395 5583 3718 5645 providentia)

2127 5639 2252 5704 quod
2279 5639 2450 5704 bonum
2472 5649 2541 5690 est
2563 5639 2740 5704 :quam
2763 5639 3026 5692 lectionem
3043 5639 3232 5694 ﬁrmant
3252 5639 3422 5694 omnes
3439 5647 3590 5694 nosnri
3610 5639 3717 5704 Mss;

2129 5701 2714 5820 ῧὲἓὲἷέιιὺίυουεὶξψιὶ
2738 5704 2904 5766 habet,
2929 5704 3086 5758 uolens
3111 5705 3239 5769 facit,
3261 5719 3371 5756 cum
3387 5706 3500 5770 facit
3517 5707 3568 5756 id
3590 5701 3726 5769 quod
