4048 6476
256 493 402 553 2129

179 642 192 698 ἐ
257 643 439 692 autem
468 629 689 701 spiritu,
724 625 833 698 jam
858 625 1087 697 judicavi
1117 624 1268 696 quasi
1308 639 1574 695 prazsens,
1607 639 1730 681 eum
1757 626 1844 696 qui

175 699 183 768 ii
257 728 336 784 sic
364 699 614 797 operatus
638 730 748 786 est,
781 721 831 774 in
857 720 1070 774 nomine
1097 718 1306 773 Domini
1336 719 1504 773 nostri
1545 718 1672 774 Jesu
1699 718 1848 775 Chri-

254 821 324 875 sti
352 816 687 888 congregatis
728 813 879 868 vobis
926 821 980 868 et
1025 826 1145 866 meo
1188 811 1411 881 Spiritu,
1443 827 1564 866 cum
1613 815 1846 882 potentia

253 909 472 966 Domini
494 905 660 962 nostri
689 903 812 959 Jesu
831 902 1062 969 Christi,
1091 902 1298 958 tradere
1328 903 1626 975 hujusmodi
1647 912 1845 960 satanae

250 1003 306 1057 in
336 1000 606 1056 interitum
646 996 820 1051 carnis
844 1036 859 1060 ,
904 1001 960 1048 ut
1001 993 1217 1063 spiritus
1245 994 1418 1049 salvus
1447 995 1516 1048 sit
1540 995 1593 1048 in
1623 995 1710 1050 die
1739 995 1844 1049 Do-

248 1094 384 1148 mini
410 1092 539 1147 Jesu
561 1089 603 1162 (l
632 1087 750 1144 Cor.
783 1105 835 1152 v,
866 1086 1010 1157 '5-5).
1041 1085 1145 1141 Sed
1174 1095 1226 1140 et
1252 1087 1587 1156 magistratus
1613 1086 1712 1140 sub
1733 1097 1841 1141 sta-

247 1195 368 1241 tuto
396 1186 412 1216 ί
441 1185 761 1252 imperatore
787 1193 893 1233 non
920 1177 1078 1243 facit,
1109 1176 1213 1231 nisi
1237 1185 1489 1247 quantum
1517 1177 1592 1232 illi
1622 1177 1842 1248 permit-

249 1280 411 1344 titur;
444 1286 497 1333 et
526 1283 898 1346 procuratores
939 1281 1254 1341 actoresque
1295 1269 1452 1340 hujus
1495 1269 1677 1324 mundi
1706 1269 1837 1324 nihil

247 1371 472 1433 faciunt,
500 1367 602 1422 nisi
631 1374 885 1435 quantum
934 1362 1188 1416 Dominus
1215 1361 1360 1415 sinit.
1389 1360 1505 1415 Non
1535 1361 1676 1415 enim
1710 1361 1837 1415 latet

246 1479 372 1519 eum
400 1459 602 1532 aliquid
624 1501 638 1526 ,
666 1459 804 1513 sicut
828 1456 1096 1510 hominem
1121 1471 1136 1520 ;
1165 1465 1255 1509 aut
1281 1454 1333 1508 in
1358 1454 1536 1523 aliquo
1559 1462 1641 1509 est
1661 1454 1836 1509 minus

245 1567 473 1625 potens,
502 1558 562 1605 ut
600 1557 968 1618 procuratores
997 1555 1157 1616 atque
1196 1554 1438 1613 actores,
1481 1545 1571 1615 qui
1617 1554 1739 1600 sunt
1781 1547 1834 1601 in

243 1644 360 1713 ejus
404 1648 709 1712 potestate,
759 1637 954 1707 aliquid
1002 1637 1118 1706 ipso
1159 1637 1272 1691 sive
1314 1651 1421 1691 non
1460 1637 1828 1706 permittente,

241 1739 356 1792 sive
384 1736 687 1797 nesciente,
720 1732 775 1786 in
803 1730 1054 1800 subjectis
1079 1730 1180 1785 sibi
1222 1745 1320 1800 pro
1358 1746 1452 1786 suo
1477 1730 1644 1801 gradu
1672 1731 1832 1786 rebus

241 1826 496 1881 efficiant.
526 1823 642 1878 Non
671 1823 749 1878 eis
777 1830 954 1875 tamen
978 1819 1304 1890 rependitur,
1336 1819 1474 1890 quod
1502 1821 1568 1875 de
1599 1821 1729 1891 ipsis
1741 1821 1830 1890 ju-

240 1928 324 1974 ste
351 1917 439 1985 ﬁt,
479 1917 574 1972 sed
613 1929 720 1986 quo
747 1915 925 1968 animo
951 1913 1050 1983 ipsi
1081 1912 1276 1968 faciunt
1302 1933 1314 1967 :
1350 1914 1469 1984 quia
1495 1929 1666 1985 neque
1700 1915 1832 1972 libe-

240 2023 356 2064 ram
385 2008 714 2062 voluntatem
739 2005 985 2059 rationali
1013 2013 1268 2059 creaturae
1293 2020 1402 2060 suae
1423 2006 1562 2062 Deus
1583 2008 1825 2077 negavit;

238 2110 293 2156 et
339 2109 514 2154 tamen
561 2104 904 2168 potestatem,
937 2110 1040 2166 qua
1065 2097 1222 2150 etiam
1263 2097 1485 2166 injustas
1505 2099 1646 2167 jnste
1687 2099 1831 2154 ordi-

239 2197 365 2256 nat,
390 2188 491 2244 sibi
519 2187 752 2242 retinuit.
781 2185 948 2253 Quem
978 2185 1153 2240 locum
1185 2187 1339 2241 latius
1365 2198 1416 2242 et
1443 2189 1656 2242 uberius
1685 2190 1738 2244 in
1765 2191 1827 2245 lio

237 2284 350 2338 bris
375 2283 496 2336 aliis
523 2296 664 2349 smpe
697 2282 717 2311 ¹
749 2279 1091 2334 tractavimus
1121 2278 1208 2348 (In
1238 2279 1378 2332 libris
1417 2280 1479 2333 de
1507 2279 1686 2334 Libero
1725 2283 1825 2334 Ar-

240 2374 438 2445 bitrio).
467 2373 588 2427 Sive
611 2385 737 2441 ergo
774 2371 942 2424 solem
981 2378 1035 2424 et
1061 2369 1241 2422 lunam
1275 2377 1329 2423 et
1353 2368 1526 2424 sidera
1553 2378 1606 2425 et
1631 2373 1824 2426 caelum

235 2474 291 2522 et
334 2475 564 2528 terram,
613 2472 908 2532 caateraque
950 2459 1252 2530 hujusmodi
1300 2460 1496 2516 Gentes
1543 2462 1820 2531 colebant,

234 2565 352 2613 sive
379 2557 641 2612 daemonia
661 2597 675 2619 ,
708 2563 852 2609 recte
881 2552 980 2608 sub
1007 2553 1435 2623 procuratoribus
1460 2561 1513 2608 et
1555 2554 1822 2637 actoribus

231 2650 399 2706 fuisse
428 2648 809 2720 intelliguntur.

303 2743 395 2798 3'5.
423 2739 522 2813 [lb.
549 2755 617 2805 tv,
650 2737 729 2812 9.]
756 2738 1130 2793 Verumtamen
1157 2752 1219 2792 ea
1238 2753 1356 2808 quae
1383 2748 1693 2809 sequuntur,
1711 2740 1821 2811 jam

232 2831 384 2902 quasi
411 2831 723 2899 explicatam
770 2829 1116 2898 quaestionem
1135 2835 1330 2884 ‘rursus
1357 2831 1648 2900 implicant.
1686 2832 1820 2889 Cum

232 2923 376 2976 enim
401 2937 498 2991 per
522 2930 683 2975 totam
703 2919 988 2988 Epistolam
1007 2934 1113 2972 non
1139 2919 1206 2973 ab
1229 2919 1347 2974 aliis
1366 2921 1609 2977 ostendat
1624 2924 1822 2978 sollici-

235 3022 396 3074 tatam
428 3013 589 3066 fuisse
613 3011 917 3066 Galatarum
950 3010 1105 3064 tidem
1123 3052 1138 3076 ,
1168 3011 1268 3064 nisi
1303 3011 1371 3065 ab
1396 3013 1474 3067 eis
1498 3014 1588 3082 qui
1617 3030 1683 3070 ex
1710 3016 1816 3070 cir—

233 3107 558 3162 cumcisione
603 3112 789 3170 erant,
835 3113 888 3158 et
924 3103 990 3157 ad
1024 3104 1264 3159 carnales
1293 3106 1690 3163 observationes
1718 3109 1820 3164 Le-

232 3197 347 3267 gis,
379 3206 626 3266 tanquam
656 3195 706 3248 in
738 3195 816 3249 eis
841 3194 984 3249 salus
1006 3205 1179 3259 esset,
1211 3195 1476 3252 adducere
1503 3200 1813 3268 capiebant;

235 3288 336 3344 hoc
363 3295 563 3341 tantum
591 3288 708 3341 loco
737 3286 803 3341 ad
828 3301 922 3342 eos
959 3286 1103 3356 loqui
1146 3286 1378 3355 videtur,
1411 3292 1499 3360 qui
1542 3292 1608 3346 ad
1635 3293 1818 3350 Genti-

233 3379 363 3434 lium
426 3377 827 3448 superstitiones
889 3377 1063 3432 redire
1111 3386 1394 3434 tentarent.
1466 3382 1554 3436 Ait
1606 3386 1746 3439 enim
1800 3405 1814 3440 :

238 3491 258 3523 ι
285 3471 439 3527 Nunc
460 3480 638 3527 autem
659 3479 1038 3540 cognoscentes
1058 3472 1222 3526 Deum
1240 3514 1253 3537 ,
1277 3474 1383 3527 imo
1403 3476 1599 3544 cogniti
1627 3493 1656 3531 a
1685 3479 1812 3545 Deo,

231 3564 500 3635 quomodo
523 3563 848 3620 revertimini
872 3563 1060 3618 iterum
1092 3565 1158 3620 ad
1189 3566 1394 3620 inﬁrma
1426 3577 1480 3622 et
1509 3584 1675 3640 egena
1704 3574 1816 3627 ele-

230 3663 410 3710 menta
430 3697 446 3722 ,
469 3655 659 3725 quibus
686 3669 870 3709 rursus
889 3664 947 3709 ut
970 3664 1120 3711 antea
1161 3657 1360 3712 servire
1388 3660 1590 3714 vultis?
1623 3682 1641 3713 ι
1671 3663 1727 3717 In
1751 3680 1817 3720 eo

228 3747 373 3800 enim
412 3745 554 3814 quod
593 3745 753 3812 dicit,
797 3747 1134 3813 revertimini,
1164 3749 1375 3819 quando
1403 3765 1510 3805 non
1538 3754 1816 3810 circumci-

227 3837 336 3902 sis,
365 3836 460 3892 sed
486 3836 739 3892 Gentibus
767 3837 1021 3908 loquitur,
1050 3839 1186 3894 sicut
1221 3840 1274 3894 in
1300 3849 1408 3897 tota
1441 3843 1678 3914 Epistola
1717 3863 1815 3918 ap-

225 3937 412 3998 paret;
436 3943 539 3983 non
559 3929 738 3998 utique
757 3929 825 3983 ad
843 3930 1303 3987 circumcisionem
1328 3933 1456 3988 dicit
1478 3950 1571 3990 eos
1595 3940 1812 4006 reverti,

225 4020 279 4075 in
323 4036 428 4090 qua
471 4035 740 4090 nunquam
779 4029 961 4085 erant,
1008 4021 1104 4076 sed
1146 4022 1213 4075 ad
1255 4023 1492 4092 infirma,
1539 4026 1737 4096 inquit,
1769 4038 1816 4082 et

225 4127 381 4184 egena
411 4112 682 4177 elementa,
713 4111 891 4183 quibus
925 4128 1100 4166 rursus
1137 4122 1192 4166 ut
1236 4124 1384 4168 antea
1421 4117 1606 4170 servire
1646 4119 1812 4173 vultis.

224 4206 377 4273 Quod
417 4205 484 4260 de
512 4204 772 4261 Gentibus
799 4205 1093 4275 intelligere
1122 4207 1359 4276 cogimur
1391 4225 1402 4260 :
1435 4207 1518 4262 his
1556 4209 1696 4264 enim
1727 4225 1814 4264 su-

225 4313 316 4366 pra
347 4295 586 4360 dixerat,
618 4295 721 4350 Sed
747 4305 863 4348 tunc
884 4294 1082 4362 quidem
1101 4296 1389 4364 ignorantes
1421 4297 1610 4364 Deum,
1635 4302 1712 4354 his
1731 4304 1816 4372 qui

225 4399 411 4442 natura
432 4403 535 4442 non
557 4397 672 4442 sunt
701 4387 808 4454 dii,
836 4388 1058 4441 servistis
1087 4385 1284 4458 (Galat.
1328 4404 1412 4453 IV,
1443 4391 1531 4457 8);
1564 4392 1628 4446 ad
1655 4410 1813 4464 quam

159 4521 162 4524 .
221 4480 534 4536 servitutem
564 4479 756 4534 reverti
792 4493 884 4534 eos
910 4478 1048 4533 velle
1067 4477 1354 4548 signiﬁcat,
1383 4495 1502 4535 cum
1532 4484 1636 4550 ait,
1671 4486 1812 4550 Quo-

223 4573 374 4626 modo
402 4569 706 4625 revertimini
735 4569 803 4624 ad
830 4571 1035 4637 inﬁrma
1061 4578 1107 4623 et
1135 4585 1286 4640 egena
1325 4571 1566 4626 elementa
1583 4615 1598 4640 ,
1636 4577 1814 4644 quibus

223 4679 401 4716 rursus
427 4670 482 4715 ut
507 4670 656 4714 antea
682 4661 865 4715 servire
891 4660 1080 4714 vultis?

290 4754 382 4808 54.
415 4752 521 4826 [lb.
545 4769 616 4819 ιν,
641 4752 739 4817 10,
772 4750 885 4825 Η.]
913 4752 1061 4818 Quod
1089 4764 1266 4808 autem
1293 4753 1550 4827 adjungit,
1571 4756 1696 4812 Dies
1721 4761 1812 4814 ob-

219 4847 430 4903 servatis
449 4887 465 4912 ,
493 4853 543 4899 et
567 4861 760 4900 menses
777 4886 794 4912 ,
826 4853 872 4898 et
897 4861 1085 4911 annos,
1115 4853 1161 4899 et
1188 4853 1414 4916 tempora
1437 4864 1456 4901 :
1497 4849 1644 4903 timeo
1686 4866 1771 4906 vos
1794 4893 1809 4916 ,

219 4954 283 4993 ne
307 4941 440 5010 forte
471 4937 580 4991 sine
611 4953 766 4990 causa
808 4935 1135 4990 laboraverim
1171 4937 1224 4990 in
1259 4953 1344 4992 vos
1384 4939 1440 5002 ³,
1477 4942 1646 5010 magis
1678 4941 1812 4998 hanc

217 5031 541 5087 sententiam
591 5029 905 5084 conﬁrmare
952 5027 1119 5083 videri
1164 5038 1356 5098 potest.
1405 5029 1811 5101 Vulgatissimus

218 5130 301 5176 est
325 5121 469 5176 enim
499 5135 652 5176 error
676 5119 960 5174 Gentilium
1000 5119 1100 5173 iste
1121 5160 1135 5183 ,
1183 5128 1240 5173 ut
1265 5120 1349 5174 vel
1387 5120 1439 5175 in
1481 5123 1698 5191 agendis
1726 5140 1810 5178 re-

216 5212 316 5266 bus
335 5253 354 5277 ,
381 5211 470 5266 vel
501 5211 555 5265 in
582 5209 950 5281 exspectandis
979 5209 1180 5263 eventis
1209 5211 1331 5264 vitae
1372 5226 1434 5266 ac
1476 5216 1808 5284 negotiorum

213 5317 469 5368 suorum,
498 5302 566 5358 ab
591 5301 870 5371 astrologis
915 5308 969 5356 et
1012 5299 1278 5356 Chaldaeis
1319 5311 1529 5358 notatos
1577 5305 1720 5372 dies,
1753 5317 1808 5364 et

212 5409 470 5461 menses,
507 5403 561 5450 et
589 5407 790 5456 annos,
831 5402 884 5448 et
926 5401 1164 5462 tempora
1212 5393 1512 5450 observent.
1559 5397 1808 5454 Fortasse

214 5497 395 5542 tamen
440 5501 548 5540 non
591 5500 724 5556 opus
763 5492 846 5539 est
874 5493 930 5538 ut
958 5483 1059 5538 hoc
1087 5483 1155 5539 de
1191 5484 1475 5540 Gentilium
1507 5503 1687 5543 errore
1725 5492 1806 5544 in-

211 5581 550 5649 telligamus,
593 5593 660 5632 ne
684 5575 1031 5631 intentionem
1059 5590 1233 5630 causa:
1255 5618 1269 5643 ,
1300 5591 1458 5646 quam
1489 5579 1554 5632 ab
1585 5580 1804 5637 exordio

210 5680 517 5738 susceptam
562 5667 628 5721 ad
659 5667 817 5721 ﬁnem
857 5681 1024 5736 usque
1067 5666 1341 5736 perducit,
1372 5667 1548 5722 subito
1578 5670 1629 5723 in
1659 5672 1801 5726 aliud

273 5804 292 5834 ι
325 5810 425 5850 Am.
451 5810 526 5850 Er.
563 5809 614 5852 et
634 5801 809 5851 decem
831 5807 959 5860 Mss,
984 5801 1068 5851 sub
1089 5805 1231 5852 tanto.

271 5867 292 5894 ²
319 5871 490 5924 Deest,
511 5877 654 5927 sape,
679 5864 926 5927 apudf-tm.
949 5869 1022 5927 _F.r.
1043 5871 1092 5913 et
1114 5872 1304 5927 septem
1323 5871 1429 5915 Mss.

274 5930 298 5960 ‘J
320 5928 441 5974 Editi
461 5928 539 5975 hic
562 5924 610 5975 et
630 5925 769 5986 intra,
793 5924 841 5976 in
859 5925 1000 5976 vobis.
1016 5934 1068 5975 At.
1091 5924 1214 5986 Mss},
1234 5926 1284 5980 in
1299 5942 1396 5990 vos,
1415 5929 1555 5991 juxta
1567 5939 1796 5994 gracula.

1427 485 1893 547 EXPOSITIONIS
1928 487 2132 548 LIBER
2169 491 2372 554 UNUS.

3397 508 3540 568 2130

1956 613 2155 663 temere
2176 608 2492 681 detorquere
2517 609 2653 667 velle
2678 611 2979 682 videamur;
3006 615 3102 671 sed
3129 615 3196 672 de
3223 616 3308 673 his
3334 622 3534 691 potius,

1951 696 2019 752 de
2048 698 2237 768 quibus
2265 702 2513 757 cavendis
2541 718 2663 758 eum
2705 718 2864 774 agere
2901 717 2997 776 per
3038 714 3202 763 totam
3234 709 3528 780 Epistolam

1951 800 2186 860 apparet.
2227 793 2360 848 Nam
2390 804 2444 850 et
2470 796 2641 852 Judaai
2675 799 2938 854 serviliter
2972 801 3258 858 observant
3284 803 3398 861 dies
3418 847 3435 872 ,
3482 815 3538 864 et

1949 896 2161 938 menses
2179 925 2192 948 ,
2224 892 2278 939 et
2299 899 2494 953 annos,
2519 897 2573 942 et
2601 896 2838 958 tempora
2858 891 2912 946 in
2936 894 3134 948 carnali
3159 895 3534 953 observatione

1947 977 2151 1032 sabbati
2177 986 2230 1032 et
2250 980 2542 1034 neomeniae
2560 1023 2575 1048 ,
2605 990 2659 1036 et
2684 997 2867 1039 mense
2893 999 3149 1042 novorum
3169 1029 3184 1054 ,
3214 997 3268 1044 et
3294 989 3528 1060 septimo

1945 1084 2155 1140 quoque
2205 1087 2345 1126 anno
2387 1089 2546 1143 quem
2597 1085 2789 1131 vocant
2832 1075 3118 1134 Sabbatum
3164 1082 3529 1142 sabbatorum.

1943 1160 2072 1228 Quae
2110 1163 2360 1233 quoniam
2405 1173 2559 1220 erant
2603 1167 2804 1222 umbra:
2848 1167 3179 1239 futurorum,
3216 1174 3325 1242 jam
3367 1176 3532 1232 adve-

1943 1255 2123 1309 niente
2164 1255 2374 1311 Christo
2429 1257 2480 1310 in
2536 1258 2911 1326 superstitione
2957 1275 3354 1328 remanserunt.
3407 1283 3531 1323 cum

1944 1354 2191 1416 tanquam
2231 1347 2478 1402 salutaria
2526 1349 2936 1407 observarentur
2962 1369 2990 1407 a
3020 1357 3378 1416 nescientibus
3422 1377 3528 1430 quo

1942 1438 2216 1493 referenda
2261 1439 2367 1493 sint
2413 1458 2426 1493 :
2473 1448 2531 1494 ut
2573 1451 2820 1512 tanquam
2861 1444 3196 1505 hoc.dixerit
3239 1451 3528 1520 Apostolus

1940 1527 2226 1595 Gentibus,
2252 1530 2388 1596 Quid
2429 1531 2645 1600 prodest
2683 1548 2780 1589 vos
2824 1536 3057 1592 evasisse
3087 1540 3391 1595 servitutem
3423 1557 3527 1612 qua

1941 1620 2256 1674 tenebamini
2277 1663 2291 1686 ,
2321 1637 2440 1676 cum
2467 1623 2737 1678 serviretis
2759 1625 3040 1682 elementis
3056 1629 3238 1684 mundi
3259 1672 3274 1696 ,
3302 1632 3518 1700 quando

1937 1726 2120 1766 rursus
2146 1712 2212 1765 ad
2259 1714 2378 1767 talia
2413 1714 2633 1782 reditis,
2681 1717 2882 1772 seducti
2919 1720 2986 1774 ab
3029 1721 3108 1775 eis
3152 1723 3241 1790 qui
3286 1724 3522 1780 nondum

1937 1813 2281 1874 agnoscentes
2333 1805 2591 1861 libertatis
2646 1823 2756 1863 sua:
2807 1818 3047 1881 tempus,
3127 1813 3266 1870 inter
3328 1825 3522 1871 cattera

1935 1909 2096 1964 opera
2118 1897 2272 1966 Legis
2287 1913 2406 1967 qum
2425 1899 2710 1954 carnaliter
2735 1902 2974 1971 sapiunt,
3001 1905 3160 1959 etiam
3190 1908 3523 1977 temporibus

1934 1988 2205 2055 serviunt;
2233 1991 2424 2059 quibus
2450 1999 2504 2044 et
2529 2006 2626 2045 vos
2654 2008 2840 2049 rursus
2888 2005 2947 2050 ut
2987 2004 3142 2052 antea
3168 1999 3370 2054 servire
3397 2001 3522 2056 vul-

1934 2078 2001 2133 tis
2019 2119 2034 2145 ,
2066 2087 2119 2133 et
2146 2078 2432 2134 observare
2454 2094 2575 2135 cum
2603 2081 2683 2136 eis
2711 2082 2854 2150 dies,
2879 2094 2934 2139 et
2958 2101 3169 2145 menses
3188 2129 3203 2154 ,
3231 2097 3288 2143 et
3311 2104 3483 2145 annos
3503 2133 3520 2159 ,

1932 2179 1986 2224 et
2011 2178 2283 2240 tempora,
2326 2173 2529 2242 quibus.
2568 2175 2878 2231 serviebatis
2915 2186 2970 2232 et
2993 2187 3278 2250 antequam
3301 2180 3520 2238 Christo

1931 2262 2257 2316 crederetis?
2299 2263 2632 2318 Manifestum
2669 2275 2753 2320 est
2792 2270 2933 2322 enim
2955 2311 2969 2334 ,
3002 2271 3268 2326 volumina
3310 2281 3519 2343 tempo-

1932 2369 2051 2407 rum
2087 2367 2183 2422 per
2209 2354 2469 2409 elementa
2499 2355 2657 2424 hujus
2697 2359 2908 2426 mundi,
2953 2360 3056 2429 hoc
3093 2371 3202 2429 est,
3239 2366 3434 2418 coelum
3462 2376 3518 2420 et

1930 2454 2125 2500 terram
2151 2453 2205 2499 et
2229 2454 2406 2501 motus
2429 2457 2588 2517 atque
2614 2448 2854 2504 ordinem
2874 2451 3107 2506 siderum
3135 2454 3518 2518 administrari.

1929 2537 2058 2604 Quae
2073 2537 2273 2606 inﬁrma
2288 2538 2539 2606 appellat,
2554 2554 2618 2594 ex
2637 2556 2702 2596 eo
2717 2541 2857 2610 quod
2871 2542 3078 2597 inﬁrma
3095 2555 3147 2598 et
3158 2545 3390 2601 instabili
3405 2563 3521 2617 spe-

1927 2627 2009 2680 cie
2037 2626 2307 2681 variantur
2327 2646 2338 2681 :
2357 2641 2510 2698 egena
2527 2645 2674 2697 vero,
2710 2646 2858 2686 exeo
2877 2633 3016 2702 quod
3043 2645 3200 2704 egent
3219 2651 3424 2692 summa
3464 2649 3518 2693 et

1926 2721 2098 2776 stabili
2121 2722 2296 2790 specie
2315 2722 2604 2786 Creatoris,
2620 2731 2676 2778 ut
2704 2725 2971 2794 quomodo
2997 2735 3138 2792 sunt,
3153 2743 3272 2783 esse
3284 2730 3513 2797 possint.

1997 2813 2085 2867 55.
2137 2812 2276 2882 Ergo
2337 2813 2496 2882 eligat
2537 2813 2703 2868 lector
2753 2823 2924 2870 utram
2972 2817 3114 2872 volet
3159 2820 3509 2886 sententiam,

1925 2905 2212 2960 dummodo
2238 2905 2494 2975 intelligat
2521 2906 2586 2961 ad
2614 2916 2814 2962 tantum
2840 2909 3133 2978 periculum
3170 2913 3362 2968 animae
3391 2930 3512 2984 per-

1926 2997 2096 3051 tinere
2120 2997 2515 3066 superstitiosas
2536 3006 2834 3069 temporum
2856 3001 3272 3067 observationes,
3303 3014 3362 3059 ut
3391 3005 3514 3060 huic

1923 3086 2043 3141 loco
2071 3088 2362 3156 subjecerit
2393 3089 2717 3158 Apostolus,
2749 3090 2922 3147 Timeo
2960 3109 3076 3160 vos,
3125 3111 3188 3148 ne
3238 3101 3368 3168 forte
3407 3099 3515 3153 sine

1924 3195 2078 3232 causa
2106 3180 2438 3234 laboraverim
2463 3181 2518 3235 in
2542 3197 2648 3235 vos.
2689 3182 2842 3250 Quod
2883 3199 3003 3239 cum
3031 3194 3176 3240 tanta
3203 3188 3513 3246 celebritate

1923 3277 2081 3338 atque
2106 3270 2418 3325 auctoritate
2447 3286 2541 3340 per
2566 3271 2750 3328 orbem
2777 3281 3040 3329 terrarum
3069 3276 3121 3330 in
3152 3277 3406 3333 Ecclesiis
3435 3280 3514 3335 le-

1923 3369 2096 3430 gatur,
2130 3361 2284 3431 plena
2319 3369 2444 3416 sunt
2477 3364 2842 3418 conventicula
2877 3372 3057 3420 nostra
3088 3366 3394 3424 hominibus
3420 3370 3511 3439 qui

1924 3461 2162 3520 tempora
2191 3466 2372 3506 rerum
2399 3452 2721 3522 agendarum
2747 3468 2779 3508 a
2804 3454 3192 3511 mathematicis
3226 3457 3513 3528 accipiunt.

1921 3543 2038 3599 Jam
2061 3559 2191 3599 vero
2223 3560 2291 3599 ne
2335 3545 2533 3614 aliquid
2566 3545 2862 3614 inchoetur,
2900 3557 2992 3601 aut
3029 3547 3402 3615 aediﬁciorum,
3426 3559 3518 3605 aut

1921 3636 2224 3706 hujusmodi
2259 3637 2616 3706 quorumlibet
2640 3651 2862 3706 operum
2883 3678 2899 3701 ,
2942 3637 3129 3694 diebus
3169 3655 3304 3709 quos
3343 3639 3511 3710 lEgy-

1920 3730 2124 3799 ptiacos
2150 3737 2370 3795 vocant,
2395 3743 2538 3798 stripe
2567 3728 2725 3782 etiam
2750 3743 2848 3784 nos
2876 3743 3096 3786 monere
3116 3745 3222 3784 non
3249 3731 3512 3801 dubitant,

1920 3820 2242 3883 nescientes,
2271 3827 2330 3874 ut
2367 3819 2580 3886 dicitur,
2623 3820 2710 3874 ubi
2758 3821 3048 3876 ambulant.
3075 3821 3229 3889 Quod
3267 3823 3314 3878 si
3359 3824 3513 3882 locus

1920 3911 2022 3965 iste
2063 3911 2130 3966 de
2165 3911 2468 3967 Judaeorum
2499 3913 2868 3982 superstitiosa
2898 3914 3270 3972 observatione
3310 3917 3510 3972 intelli-

1921 4003 2122 4074 gendus
2167 4013 2281 4069 est,
2328 4020 2483 4074 quam
2537 4019 2684 4074 spem
2733 4006 2964 4074 habent,
3029 4022 3148 4062 cum
3194 4007 3514 4064 christianos

1921 4109 1980 4150 se
2018 4095 2124 4150 dici
2165 4095 2363 4162 velint,
2396 4111 2463 4150 ex
2491 4097 2847 4166 ephemeridis
2873 4099 3036 4152 vitam
3078 4099 3514 4170 naufragum-gu-

1921 4186 2208 4243 bernantes
2227 4229 2241 4252 ,
2269 4188 2482 4258 quando
2509 4189 2576 4243 de
2601 4189 2795 4243 divinis
2820 4190 2998 4246 Libris
3016 4233 3032 4258 ,
3057 4206 3192 4262 quos
3232 4192 3374 4246 Deus
3412 4192 3513 4246 ad-

1920 4277 2025 4332 huc
2049 4279 2249 4333 carnali
2281 4279 2475 4349 populo
2494 4279 2676 4345 dedit,
2707 4280 2752 4333 si
2772 4295 2921 4336 more
2939 4280 3243 4336 Judzeorum
3272 4289 3516 4351 tempora

1921 4369 2297 4436 observarent,
2338 4371 2540 4426 diceret
2585 4371 2664 4426 eis
2702 4372 3023 4441 Apostolus,
3070 4372 3244 4428 Timeo
3287 4391 3391 4440 vos,
3453 4392 3515 4428 ne

1921 4461 2048 4530 forte
2086 4463 2194 4516 sine
2224 4478 2384 4515 causa
2429 4463 2757 4515 laboraverim
2800 4463 2853 4516 in
2891 4465 3018 4516 vos?
3049 4463 3116 4518 Et
3146 4473 3319 4518 tamen
3349 4464 3394 4517 si
3421 4465 3516 4518 de-

1921 4551 2277 4620 prehendatur
2304 4552 2581 4622 quisquam
2605 4553 2688 4607 vel
2719 4553 3133 4609 catecltumenus
3157 4555 3379 4611 Iudaico
3399 4553 3509 4609 ritu

1920 4642 2199 4696 sabbatum
2249 4642 2578 4706 observans,
2631 4644 2976 4698 tumultuatur
3031 4645 3288 4700 Ecclesia.
3356 4644 3511 4700 Nunc

1919 4742 2092 4788 autem
2118 4734 2530 4789 innumerabiles
2554 4735 2621 4789 de
2647 4751 2871 4790 numero
2892 4736 3126 4792 ﬁdelium
3153 4752 3274 4791 cum
3313 4751 3506 4806 magna

1918 4823 2236 4878 conﬁdentia
2266 4824 2316 4877 in
2347 4823 2536 4879 faciem
2574 4825 2726 4878 nobis
2752 4826 2952 4894 dicunt,
2987 4829 3082 4883 Die
3111 4835 3231 4897 post
3256 4828 3507 4883 calendas

1849 4943 1858 4945 -ν
1919 4929 2025 4968 non
2056 4915 2381 4984 proﬁciscor.
2412 4914 2480 4968 Et
2503 4917 2590 4969 vix
2613 4916 2754 4971 lente
2779 4917 2877 4972 ista
2898 4917 3242 4987 prohibemus
3267 4918 3508 4973 arriden-

1921 5015 2026 5070 tes,
2057 5022 2125 5061 ne
2165 5007 2482 5072 irascantur,
2514 5016 2568 5061 et
2604 5008 2849 5064 timentes
2878 5023 2946 5063 ne
2982 5009 3132 5078 quasi
3182 5024 3376 5063 novum
3407 5010 3506 5064 ali-

1916 5098 2042 5167 quid
2089 5099 2364 5153 mirentur.
2396 5099 2488 5154 Vae
2517 5103 2746 5170 peccatis
2798 5100 3104 5168 hominum,
3134 5119 3252 5174 quae
3282 5104 3390 5158 sola
3428 5103 3507 5157 in-

1916 5189 2107 5244 usitata
2125 5190 2556 5246 exhorrescimus
2583 5193 2804 5246 {usitata
2825 5208 2951 5248 vero
2964 5208 3060 5262 pro
3076 5195 3268 5264 quibus
3285 5196 3503 5250 abluen-

1915 5279 1997 5334 dis
2033 5279 2150 5334 Filii
2194 5281 2284 5335 [lci
2329 5283 2543 5352 sanguis
2581 5283 2778 5338 effusus
2819 5293 2935 5350 est,
2981 5285 3272 5356 quamlibet
3312 5303 3503 5357 magna

1915 5370 2047 5437 sint,
2078 5379 2132 5426 et
2157 5373 2373 5429 omnino
2404 5373 2578 5429 claudi
2605 5382 2788 5428 contra
2814 5389 2872 5429 se
2899 5373 3094 5430 faciant
3120 5391 3344 5446 regnum
3372 5378 3467 5433 Dei
3492 5418 3508 5446 ,
3584 5408 3586 5411 -

1915 5479 2057 5535 saepe
2088 5466 2319 5522 videndo
2361 5467 2537 5522 omnia
2580 5467 2837 5530 tolerare,
2865 5480 3008 5537 saepe
3049 5467 3326 5523 tolerando
3362 5485 3503 5524 non-

1914 5557 2056 5610 nulla
2083 5560 2241 5612 etiam
2273 5557 2447 5613 facere
2467 5557 2735 5626 cogimur!
2766 5565 2926 5627 atque
2945 5559 3168 5623 utinam,
3199 5573 3233 5613 o
3254 5561 3497 5628 Domine,

1911 5651 2242 5704 non-omnia
2285 5665 2404 5719 qua:
2442 5664 2548 5704 non
2591 5651 2921 5718 potuerimus
2965 5651 3284 5720 prohibere,
3332 5652 3500 5708 facia-

1910 5756 2028 5795 mus
2055 5741 2157 5812 (a)l
3584 5746 3590 5774 λ

1971 5872 2390 5945 (πομᾳῐιειοίιιιιῃι
2415 5884 2530 5929 «V33
2553 5879 2816 5941 peccatis,»
2847 5879 3291 5942 etc.,transtulitin

1910 5937 2178 5997 Encbiridn,
2332 5938 2408 5988 80.
