4012 6510
469 373 616 433 2135

471 487 527 542 in
549 484 708 555 Legis
731 480 984 554 operibus
1013 475 1226 548 scriptae
1251 480 1396 540 sunt,
1419 486 1490 528 ne
1515 484 1700 526 omnes
1725 468 1945 538 implere
1971 480 2063 521 co-

469 585 729 651 gerentur
759 573 922 645 (quod
951 587 1049 627 nec
1073 569 1172 640 ipsi
1195 565 1397 631 Judaei,
1440 579 1539 619 nec
1583 569 1835 651 parentes
1876 573 2064 651 eorum

479 649 706 740 implere
732 671 1040 736 potuerunt,
1067 660 1203 717 sicut
1231 658 1422 714 Petrus
1449 656 1503 710 in
1530 649 2064 721 Actibus'Apostolo-

474 778 600 818 rum
623 761 751 816 dicit
776 758 910 832 [Act.
937 770 1034 823 xv,
1065 751 1199 825 10]),
1225 749 1552 806 abstinerent
1576 761 1636 802 se
1663 746 1731 801 ab
1754 743 1856 809 bis,
1877 741 2065 814 quibus

473 869 573 909 eos
599 852 687 908 isti
714 847 997 920 subjugare
1021 843 1324 916 cupiebant.

551 944 642 999 4‘2.
685 941 783 1016 [11).
811 956 866 1006 v,
888 935 1069 1010 4-12.]
1096 935 1375 1001 Evacuati,
1407 931 1609 1003 inquit,
1635 930 1752 984 estis
1782 945 1815 982 a
1844 925 2063 992 Christo,

476 1039 564 1111 qui
583 1039 639 1092 in
667 1036 800 1108 Ιιεςε
825 1032 1201 1107 justi/immitti.
1229 1030 1356 1085 Haec
1378 1036 1463 1084 est
1491 1025 1580 1081 illa
1610 1020 1924 1095 proscriptio
1964 1033 2067 1090 qua

481 1133 754 1188 Christum
787 1127 1144 1200 proscriptum
1164 1124 1409 1195 superius
1429 1121 1638 1176 dixerat
1662 1116 1860 1189 (Colat.
1885 1129 1964 1181 Ill,
1988 1111 2064 1184 1),

485 1236 546 1281 ut
581 1241 700 1281 cum
741 1223 828 1279 isti
873 1231 1256 1277 evacuarentur
1281 1233 1311 1271 a
1337 1215 1580 1280 Christo,
1603 1211 1658 1266 id
1683 1219 1765 1266 est
1781 1252 1797 1279 ,
1823 1207 2069 1265 Christus

489 1320 558 1374 ab
576 1319 655 1373 eis
675 1327 922 1388 tanquam
947 1331 978 1370 a
1006 1312 1344 1384 possessione
1371 1322 1527 1379 quam
1555 1304 1785 1368 tenebat,
1807 1299 2066 1368 abscedit,

477 1426 640 1483 opera
664 1412 816 1480 Legis
839 1411 891 1464 in
918 1423 1037 1464 eam
1062 1405 1455 1478 possessionem
1484 1411 1732 1470 tanquam
1763 1399 1816 1452 in
1845 1410 2069 1452 vacuam

477 1506 818 1560 inducantur.
851 1502 1005 1570 Quod
1048 1500 1169 1571 quia
1213 1513 1319 1553 non
1364 1495 1594 1559 Christo,
1628 1491 1724 1547 sed
1751 1490 1855 1546 illis
1882 1489 2066 1556 obest,

477 1596 702 1662 addidit,
755 1613 786 1648 a
811 1596 976 1666 gratia
1003 1591 1276 1647 excidistis.
1297 1587 1434 1643 Cum
1465 1585 1606 1641 enim
1628 1585 1731 1638 hoc
1758 1592 1877 1654 agat
1899 1581 2069 1653 gratia

476 1689 713 1755 Christi,
741 1697 799 1742 ut
827 1687 900 1741 illi
931 1686 1020 1756 qui
1044 1684 1314 1739 debitores
1341 1688 1494 1737 erant
1529 1693 1751 1748 operum
1782 1676 1936 1746 Legis
1956 1717 1971 1740 ,
2002 1674 2069 1729 li-

476 1783 734 1838 berentur
773 1781 874 1835 hoc
903 1780 1116 1843 debito;
1147 1777 1232 1831 isti
1268 1775 1456 1846 ingrati
1483 1782 1642 1829 tantm
1671 1771 1884 1842 gratiae,
1917 1767 2067 1824 debi-

477 1884 627 1931 tores
655 1890 774 1930 esse
802 1875 986 1928 volunt
1014 1871 1275 1926 universae
1313 1868 1471 1939 Legis
1511 1865 1784 1921 faciendas.
1825 1861 2070 1919 Nondum

482 1976 665 2021 autem
707 1974 826 2020 erat
862 1965 1089 2027 factum;
1141 1961 1237 2017 sed
1269 1959 1392 2032 quia
1444 1958 1689 2014 voluntas
1719 1953 1923 2009 moveri
1953 1967 2070 2008 ete-

481 2065 671 2127 perat;
702 2057 772 2110 ita
804 2055 1073 2126 plerisque
1104 2054 1235 2108 locis
1266 2051 1499 2122 loquitur
1537 2048 1687 2120 quasi
1735 2046 1935 2101 factum
1979 2045 2070 2099 sit.

480 2145 597 2201 Nos
622 2148 780 2213 enim,
813 2145 1005 2215 inquit,
1029 2144 1210 2215 spiritu
1233 2159 1298 2198 ea:
1318 2142 1419 2211 ﬁde
1440 2156 1581 2212 spem
1595 2138 1811 2210 justitiae
1837 2144 2074 2207 cxpecta-

479 2255 612 2292 mus.
641 2237 701 2292 ln
729 2253 835 2308 quo
864 2236 1196 2291 demonstrat
1222 2248 1287 2289 ea
1315 2233 1585 2302 pertinere
1621 2229 1689 2284 ad
1729 2228 1890 2283 ﬁdem
1919 2225 2074 2282 Chri-

479 2330 583 2394 sti,
613 2344 732 2400 qua:
757 2327 1101 2398 Spiritualiter
1127 2334 1540 2396 exspectantur;
1570 2335 1677 2377 non
1703 2337 1822 2392 quae
1843 2319 2078 2376 carnali-

480 2429 568 2477 ter
593 2421 980 2484 desiderantur,
1006 2418 1252 2489 qualibus
1271 2414 1715 2487 promissionibus
1735 2414 1964 2468 servitus
1984 2412 2074 2467 illa

481 2513 766 2568 tenebatur
797 2529 810 2562 :
848 2511 984 2565 sicut
1023 2509 1130 2563 alio
1170 2509 1290 2564 loco
1336 2507 1496 2571 dicit,
1539 2505 1659 2560 Non
1698 2503 2076 2575 respicientibus

481 2603 631 2657 nobis
674 2617 784 2671 quae
826 2601 1076 2666 videntur,
1107 2599 1196 2655 sed
1229 2614 1342 2668 qua:
1378 2615 1482 2652 non
1509 2598 1759 2652 uidentur.
1792 2596 1919 2664 Quae
1944 2597 2074 2650 enim

481 2696 737 2760 uidentur,
784 2691 1087 2763 temporalia
1128 2701 1278 2757 sunt;
1324 2706 1437 2760 qua
1477 2699 1640 2744 autem
1682 2706 1784 2742 non
1819 2689 2074 2753 videntur,

480 2767 673 2845 caterua
697 2797 816 2842 sunt
839 2785 919 2860 (tt
941 2785 1062 2842 Cor.
1083 2801 1156 2852 ιν,
1171 2785 1286 2856 18).
1305 2784 1508 2840 Deinde
1527 2783 1820 2852 subiunxit,
1842 2781 1908 2836 In
1930 2782 2078 2837 Chri-

480 2891 560 2935 sto
588 2883 720 2935 enim
745 2881 872 2934 Jesu
898 2896 1056 2949 neque
1078 2879 1391 2933 circumcisio
1419 2878 1694 2948 quidquam
1721 2876 1853 2930 valet
1870 2919 1884 2942 ,
1918 2893 2079 2948 neque

484 2971 795 3042 prteputium
811 2987 831 3034 ;
860 2977 918 3024 ut
943 2969 1086 3023 illam
1115 2968 1524 3023 indiﬁ‘erentiam
1565 2967 1890 3034 declararet,
1919 2968 2078 3022 nihil-

482 3077 588 3131 que
614 3060 978 3131 perniciosum
1007 3073 1128 3115 esse
1159 3060 1212 3114 in
1243 3059 1345 3114 hac
1373 3058 1780 3113 circumcisione
1820 3059 2076 3114 ostende-

483 3163 588 3218 ret,
618 3154 721 3209 nisi
741 3169 807 3208 ex
829 3153 917 3207 illa
938 3152 1166 3208 salutem
1186 3165 1425 3221 sperare.
1445 3149 1584 3204 Nihil
1606 3165 1733 3220 ergo
1752 3151 1930 3205 valere
1949 3150 2080 3206 dicit

481 3246 542 3301 in
567 3245 781 3301 Christo
807 3244 1271 3300 circumcisionem
1308 3252 1398 3296 aut
1435 3244 1750 3312 przrputium
1771 3283 1785 3307 ,
1813 3242 1901 3296 sed
1926 3243 2080 3310 [idem

486 3354 602 3406 quis
627 3355 717 3406 per
741 3338 1059 3392 dilectionem
1087 3344 1344 3408 operatur.
1376 3335 1444 3389 Et
1464 3335 1549 3389 hic
1577 3335 1704 3388 illud
1733 3336 1926 3406 tetigit,
1955 3337 2079 3405 quia

485 3427 590 3483 sub
616 3429 758 3500 Lege
785 3429 1012 3484 servitus
1054 3444 1152 3499 per
1194 3430 1437 3484 timorem
1481 3436 1750 3498 operatur.
1796 3427 2080 3483 Currebatis

495 3520 619 3574 bene
638 3561 653 3586 ,
688 3520 890 3590 inquit;
937 3521 1046 3590 quis
1087 3537 1174 3574 vos
1207 3519 1464 3590 impedivit
1486 3520 1684 3573 veritati
1711 3535 1812 3573 non
1841 3519 2081 3574 obedire?

486 3611 603 3667 Hoc
628 3621 731 3679 est,
763 3612 903 3682 quod
933 3612 1178 3682 superius
1204 3613 1296 3677 ait,
1329 3612 1455 3677 Quis
1484 3628 1570 3666 vos
1594 3611 1859 3681 fascinavit
1880 3610 2076 3682 (Colat.

484 3718 543 3758 in
564 3745 578 3769 ,
609 3702 662 3774 1)
679 3704 703 3758 ?
718 3703 906 3759 Suasio
927 3744 943 3770 ,
968 3703 1171 3774 inquit,
1199 3712 1361 3757 vestra
1384 3720 1488 3758 non
1515 3719 1577 3758 ea:
1600 3719 1659 3758 eo
1682 3713 1754 3758 est
1777 3704 1863 3775 qui
1887 3703 2081 3759 vocavit

483 3811 592 3849 vos.
626 3795 752 3850 litec
771 3795 911 3850 enim
944 3794 1124 3849 suasio
1148 3795 1379 3849 carnalis
1419 3804 1535 3862 est,
1567 3795 1656 3851 ille
1693 3805 1870 3851 autem
1915 3797 1968 3850 in
2015 3796 2079 3850 li-

483 3884 750 3940 bertatem
804 3884 1026 3938 vocavit.
1080 3883 1395 3940 Suasionem
1443 3894 1619 3939 autem
1671 3901 1856 3941 eorum
1903 3886 2076 3957 dixit,

483 3975 627 4046 quod
655 3976 733 4030 eis
755 3975 1096 4030 suadebatur.
1129 3976 1235 4030 Eos
1275 3985 1451 4030 autem
1482 3991 1711 4046 paucos,
1741 3979 1828 4047 qui
1859 3977 1924 4032 ad
1958 3978 2079 4032 illos

483 4065 804 4132 veniebant,
835 4075 892 4118 ut
933 4066 1032 4118 ista
1074 4065 1394 4132 suaderent,
1421 4065 1542 4135 quia
1585 4067 1638 4120 in
1679 4067 2079 4135 comparatione

485 4156 838 4212 multitudinis
888 4155 1219 4210 credentium
1268 4155 1573 4212 Galatarum
1628 4157 1802 4226 exigui
1853 4173 2077 4212 numero

486 4255 660 4311 erant,
689 4247 1008 4302 fermentum
1035 4245 1289 4315 appellat.
1318 4245 1597 4313 Recipient
1623 4253 1798 4300 autem
1843 4246 1928 4300 isti
1969 4245 2079 4301 fer-

483 4346 760 4402 mentum;
793 4345 846 4390 et
871 4344 982 4390 tota
1004 4348 1211 4399 massa,
1252 4333 1305 4387 id
1332 4342 1446 4400 est,
1487 4341 1598 4388 tota
1622 4348 1805 4388 eorum
1836 4335 2075 4391 Ecclesia

484 4427 542 4482 in
571 4428 910 4497 corruptione
953 4427 1182 4480 carnalis
1227 4426 1496 4482 servitutis
1539 4425 1931 4497 quodammodo
1971 4431 2074 4484 ter-

482 4519 828 4584 mentabitur,
847 4519 893 4572 si
919 4518 1052 4573 tales
1071 4531 1318 4574 suasores
1339 4528 1590 4590 tanquam
1605 4519 1779 4590 justos
1807 4530 1861 4577 et
1890 4523 2074 4581 ﬁdeles

483 4609 802 4680 recipientes
832 4610 1227 4665 honoraverint.
1255 4610 1386 4683 Ego,
1411 4611 1617 4684 inquit,
1639 4615 1839 4684 confido
1859 4616 1913 4670 in
1937 4618 2074 4672 vobis

483 4701 540 4754 in
568 4699 808 4768 Domino,
835 4701 969 4771 quod
993 4701 1124 4755 nihil
1157 4703 1299 4756 aliud
1323 4706 1544 4775 sapietis.
1576 4705 1711 4762 Hinc
1743 4707 1926 4778 utique
1962 4725 2076 4764 ma-

484 4791 738 4847 nifestum
771 4803 875 4858 est,
908 4793 1144 4848 nondum
1170 4795 1292 4850 illos
1317 4794 1481 4852 fuisse
1508 4813 1788 4867 possessos
1807 4814 1837 4853 a
1858 4801 2070 4855 talibus.

487 4881 591 4949 Qui
614 4892 778 4938 autem
803 4885 1068 4938 conturbat
1087 4900 1193 4951 vos,
1221 4883 1411 4954 inquit,
1435 4888 1651 4957 portabit
1664 4889 1941 4960 judicium,
1963 4893 2076 4963 qui-

485 4988 697 5041 cumque
713 4974 800 5028 ille
817 4974 986 5042 fuerit.
1002 4974 1127 5028 Haec
1149 4983 1230 5030 est
1247 4974 1335 5028 illa
1350 4977 1682 5032 conturbatio
1697 4980 1960 5035 contraria
1987 4997 2075 5036 or-

483 5063 632 5129 dini,
666 5073 726 5119 ut
765 5065 832 5119 de
872 5065 1233 5135 spiritualibus
1272 5068 1514 5122 carnales
1555 5068 1701 5123 ﬁant.
1731 5069 1799 5125 Et
1822 5072 2072 5142 quoniam

484 5152 890 5225 intelligendum
920 5163 1003 5210 est
1031 5154 1196 5210 fuisse
1219 5154 1478 5224 quosdam
1507 5159 1594 5226 qui
1625 5173 1744 5213 cum
1774 5162 1974 5217 vellent
1995 5164 2074 5218 eis

485 5243 642 5299 istam
682 5247 994 5301 servitutem
1041 5247 1396 5315 persuadere,
1440 5257 1494 5303 et
1536 5248 1780 5305 viderent
1803 5265 1896 5308 eos
1921 5251 2070 5308 Pauli

486 5335 711 5403 apostoli
741 5336 1056 5392 auctoritate
1084 5339 1359 5404 revocari,
1401 5339 1642 5395 dicerent
1685 5341 1846 5396 etiam
1894 5343 2070 5414 ipsum

485 5426 710 5481 Paulum
734 5427 783 5481 id
811 5429 1028 5493 sentire,
1061 5427 1156 5483 sed
1187 5443 1292 5484 non
1313 5430 1392 5485 eis
1424 5429 1576 5485 facile
1604 5432 1812 5501 aperire
1838 5434 2070 5490 voluisse

487 5516 805 5571 sententiam
875 5532 1060 5584 suam;
1125 5520 1571 5588 opportunissime
1638 5521 1902 5591 subjecit,
1958 5525 2070 5595 Ego

486 5619 690 5676 autem,
740 5613 921 5679 fratres
952 5652 966 5675 ,
1011 5611 1054 5665 si
1101 5611 1530 5666 circumcisionem
1595 5615 1760 5668 adhuc
1818 5617 2068 5686 prtedico,

485 5704 612 5771 quid
660 5701 826 5757 adhuc
883 5703 1273 5772 persecutionem
1306 5707 1540 5775 patior?
1597 5709 1768 5764 Etiam
1830 5709 1896 5764 ab
1943 5710 2072 5780 ipsis

487 5794 631 5849 enim
670 5796 968 5866 patiebatur
1013 5796 1437 5866 persecutionem
1466 5840 1480 5867 ,
1530 5799 1620 5870 qui
1672 5800 1794 5857 talia
1851 5816 2070 5873 persua-

1434 351 1790 414 EPISTOLE
1826 352 1919 408 AD
1956 347 2300 420 GALA'I‘AS,
2337 351 2395 408 S.
2437 351 2796 410 AUGUSTlNl

2381 255 2394 262 ⁹
2419 263 2430 270 ⁸
2454 260 2589 278 ““-’Ὣο
2615 253 2674 270 ’νδ

3609 352 3759 414 2136

2174 465 2303 522 dere
2349 467 2723 534 moliebantur,
2766 483 2887 524 cum
2921 470 3029 540 jam
3067 451 3757 544 Evangelium'susccpisse

2171 557 2496 614 viderentur.
2546 562 2689 630 Quos
2730 564 2894 632 tangit
2931 563 3037 617 alio
3075 563 3214 631 loco,
3243 564 3332 619 ubi
3358 565 3467 630 ait,
3499 563 3758 621 Perit-uiis

2169 649 2224 704 in
2253 651 2394 721 falsis
2423 653 2663 723 fratribus
2693 653 2759 725 (II
2801 654 2916 708 Cor.
2960 671 3044 721 xt,
3087 655 3211 726 26);
3257 665 3312 712 et
3352 656 3439 712 hic
3485 657 3540 712 in
3585 658 3760 728 capite

2171 739 2454 810 Epistolze,
2477 744 2565 798 ubi
2604 745 2760 811 dicit,
2799 746 3063 816 «Propter
3103 747 3536 805 subintroduetos
3573 758 3757 806 autem

2171 830 2334 889 falsos
2357 833 2581 902 fratres,
2613 838 2701 907 qui
2727 838 3143 895 subintroierunt
3169 842 3497 910 proscultare
3538 843 3762 898 liberta-

2176 931 2283 978 tem
2305 934 2568 992 nostram,
2596 944 2755 997 quam
2781 928 3036 985 habemus
3063 931 3114 986 in
3144 931 3355 988 Christo
3381 932 3541 1000 Jesu,
3572 943 3634 988 ut
3660 949 3761 990 nos

2174 1018 2227 1074 in
2253 1021 2560 1077 servitutem
2588 1023 2892 1094 redigerent
2914 1045 2934 1078 ι
2961 1025 3157 1096 (Calat.
3187 1043 3244 1092 ll,
3267 1026 3344 1100 4).
3388 1029 3528 1099 Ergo
3564 1029 3611 1082 si
3652 1009 3758 1084 (εἰνῖ-

2174 1114 2553 1170 cumcisionem
2591 1117 2943 1186 prmdicabat,
2973 1118 3278 1176 desinerent
3319 1135 3441 1175 eum
3483 1122 3757 1191 persequi.

2174 1203 2274 1271 Qui
2317 1214 2494 1261 tamen
2539 1223 2605 1262 ne
2647 1209 2960 1264 timcrentur
2982 1210 3050 1265 ab
3078 1211 3189 1276 eis,
3232 1211 3424 1281 quibus
3467 1211 3764 1266 christiana

2173 1293 2394 1350 libertas
2413 1298 2856 1366 annuntiabatur;
2881 1309 2973 1354 aut
2993 1315 3060 1356 ne
3081 1301 3149 1358 ab
3169 1302 3284 1372 ipso
3303 1302 3564 1373 Apostolo
3587 1303 3762 1358 timeri

2174 1395 2510 1456 putarentur,
2535 1399 2822 1460 propterea
2859 1392 3104 1462 superius
3132 1391 3298 1447 libera
3329 1393 3517 1463 plenus
3545 1393 3764 1460 ﬁducia,

2175 1493 2371 1535 nomen
2415 1493 2569 1534 suum
2611 1482 2770 1537 etiam
2818 1482 3088 1552 professus
3126 1493 3227 1550 est,
3250 1484 3455 1551 dicens,
3498 1485 3634 1540 Ecce
3669 1504 3763 1558 ego

2176 1569 2375 1628 Paulus
2401 1573 2515 1628 dico
2535 1574 2692 1640 vobis,
2715 1576 2836 1644 quia
2849 1577 2892 1630 si
2906 1577 3356 1634 circumcidamini.
3373 1577 3606 1634 Christus
3625 1581 3765 1635 vobis

2174 1665 2304 1719 nihil
2327 1667 2548 1736 proderit
2577 1667 2690 1737 (Id.
2720 1685 2772 1734 v,
2799 1668 2854 1738 2)
2878 1687 2890 1724 :
2920 1679 3167 1742 tanquam
3193 1671 3238 1726 si
3265 1671 3485 1739 diceret,
3514 1673 3654 1728 Ecce
3678 1688 3767 1730 me

2177 1753 2493 1825 imitamini,
2523 1765 2580 1812 ut
2601 1773 2707 1813 non
2733 1759 2997 1828 timeatis;
3027 1769 3116 1815 aut
3141 1762 3192 1830 in
3220 1776 3308 1816 me
3335 1776 3549 1818 causam
3578 1762 3765 1818 refun-

2175 1845 2306 1914 dite,
2339 1849 2383 1902 si
2412 1849 2630 1905 timetis.
2663 1849 2814 1920 Quod
2835 1862 3011 1908 autem
3033 1853 3180 1920 dicit,
3204 1853 3342 1924 Ergo
3370 1865 3668 1909 evacuatum
3689 1865 3765 1910 est

2177 1940 2475 1994 scandalum
2500 1943 2680 2008 crucis,
2708 1944 3024 1998 sententiam
3045 1945 3186 1999 illam
3206 1945 3419 2015 repetit,
3445 1945 3508 2001 Si
3533 1962 3600 1999 ex
3626 1944 3761 2017 Lege

2169 2033 2402 2103 justitia,
2434 2051 2550 2106 ergo
2581 2035 2808 2090 Christus
2836 2037 2992 2107 gratis
3016 2046 3242 2091 mortuus
3288 2046 3360 2091 est
3397 2035 3508 2106 (Id.
3538 2053 3606 2102 ll,
3643 2037 3764 2105 2i).

2178 2124 2284 2179 Sed
2307 2123 2395 2182 hic
2418 2128 2665 2197 quoniam
2695 2128 3005 2183 scandalum
3034 2129 3301 2196 nominat,
3342 2128 3396 2182 in
3441 2129 3763 2184 memoriam

2178 2226 2394 2272 revocat
2416 2228 2696 2289 propterea
2717 2220 2948 2275 maxime
2967 2221 3022 2275 in
3039 2220 3252 2276 Christo
3270 2234 3455 2291 passos
3475 2235 3596 2276 esse
3616 2235 3772 2276 scan-

2179 2310 2359 2366 dalum
2385 2311 2616 2378 ludzeos,
2641 2315 2764 2384 quia
2793 2314 2922 2369 istas
2941 2314 3182 2369 carnales
3201 2314 3621 2380 observationes,
3637 2329 3772 2384 quas

2178 2418 2278 2472 pro
2298 2403 2411 2473 ipsa
2430 2404 2597 2459 salute
2614 2420 2672 2460 se
2689 2405 2886 2463 habere
2909 2406 3327 2475 arbitrabantur,
3346 2423 3471 2464 eum
3491 2422 3635 2479 saepe
3653 2409 3771 2462 ani-

2180 2494 2581 2551 madvertebant
2609 2498 2882 2567 przeterire
2907 2508 3068 2569 atque
3089 2507 3453 2556 contemnere.
3487 2499 3601 2555 Hoc
3641 2514 3772 2570 ergo

2181 2588 2256 2643 ita
2283 2587 2438 2654 dixit,
2454 2603 2517 2644 ac
2532 2589 2577 2645 si
2595 2590 2794 2645 diceret
2817 2609 2831 2644 :
2855 2591 2982 2648 Sine
2999 2606 3158 2648 causa
3185 2607 3312 2662 ergo
3325 2589 3594 2648 Christum
3610 2633 3627 2658 ,
3648 2605 3771 2646 cum

2181 2681 2282 2735 ista
2335 2689 2733 2748 contemneret,
2765 2683 3103 2739 scandalizati
3142 2683 3313 2740 Judaei
3356 2684 3770 2749 cruciﬁxerunt,

2183 2772 2228 2825 si
2257 2771 2432 2827 adhuc
2459 2773 2538 2827 eis
2568 2789 2664 2843 pro
2693 2774 2886 2845 quibus
2925 2775 3212 2830 cruciﬁxus
3253 2783 3335 2830 est
3354 2817 3368 2842 ,
3400 2775 3522 2830 talia
3549 2790 3773 2846 persua-

2182 2863 2394 2920 dentur.
2420 2865 2486 2920 Et
2511 2866 2705 2935 adjecit
2723 2867 3118 2938 elegantissima
3138 2868 3477 2938 ambiguitate
3496 2867 3650 2938 quasi
3671 2867 3774 2922 sub

2182 2957 2363 3028 specie
2405 2959 2797 3014 maledictionis
2839 2959 3286 3024 benedictionem,
3313 2959 3536 3014 dicens:
3564 2957 3773 3014 Utinam

2183 3056 2230 3102 et
2258 3049 2583 3104 absciduntur
2609 3051 2694 3120 qui
2719 3067 2803 3104 vos
2826 3050 3143 3104 conturbant.
3171 3050 3285 3105 Non
3315 3059 3540 3117 tantum,
3572 3049 3770 3120 inquit,

2183 3141 2652 3208 circumcidantur,
2699 3142 2792 3197 sed
2841 3153 2895 3197 et
2937 3143 3281 3196 absciduntur.
3323 3141 3413 3197 Sic
3457 3143 3601 3196 enim
3645 3140 3774 3196 ﬁent

2183 3232 2448 3302 spadones
2479 3243 2693 3302 propter
2715 3249 2934 3303 regnum
2961 3233 3216 3289 caelorum
3242 3231 3452 3304 (Matth.
3493 3247 3586 3287 xtx
3605 3273 3622 3300 ,
3661 3232 3770 3303 12),

2184 3334 2236 3378 ct
2266 3325 2497 3379 carnalia
2537 3326 2800 3380 seminare
2828 3325 3130 3380 cessabunt.

2255 3418 2345 3472 45.
2388 3417 2486 3490 (ib.
2519 3433 2574 3483 v,
2607 3416 2719 3489 13.]
2753 3417 2850 3472 Vos
2875 3419 3006 3472 enim
3029 3458 3044 3482 ,
3076 3418 3275 3488 inquit,
3306 3418 3361 3470 in
3389 3415 3666 3471 libertatem
3689 3431 3772 3471 uo-

2186 3508 2288 3560 cati
2313 3509 2449 3573 estis,
2481 3509 2683 3577 fratres.
2709 3508 2839 3576 Quia
2869 3508 2958 3563 illa
2985 3508 3322 3564 conturbatio
3351 3523 3381 3561 a
3410 3506 3772 3577 spiritualibus

2186 3596 2254 3651 ad
2280 3597 2513 3651 carnalia
2541 3613 2798 3652 revocans
2829 3598 2880 3652 in
2907 3597 3214 3653 servitutem
3244 3596 3506 3652 trahebat.
3536 3596 3645 3653 Sed
3665 3597 3772 3667 jam

2185 3687 2311 3743 hinc
2337 3703 2500 3759 opera
2527 3687 2616 3742 illa
2640 3689 2795 3758 Legis
2833 3699 3061 3744 tractare
3091 3689 3312 3759 incipit,
3340 3688 3407 3743 de
3431 3687 3628 3759 quibus
3652 3702 3771 3745 eum

2184 3793 2343 3851 supra
2362 3781 2600 3836 dixeram
2628 3781 2683 3835 in
2709 3783 2812 3836 tinc
2833 3781 3082 3850 Epistolae
3107 3789 3453 3835 tractaturum
3474 3779 3701 3851 (Supra,
3717 3795 3769 3834 n.

2188 3873 2314 3945 19),
2341 3889 2460 3945 quae
2485 3873 2551 3927 ad
2578 3873 2782 3929 Novum
2826 3888 3035 3944 quoque
3073 3873 3470 3929 Testamentum
3505 3873 3772 3943 pertinere

2185 3981 2346 4022 nemo
2371 3966 2620 4036 ambigit;
2648 3965 2742 4021 sed
2767 3966 2872 4020 alio
2891 3965 3016 4033 line,
3044 3980 3150 4036 quo
3177 3965 3372 4021 liberos
3395 3980 3460 4021 ea
3484 3964 3667 4022 facere
3684 3965 3772 4021 de-

2184 4069 2291 4126 cet,
2319 4059 2373 4115 id
2398 4069 2482 4115 est
2499 4101 2514 4127 ,
2539 4059 2817 4114 charitatis
2849 4067 3052 4113 aeterna
3086 4057 3351 4128 sperantis
3379 4057 3506 4113 hinc
3532 4058 3768 4130 praemia,

2183 4163 2238 4208 et
2265 4167 2332 4208 ex
2359 4151 2465 4206 ﬁde
2498 4152 2875 4222 exspectantis.
2902 4151 3019 4207 Non
3056 4150 3192 4206 sicut
3226 4149 3397 4205 Judaai
3415 4191 3431 4217 ,
3452 4151 3545 4220 qui
3575 4151 3767 4205 timore

2182 4243 2284 4297 ista
2324 4243 2546 4312 implere
2571 4242 2918 4312 cogebantur,
2949 4255 3054 4296 non
3100 4241 3194 4297 illo
3239 4249 3386 4296 casto
3425 4249 3770 4311 permanente

2182 4335 2236 4390 in
2265 4335 2518 4390 saeculum
2547 4335 2728 4389 smculi
2759 4333 2927 4408 (Psal.
2954 4335 3111 4402 xviii,
3137 4335 3250 4405 10),
3276 4335 3494 4405 sedquo
3516 4335 3770 4390 timebant

2181 4428 2432 4498 praesenti
2459 4429 2580 4483 vitae
2606 4443 2718 4483 suae
2743 4445 2758 4483 :
2785 4437 2840 4484 et
2866 4427 2987 4484 ideo
3014 4429 3258 4499 quaedam
3295 4442 3458 4499 opera
3486 4428 3646 4500 Legis
3669 4430 3769 4484 im-

2180 4521 2430 4590 plebant,
2463 4537 2580 4591 qua:
2611 4522 2662 4575 in
2687 4521 3034 4577 sacramentis
3075 4531 3227 4589 sunt;
3258 4522 3346 4576 illa
3372 4535 3506 4576 vero
3542 4537 3663 4592 qua:
3703 4520 3766 4576 ad

2181 4611 2350 4667 bonos
2388 4627 2568 4668 mores
2606 4613 2900 4682 pertinent,
2930 4614 3150 4668 omnino
3192 4629 3298 4668 non
3337 4622 3609 4685 poterant.
3654 4613 3766 4671 Non

2180 4702 2322 4758 enim
2349 4704 2535 4774 implet
2558 4718 2619 4757 ea
2646 4704 2747 4758 nisi
2767 4703 3018 4758 charitas.
3040 4703 3175 4772 Quia
3203 4715 3259 4760 et
3281 4705 3552 4760 hominem
3575 4703 3625 4760 si
3649 4719 3767 4777 pro-

2181 4803 2364 4864 pterea
2405 4810 2510 4850 non
2539 4795 2732 4849 occidit
2768 4794 2979 4865 aliquis,
3011 4810 3078 4849 ne
3103 4804 3159 4850 et
3187 4795 3300 4865 ipse
3323 4793 3639 4861 occidatur;
3666 4810 3768 4851 non

2182 4885 2366 4955 implet
2407 4895 2728 4955 praeceptum
2763 4885 2982 4956 justitiaa
3009 4903 3022 4939 :
3057 4885 3152 4942 sed
3180 4887 3226 4941 si
3253 4886 3374 4942 ideo
3401 4902 3512 4942 non
3539 4887 3730 4942 occidit
3749 4928 3766 4954 ,

2180 4980 2302 5049 quia
2328 4979 2581 5049 iniustum
2607 4989 2721 5045 est,
2753 4979 2913 5034 etiam
2941 4979 2986 5034 si
3017 4979 3070 5034 id
3095 4981 3266 5048 possit
3311 4977 3492 5036 facere
3531 4981 3763 5052 impune,

2181 5085 2287 5124 non
2315 5070 2488 5124 solum
2515 5069 2652 5138 apud
2680 5068 2951 5135 homines,
2972 5070 3066 5126 sed
3093 5071 3248 5126 etiam
3275 5071 3413 5141 apud
3438 5071 3630 5127 Deum.
3651 5071 3764 5128 Sic-

2180 5171 2240 5216 ut
2267 5161 2430 5216 David
2464 5176 2583 5216 cum
2627 5160 2878 5215 divinitus
2902 5163 3194 5232 accepisset
3233 5164 3284 5218 in
3332 5172 3651 5234 potestatem
3685 5179 3764 5220 res

2179 5267 2299 5324 gem
2325 5253 2470 5319 Saul,
2504 5254 2722 5322 impune
2747 5253 2928 5322 utique
2951 5253 3237 5320 occideret,
3263 5269 3362 5309 nec
3388 5255 3694 5311 hominibus
3712 5255 3762 5311 in

2178 5358 2239 5401 se
2280 5344 2652 5411 vindieaturis,
2679 5345 2801 5414 quia
2828 5345 3052 5400 multum
3075 5344 3143 5400 ab
3170 5346 3249 5400 eis
3274 5332 3596 5416 diligebatur
3624 5348 3760 5404 idem

2179 5434 2374 5501 David;
2406 5450 2503 5490 nec
2529 5436 2670 5500 Deo,
2698 5436 2786 5505 qui
2827 5435 2964 5490 hanc
3001 5436 3170 5506 ipsam
3207 5445 3525 5506 potestatem
3553 5438 3763 5494 dedisse

2178 5543 2237 5584 se
2265 5529 2488 5593 dixerat,
2517 5537 2574 5583 ut
2595 5531 2812 5584 omnino
2855 5531 2903 5584 ei
2943 5530 3140 5587 faceret
3182 5531 3322 5601 quod
3366 5533 3525 5588 vellet
3554 5534 3606 5604 (l
3635 5519 3759 5603 Reg.
3806 5592 3822 5604 ,ξ

2180 5638 2329 5690 xxrv,
2347 5623 2486 5692 L8).
2509 5622 2756 5692 Pepercit
2775 5637 2903 5695 ergo
2930 5622 3154 5693 diligens
3183 5612 3481 5694 proximum
3512 5634 3758 5695 tanquam

2177 5715 2434 5785 seipsum,
2465 5731 2570 5771 non
2591 5715 2763 5772 solum
2794 5727 3128 5786 persecutum
3149 5758 3165 5783 ,
3195 5716 3288 5772 sed
3317 5716 3480 5772 etiam
3506 5730 3759 5786 persecu-

2178 5808 2489 5878 turum,-qui
2515 5822 2636 5866 cum
2657 5807 2848 5880 corrigi
2875 5823 3031 5880 quam
3057 5808 3282 5866 interﬁci
3305 5810 3536 5868 malebat
3559 5829 3570 5864 :
3595 5809 3757 5866 homo
