4012 6512
696 349 791 358 ησ⁴⁷ν
833 335 858 349 ν

451 450 515 508 21
527 445 595 505 45

455 573 563 620 tem
596 559 674 617 illi
709 556 1030 612 fallebantur
1056 592 1072 620 ,
1111 548 1253 622 quod
1286 560 1482 617 negare
1515 542 1730 614 quidem
1757 555 1862 596 non
1888 547 2036 610 pote-

455 663 595 720 rant,
625 647 939 708 sectandum
967 645 1066 700 sibi
1093 657 1212 699 esse
1235 640 1492 710 Spiritum
1515 643 1780 700 sanctum,
1805 639 2041 688 asserto-

456 766 569 806 rem
595 764 657 803 ac
686 747 877 801 ducem
901 738 1162 796 libertatis
1191 749 1336 799 sum;
1386 730 1481 787 sed
1526 728 1593 783 ad
1639 741 1801 798 opera
1828 723 2042 781 servilia

457 841 741 899 carnaliter
769 832 1048 895 conversi,
1080 839 1376 884 retrorsum
1407 838 1465 879 se
1493 820 1676 878 conari
1707 833 1815 873 non
1842 815 2041 871 intelli-

456 935 669 1004 gebant.
701 931 987 999 Propterea
1014 939 1120 978 non
1142 922 1235 986 ait,
1265 917 1327 974 Si
1342 916 1522 987 spiritu
1542 913 1769 1004 vivimus,
1798 909 2044 1004 spiritum

459 1003 755 1086 sectemur;
807 1019 898 1075 sed
921 1060 934 1084 ,
977 1016 1159 1087 spiritu
1188 1021 1452 1075 sectemur,
1498 1005 1687 1077 inquit.
1722 1003 2046 1057 Fatebantur

460 1117 599 1170 enim
627 1111 846 1183 Spiritui
892 1116 1075 1164 sancto
1101 1105 1300 1160 servire
1331 1108 1578 1171 oportere
1623 1115 1636 1152 :
1684 1103 1737 1151 et
1769 1108 1916 1199 eum.
1937 1107 2043 1147 non

460 1207 647 1276 spiritu
671 1219 790 1269 suo,
818 1201 912 1256 sed
934 1215 1095 1255 carne
1115 1196 1366 1252 volebant
1389 1192 1610 1256 sectari;
1649 1204 1755 1244 non
1789 1192 2045 1257 spiritua-

461 1298 581 1351 liter
626 1295 926 1350 obtinentes
960 1291 1182 1362 gratiam
1233 1287 1361 1354 Dei,
1411 1285 1505 1341 sed
1549 1285 1601 1338 in
1642 1279 2047 1337 circumcisione

460 1387 662 1442 carnali
721 1394 774 1439 et
829 1383 1036 1439 cretei-is
1093 1377 1400 1450 hujusmodi
1452 1391 1601 1446 spem
1661 1373 2048 1429 constituentes

460 1481 664 1536 salutis.

537 1573 625 1627 55.
669 1570 767 1642 [1b.
799 1583 832 1622 v
851 1611 863 1632 ,
895 1565 1007 1638 26.]
1040 1565 1160 1618 Non
1189 1564 1459 1635 efﬁciamur
1477 1603 1491 1629 ,
1519 1559 1717 1630 inquit,
1745 1557 1912 1611 inanis
1936 1571 2050 1627 9ιο-

461 1665 553 1718 ria:
579 1662 780 1732 cupidi,
810 1661 1018 1713 invicem
1044 1657 1318 1710 invidentes
1338 1695 1353 1720 ,
1385 1663 1430 1707 et
1458 1653 1668 1706 invicem
1703 1655 2045 1720 provocantes.

463 1755 693 1810 Prorsus
720 1751 999 1821 magnifice
1026 1756 1078 1803 et
1111 1748 1328 1801 omnino
1367 1744 1545 1800 divino
1585 1741 1802 1807 ordine,
1833 1749 2047 1812 postea-

464 1862 622 1916 quam
649 1859 741 1900 eos
766 1842 1012 1897 instruxit
1040 1840 1296 1895 adversus
1323 1838 1442 1893 illos
1466 1853 1497 1891 a
1526 1836 1716 1906 quibus
1743 1835 1796 1889 in
1822 1833 2051 1890 servitu-

464 1946 573 1992 tem
603 1935 757 2006 Legis
787 1933 1206 1997 scducehantur,
1237 1930 1339 1985 hoc
1367 1930 1419 1983 in
1444 1928 1521 1985 eis
1550 1935 1729 1993 cavet,
1757 1940 1826 1980 ne
1853 1926 2052 1980 instru-

466 2033 663 2086 ctiores
705 2029 863 2094 facti,
905 2037 958 2082 et
1001 2028 1239 2082 volentes
1283 2026 1391 2095 jam
1433 2021 1715 2078 calumniis
1760 2019 2052 2075 carnalium

465 2121 812 2192 respondere,
845 2117 1272 2174 contentioniluls
1301 2115 1568 2182 studeant,
1597 2122 1652 2168 et
1678 2111 1914 2183 appetitu
1939 2110 2054 2165 ina-

467 2215 551 2269 nis
593 2215 809 2284 glorim,
859 2211 1016 2282 Legis
1063 2210 1312 2265 oneribus
1363 2223 1470 2263 non
1518 2207 1849 2273 servientes,
1903 2203 2053 2259 vanis

464 2307 836 2378 cupiditatibus
872 2305 1124 2358 serviant.

537 2397 624 2450 56.
668 2395 762 2468 [1b.
793 2411 843 2448 vi
865 2435 878 2459 ,
910 2393 985 2464 l.]
1016 2393 1156 2446 Nihil
1185 2400 1361 2446 autem
1403 2392 1479 2446 sie
1508 2391 1698 2460 probat
1723 2388 2052 2460 spiritualem

464 2473 661 2552 virum,
678 2500 834 2556 quam
857 2485 1056 2554 peccati
1078 2483 1236 2537 alieni
1259 2483 1520 2548 tractatio,
1541 2498 1660 2538 cum
1683 2481 2052 2536 liberationem

467 2580 584 2649 ejus
633 2577 804 2647 potius
846 2592 1004 2646 quam
1052 2576 1477 2641 insultationem,
1535 2573 1814 2643 potiusque
1861 2572 2055 2628 auxilia

467 2687 626 2742 quam
655 2671 888 2725 convicia
919 2669 1228 2734 meditatur,
1257 2679 1309 2722 et
1329 2676 1584 2738 quantum
1615 2667 1835 2722 facultas
1862 2667 2053 2721 tribui-

465 2771 554 2818 tur
578 2763 814 2831 suscipit.
848 2762 914 2814 Et
941 2760 1059 2814 ideo
1085 2761 1211 2814 dicit
1236 2777 1248 2813 :
1279 2759 1489 2815 Fratres
1509 2802 1524 2828 ,
1557 2762 1648 2816 etsi
1674 2770 2054 2831 praeoccupatus

464 2856 619 2924 (fuerit
644 2856 790 2908 homo
825 2854 878 2906 in
903 2854 1072 2924 aliquo
1100 2855 1280 2908 delicto
1301 2896 1316 2919 ,
1348 2870 1433 2908 vos
1459 2856 1546 2922 qui
1584 2856 1871 2926 spirituales
1897 2857 2013 2910 estis
2035 2897 2051 2923 ,

465 2948 696 3002 instruite
727 2946 1036 3017 hujusmodi.
1081 2945 1280 3001 Deinde
1320 2961 1387 3001 ne
1425 2946 1526 3001 sibi
1551 2947 1774 3018 quisque
1812 2947 2055 3003 videatur

466 3040 762 3106 instruere,
810 3040 968 3094 etiam
1015 3054 1136 3094 eum
1188 3048 1435 3108 proterve
1487 3040 1718 3110 exagitat
1763 3040 2055 3112 irridetque

466 3140 797 3202 peccantem,
820 3139 911 3185 aut
930 3130 1157 3199 superbe
1183 3139 1432 3200 tanquam
1460 3131 1805 3186 insanabilem
1831 3130 2056 3186 detesta-

468 3233 585 3289 tur,
618 3222 671 3275 in
703 3221 882 3291 spiritu
903 3262 916 3287 ,
947 3221 1145 3290 inquit,
1186 3223 1617 3288 mansuetudinis,
1659 3223 1921 3276 intendens
1961 3222 2056 3276 tei-

468 3330 618 3385 psum
639 3354 655 3380 ,
686 3329 748 3366 ne
773 3321 817 3365 et
849 3321 900 3364 tu
933 3313 1151 3366 tenteris.
1182 3312 1322 3366 Nihil
1351 3313 1492 3367 enim
1526 3313 1593 3367 ad
1636 3312 2055 3368 misericordiam

467 3406 547 3459 sic
577 3403 822 3468 inclinat,
869 3419 1025 3472 quam
1054 3403 1251 3473 proprii
1279 3405 1499 3474 periculi
1539 3405 1808 3476 cogitatio.
1847 3405 1923 3461 Ita
1962 3421 2056 3463 eos

470 3509 572 3549 nec
610 3494 798 3549 deesse
836 3494 1005 3548 voluit
1031 3494 1252 3550 fratrum
1297 3498 1653 3566 correptioni,
1699 3513 1800 3553 nec
1841 3498 2056 3555 studere

472 3586 768 3642 certamini.
791 3585 937 3640 Multi
966 3587 1106 3641 enim
1127 3587 1370 3644 homines
1399 3604 1521 3644 cum
1547 3605 1578 3644 a
1605 3603 1794 3646 somno
1820 3591 2056 3646 excitan-

470 3683 578 3744 tur,
606 3676 812 3747 litigare
839 3677 1054 3744 volunt;
1087 3688 1178 3734 aut
1204 3696 1389 3735 rursus
1419 3681 1672 3750 dormire,
1701 3696 1823 3737 cum
1849 3683 2056 3754 litigare

468 3768 837 3840 prohibentur.
860 3769 970 3825 Pax
999 3771 1157 3841 igitur
1175 3780 1230 3825 et
1255 3772 1486 3838 dilectio,
1513 3775 1812 3831 communis
1834 3777 2055 3846 periculi

467 3862 820 3933 cogitatione,
852 3865 902 3916 in
931 3864 1092 3919 corde
1119 3874 1395 3921 serventur
1421 3867 1436 3897 ί
1465 3883 1477 3920 :
1511 3868 1701 3922 modus
1728 3878 1904 3924 autem
1937 3885 2053 3925 scr-

465 3955 676 4023 monis,
721 3955 832 4009 sive
864 3956 1066 4020 acrius,
1114 3957 1225 4012 sive
1265 3956 1507 4014 blandius
1550 3960 1867 4030 proferatur,
1921 3961 2056 4017 sicut

465 4047 609 4102 salus
639 4047 754 4117 ejus
782 4063 940 4117 quem
972 4049 1192 4119 corrigis
1220 4052 1487 4119 postulare
1513 4053 1740 4120 videtur,
1773 4055 2055 4109 moderan-

465 4137 566 4193 dus
589 4148 691 4193 est.
717 4139 848 4192 Nam
871 4147 926 4195 et
943 4141 1045 4195 alio
1071 4143 1189 4196 loco
1211 4142 1339 4197 dicit
1363 4161 1375 4196 :
1410 4143 1624 4199 Servum
1652 4156 1819 4201 mitem
1845 4147 2053 4203 Domini

468 4229 668 4299 litigare
695 4246 795 4283 non
821 4239 1049 4300 oportet;
1076 4233 1163 4288 sed
1192 4235 1362 4287 mitem
1389 4251 1495 4290 esse
1522 4238 1590 4290 ad
1617 4254 1786 4293 omnes
1806 4282 1820 4304 ,
1859 4240 2050 4296 docibi-

470 4319 598 4386 lem,
628 4320 913 4390 patientem.
950 4323 1016 4376 Et
1046 4339 1113 4379 ne
1141 4325 1416 4394 quisquam
1457 4341 1521 4382 ex
1548 4343 1613 4382 eo
1653 4339 1804 4398 putet
1830 4346 2051 4387 cessan-

470 4409 595 4464 dum
626 4411 723 4465 sibi
749 4425 868 4466 esse
893 4427 921 4466 a
948 4416 1283 4484 correptione
1308 4419 1504 4472 erroris
1526 4418 1764 4488 alterius,
1786 4423 1906 4479 vide
1927 4425 2052 4494 quid

468 4499 756 4570 adiungat:
805 4501 872 4556 In
913 4506 1192 4571 modestia,
1240 4507 1436 4577 inquit,
1469 4511 1817 4580 corripientem
1858 4515 2053 4571 diversa

468 4595 730 4648 sentientes
772 4594 839 4664 (ll
865 4594 999 4649 Tim.
1028 4613 1063 4650 ιι
1084 4638 1100 4664 ,
1127 4597 1346 4670 24.25).
1379 4599 1658 4668 Quomodo
1687 4604 1739 4658 in
1773 4607 2014 4661 modestia
2034 4650 2050 4675 ,

470 4685 737 4756 quomodo
761 4688 1129 4758 corripientem,
1157 4691 1256 4744 nisi
1286 4707 1407 4746 cum
1434 4693 1708 4750 lenitatem
1738 4696 1898 4752 corde
1927 4699 2055 4753 reti-

468 4792 692 4845 nemus,
737 4787 792 4834 et
832 4780 1059 4850 aliquam
1091 4781 1465 4839 medicamenti
1508 4786 1854 4842 acrimoniam
1888 4789 2053 4844 verbo

466 4870 820 4940 correptionis
848 4873 1220 4943 aspergimus?
1262 4873 1372 4930 Nec
1396 4875 1552 4932 aliter
1577 4879 1944 4948 accipiendum
1969 4884 2051 4935 vi-

465 4958 570 5016 deo
601 4961 741 5031 quod
780 4962 832 5017 in
876 4963 1062 5019 eadem
1093 4965 1329 5035 Epistola
1372 4969 1600 5036 positum
1644 4979 1768 5025 est:
1814 4972 2053 5026 Prtedica

465 5053 702 5120 verbum,
731 5054 864 5108 insta
897 5065 1209 5126 opportune,
1239 5057 1555 5126 importune;
1595 5076 1782 5131 argue,
1816 5062 2049 5131 hortare,

466 5143 672 5214 increpa
699 5145 753 5198 in
795 5147 931 5199 omni
958 5147 1338 5218 longanimitate
1378 5160 1424 5205 et
1463 5151 1690 5206 doctrina
1719 5152 1829 5225 (Id.
1857 5170 1909 5209 tv
1927 5197 1942 5223 ,
1970 5154 2049 5226 2).

468 5234 844 5303 lmportunitas
865 5237 1008 5291 enim
1034 5242 1412 5309 opportunitati
1443 5242 1621 5313 utique
1641 5246 1905 5300 contraria
1930 5257 2048 5302 est:

469 5342 644 5398 neque
669 5329 882 5384 omnino
909 5331 1073 5386 ullum
1100 5334 1544 5390 medicamentum
1571 5346 1756 5405 sanat,
1783 5339 1882 5393 nisi
1912 5340 2052 5409 quod

468 5425 766 5488 opportune
806 5421 1130 5480 adhibueris.
1158 5425 1469 5498 Quanquam
1499 5442 1628 5500 ergo
1675 5438 1729 5484 et
1769 5429 1847 5484 sic
1888 5432 2055 5500 possit

469 5509 741 5582 distingui,
774 5511 919 5568 Iusta
947 5525 1246 5586 Opportune,
1277 5528 1337 5574 ut
1358 5519 1492 5574 alius
1515 5521 1584 5574 sit
1609 5535 1817 5588 sensus,
1848 5520 2052 5593 Impor-

473 5608 593 5658 tune
619 5621 805 5675 argue,
839 5606 1033 5662 deinde
1058 5617 1248 5666 etetera
1278 5621 1628 5668 contexantur
1650 5655 1664 5681 ,
1696 5612 1942 5681 Hortare,
1967 5616 2051 5668 in-

472 5708 623 5764 crepa
668 5713 782 5750 cum
827 5700 961 5751 omni
993 5699 1371 5771 longanimitate
1413 5715 1459 5756 et
1506 5706 1770 5760 doctrina:
1818 5714 1878 5760 ut
1929 5714 2054 5762 tunc

530 5791 1384 5880 ’3Tni2'ér22t"communisﬂpcriculi
1398 5802 1626 5880 cogitatio
1656 5819 1708 5871 in
1729 5805 1874 5871 corde
1897 5832 2052 5872 reser-

473 5874 622 5921 vetur.
648 5874 720 5920 sic
740 5875 886 5926 etiam
907 5883 1012 5927 Mss.
1038 5890 1136 5927 uno
1154 5874 1339 5927 tantum
1363 5874 1586 5941 excepto.

1395 424 1745 517 EPISTOLIE
1782 425 1873 480 AD
1909 424 2243 494 GALATAS,
2283 425 2340 481 S.
2368 422 2756 485 'AUGUSTINI

3599 436 3743 495 21M

2146 548 2475 609 opportunus
2519 542 2802 612 sentiaris,
2850 529 2973 601 eum
3015 529 3575 616 instas-aediﬁcando;
3607 564 3731 608 cum

2146 637 2324 686 autem
2351 630 2581 687 destruis
2604 633 2876 704 arguendo
2893 677 2908 704 ,
2940 652 3046 693 non
3071 652 3226 695 cures
3269 638 3480 696 etiamsi
3520 640 3704 713 imper
3725 673 3739 686 -

2147 729 2306 776 tunus
2343 722 2591 791 videaris,
2640 727 2684 780 si
2728 727 2828 782 hoc
2852 737 2933 784 est
2973 729 3165 786 talibus
3194 731 3556 802 importunum
3589 752 3604 789 :
3660 739 3735 792 ita

2147 812 2254 868 duo
2281 827 2398 884 quae
2427 825 2737 886 sequuntur,
2767 819 2834 874 ad
2861 819 2966 875 duo
2990 822 3260 892 superiora
3291 833 3515 894 possunt
3540 826 3735 897 singil-

2147 904 2293 960 latim
2334 907 2546 974 referri,
2581 908 2798 966 Hortare
2821 926 2942 968 cum
2985 923 3265 984 opportune
3291 916 3479 981 instas,
3525 919 3735 990 increpa

2148 1010 2270 1052 cum
2306 999 2593 1069 importune
2618 1003 2832 1073 arguis;
2861 1004 3053 1060 deinde
3087 1015 3279 1064 caetera
3306 1009 3413 1064 duo
3440 1010 3689 1066 similiter
3713 1055 3731 1079 ,

2149 1091 2243 1146 sed
2268 1105 2526 1148 converso
2563 1095 2781 1161 ordine,
2812 1096 3114 1152 referuntur
3133 1141 3148 1165 ,
3180 1097 3307 1155 Cum
3331 1103 3470 1156 omni
3494 1103 3735 1175 longani-
3794 1101 3802 1175 ξ

2149 1183 2360 1249 mitate,
2419 1185 2486 1241 ad
2534 1188 2868 1244 sustinendas
2921 1190 3309 1262 indignationes
3355 1209 3540 1250 eorum
3599 1213 3736 1267 quos
3792 1183 3803 1235 ἶ

2150 1273 2417 1342 destruis;
2465 1286 2511 1330 et
2561 1278 2809 1347 doctrina,
2859 1280 2926 1336 ad
2973 1283 3282 1340 instruenda
3333 1301 3518 1341 eorum
3558 1288 3733 1344 studia

2150 1388 2286 1444 quos
2327 1375 2599 1432 aedificas:
2651 1387 2827 1434 tamen
2868 1381 3076 1436 etiamsi
3126 1381 3218 1437 illo
3258 1383 3534 1440 usitatiore
3574 1385 3734 1440 modo

2151 1463 2501 1536 distinguatur
2524 1511 2539 1535 ,
2571 1466 2716 1524 Iusta
2737 1480 3054 1542 Opportune;
3079 1473 3223 1543 quod
3242 1475 3286 1529 si
3314 1474 3416 1530 hoc
3442 1475 3606 1532 modo
3631 1492 3737 1532 non

2151 1556 2394 1626 proﬁcis,
2422 1559 2703 1631 importune
2725 1578 2744 1614 :
2767 1562 2838 1616 ita
2877 1563 3275 1635 intelligendum
3300 1577 3404 1634 est,
3437 1575 3495 1622 ut
3537 1575 3597 1621 tu
3638 1583 3738 1640 op-

2152 1649 2532 1717 portunitatem
2577 1653 2794 1708 omnino
2822 1669 2929 1710 non
2974 1656 3228 1725 deseras,
3279 1667 3334 1714 et
3375 1659 3455 1715 sic
3503 1661 3738 1731 accipias

2153 1741 2295 1811 quod
2319 1742 2516 1798 dictum
2540 1754 2659 1813 est,
2685 1746 2968 1818 importune
2990 1790 3006 1815 ,
3033 1759 3092 1805 ut
3113 1750 3192 1806 illi
3217 1751 3444 1808 videaris
3470 1753 3734 1824 importu-

2154 1846 2273 1898 nus,
2305 1835 2395 1904 qui
2419 1849 2525 1890 non
2550 1836 2778 1894 libenter
2803 1839 2950 1894 audit
2977 1855 3096 1910 quae
3123 1840 3370 1898 dicuntur
3394 1843 3447 1898 in
3469 1859 3595 1898 eum
3622 1862 3637 1910 ;
3686 1854 3738 1900 tu

2154 1933 2334 1980 tamen
2362 1927 2500 1983 scias
2526 1927 2627 1984 hoc
2653 1929 2728 1984 illi
2748 1945 2867 1986 esse
2893 1941 3248 2002 opportunum
3265 1975 3283 2002 ,
3311 1943 3364 1990 et
3391 1935 3736 1993 dilectionem

2155 2030 2442 2088 curamque
2478 2021 2718 2074 sanitatis
2755 2021 2869 2092 ejus
2914 2023 3091 2078 animo
3113 2031 3298 2081 teneas
3332 2037 3616 2083 mansueto
3638 2069 3655 2094 ,
3685 2037 3741 2084 et

2156 2107 2418 2175 modesto,
2462 2118 2518 2166 et
2553 2111 2809 2168 fraterno.
2849 2115 2996 2171 Multi
3038 2117 3181 2172 enim
3215 2128 3399 2188 postea
3441 2121 3748 2192 cogitantes

2155 2214 2274 2269 quae
2303 2200 2586 2267 audierint,
2620 2213 2674 2259 et
2713 2221 2871 2275 quam
2895 2207 3039 2276 justa
3076 2208 3361 2278 audierint,
3389 2211 3492 2281 ipsi
3527 2227 3590 2268 se
3614 2229 3740 2284 gra-

2157 2289 2273 2345 vius
2299 2298 2355 2346 et
2378 2293 2615 2349 severius
2633 2308 2952 2367 arguerunt;
2983 2307 3038 2353 et
3058 2301 3298 2370 quamvis
3319 2303 3742 2371 perturbatiores

2157 2393 2189 2434 a
2216 2381 2421 2438 medico
2444 2383 2753 2441 viderentur
2771 2388 3077 2458 abscedere,
3109 2393 3362 2460 paulatim
3387 2395 3538 2449 verbi
3557 2396 3744 2467 vigore

2159 2471 2213 2526 in
2241 2473 2500 2531 medullas
2524 2488 2858 2548 penetrante,
2881 2483 3050 2538 sanati
3075 2492 3236 2539 sunt:
3267 2486 3410 2557 quod
3434 2503 3544 2543 non
3569 2489 3744 2558 ﬁeret,

2158 2565 2203 2620 si
2227 2580 2438 2639 semper
2457 2579 2886 2639 exspectaremus
2908 2575 3292 2646 periclitantem
3315 2582 3744 2649 putrescentibus

2157 2659 2432 2727 membris,
2459 2662 2670 2731 quando
2689 2678 2810 2719 eum
2836 2665 3128 2722 liberetaut
3155 2670 3236 2724 uri
3263 2678 3355 2724 aut
3371 2674 3564 2728 secari.
3593 2673 3746 2741 Quod

2159 2766 2257 2806 nec
2285 2752 2384 2821 ipsi
2411 2754 2650 2823 corporis
2679 2755 2868 2811 medici
2893 2758 3191 2826 attendunt,
3219 2761 3311 2831 qui
3341 2769 3570 2819 terrenae
3590 2779 3739 2820 mer-

2158 2842 2305 2899 cedis
2329 2842 2521 2899 iutuitu
2549 2855 2756 2901 curant.
2787 2846 2990 2916 Quotus
3012 2849 3155 2905 enim
3185 2852 3412 2922 quisque
3441 2856 3746 2923 reperitur,

2158 2937 2250 3006 qui
2293 2937 2489 2992 ferrum
2539 2954 2722 2994 eorum
2770 2950 2863 2996 aut
2891 2942 3066 3012 ignem
3109 2957 3216 2998 non
3257 2946 3449 3015 ligatus
3495 2958 3749 3017 expertus

2159 3027 2265 3082 sit?
2294 3043 2414 3083 cum
2443 3036 2497 3084 et
2517 3029 2592 3084 illi
2612 3032 2843 3086 rariores
2863 3033 2971 3088 sint
2989 3033 3079 3103 qui
3105 3034 3342 3090 volentes
3360 3036 3504 3108 ligati
3528 3036 3744 3093 fuerint.

2159 3117 2342 3176 Plures
2373 3121 2513 3176 enim
2534 3123 2862 3191 resistentes,
2889 3132 2944 3179 et
2976 3126 3113 3180 mori
3141 3141 3200 3181 se
3223 3127 3382 3183 malle
3405 3129 3702 3185 clamantes
3722 3170 3739 3197 ,

2160 3227 2319 3283 quam
2349 3213 2442 3269 illo
2467 3217 2641 3270 curari
2667 3217 2849 3284 modo,
2873 3219 2963 3273 vix
2991 3218 3167 3290 lingua
3197 3219 3308 3289 ipsa
3347 3235 3533 3276 eorum
3563 3222 3746 3278 relicta

2158 3303 2324 3359 libera
2363 3307 2608 3362 omnibus
2655 3309 2912 3364 membris
2951 3313 3413 3380 constrinxerunt;
3461 3329 3640 3387 neque
3681 3316 3747 3372 ad

2160 3412 2336 3466 suum,
2370 3414 2541 3469 neque
2565 3399 2632 3454 ad
2669 3401 2978 3457 reluctantis
2996 3443 3011 3468 ,
3041 3403 3134 3459 sed
3163 3404 3230 3459 ad
3254 3405 3421 3476 ipsius
3443 3408 3576 3462 artis
3599 3407 3745 3463 arbi-

2159 3489 2353 3542 trium:
2385 3503 2611 3558 quorum
2635 3500 2808 3546 tamen
2839 3493 3057 3549 vocibus
3077 3495 3434 3566 conviciisque
3452 3496 3744 3553 dolentium

2160 3596 2259 3636 nec
2277 3591 2643 3639 commovetur
2663 3587 2898 3641 curantis
2917 3587 3146 3655 animus,
3171 3605 3270 3645 nec
3291 3592 3514 3661 quiescit
3534 3607 3742 3649 manus.

2159 3670 2430 3728 Medicinae
2469 3682 2644 3730 autem
2674 3676 2910 3732 cmlestis
2946 3679 3212 3743 ministri,
3244 3689 3334 3735 aut
3362 3695 3458 3750 per
3499 3683 3744 3739 odiorum

2160 3763 2362 3818 trabem
2410 3779 2632 3822 cernere
2691 3769 2938 3838 stipulam
3000 3771 3052 3824 in
3109 3771 3265 3826 oculo
3317 3772 3497 3828 fratris
3561 3775 3746 3830 volunt

2160 3852 2371 3924 (Matth.
2402 3872 2476 3910 vn
2495 3899 2511 3924 ,
2541 3856 2595 3930 5)
2619 3900 2632 3923 ,
2665 3868 2757 3914 aut
2783 3860 3111 3917 tolerabilius
3138 3870 3366 3920 mortem
3396 3863 3580 3920 videre
3623 3880 3744 3936 pec-

2159 3948 2327 4001 cantis
2347 3989 2362 4014 ,
2395 3963 2554 4018 quam
2583 3951 2802 4006 verbum
2842 3953 3162 4025 indignantis
3203 3956 3388 4012 audire
3416 3974 3429 4010 :
3461 3959 3607 4029 quod
3635 3974 3740 4016 non

2158 4039 2230 4094 ita
2267 4041 2576 4110 accidisset,
2608 4044 2654 4098 si
2692 4053 2798 4100 tam
2833 4060 3022 4101 sanum
3063 4047 3302 4103 animum
3331 4051 3571 4106 curando
3607 4051 3741 4108 alte-

2157 4132 2269 4186 rius
2297 4134 2476 4190 animo
2501 4135 2892 4203 adhiberemus,
2917 4153 3076 4208 quam
3104 4139 3249 4194 sanis
3268 4125 3513 4197 manibus
3532 4142 3607 4197 illi
3633 4157 3742 4200 me-

2158 4223 2262 4279 dici
2285 4225 2458 4280 aliena
2485 4227 2722 4283 membra
2748 4236 3087 4299 pertractant.

2233 4317 2321 4372 57.
2363 4317 2640 4388 Nunquam
2670 4320 2848 4390 itaque
2873 4321 3032 4376 alieni
3057 4325 3261 4393 peccati
3289 4325 3607 4398 objurgandi
3627 4342 3741 4383 sus-

2159 4407 2460 4477 cipiendum
2489 4417 2572 4464 est
2599 4410 2902 4480 nogotium,
2940 4412 3041 4468 nisi
3083 4429 3204 4469 cum
3248 4416 3470 4470 internis
3520 4418 3742 4474 interro-

2157 4500 2459 4570 gationibus
2475 4501 2838 4557 examinantes
2864 4513 3099 4559 nostram
3120 4507 3523 4575 conscientiam,
3550 4511 3742 4580 liquido

2159 4591 2313 4646 nobis
2351 4605 2532 4645 coram
2566 4593 2673 4647 Deo
2707 4594 3173 4664 responderimus,
3209 4597 3498 4654 dilectione
3538 4616 3639 4656 nos
3672 4601 3744 4655 ia-

2158 4696 2300 4738 cere.
2328 4682 2481 4750 Quod
2508 4683 2554 4737 si
2585 4685 2880 4740 convicium
2901 4727 2917 4755 ,
2946 4688 3028 4742 vel
3054 4688 3212 4744 minae
3230 4730 3245 4756 ,
3270 4690 3355 4745 vel
3380 4691 3545 4747 etiam
3570 4708 3748 4762 perse-

2159 4775 2401 4829 cutiones
2430 4775 2546 4844 ejus
2573 4790 2731 4846 quem
2771 4779 3010 4849 argueris
3029 4821 3044 4846 ,
3076 4779 3427 4839 laeeraverint
3467 4788 3746 4854 animum;

2158 4865 2205 4921 si
2233 4865 2405 4921 adhuc
2439 4866 2530 4921 ille
2558 4881 2655 4936 per
2692 4875 2746 4922 te
2770 4869 2946 4924 sanari
2979 4884 3140 4940 posse
3175 4872 3471 4943 videbitur,
3504 4877 3641 4932 nihil
3663 4894 3747 4934 re-

2128 4957 2423 5028 spondeas
2470 4957 2639 5013 douec
2684 4960 2887 5015 saneris
2930 4961 3111 5031 prior:
3138 4978 3207 5019 ne
3263 4963 3400 5021 forte
3446 4969 3748 5025 carnalibus

2159 5047 2392 5104 motibus
2428 5049 2534 5103 tuis
2561 5049 2627 5103 ad
2671 5050 2974 5106 nocendum
3021 5055 3359 5124 consentias,
3408 5065 3463 5112 et
3495 5059 3750 5116 exhibeas

2161 5140 2392 5212 linguam
2419 5149 2562 5196 tuam
2587 5157 2735 5197 arma
2763 5144 3051 5214 iniquitatis
3079 5157 3300 5217 peccato
3338 5150 3516 5221 (Rom.
3545 5169 3600 5209 vi
3618 5197 3632 5220 ,
3664 5156 3748 5224 l3)

2160 5233 2227 5287 ad
2251 5233 2582 5291 reddendum
2609 5235 2807 5290 malum
2839 5251 2937 5306 pro
2962 5238 3104 5293 malo
3126 5280 3140 5304 ,
3171 5249 3263 5295 aut
3287 5242 3631 5299 maledictum
3659 5261 3749 5315 pro

2161 5323 2448 5380 maledicto
2493 5325 2716 5396 (lPetr.
2762 5343 2847 5391 ut,
2895 5327 2974 5393 9).
3017 5330 3278 5401 Quidquid
3327 5334 3469 5388 enim
3520 5335 3750 5391 lacerato

2161 5418 2338 5472 animo
2380 5417 2609 5483 dixeris,
2644 5420 2912 5487 punientis
2955 5431 3035 5475 est
3075 5423 3338 5492 impetus,
3369 5441 3475 5479 non
3519 5427 3752 5482 charitas

2161 5510 2492 5580 corrigentis.
2516 5510 2705 5581 Dilige,
2729 5519 2784 5567 et
2808 5513 2894 5569 die
2917 5513 3057 5584 quod
3080 5516 3256 5570 voles:
3285 5518 3432 5574 nullo
3453 5521 3618 5575 modo
3644 5537 3755 5575 ma-

2162 5599 2409 5656 ledictum
2432 5601 2532 5655 erit
2551 5603 2693 5672 quod
2713 5605 2890 5672 specie
2912 5605 3179 5662 maledicti
3209 5609 3472 5676 senuerit,
3495 5612 3543 5665 si
3570 5613 3754 5667 memi-

2162 5694 2305 5747 neris
2332 5695 2666 5764 seuserisque
2709 5703 2760 5749 te
2785 5697 2839 5749 in
2865 5697 3041 5766 gladio
3069 5698 3216 5754 verbi
3244 5700 3373 5769 Dei,
3408 5700 3752 5760 liberatorem

2164 5786 2558 5865 hominis_csse
2594 5789 2730 5845 velle
2767 5791 2834 5846 ab
2872 5792 3149 5848 obsidione
3194 5793 3464 5850 vitiorum.
3510 5798 3667 5865 Quod
3710 5812 3753 5854 Si

2167 5876 2303 5936 forte
2322 5919 2338 5945 ,
2367 5863 2424 5934 ut
2448 5881 2758 5948 plerumque
2778 5881 2970 5939 accidit
2988 5925 3005 5947 ,
3037 5884 3322 5942 dilectione
3350 5863 3568 5946 quidem
3591 5889 3747 5946 talem

3792 1149 3802 1199 Ι
