4012 6460
222 399 368 459 2145

216 516 447 587 suscipis
467 515 751 584 actionem,
773 522 828 570 et
846 512 913 569 ad
932 528 1050 571 eam
1070 513 1232 571 corde
1247 514 1547 570 dilectionis
1571 512 1800 579 accedis,

215 606 313 664 sed
346 607 491 663 inter
512 605 778 677 agendum
807 605 1138 677 subrepserit
1163 605 1362 677 aliquid
1384 645 1399 672 ,
1439 604 1566 661 dum
1602 605 1695 661 tibi
1720 620 1805 661 re-

218 702 448 767 sistitur,
476 701 621 772 quod
650 709 702 757 te
726 699 932 756 auferat
954 700 1022 755 ab
1042 699 1271 756 hominis
1292 700 1419 755 vitio
1438 697 1800 770 percutiendo,

214 802 268 848 et
296 793 401 864 ipsi
427 792 630 849 homini
658 792 818 849 faciat
846 792 1131 860 infestum;
1160 802 1345 864 postea
1372 801 1424 848 te
1452 792 1699 863 lacrymis
1727 791 1805 846 la-

213 894 426 940 vantem
454 883 755 955 hujusmodi
795 885 1062 954 pulverem
1086 926 1102 952 ,
1135 883 1303 939 multo
1325 882 1589 939 salubrius
1617 883 1804 938 memi-

216 978 362 1033 nisse
399 977 701 1049 oportebit,
742 992 900 1048 quam
927 994 1032 1033 non
1062 976 1349 1033 debeamus
1377 991 1536 1045 super
1576 973 1801 1031 aliorum

203 1068 495 1139 ‘superbire
517 1077 752 1139 peccata,
783 1069 993 1139 quando
1020 1070 1074 1124 in
1102 1070 1213 1140 ipsa
1229 1084 1415 1124 eorum
1434 1066 1802 1139 objurgatione

212 1176 515 1232 peccamus,
537 1176 658 1217 cum
680 1162 885 1217 facilius
907 1177 1004 1217 nos
1032 1162 1110 1217 ira
1136 1162 1405 1233 peccantis
1433 1162 1614 1229 iratos,
1640 1176 1801 1232 quam

210 1254 425 1310 miseria
454 1253 825 1310 misericordes
855 1254 1002 1310 facit.

277 1345 348 1401 58
389 1343 489 1417 [11).
518 1362 603 1413 vt,
632 1344 712 1420 2.]
752 1346 894 1401 Alter
935 1346 1142 1403 alterius
1180 1364 1334 1402 onera
1372 1356 1597 1418 portate,
1641 1358 1687 1403 et
1727 1347 1799 1403 sic

208 1437 548 1509 adimplebitis
575 1438 758 1511 Legem
800 1439 1026 1495 Christi:
1065 1441 1261 1511 Legem
1292 1441 1474 1511 utique
1502 1440 1794 1496 charitatis.

206 1531 260 1587 Si
298 1541 481 1587 autem
518 1532 705 1603 implet
731 1532 925 1604 Legem
964 1534 1051 1604 qui
1093 1533 1263 1604 diligit
1302 1533 1623 1604 proximum,
1663 1532 1798 1587 dile-

206 1622 421 1695 ctioque
440 1624 668 1692 proximi
693 1623 851 1679 etiam
882 1624 935 1679 in
957 1625 1227 1680 veteribus
1251 1625 1541 1695 Scripturis
1561 1625 1796 1681 maxime

203 1713 610 1770 commendatur
657 1713 855 1787 (Leuit.
896 1732 1015 1783 xxx,
1070 1718 1215 1787 18),
1268 1716 1321 1771 in
1369 1732 1474 1788 qua
1513 1717 1796 1773 dilectione

203 1805 330 1861 dicit
374 1806 483 1861 alio
525 1805 646 1864 loco
692 1806 833 1862 idem
881 1805 1191 1877 apostolus,
1240 1809 1577 1878 recapitulari
1618 1812 1795 1865 omnia

200 1898 451 1955 mandata
494 1900 649 1970 Legis
696 1900 870 1971 (Rom.
921 1916 1047 1968 xm,
1089 1901 1141 1968 8,
1170 1900 1225 1972 9)
1263 1919 1277 1956 :
1326 1900 1663 1957 manifestum
1712 1911 1795 1958 est

200 1989 358 2045 etiam
387 1990 533 2045 illam
558 1990 905 2061 Scripturam,
956 2006 1074 2061 quae
1117 1991 1281 2061 priori
1304 1993 1499 2062 populo
1540 1992 1663 2047 data
1687 2003 1789 2059 est,

201 2081 399 2154 Legem
439 2082 641 2138 Christi
680 2098 817 2148 esse,
873 2099 1031 2154 quam
1076 2084 1221 2139 venit
1269 2085 1491 2155 implere
1530 2084 1791 2141 cbaritate

200 2174 416 2245 (Matth.
450 2191 501 2241 v,
530 2176 651 2245 17),
682 2192 802 2246 quae
836 2192 942 2232 nou
991 2176 1309 2247 implebatur
1339 2178 1549 2233 timore.
1589 2177 1789 2233 Eadem

198 2265 356 2334 igitur
384 2265 663 2337 Scriptura
687 2276 742 2321 et
762 2266 902 2322 idem
932 2267 1260 2336 mandatum,
1293 2284 1411 2323 cum
1438 2268 1591 2325 bonis
1618 2278 1790 2325 terre-

198 2357 278 2411 nis
328 2356 603 2413 inhiantes
648 2359 1085 2427 premit‘servos,
1137 2358 1537 2415 Testamentum
1588 2358 1785 2426 Vetus;

196 2462 313 2502 cum
361 2448 422 2503 in
446 2448 585 2503 bona
630 2457 828 2505 aeterna
860 2448 1145 2520 ﬂagrantes
1181 2450 1336 2520 erigit
1362 2450 1579 2518 liberos,
1601 2448 1789 2505 Testa-

196 2547 437 2594 mentum
464 2538 669 2595 Novum
690 2550 927 2597 vocatur.

260 2631 351 2686 59.
388 2630 489 2703 [lb.
516 2648 591 2699 vt,
618 2631 757 2707 5-5.]
781 2633 843 2688 Si
867 2634 998 2688 enim
1017 2634 1221 2703 aliquis,
1246 2634 1437 2704 inquit,
1465 2634 1659 2689 videtur
1677 2650 1784 2690 esse

193 2721 416 2793 aliquid,
438 2740 555 2779 cum
579 2726 708 2780 nihil
736 2726 820 2793 sit,
853 2726 1074 2797 seipsum
1093 2726 1303 2780 seducit.
1335 2725 1453 2781 Non
1484 2728 1626 2782 enim
1657 2742 1780 2783 eum

192 2814 451 2870 seducunt
480 2815 781 2872 laudatores
810 2816 956 2887 ejus,
1005 2818 1097 2873 sed
1132 2820 1247 2888 ipse
1278 2818 1452 2889 potius
1476 2834 1491 2884 ;
1520 2820 1641 2889 quia
1662 2834 1784 2875 cum

191 2905 289 2960 sibi
336 2906 413 2961 sit
460 2906 575 2977 ipse
616 2909 931 2978 praesentior
964 2925 1122 2980 quam
1148 2910 1247 2977 illi,
1293 2912 1493 2965 mavult
1520 2912 1652 2967 sein
1680 2913 1783 2968 illis

192 3013 451 3067 quaerere,
491 3015 650 3070 quam
681 3001 733 3055 in
781 3002 975 3071 seipse.
1003 3002 1106 3057 Sed
1142 3001 1269 3073 quid
1297 3002 1425 3057 dicit
1449 3004 1782 3073 Apostolus?
1821 3084 1827 3089 '

197 3090 334 3160 Opus
364 3101 537 3146 autem
567 3109 715 3147 suum
745 3094 917 3163 probet
938 3096 1291 3166 unusquisque,
1325 3106 1370 3149 et
1401 3106 1518 3150 tunc
1546 3098 1597 3151 in
1616 3099 1780 3169 seipse

196 3192 387 3237 tantum
413 3182 631 3254 gloriam
655 3185 871 3253 habebit,
912 3194 959 3240 et
997 3202 1097 3240 non
1123 3187 1178 3240 in
1211 3188 1390 3253 altero,
1420 3187 1471 3243 id
1496 3196 1597 3255 est,
1638 3189 1781 3245 intus

194 3272 244 3328 in
268 3274 601 3329 conscientia
640 3290 738 3329 sua
765 3292 777 3327 :
807 3286 852 3331 et
878 3292 978 3331 non
1002 3277 1056 3330 in
1075 3277 1254 3343 altera,
1287 3278 1340 3333 id
1374 3288 1476 3345 εει,
1507 3294 1628 3334 ειιιιι
1656 3295 1779 3336 eum

191 3364 318 3421 alter
338 3364 540 3421 laudat.
569 3363 921 3437 Unusquisque
945 3367 1098 3437 enim,
1124 3367 1319 3439 inquit,
1348 3371 1609 3439 proprium
1652 3388 1779 3427 onus

196 3456 433 3526 portabit.
454 3456 570 3511 Non
602 3472 730 3527 ergo
773 3458 1073 3514 laudatores
1121 3460 1290 3515 nostri
1331 3462 1576 3516 minuunt
1612 3478 1777 3519 onera

190 3547 527 3603 conscientiae
547 3558 743 3604 nostr-re
774 3568 787 3605 :
814 3560 971 3620 atque
996 3550 1197 3605 utinam
1225 3566 1331 3606 non
1352 3552 1510 3607 etiam
1528 3567 1778 3609 accumu-

190 3640 319 3706 lem,
345 3656 470 3696 cum
499 3641 811 3712 plerumque
834 3658 903 3697 ne
932 3642 1035 3697 illis
1060 3642 1277 3698 offensis
1299 3644 1413 3698 laus
1450 3654 1630 3699 nostra
1671 3646 1775 3700 mi-

191 3740 404 3799 nuatur,
427 3739 519 3785 aut
538 3731 903 3802 objurgatione
931 3733 1051 3789 illos
1080 3748 1268 3789 curare
1306 3735 1639 3805 negligimus,
1688 3745 1779 3792 aut

186 3821 450 3891 iactanter
469 3822 546 3877 eis
572 3822 769 3893 aliquid
795 3832 1031 3879 nostrum
1055 3834 1401 3891 ostentamus,
1427 3828 1599 3897 potius
1618 3842 1776 3898 quam

189 3924 497 3971 constanter
508 3915 861 3971 ostendimus.
881 3915 1080 3972 Omitto
1098 3932 1159 3972 ea
1181 3934 1299 3987 quae
1326 3917 1532 3989 ﬁngunt
1550 3928 1605 3974 et
1628 3936 1777 3975 men-

84 4003 103 4021 '
194 4004 398 4061 tiuntur
421 4006 489 4062 de
514 4022 574 4062 se
602 4006 846 4063 homines
866 4015 1084 4078 propter
1112 4008 1384 4063 hominum
1414 4009 1615 4065 laudes.
1640 4009 1777 4078 Quid

190 4097 333 4153 enim
356 4098 459 4152 ista
473 4098 714 4155 caecitate
740 4099 1096 4165 tenebrosius,
1132 4098 1195 4154 ad
1214 4100 1555 4156 obtinendam
1587 4102 1777 4157 inanis-

188 4189 379 4246 simam
411 4191 632 4261 gloriam
681 4207 917 4251 errorem
960 4192 1189 4247 hominis
1232 4196 1501 4265 aucupari,
1531 4204 1583 4251 et
1610 4196 1775 4251 Deum

187 4289 380 4339 testem
411 4284 461 4338 in
487 4284 649 4340 corde
690 4286 1069 4342 contemnere?
1107 4287 1265 4355 Quasi
1312 4304 1437 4344 vero
1465 4290 1572 4344 ullo
1617 4291 1777 4348 modo

186 4377 577 4447 comparandus
601 4379 670 4433 sit
702 4394 852 4435 error
888 4379 1027 4435 illius
1055 4380 1145 4450 qui
1189 4390 1242 4435 te
1279 4380 1475 4436 bonum
1498 4392 1662 4452 putat,
1693 4402 1765 4440 cr-

187 4472 294 4525 rori
323 4480 413 4527 tuo
438 4473 528 4543 qui
553 4472 758 4527 homini
787 4473 855 4528 de
894 4474 1028 4528 falso
1065 4472 1205 4530 bono
1234 4474 1445 4544 placere
1486 4476 1686 4544 studes,
1711 4477 1765 4532 dt

190 4579 320 4620 vero
348 4565 488 4621 malo
518 4566 770 4637 displiees
796 4567 925 4622 Deo.

259 4657 347 4712 60.
370 4656 468 4729 [1b.
495 4674 567 4725 vr,
593 4656 672 4729 6.]
708 4657 825 4713 Jam
860 4666 1053 4714 caetera
1095 4658 1403 4729 planissima
1431 4674 1550 4717 esse
1588 4660 1774 4716 existi-

186 4763 299 4803 mo.
321 4748 456 4803 Nam
482 4758 537 4804 ct
572 4749 699 4803 illud
727 4750 979 4805 usitatum
1016 4760 1339 4822 prteccptum
1361 4762 1463 4821 est,
1495 4762 1551 4808 ut
1577 4753 1773 4826 praedi-

184 4840 354 4895 catori
380 4840 530 4895 verbi
573 4840 666 4897 Det
692 4840 925 4912 praebeat
953 4843 1273 4913 necessaria,
1311 4845 1395 4898 cui
1436 4844 1771 4916 praedicatur.

185 4932 268 4988 Ad
298 4934 435 4989 bona
457 4934 602 4991 enim
632 4949 795 5005 opera
822 4934 1065 4991 hortandi
1094 4946 1267 5004 erant,
1298 4946 1357 4992 ut
1402 4938 1559 4993 etiam
1599 4940 1774 5009 egenti

181 5022 401 5080 Christo
426 5024 814 5093 ministrarent,
844 5027 1031 5085 staturi
1061 5027 1127 5081 ad
1157 5027 1430 5083 dexteram
1452 5044 1573 5084 cum
1599 5029 1771 5100 agnis;

183 5128 247 5172 ut
290 5120 408 5191 plus
452 5120 508 5175 in
535 5120 612 5175 eis
664 5131 976 5191 operaretur
1014 5122 1226 5178 dilectio
1262 5123 1402 5193 iidei,
1431 5140 1587 5195 quam
1620 5125 1773 5196 Legis

182 5224 366 5281 posset
383 5212 562 5267 timor.
579 5212 761 5283 Neque
777 5213 877 5268 hoc
893 5214 1169 5284 quisquam
1191 5214 1392 5285 majore
1410 5214 1597 5283 fiducia
1618 5216 1775 5273 debet

180 5306 510 5375 przeciperc,
546 5322 703 5377 quam
754 5306 839 5361 hic
888 5308 1192 5378 apostolus,
1242 5308 1332 5377 qui
1384 5310 1625 5364 manibus
1664 5310 1774 5367 suis

176 5397 379 5451 victum
409 5397 709 5468 transigcus
741 5398 874 5471 (Λει.
898 5414 1048 5467 xvm,
1072 5400 1134 5465 '5;
1159 5415 1253 5465 xx,
1276 5399 1364 5466 54;
1393 5400 1412 5454 Ι
1439 5399 1552 5455 Cor.
1575 5417 1646 5469 tv,
1670 5401 1770 5470 12;

176 5492 201 5547 1
233 5492 410 5552 Thess.
434 5513 490 5563 ιι,
524 5496 653 5561 9;11
678 5496 855 5553 Thess.
878 5513 956 5564 ιιι,
984 5496 1060 5570 8),
1095 5496 1209 5552 hare
1235 5498 1287 5551 in
1318 5511 1376 5552 se
1402 5497 1614 5553 nolebat
1636 5497 1769 5566 ﬁeri,

173 5596 247 5642 ut
272 5590 471 5660 majore
512 5591 769 5661 pondere,
814 5601 1031 5662 propter
1062 5606 1242 5646 eorum
1283 5592 1447 5661 magis
1496 5592 1770 5647 utilitatem

171 5682 276 5751 qui
296 5681 407 5739 haec
424 5682 759 5748 exhiberem,
782 5698 938 5753 quam
965 5691 1183 5755 propter
1198 5699 1380 5739 eorum
1407 5682 1597 5753 quibus
1624 5683 1772 5739 exhi-

170 5773 377 5831 berem
403 5793 488 5843 ea,
516 5791 809 5832 semonerc
829 5778 1073 5832 omnibus
1101 5776 1508 5831 demonstraret.

266 5866 352 5927 61.
376 5866 479 5943 [1b.
506 5883 584 5943 γι,
614 5866 793 5943 7-10.]
814 5867 968 5938 Quod
1001 5877 1180 5931 autem
1220 5868 1415 5933 deinde
1457 5868 1723 5941 subjungit
1751 5906 1772 5941 ,

150 5896 192 5958 'x

1384 390 1855 451 EXPOSITIONIS
1890 393 2091 450 LIBER
2130 393 2221 453 UN
2226 395 2330 453 US.

3354 407 3497 466 2146

1913 513 2088 569 Nolite
2109 532 2298 584 errare,
2324 516 2467 573 Deus
2493 535 2596 575 non
2614 522 2950 580 subsannatur
2972 541 2991 581 :
3014 528 3150 597 quod
3185 531 3316 586 enim
3341 536 3495 589 semi-

1908 608 2099 661 naverit
2127 609 2295 677 homo,
2318 611 2411 665 hoc
2430 621 2478 667 et
2498 623 2671 680 metet;
2700 617 2844 672 novit
2867 618 3006 674 inter
3031 636 3148 690 qua:
3173 623 3333 679 verba
3363 610 3490 695 per;

1909 697 2138 754 ditorum
2171 701 2442 759 hominum
2471 705 2733 776 laborent,
2765 710 2855 781 qui
2880 714 3272 771 constituuntur
3300 718 3354 772 in
3381 718 3488 777 fide

1907 806 2090 847 rerum
2119 808 2302 849 earum
2328 812 2459 866 quas
2486 814 2592 855 non
2622 802 2819 859 vident.
2853 804 3047 862 Vident
3076 809 3219 864 enim
3248 813 3489 868 semina-

1910 884 2106 941 tionem
2134 901 2355 957 operum
2383 906 2619 960 suorum,
2642 896 2736 951 sed
2764 912 2994 955 messem
3025 916 3133 957 non
3158 903 3359 960 vident.
3378 905 3489 964 Nec

1908 978 2027 1033 talis
2055 980 2132 1035 eis
2157 982 2347 1037 messis
2373 986 2727 1055 promittitur,
2779 991 2950 1061 qualis
2995 992 3081 1049 hie
3126 995 3275 1051 reddi
3311 998 3488 1069 solet;

1906 1071 2027 1139 quia
2046 1071 2221 1141 justus
2241 1090 2307 1129 ex
2334 1075 2439 1132 fide
2470 1078 2594 1133 vivit
2624 1078 2844 1149 (Hahae.
2873 1100 2929 1148 ιι,
2953 1083 3031 1156 4).
3062 1087 3195 1152 Quia
3219 1090 3304 1158 qui
3332 1092 3489 1146 semi-

1905 1166 2117 1231 naverit,
2143 1166 2333 1238 inquit,
2360 1170 2413 1224 in
2442 1186 2592 1225 carne
2611 1189 2722 1241 sua,
2755 1191 2817 1231 ea:
2840 1192 2991 1232 carne
3016 1190 3164 1235 metet
3201 1185 3487 1255 corruptio-

1904 1272 2034 1311 nem.
2069 1258 2180 1313 Hoc
2204 1259 2332 1315 dicit
2356 1260 2424 1317 de
2451 1265 2778 1321 amatoribus
2797 1268 3125 1338 voluptatum
3142 1275 3309 1344 magis
3323 1290 3485 1345 quam

1904 1347 2021 1403 Dei.
2054 1348 2108 1403 in
2135 1365 2295 1406 carne
2321 1352 2464 1408 enim
2491 1368 2586 1409 sua
2612 1357 2855 1425 seminat,
2879 1360 2969 1430 qui
2994 1362 3171 1419 omnia
3194 1379 3313 1435 qua:
3332 1358 3481 1435 facit,

1902 1436 2112 1492 etiamsi
2140 1438 2279 1495 bona
2310 1440 2624 1511 videantur,
2672 1457 2950 1517 propterea
2999 1459 3173 1508 tamen
3220 1453 3380 1522 facit,
3425 1464 3487 1515 ut

1902 1530 2184 1587 carnaliter
2213 1532 2264 1588 ei
2293 1533 2429 1590 bene
2445 1535 2532 1591 sit.
2551 1538 2654 1602 Qui
2667 1548 2835 1595 autem
2856 1543 3169 1601 seminaverit
3195 1548 3249 1602 in
3276 1550 3476 1619 spiritu,

1902 1622 1965 1678 de
1992 1626 2172 1695 spiritu
2215 1639 2360 1684 metet
2388 1632 2541 1686 vitam
2565 1643 2823 1690 (sternam.
2869 1638 3158 1696 Seminatio
3201 1642 3255 1697 in
3292 1643 3482 1714 spiritu

1901 1722 2015 1782 est,
2046 1731 2110 1770 ex
2142 1717 2244 1773 fide
2282 1735 2404 1775 cum
2448 1722 2705 1781 charitate
2745 1728 2946 1784 servire
2978 1730 3228 1800 justitiae,
3277 1743 3331 1788 et
3373 1749 3483 1791 non

1898 1804 2151 1862 obaudirc
2176 1808 2454 1869 desideriis
2483 1818 2705 1884 peccati,
2734 1820 2975 1887 quamvis
2994 1821 3062 1876 de
3082 1823 3291 1878 mortali
3317 1839 3482 1882 carne

1898 1901 2265 1960 existentibus.
2297 1906 2483 1963 Messis
2509 1920 2686 1966 autem
2710 1912 2834 1968 vita:
2860 1924 3076 1970 aeterna:
3113 1930 3237 1972 eum
3266 1917 3481 1976 inimica

1897 1993 2186 2049 novissima
2230 1996 2535 2055 destruetur
2569 2018 2735 2070 mors,
2767 2014 2821 2060 et
2848 2005 3218 2063 absorbebitur
3254 2011 3481 2068 mortale

1896 2098 1928 2138 a
1958 2086 2085 2152 vita,
2115 2097 2170 2143 et
2194 2092 2536 2161 corruptibile
2571 2094 2673 2151 hoc
2698 2096 2880 2154 induet
2908 2101 3378 2171 incorruptionem.
3417 2104 3479 2161 ln

1897 2173 1999 2230 hoc
2031 2192 2159 2248 ergo
2186 2182 2345 2236 tertio
2372 2184 2559 2253 gradu,
2590 2202 2696 2256 quo
2724 2189 2823 2243 sub
2849 2191 3017 2260 gratia
3057 2206 3260 2262 sumus,
3308 2195 3471 2250 semi-

1895 2280 2086 2322 namus
2112 2269 2164 2323 in
2193 2270 2462 2343 lacrymis,
2482 2290 2601 2329 cum
2619 2278 2854 2334 existunt
2874 2279 3137 2336 desideria
3166 2283 3236 2338 de
3261 2283 3479 2340 animali

1894 2371 2147 2426 corpore;
2178 2361 2368 2430 quibus
2399 2379 2506 2418 non
2535 2369 2918 2424 consentiendo
2956 2372 3239 2427 renitimur
3261 2415 3276 2439 ,
3322 2382 3381 2429 ut
3421 2375 3478 2429 in

1897 2450 2093 2519 gaudio
2138 2464 2398 2510 metamus
2420 2498 2433 2522 ,
2464 2472 2584 2511 eum
2616 2460 2774 2514 etiam
2805 2462 3090 2518 reformato
3124 2479 3379 2535 corpore,
3411 2481 3480 2523 ex

1893 2544 2037 2597 nulla
2084 2554 2233 2614 parte
2284 2547 2534 2617 hominis,
2586 2552 2692 2606 ulla
2745 2569 2842 2609 nos
2886 2554 3189 2613 sollicitabit
3234 2557 3479 2615 molestia

1892 2636 2124 2692 ullumve
2152 2642 2455 2696 tentationis
2482 2644 2790 2711 periculum.
2823 2647 2954 2703 Nam
2982 2653 3143 2705 etiam
3168 2651 3341 2719 ipsum
3368 2651 3476 2707 ani-

1890 2730 2031 2785 male
2059 2745 2253 2802 corpus
2283 2732 2564 2803 deputatur
2610 2736 2664 2791 in
2715 2739 2938 2795 semine.
2988 2741 3282 2797 Sentinatur
3327 2745 3473 2802 enim

1888 2837 2072 2892 corpus
2095 2825 2334 2892 animale,
2367 2828 2439 2881 ait
2466 2827 2571 2883 alio
2597 2828 2751 2895 loco;
2778 2841 2835 2886 ut
2860 2833 2926 2888 ad
2952 2849 3181 2892 messem
3209 2838 3471 2907 pertineat

1888 2914 2029 2983 quod
2053 2915 2312 2985 adjunxit,
2341 2928 2509 2991 surget
2534 2937 2714 2992 corpus
2742 2925 3002 2994 spirituale
3029 2926 3078 2998 (1
3108 2928 3225 2982 Cor.
3255 2945 3340 2996 xv,
3368 2929 3461 2999 26,

1885 3006 1996 3076 44).
2046 3005 2178 3062 Huic
2216 3024 2345 3079 ergo
2386 3013 2663 3067 sentcntiae
2692 3015 2947 3084 prephcta
2977 3019 3228 3086 concinit,
3260 3019 3467 3090 dicens,

1888 3095 1990 3161 Qui
2036 3099 2245 3153 seminat
2272 3101 2324 3155 in
2351 3102 2607 3171 lacrumis,
2638 3104 2689 3159 in
2714 3108 2899 3176 gaudio
2926 3119 3073 3163 metet
3103 3110 3279 3182 (Psal.
3305 3127 3463 3181 exxv,

1884 3185 1962 3258 5).
1984 3188 2129 3245 Bene
2154 3200 2331 3247 autem
2363 3196 2648 3264 seminare,
2680 3198 2731 3253 id
2758 3209 2858 3266 est,
2896 3202 3033 3258 bene
3070 3208 3299 3274 operari,
3341 3206 3469 3263 faci-

1883 3279 1985 3337 lius
2010 3292 2111 3349 est,
2145 3300 2303 3355 quam
2337 3288 2390 3341 in
2411 3304 2476 3344 eo
2504 3306 2864 3360 perseverare.
2896 3295 3120 3353 Fructus
3148 3301 3289 3355 enim
3328 3302 3467 3357 solet

1882 3375 2118 3433 laborem
2153 3381 2421 3437 consolari
2446 3400 2457 3435 :
2482 3387 2672 3441 messis
2696 3397 2871 3443 autem
2902 3397 3085 3445 nostra
3112 3392 3165 3445 in
3198 3394 3301 3448 line
3342 3409 3470 3463 pro-

1882 3469 2136 3536 mittitur;
2166 3482 2219 3527 et
2264 3473 2383 3530 ideo
2428 3482 2821 3546 perseverantia
2865 3497 2999 3552 opus
3043 3493 3145 3540 est.
3199 3485 3299 3550 Qui
3324 3470 3467 3543 enim

1883 3567 2263 3631 perseveraverit
2283 3584 2439 3638 usque
2463 3571 2515 3623 in
2542 3572 2716 3640 finem,
2750 3575 2831 3628 hic
2850 3577 3019 3631 salvus
3043 3579 3136 3632 erit
3157 3579 3377 3648 (Matth.
3408 3598 3461 3650 x,

1880 3652 1976 3723 22)
2010 3672 2022 3707 :
2052 3664 2103 3710 et
2148 3659 2402 3728 propheta
2433 3661 2656 3729 clamat,
2700 3664 2907 3721 Sustine
2934 3667 3227 3735 Dominum,
3260 3674 3466 3727 viriliter

1881 3760 2008 3813 age;
2052 3756 2096 3800 et
2143 3754 2450 3819 confortetur
2494 3770 2581 3808 cor
2636 3764 2802 3824 tuum,
2859 3768 2906 3812 et
2955 3762 3146 3816 sustine
3188 3762 3464 3820 Dominum

1883 3833 2053 3907 (Psal.
2084 3842 2373 3912 xxvr,14).
2410 3843 2561 3909 Quod
2604 3862 2745 3902 nunc
2785 3850 3071 3919 Apostolus
3107 3854 3216 3921 ait,
3264 3853 3464 3911 Bonum

1881 3926 2046 3981 autem
2076 3933 2331 4001 facientes,
2364 3934 2549 4007 inquit,
2580 3956 2681 3994 non
2709 3942 3022 4011 inﬁrmemur
3051 3961 3070 3999 :
3100 3949 3306 4017 proprio
3332 3949 3465 4005 enim

1883 4030 1977 4074 tem
1984 4039 2102 4090 pore
2128 4034 2368 4080 metemus
2396 4028 2753 4101 infatigabiles.
2783 4033 2963 4105 Itaque
2989 4038 3110 4091 dum
3135 4048 3336 4110 tempus
3362 4041 3461 4096 ha-

1881 4111 2050 4167 bemus
2073 4155 2087 4180 ,
2133 4132 2395 4186 operemur
2432 4119 2617 4175 bonum
2644 4123 2713 4176 ad
2741 4140 2929 4192 omnes,
2960 4129 3177 4183 maxime
3202 4140 3366 4185 autem
3393 4131 3462 4186 ad

1881 4204 2174 4260 domesticos
2198 4208 2335 4276 fidei.
2360 4209 2501 4277 Quos
2526 4228 2646 4267 cum
2667 4216 2990 4273 credendum
3018 4229 3119 4286 est,
3167 4222 3267 4277 nisi
3311 4222 3463 4279 Chri-

1880 4296 2081 4352 stianos
2106 4299 2443 4370 signiﬁcare?
2465 4303 2724 4361 Omnibus
2745 4308 2885 4362 enim
2912 4310 3019 4378 pari
3046 4310 3328 4369 dilectione
3356 4315 3465 4372 vita

1879 4398 2077 4444 tetcrna
2110 4392 2340 4461 optanda
2361 4402 2473 4461 est;
2501 4396 2595 4452 sed
2624 4413 2729 4452 non
2761 4400 3003 4457 omnibus
3025 4403 3207 4459 eadem
3242 4415 3463 4474 possunt

1880 4483 2116 4538 exhiberi
2144 4484 2442 4543 dilectionis
2467 4488 2657 4547 officia.

1950 4573 2038 4628 62.
2078 4573 2174 4645 [1b.
2211 4594 2280 4644 vt,
2328 4578 2533 4653 11-14.]
2579 4581 2777 4637 Deinde
2810 4599 2930 4640 cum
2979 4588 3266 4656 docuisset,
3294 4604 3457 4658 opera

1879 4664 1990 4735 ipsa
2020 4665 2193 4733 Legis,
2225 4685 2343 4738 qua:
2372 4680 2496 4726 sunt
2520 4673 2750 4729 salubria
2776 4685 2829 4731 et
2852 4678 2918 4733 ad
2948 4680 3114 4736 bonos
3134 4696 3311 4737 mores
3331 4697 3455 4751 per-

1879 4758 2070 4825 tinent,
2088 4759 2372 4819 dilectione
2390 4763 2510 4819 fidei
2530 4780 2687 4835 posse
2708 4771 3072 4825 tantummodo
3093 4771 3321 4842 impleri,
3346 4788 3456 4830 non

1878 4851 2069 4905 timore
2094 4851 2277 4907 servili
2302 4869 2316 4917 ;
2348 4854 2486 4910 redit
2510 4855 2578 4911 ad
2603 4858 2732 4913 illud
2761 4861 2898 4916 unde
2925 4870 3029 4915 tota
3059 4876 3217 4917 causa
3246 4864 3457 4935 agitur:

1894 4941 2113 5010 Vidistis,
2160 4944 2347 5015 inquit,
2399 4947 2629 5017 qualibus
2679 4950 2854 5005 litteris
2900 4950 3037 5005 vobis
3082 4954 3263 5023 scripsi
3304 4971 3458 5010 manu

1878 5052 2008 5089 mea.
2055 5034 2218 5093 Cavet
2252 5053 2321 5093 ne
2348 5040 2624 5113 quisquam
2653 5044 2751 5099 sub
2784 5044 2997 5100 nomine
3040 5046 3290 5115 Epistula:
3336 5048 3453 5119 ejus

1877 5128 2025 5183 fallat
2060 5128 2318 5185 incautos.
2352 5131 2451 5197 Qui
2476 5135 2666 5203 volunt,
2696 5134 2882 5205 inquit,
2912 5136 3109 5205 placere
3133 5137 3185 5191 in
3206 5154 3376 5205 carne,
3398 5140 3455 5194 hi

1877 5231 2061 5292 cogunt
2086 5238 2171 5277 vos
2194 5224 2486 5280 circumcidi
2509 5268 2522 5293 ,
2562 5235 2755 5281 tantum
2790 5235 2846 5280 ut
2871 5227 2922 5282 in
2948 5244 3093 5284 cruce
3123 5227 3310 5285 Christi
3338 5247 3457 5301 per-

1877 5315 2179 5369 secutionem
2205 5333 2307 5371 non
2324 5320 2596 5388 patiantur.
2610 5318 2829 5373 Multum
2844 5320 2983 5375 enim
3002 5323 3457 5392 persequebantur

1876 5405 2046 5461 Judaei
2071 5423 2163 5463 eos
2184 5409 2272 5479 qui
2295 5409 2606 5466 videbantur
2628 5409 2878 5465 deserere
2907 5411 3125 5467 traditas
3149 5412 3454 5483 hujusmodi
3526 5478 3541 5489 ν,

1878 5498 2305 5556 observationes:
2332 5517 2464 5572 quos
2490 5503 2600 5572 ipse
2620 5518 2777 5573 quam
2800 5519 2903 5559 non
2928 5506 3107 5560 timeat
3124 5507 3254 5563 satis
3271 5516 3452 5563 osten-

1877 5589 1971 5655 dit,
2000 5606 2119 5647 cum
2146 5593 2279 5649 tales
2302 5592 2505 5647 litteras
2529 5594 2689 5649 etiam
2710 5610 2804 5650 sua
2826 5611 2985 5651 manu
3005 5597 3243 5654 scribere
3267 5599 3452 5655 voluit.

1878 5683 2041 5741 Docet
2067 5702 2194 5758 ergo
2226 5688 2469 5742 timorem
2499 5687 2671 5744 adhuc
2706 5689 2759 5745 in
2802 5690 2918 5745 istis
2942 5692 3170 5761 operari,
3204 5702 3453 5764 tanquam

1877 5779 1977 5833 sub
2014 5780 2153 5849 Lege
2191 5780 2490 5836 constitutis
2512 5824 2525 5844 ,
2553 5781 2640 5844 qui
2669 5781 2734 5835 ad
2764 5783 3220 5839 circumcisionem
3256 5784 3456 5841 Gentes

1876 5880 2144 5939 cogerent.
2197 5880 2363 5941 Neque
2388 5876 2513 5930 enim
2538 5869 2619 5939 qui
2674 5873 2959 5933 circumcisi
2981 5886 3098 5935 sunt
3117 5919 3134 5941 .
3177 5877 3231 5936 hi
3264 5875 3454 5937 Leaena

2654 5983 2751 6007 (μεθ’
2775 5980 2852 6003 σε*
