4012 6470
513 408 649 468 2151

511 536 635 600 post
663 526 716 584 in
741 525 828 600 via
855 533 1122 584 saturatus
1147 526 1347 600 invenit
1379 524 1470 596 (lll
1496 525 1792 600 Reg._xm)_.
1838 524 2096 580 Jeremias

513 597 646 679 vero
693 597 868 679 adhuc
905 613 1089 679 puer,
1138 598 1587 679 nec’litterarum‘
1616 597 1944 678 doctrinam,
1995 610 2097 679 nec

511 670 679 724 virilis
692 666 984 740 prudentiae
1002 669 1236 740 vigorem
1253 667 1487 740 (quando
1503 683 1532 721 a
1553 667 1775 722 Domino
1788 666 1986 740 missus
2012 675 2094 722 est

512 737 856 811 prepltetare)
889 737 1110 794 habuit:
1138 739 1231 794 sed
1253 737 1410 811 quod
1449 747 1714 808 prtecepto
1753 737 2090 811 obediverat,

512 807 790 866 Scientiaxit
834 807 1136 880 quamﬁnon
1184 807 1469 873 habuerat,
1517 807 1756 878 accipere
1806 807 2096 880 promeruit

512 880 728 952 (Jerem.
751 897 801 948 ι,
819 878 964 952 419).
985 879 1138 936 Unde
1161 895 1290 952 ergo
1315 895 1418 934 non
1440 895 1572 952 mea;
1599 881 1802 952 exigua;
1829 878 2094 952 facultatis

511 950 828 1033 penuriam;
835 951 927 1006 sed
946 951 1369 1033 .przccipientium
1389 951 1662 1033 providam
1690 950 1886 1033 aspicio
1912 959 2094 1033 aucto-

512 1019 742 1077 ritatem.
790 1019 1049 1089 Quoniam
1087 1019 1134 1076 si
1173 1023 1228 1076 in
1266 1037 1351 1078 me
1389 1019 1673 1092 igniculum
1701 1021 1930 1092 aliquem
1960 1019 2092 1092 lucis

513 1108 619 1148 non
648 1092 962 1159 crederetis,
990 1093 1134 1147 nullo
1163 1092 1322 1147 modo
1345 1090 1472 1146 mihi
1492 1101 1596 1146 tam
1629 1090 1879 1160 praecipui
1913 1091 2088 1159 operis

511 1163 842 1232 ingeniosum
873 1164 1106 1218 laborem
1137 1163 1500 1232 iujungeretis.
1544 1163 1599 1216 In
1629 1163 1710 1216 his
1737 1160 2092 1232 voluminibus

512 1230 631 1289 talis
656 1234 1017 1302 dispositionis
1042 1234 1176 1288 ratio
1189 1230 1507 1298 intenditur,
1531 1242 1588 1286 ut
1613 1232 1814 1301 primus
1833 1230 2092 1302 deMoysi

511 1301 873 1360 Pentateucho
894 1345 910 1372 ,
938 1304 1203 1360 secundus
1253 1304 1318 1358 de
1369 1304 1644 1373 Prophetis
1670 1301 2003 1373 (a),itertius_
2025 1301 2092 1357 de

509 1373 657 1430 Novo
685 1370 1027 1439 Testamento
1052 1383 1390 1446 praenotetur.
1417 1370 1602 1446 cuncti
1625 1370 1973 1446 verolaboris
1991 1370 2093 1427 hoc

509 1460 830 1527 magnopere
858 1443 1081 1501 intentio
1111 1453 1387 1527 procurat,
1411 1453 1499 1527 _ut.
1532 1445 1585 1526 in
1628 1443 1874 1527 omnibus
1898 1443 2088 1527 rebus2

508 1515 562 1586 in
588 1511 778 1586 quibus
803 1526 953 1586 extra
979 1511 1338 1586 quotidianam
1361 1511 1872 1570 administrationem
1895 1511 2091 1582 aliquid

507 1585 703 1641 factum
730 1585 958 1653 videtur,
985 1585 1091 1641 non
1118 1602 1308 1640 novam
1338 1587 1408 1641 ibi
1443 1587 1607 1641 Deum
1629 1586 1803 1640 facere
1822 1593 2087 1651 naturam,

507 1656 602 1712 sed
651 1657 818 1726 ipsam
871 1672 1026 1727 quam
1076 1657 1130 1712 in
1175 1657 1435 1726 principio
1476 1655 1743 1722 condidit,
1793 1655 2091 1727 gubernare

505 1725 772 1782 ostendat.
803 1725 1069 1784 Praeterea
1097 1725 1255 1782 etiam
1286 1725 1467 1782 in’boc
1495 1742 1656 1796 opere
1684 1725 2002 1791 curavimus,
2033 1733 2092 1779 ut

507 1799 757 1867 sepositis
799 1797 973 1854 adhuc
1010 1798 1294 1869 ﬁgurarum
1333 1797 1717 1866 intellectibus,
1764 1811 1941 1852 rerum
1971 1804 2090 1850 tan-

507 1900 814 2024 I)r(:p)h:‘t3i‘lilts
834 1902 990 1954 codex
1012 1902 1354 1954 monasteriis.
1378 1902 1589 1954 Audoeni
1615 1901 1989 1965 Botomagensis,
2027 1898 2090 1951 de

1256 407 1347 464 DE
1385 397 1818 465 MlRABlLIBUS
1853 399 2100 464 SACRIE
2131 401 2559 474 SCRIPTURE,
2599 409 2655 464 S.
2695 407 3059 468 AUGUSTINI

3640 417 3782 478 2152

2200 523 2474 603 tummodo
2514 533 2798 603 gestarum
2825 527 3081 603 rationem
3123 529 3458 603 etuordinem
3483 546 3782 603 exponere.

2200 610 2338 668 mus.
2378 595 2640 668 Quoniam
2665 596 2719 650 in
2750 597 2832 651 his
2853 598 2983 654 locis
3013 599 3079 654 de
3107 599 3298 668 quibus
3321 595 3572 658 historica
3602 619 3782 660 narra-

2200 664 2344 740 tione
2386 667 2625 740 quaedam
2673 668 2967 740 tetigimus,
3017 664 3289 740 multiplex
3331 688 3586 729 sensuum
3626 675 3780 730 intel-

2200 735 2367 816 lectus
2393 737 2645 816 habetur;
2668 747 2721 792 et
2741 735 2789 816 si
2803 739 3006 816 deipso
3025 756 3120 816 per
3137 735 3345 812 singula
3366 744 3778 816 disputaremus,

2199 807 2457 886 plurimos
2481 808 2643 886 libros
2669 818 2722 886 e_t
2739 807 3000 886 longiOris
3013 807 3466 886 laboremcperis'
3481 807 3781 886 legentibus

2198 879 2574 958 praeberemus.
2605 879 2708 935 Sed
2739 879 2840 958 hoc
2869 883 3137 958 prtecipue
3153 879 3504 953 negligentius
3529 879 3782 943 omittere

2199 947 2394 1024 idcirco
2419 950 2515 1024 rati
2541 947 3368 1024 sumus,'quoniamquicumque
3395 966 3642 1012 auctores
3670 957 3782 1012 btec

2196 1016 2311 1096 loca
2347 1019 2629 1096 explanare
2665 1016 3016 1096 curaverunt,
3047 1016 3666 1096 mystieo'allegoriarum
3698 1029 3779 1082 in-

2200 1089 2461 1155 tellectui,
2491 1091 2722 1166 hocest,
2754 1091 2953 1166 ﬁguraii
2975 1089 3293 1164 expositioni
3313 1139 3328 1162 ,
3351 1089 3467 1166 quae
3493 1098 3546 1152 in
3578 1097 3665 1152 his
3694 1113 3779 1152 rc-

2197 1169 2344 1228 perta
2374 1171 2490 1226 est,
2521 1161 2874 1236 adhaeserunt.
2900 1163 3010 1218 Hoc
3034 1161 3209 1236 autem
3239 1161 3381 1236 opus
3400 1177 3576 1222 utrum
3606 1169 3776 1223 inter-

2196 1239 2312 1304 eat,
2344 1246 2411 1285 an
2443 1241 2678 1296 maneat,
2707 1234 2771 1304 in
2801 1244 2979 1288 vestro
3031 1235 3227 1304 pendet
3267 1234 3508 1293 arbitrio.
3551 1241 3639 1294 Ab
3673 1254 3780 1294 uno

2195 1302 2338 1378 enim
2374 1311 2637 1378 vestrum,
2669 1303 2862 1378 idest,
2887 1302 3132 1378 iBiathano
3156 1308 3169 1336 ¹
3193 1349 3217 1378 ,ν
3238 1317 3356 1376 post
3386 1319 3589 1378 patrem
3631 1309 3789 1363 Man-—

2196 1370 2481 1447 chinanum
2503 1374 2523 1404 ²
2553 1375 2596 1447 si
2623 1373 2755 1447 quid
2776 1375 3129 1446 intelligentia
3159 1370 3364 1445 addidi,
3386 1370 3452 1434 'et
3478 1379 3546 1433 ab
3576 1379 3781 1447 altero,

2196 1450 2254 1496 ut
2274 1443 2460 1514 credo,
2495 1444 2656 1497 saliva
2681 1445 2788 1499 oris
2808 1446 2922 1514 ejus
2946 1443 3116 1502 vicem
3146 1443 3387 1502 laborum
3414 1464 3631 1506 causam
3660 1443 3778 1504 sus;

2196 1513 2333 1582 cepi.
2399 1515 2481 1568 Ab
2533 1514 2779 1588 omnibus
2821 1513 2949 1588 vero
2974 1517 3267 1586 legentibus
3293 1521 3583 1588 generatim
3614 1522 3783 1577 oratio

2196 1593 2376 1638 nostra
2417 1594 2574 1656 atque
2611 1587 2796 1661 petitio
2830 1587 3101 1661 deplorati,
3128 1587 3387 1658 quatenus
3409 1606 3469 1646 ca
3496 1606 3619 1661 quae
3644 1591 3779 1644 dicta

2195 1663 2320 1710 sunt
2355 1666 2638 1724 antequam
2689 1657 2912 1714 decursa
2936 1657 3256 1730 intelligant,
3292 1657 3575 1717 occasione
3610 1662 3782 1732 aliqua

2197 1740 2303 1780 non
2333 1725 2623 1780 fastidiant.

2197 1740 2303 1780 non
2333 1736 2623 1780 lasudiant.

2259 1818 2275 1848 ³
2301 1817 2630 1885 Audoeuensis
2648 1824 2748 1877 Ms,
2786 1818 3019 1885 partiario.
3042 1825 3278 1885 fortasse,
3305 1819 3562 1885 Baithano,
3589 1823 3678 1885 qui
3701 1821 3784 1874 fuit

2193 1885 2358 1946 sectus
2381 1881 2652 1946 episcopus,
2675 1880 2801 1946 apud
2825 1882 3014 1944 Bedam,
3041 1881 3125 1932 lib.
3149 1881 3182 1932 ‘2
3203 1884 3340 1944 liist.,
3362 1896 3468 1946 cap.
3497 1883 3574 1935 l9.

2258 1943 2278 1973 ⁸
2301 1941 2415 1990 sud.
2440 1949 2519 1991 Ms.
2547 1941 2896 1993 Manchianum.

521 2061 3784 2090 W—m

1526 2169 2006 2280 LIBER
2087 2167 2740 2275 PRIMUS.

1834 2361 1902 2404 De
1923 2360 2064 2417 Moysn
2085 2353 2427 2405 Pentateucho.

1935 2488 2303 2538 -αθοοοθα

508 2612 734 2675 CAPUT
771 2612 1056 2672 PRIMUM.
1076 2643 1148 2656 —
1172 2611 1250 2667 De
1277 2611 1387 2667 Deo
1412 2609 1646 2668 Creatore
1673 2619 1718 2665 et
1740 2611 2092 2666 constitutione

1092 2693 1452 2739 creaturarum.

575 2759 708 2815 Cum
734 2757 1111 2826 omnipotentis
1136 2755 1231 2811 Dei
1251 2753 1444 2808 auxilio
1468 2753 1534 2826 de
1561 2753 1890 2826 mirabilibus
1913 2767 2092 2826 rerum

507 2832 749 2902 cupimus
779 2823 1009 2902 tractare
1030 2840 1352 2902 sermonem,
1382 2823 1518 2878 unde
1547 2823 1892 2902 repetendum
1917 2823 2091 2892 aptius

507 2912 562 2957 et
578 2894 898 2957 sumendum
925 2897 1134 2953 videtur
1155 2894 1460 2958 exordium,
1493 2909 1648 2963 quam
1675 2894 1741 2948 ab
1769 2894 1886 2964 ipso
1912 2908 2090 2948 rerum

507 2976 744 3027 omnium
773 2968 1055 3031 Creatore,
1098 2967 1164 3022 de
1201 2981 1307 3035 quo
1345 2980 1486 3034 szrpe
1512 2965 1784 3032 Scriptura
1815 2972 2092 3035 attestatur

507 3043 692 3098 dicens
725 3059 738 3095 :
771 3040 870 3105 Qui
911 3039 1031 3110 facit
1055 3033 1236 3108 magna
1275 3044 1321 3090 ct
1349 3033 1778 3110 linscrutabiliact
1803 3033 2086 3110 mirabilia,

507 3130 721 3183 quorum
773 3103 873 3183 non
911 3103 999 3183 :est
1053 3103 1287 3183 numerus
1338 3105 1490 3183 (Job.
1531 3123 1620 3183 ix,
1854 3103 2089 3183 Quorum

509 3173 745 3238 onmium
775 3180 1096 3236 mirabilium
1122 3178 1267 3232 velut
1291 3173 1578 3245 principale
1607 3173 1872 3246 quoddam
1896 3173 2087 3229 funda-

510 3263 746 3308 mentum
771 3252 997 3307 instiluit
1017 3292 1029 3316 ,
1057 3247 1484 3319 quando__omues
1517 3245 1647 3316 quas
1671 3245 1906 3319 condidit
1935 3259 2088 3299 crea-

511 3332 692 3390 turas,
729 3339 792 3378 ex
837 3321 1001 3375 nihilo
1043 3317 1187 3375 fecit.
1240 3317 1494 3390 {Etet-nus
1519 3332 1646 3386 ergo
1675 3325 1727 3370 et
1753 3317 2088 3384 omnipotens

509 3388 730 3448 Crcalor
757 3407 963 3456 rerum,
994 3391 1162 3444 trinus
1197 3399 1249 3444 et
1277 3388 1574 3443 individuus
1600 3401 1810 3455 semper
1836 3399 2085 3452 manens,

509 3465 627 3518 sine
668 3463 774 3518 ullo
821 3461 1068 3531 potentia:
1115 3474 1223 3514 sua:
1260 3457 1613 3522 detrimento,
1643 3458 1786 3531 solus
1811 3457 1924 3531 sine
1953 3465 2088 3531 tem-

510 3550 639 3604 pore
685 3525 907 3604 cunctas
938 3532 1208 3602 prteccssit
1251 3539 1519 3604 creaturas
1549 3546 1562 3582 :
1594 3542 1656 3604 a_c
1679 3525 1871 3604 deinde
1898 3535 1957 3604 ui
1984 3526 2088 3581 im-

507 3597 744 3659 iucnsam
792 3597 1078 3659 bonitatem
1108 3615 1170 3655 ac
1197 3601 1485 3670 potentiam
1529 3607 1581 3670 et
1623 3597 2047 3652 benevolentiam
2069 3638 2083 3662 ,

507 3691 640 3745 quas
686 3676 737 3730 in
777 3691 834 3729 sc
878 3675 1006 3745 solo
1045 3669 1445 3745 prius’habuit,
1490 3669 1650 3724 etiam
1685 3683 1776 3745 per
1817 3678 2088 3745 creaturas

506 3739 846 3808 ostenderet;
891 3760 956 3799 ex
999 3739 1209 3797 informi
1246 3740 1497 3806 materia,
1525 3754 1681 3808 quam
1708 3740 1820 3807 ipse
1850 3739 1996 3807 prius
2020 3755 2084 3794 ex

507 3817 674 3872 nihilo
713 3815 976 3879 condidit,
1009 3821 1318 3868 cunctarum
1349 3809 1630 3864 visibilium
1660 3819 1714 3864 et
1745 3809 2085 3864 invisibilium

506 3901 716 3950 rerum,
749 3887 850 3940 hoc
875 3893 986 3950 est,
1018 3883 1345 3939 sensibilium
1391 3891 1445 3936 et
1485 3880 1868 3935 insensibilium
1888 3921 1903 3945 ,
1933 3880 2087 3935 intel-

505 3957 804 4011 lectualimn
833 3965 887 4010 ct
917 3955 1186 4010 intellectu
1226 3952 1549 4019 carentium,
1591 3951 1795 4021 species
1824 3951 2088 4006 multifor-

505 4042 620 4081 mes
657 4028 853 4080 divisit.
880 4025 1062 4090 Quud,
1103 4035 1158 4078 ut
1192 4024 1309 4078 libri
1337 4022 1611 4078 Geneseos
1637 4022 1922 4077 auctoritas
1954 4036 2086 4076 con-

506 4097 712 4159 ﬁrmat,
742 4111 833 4164 per
863 4111 955 4148 sex
981 4095 1189 4164 dierum
1223 4095 1625 4147 alternationem
1651 4092 1897 4146 effectum
1925 4092 2086 4147 luisse

505 4163 865 4228 monstratur;
898 4166 969 4217 ita
996 4174 1052 4217 ut
1080 4165 1131 4217 in
1163 4163 1247 4218 die
1270 4171 1420 4215 sexto
1441 4172 1626 4216 cuncta
1650 4177 2082 4227 consummasse,

504 4250 623 4304 quin
645 4235 711 4288 ad
733 4233 1115 4304 institutionem
1139 4241 1195 4304 et
1223 4232 1622 4304 instructionem
1646 4231 1914 4304 pertinent
1937 4246 2086 4304 crea-

503 4300 671 4371 turtn,
703 4304 1005 4358 ﬁrmissime
1032 4302 1351 4356 declaretur.
1395 4301 1484 4354 Sic
1519 4301 1660 4371 enim
1695 4301 1942 4356 scribitur
1971 4318 1983 4354 :
2016 4300 2085 4356 Et

502 4375 862 4430 consummavit
890 4371 1027 4427 Deus
1052 4373 1219 4426 omnia
1249 4388 1400 4440 Opera
1425 4387 1515 4424 sua
1549 4371 1601 4424 in
1630 4370 1710 4423 die
1735 4383 1872 4425 sexto
1891 4415 1906 4438 ,
1933 4382 1981 4426 et
2003 4373 2086 4427 be-

502 4446 693 4499 nedixit
716 4445 849 4500 diem
873 4446 1175 4514 septimum,
1208 4441 1343 4514 quod
1361 4442 1418 4514 in
1442 4441 1550 4514 ipso
1576 4442 1809 4514 requievit
1836 4443 2087 4514 acomni-

501 4515 592 4588 lgus
636 4516 868 4588 aper-ibus
911 4512 1014 4568 suis
1062 4512 1230 4588 (Gen.
1259 4512 1456 4588 n,?_.)._
1503 4512 1578 4565 Ex
1604 4527 1707 4588 quo
1752 4512 2079 4588 intelligitur,

502 4581 678 4642 Deum'
699 4588 750 4641 in
772 4586 860 4642 die
884 4595 1035 4640 sexto
1063 4581 1238 4639 Omnia
1265 4583 1568 4654 perfecisse,
1597 4590 1652 4635 ut
1678 4582 1731 4636 in
1751 4581 1837 4637 die
1857 4581 2084 4654 septimo

501 4671 609 4712 non
638 4673 666 4712 a
699 4657 906 4722 labore,
950 4655 1045 4710 sed
1081 4654 1147 4707 ab
1184 4669 1347 4723 opere
1396 4653 1636 4708 videatur
1673 4653 1930 4709 cessasse.
1979 4655 2083 4710 Sed

500 4727 650 4798 quod,
685 4727 939 4782 Dominus
977 4723 1368 4798 Jesus_Jud:cis
1395 4723 1462 4778 de
1491 4723 1693 4778 sabbati
1731 4727 1912 4798 requie
1938 4742 2082 4795 qua:-

498 4793 740 4854 fcntibus
769 4795 1072 4867 respondit,
1114 4793 1276 4867 Pater
1303 4810 1442 4867 naeus
1476 4810 1638 4867 usque
1654 4793 2079 4867 modo’operatur,

499 4879 547 4923 et
574 4886 663 4939 ego
693 4864 875 4938 operor
901 4866 1079 4939 (Joan.
1104 4881 1165 4939 iv,
1199 4866 1322 4939 l7);
1369 4865 1515 4919 illum
1553 4864 1767 4939 quidem
1809 4864 2083 4939 diehsexto

499 4935 688 4996 cuncta
716 4935 1003 5008 perfecisse
1024 4945 1076 4992 et
1101 4938 1164 5008 in
1181 4935 1755 5008 septimoirequievisse
1784 4935 2079 5008 credimus,

498 5018 554 5064 et
588 5005 758 5080 usque
783 5009 939 5064 modo
963 5007 1171 5078 operari
1200 5005 1305 5060 neu
1335 5005 1654 5062 dubitamus.
1701 5005 2083 5080 sed_quemad-

457 5108 460 5112 -
498 5077 714 5134 modum
739 5089 861 5134 tunc
878 5077 1298 5142 conSununasse,
1316 5085 1370 5132 et
1390 5092 1527 5131 nunc
1544 5077 1750 5146 operari
1777 5077 1917 5132 idem
1940 5078 2082 5134 Deus

498 5149 822 5220 intelligitur,
852 5149 1096 5205 subtilius
1123 5147 1482 5220 investigatur.
1533 5146 1591 5200 In
1626 5146 1712 5220 die
1751 5149 1892 5203 enim
1929 5159 2082 5206 sexto

496 5217 791 5286 creaturae,
837 5231 1052 5274 naturas
1097 5217 1352 5290 perfecit,
1409 5232 1539 5288 quas
1582 5217 1878 5290 gubernare
1917 5221 2081 5277 etiam

497 5305 637 5346 nunc
663 5308 767 5346 non
788 5291 1000 5347 desinit.
1022 5289 1162 5346 Etin
1187 5290 1273 5346 die
1291 5290 1517 5360 septimo
1545 5289 1805 5360 requievit
1828 5290 1893 5345 ab
1917 5305 2082 5359 opere

495 5362 809 5433 creationis,
835 5363 924 5433 qui
949 5375 1215 5431 nunquam
1244 5359 1417 5416 cessat
1443 5375 1472 5414 a
1500 5359 1895 5433 gubernationis
1938 5362 2080 5432 regi-

497 5431 660 5488 mine.
701 5431 1006 5503 Tunc'ergo
1030 5441 1257 5503 creator,
1288 5431 1788 5503 nuncigubernator
1825 5432 2077 5503 Deus_in-

495 5503 810 5574 telligendus
854 5501 994 5560 est':
1037 5517 1100 5574 ac
1127 5518 1222 5572 per
1249 5502 1348 5556 hoc
1385 5501 1590 5557 etiamsi
1631 5501 1752 5574 novi
1795 5501 1991 5571 aliquid
2023 5503 2078 5558 in

493 5572 754 5630 creaturis
780 5575 974 5630 exoriri
999 5573 1304 5641 videamus,
1335 5589 1444 5628 non
1467 5587 1649 5628 creare
1671 5572 1743 5628 ibi
1764 5587 1954 5628 novam
1985 5589 2079 5628 na-

494 5654 698 5711 turam,
734 5645 829 5701 sed
858 5645 1151 5716 gubernare
1193 5644 1318 5716 olim
1364 5653 1597 5716 creatam
1637 5643 1775 5698 Deus
1811 5643 2076 5714 putandus

495 5725 598 5770 est.
626 5717 731 5772 Sed
761 5717 833 5772 ita
860 5715 1047 5786 potens
1081 5725 1162 5770 est
1203 5715 1256 5770 in
1295 5715 1674 5786 gubernatione
1700 5721 1956 5786 creatura:
1986 5716 2076 5784 qui

492 5787 759 5853 condidit,
788 5784 1032 5842 ut_veluti
1071 5784 1316 5841 naturam
1357 5802 1547 5842 novam
1591 5800 1777 5840 creare
1813 5784 2072 5852 videatur,

473 5870 617 5936 ,cttm
645 5857 714 5914 ab
732 5857 927 5916 abditis
955 5858 1157 5916 natum
1185 5860 1390 5918 sinibus
1408 5904 1424 5930 ,
1455 5859 1597 5933 quod
1637 5859 1690 5915 iu
1720 5856 1811 5913 illa
1835 5856 2071 5929 latebat,

689 5979 766 6019 ﬂ.

2199 2609 2481 2680 depromit.
2535 2605 2623 2664 Illa
2652 2609 2808 2680 igitur
2833 2608 3078 2666 inusitata
3107 2611 3487 2679 gubernatione
3505 2655 3522 2678 ,
3544 2628 3673 2668 cum
3701 2629 3783 2671 res

2198 2695 2294 2750 per
2339 2681 2662 2735 voluntatem
2714 2682 3001 2750 potentiam
3040 2683 3407 2750 gubernatoris
3459 2684 3780 2750 ostendunt,

2197 2751 2338 2822 quod
2368 2766 2462 2819 per
2493 2751 2780 2806 efﬁcaciam
2816 2751 3136 2822 quotidianae
3177 2753 3655 2810 administrationis
3680 2771 3781 2811 non

2198 2821 2411 2887 faciunt,
2441 2822 2491 2875 in
2517 2822 2800 2890 Seripturis
2829 2821 3087 2876 mirabilia
3117 2834 3497 2879 memorantur.
3522 2825 3631 2880 Sed
3660 2826 3780 2880 dum

2197 2891 2263 2946 de
2294 2891 2376 2946 his
2413 2893 2743 2964 mirabilibus
2772 2893 2926 2964 latius
2954 2893 3324 2962 postmodum,
3351 2895 3566 2964 quando
3597 2896 3663 2950 ad
3690 2912 3781 2951 eo-

2195 2977 2314 3016 rum
2355 2964 2466 3016 loca
2500 2963 2796 3017 venerimus
2818 3005 2832 3028 ,
2865 2963 3217 3028 disseremus;
3253 2966 3351 3018 hoc
3376 2963 3540 3019 ﬁxum
3571 2966 3782 3022 interim

2195 3044 2506 3156 permaneat
2525 3074 2539 3098 ,
2569 3033 2708 3103 quod
2737 3035 3116 3088 consummatis
3144 3043 3450 3088 naturarum
3491 3038 3782 3091 creationi-

2235 3117 2326 3156 us.
2355 3104 2406 3156 in
2436 3104 2522 3156 die
2549 3104 2774 3156 septimo
2808 3105 2945 3156 Deus
2966 3104 3032 3156 ab
3061 3119 3222 3156 onere
3260 3120 3354 3156 suo
3396 3107 3695 3156 reauievit-
3729 3116 3782 3156 et

2235 3117 2326 3168 us,
2355 3104 2406 3157 in
2436 3104 2522 3158 die
2549 3104 2774 3175 septimo
2808 3105 2945 3158 Deus
2966 3104 3032 3158 ab
3061 3119 3222 3174 opere
3260 3120 3354 3158 suo
3396 3107 3695 3175 requievit,
3729 3116 3782 3162 et

2195 3188 2336 3228 nunc
2366 3173 2703 3244 postmodum
2741 3189 2833 3244 per
2861 3189 3019 3228 onme
3047 3183 3253 3244 tempus
3278 3190 3308 3229 a
3334 3173 3593 3230 creatura:
3622 3179 3781 3232 totius

2194 3245 2574 3315 gubernatione
2599 3261 2704 3298 non
2725 3253 2919 3299 cessat.
2943 3244 3047 3300 Sed
3071 3245 3310 3315 quamvis
3337 3262 3431 3315 per
3456 3261 3550 3300 sex
3570 3247 3779 3302 dierum

2196 3314 2597 3370 alternationem
2621 3317 2793 3386 omnis
2820 3315 3059 3369 instituta
3088 3314 3250 3370 fuisse
3271 3314 3513 3370 creatura
3537 3317 3782 3386 perhibe-

2197 3391 2314 3450 tur;
2368 3402 2471 3439 non
2525 3395 2698 3439 tamen
2727 3385 2841 3439 haec
2879 3385 3401 3457 dierumalternatio
3430 3385 3781 3457 per’spatium

2197 3457 2452 3526 temporis
2498 3457 2844 3521 intelligitur:
2878 3457 2971 3511 sed
3014 3457 3069 3510 in
3097 3455 3179 3510 his
3218 3455 3442 3526 operum
3471 3455 3778 3513 viciSSitudo

2193 3524 2512 3581 declaratur.
2560 3527 2685 3580 Post
2714 3542 2940 3596 namque
2978 3527 3210 3582 historia:
3240 3524 3482 3582 narrator
3515 3527 3698 3583 divisit
3725 3530 3780 3584 in

2192 3610 2460 3668 sermone,
2485 3597 2622 3668 quod
2649 3598 2786 3652 Deus
2815 3613 2920 3652 non
2941 3597 3119 3651 divisit
3141 3599 3192 3652 iu
3222 3599 3400 3668 operis
3425 3599 3776 3668 perfectione.

2192 3666 2363 3723 Simul
2387 3666 2740 3740 enimcuneta
2760 3683 2877 3737 qua:
2897 3667 3162 3733 condidit,
3193 3666 3556 3740 Die—uscréavit
3582 3668 3776 3740 (Eccli.

2191 3752 2354 3805 xvm,
2388 3738 2477 3808 l),
2520 3738 2644 3793 dum
2683 3754 2789 3792 una
2826 3740 3094 3793 voluntate
3140 3739 3485 3808 multiplicem
3534 3738 3777 3795 omnium

2191 3809 2488 3878 specierum
2516 3809 2822 3863 varietatem
2856 3810 2965 3863 ﬁeri
2995 3809 3277 3880 disposuit,
3303 3811 3356 3863 in
3378 3825 3480 3880 qua
3502 3810 3777 3866 voluntate

2192 3894 2294 3934 una
2324 3880 2501 3934 omnia
2531 3880 2686 3934 simul
2715 3881 2838 3952 sine
2853 3891 3090 3952 tempore
3115 3895 3232 3936 esse
3257 3879 3410 3952 fecit,
3434 3896 3552 3950 qua:
3572 3881 3642 3935 ab
3662 3881 3778 3952 ipso

2190 3958 2308 4018 ortu
2333 3965 2430 4005 suo
2455 3965 2550 4018 per
2579 3959 2785 4018 tempus
2812 3949 3120 4018 dispensare
3148 3967 3253 4005 non
3281 3950 3496 4006 desinit.

2191 4017 2414 4076 CAPUT
2455 4017 2518 4076 ll.
2563 4050 2632 4060 —
2671 4017 2748 4075 De
2788 4017 3162 4075 rationabilium
3198 4031 3496 4075 naturarum
3541 4023 3780 4078 dissimilt

2887 4101 3095 4146 9660("0.

2887 4110 3095 4146 )CCCHIO.

2262 4160 2318 4235 in
2344 4161 2444 4217 hac
2468 4177 2595 4233 ergo
2620 4177 2799 4235 rerum
2824 4110 3390 4235 omniumconditione
3412 4162 3588 4232 primo
3614 4164 3777 4235 spiri-

2193 4232 2347 4304 t_ualis_
2390 4232 2641 4304 creatum
2673 4233 2951 4288 invisibilis
2996 4233 3322 4304 originalitcr
3371 4232 3660 4302 processit:
3707 4235 3779 4289 Et

2189 4300 2382 4372 deinde
2416 4318 2483 4357 ne
2509 4303 2649 4372 quod
2676 4304 2898 4358 interius
2925 4313 3039 4358 erat
3059 4300 3208 4366 [hoc
3236 4300 3470 4358 exterius
3497 4320 3604 4360 non
3627 4313 3779 4360 esset

2190 4371 2244 4443 in
2275 4373 2367 4426 Dei
2395 4371 2642 4443 operibus
2661 4415 2676 4441 ,
2700 4374 2856 4430 etiam
2887 4376 3180 4442 corporalis
3205 4384 3262 4429 et
3281 4375 3502 4430 visibilis
3531 4385 3777 4430 creatura

2190 4441 2303 4496 ﬁeri
2335 4441 2495 4513 coepit
2523 4463 2536 4496 :
2567 4446 2616 4498 in
2645 4461 2747 4515 qua
2773 4445 2952 4514 utique
2979 4441 3256 4514 principali
3285 4460 3460 4499 rermn
3492 4446 3775 4501 universa-

2190 4527 2307 4586 rum
2344 4515 2689 4586 generalique
2734 4517 2994 4586 divisione
3021 4557 3036 4581 ,
3081 4515 3215 4570 duas
3257 4516 3545 4570 rationales
3569 4557 3585 4579 ,
3616 4531 3778 4571 unam

2190 4583 2242 4637 in
2274 4585 2550 4653 spirituali,
2574 4583 2792 4641 alteram
2820 4585 2874 4639 in
2904 4586 3166 4656 corporali
3190 4586 3414 4640 instituit
3438 4596 3651 4642 creator
3675 4602 3775 4640 ua-

2190 4662 2334 4708 turas
2359 4696 2373 4718 ,
2419 4655 3035 4729 Angelorumuvidelicet
3075 4666 3129 4710 et
3178 4656 3449 4729 hominum
3478 4696 3498 4729 ,
3538 4657 3733 4729 quibus
3757 4697 3776 4725 ,

2188 4735 2346 4793 prout
2373 4735 2677 4796 naturarum
2707 4726 3003 4780 differentia
3028 4727 3260 4796 expetit,
3301 4728 3461 4782 etiam
3487 4726 3778 4782 habitatio-

2188 4810 2328 4868 num
2363 4796 2476 4868 loca
2517 4795 2782 4868 distinxit.
2809 4795 3010 4850 Caelum
3038 4795 3262 4868 namque
3287 4797 3506 4868 Angelis
3529 4838 3545 4862 ,
3576 4806 3776 4852 terram

2187 4864 2491 4936 hominibus
2537 4865 2874 4922 habitandam
2926 4864 3195 4936 praestitit."
3229 4864 3432 4935 Quibus
3480 4869 3776 4935 institutis,

2188 4935 2458 5008 utriusque
2488 4946 2688 4992 naturae
2710 4935 3006 5008 peceatum,
3030 4939 3350 5008 Angelorum
3376 4938 3578 4994 scilicet
3598 4948 3652 4994 et
3677 4939 3779 4992 ho-

2186 5007 2768 5090 minum-consequitur.
2944 5007 3173 5090 mandati
3206 5010 3557 5090 transgressio
3576 5025 3696 5080 qua:
3722 5009 3779 5064 in

2187 5075 2490 5133 hominibus
2520 5075 2651 5134 lac—ta
2682 5087 2827 5145 erat,
2858 5079 2978 5134 libri
3003 5079 3274 5136 Geneseos
3316 5075 3538 5134 historia
3584 5075 3780 5134 narra-

2186 5156 2290 5202 tur.
2323 5149 2679 5217 Quzcstionem
2701 5164 2828 5204 vero
2850 5165 2957 5204 non
2983 5149 3256 5205 minimam
3284 5150 3614 5206 intuentibus
3637 5166 3780 5221 prze-

2185 5227 2320 5285 stat,
2351 5235 2452 5290 qua
2481 5235 2638 5275 causa
2669 5221 2991 5290 Angelorum
3023 5221 3275 5276 delictum
3301 5221 3592 5290 Scriptura:
3620 5221 3779 5276 testi-

2184 5290 2397 5356 moniis,
2420 5291 2648 5361 qualiter
2675 5291 2868 5346 factum
2895 5301 3006 5359 est,
3038 5294 3308 5348 reticetur.
3332 5292 3587 5358 Quamvis
3614 5307 3777 5347 nam-

2185 5375 2290 5434 que
2309 5361 2408 5415 sub
2429 5377 2654 5431 persona
2675 5362 2977 5434 Babylonici
2999 5364 3138 5432 regis
3160 5363 3302 5434 illius
3327 5363 3580 5434 angelica:
3602 5365 3780 5417 ruina:

2183 5431 2344 5486 verba
2369 5448 2463 5501 per
2506 5431 2815 5502 prephetam
2846 5431 3200 5502 declarentur,
3228 5431 3494 5488 dicentem
3527 5451 3541 5487 ε
3571 5434 3780 5490 Sedebo

2183 5503 2236 5556 in
2262 5513 2426 5556 monte
2450 5502 2750 5558 Testamenti
2777 5546 2790 5567 ,
2837 5505 2890 5558 in
2925 5503 3160 5559 lateribus
3184 5505 3434 5575 aquilonis
3459 5521 3476 5558 :
3498 5505 3780 5560 ascendam

2182 5589 2332 5639 super
2358 5575 2674 5629 altitudinem
2705 5575 2909 5628 nubium
2932 5617 2946 5638 ,
2971 5583 3018 5628 et
3050 5576 3312 5644 wdiﬁcabo
3338 5577 3577 5630 thronum
3604 5591 3780 5629 nicum

2182 5645 2555 5716 adaquilonem
2575 5687 2590 5711 ,
2621 5656 2667 5700 et
2695 5663 2779 5700 ero
2804 5646 2982 5712 similis
3019 5647 3276 5700 Altissimo
3299 5645 3450 5716 (lsai.
3494 5663 3586 5701 xw
3611 5688 3625 5711 ,
3660 5646 3736 5699 15
3758 5685 3776 5710 ,

2183 5715 2273 5788 ii)
2303 5733 2316 5778 ;
2345 5715 2456 5770 lucc
2481 5716 2547 5771 de
2572 5733 2694 5786 rt-ge
2721 5717 3006 5788 Babylonis
3037 5717 3290 5772 historica
3310 5715 3649 5787 expositione
3680 5717 3776 5768 fa-

2180 5785 2375 5858 cillime
2398 5797 2617 5856 possunt
2638 5785 2886 5858 intelligi,
2913 5789 3012 5842 nisi
3039 5788 3174 5844 forte
3199 5785 3406 5850 ﬁgurali
3426 5788 3772 5858 expositione

2178 5856 2246 5914 de
2270 5871 2494 5928 corpore
2525 5858 2592 5914 ad
2611 5869 2767 5931 caput
2797 5856 2957 5919 verba
2982 5875 3078 5932 per
3100 5859 3409 5931 allegoriam
3438 5856 3777 5940 transit}.ng
