4012 6472
523 303 586 360 2i
596 302 666 359 59

523 432 648 475 nem
677 414 818 471 unde
849 413 1015 488 venit,
1029 420 1134 488 aut
1160 426 1264 482 quo
1290 409 1491 488 recedit
1529 409 1822 472 nescimus;
1857 407 2109 488 ita_e_t_iam

523 503 796 546 recessum
827 487 1006 540 diluvii
1029 477 1354 552 ignoramus.
1387 481 1517 552 Haec
1540 494 1768 547 namque
1804 477 2109 552 quotidiana

523 559 804 616 inundatio
833 559 914 610 his
941 558 992 609 in
1020 550 1108 609 die
1134 571 1162 606 a
1193 563 1431 622 tempore
1458 551 1524 606 ad
1555 560 1783 622 tempus,
1817 565 1908 617 per
1949 550 2110 622 horas

524 630 711 698 viginti
737 637 965 698 quatuor
987 640 1198 698 semper
1220 619 1518 698 peragitur,
1533 631 1586 698 et
1609 637 1702 698 per
1725 621 1971 698 Ialternas
2015 619 2114 672 he-

525 689 820 756 bdomadas
861 689 1192 752 Ledonis'et
1225 689 1432 748 Malinzn
1472 689 1776 745 vicissitudo
1820 701 2113 744 commuta-

526 780 615 826 tur
641 771 734 840 (α).
773 767 1176 840 ὃβὰίιειιρ-εςχ
1205 765 1366 818 horas
1399 762 1781 840 inundationis,
1811 769 1866 840 c_t
1893 761 2112 840 tOtidem

530 830 778 897 recessus
815 839 1001 902 habet;
1027 835 1216 890 Malina
1245 849 1373 889 vero
1398 833 1610 903 grandis
1639 847 1734 900 per
1760 833 1990 901 quinque
2018 830 2110 884 ho.

525 927 618 968 ras
646 910 853 975 ebullit,
881 923 937 964 et
963 922 1058 977 per
1097 905 1487 983 scptem__horas
1528 904 1762 983 litteram
1789 903 2115 983 dorsanretef

528 983 626 1052 git.
669 982 799 1050 Quae
838 973 1037 1033 tantam
1078 973 1418 1052 concordiam
1456 989 1574 1052 cum
1612 974 1737 1052 luna
1773 973 2023 1052 ostendit,
2043 981 2112 1052 Iut

529 1043 816 1124 antequam
857 1052 974 1124 [una
1005 1057 1285 1124 nascatur,
1316 1047 1483 1100 trilms
1522 1045 1708 1124 diebus
1747 1053 1806 1124 _et
1834 1043 2114 1124 duodecim

531 1115 689 1178 horis
709 1137 921 1190 semper
945 1119 1191 1188 incipiat;
1215 1127 1277 1195 _et
1306 1125 1426 1195 post
1460 1115 1723 1195 nascentis
1747 1115 1884 1167 luna:
1910 1115 2112 1195 princi-

572 1195 620 1247 ia
642 1194 774 1247 alios
803 1183 910 1245 tres
937 1183 1091 1256 dies,
1117 1197 1168 1242 et
1197 1183 1478 1243 duodecim
1512 1185 1671 1239 horas
1701 1183 2000 1256 consuescit
2021 1183 2117 1236 ha-

573 1209 620 1247 la
642 1209 774 1247 auos
803 1209 910 1245 tres
937 1209 1055 1246 ales
1073 1230 1091 1256 ,
1117 1209 1168 1242 Ct
1197 1209 1478 1243 (IlltltlBCllll
1512 1209 1671 1239 nurus
1701 1209 2000 1239 cutlsucstzlt
2023 1209 2116 1236 uil-

529 1209 662 1319 ﬁere
694 1282 708 1318 :
738 1263 982 1318 similiter
1015 1269 1070 1314 et
1097 1267 1218 1314 ante
1257 1257 1601 1327 plenilunium
1643 1255 1810 1308 tribus
1847 1255 2034 1327 diebus
2062 1261 2116 1308 et

533 1334 816 1389 duodecim
846 1333 992 1408 horis
1011 1331 1216 1399 incipit,
1247 1325 1300 1382 et
1323 1337 1446 1408 post
1471 1325 1690 1380 totidem
1723 1325 1974 1408 temporis
1998 1341 2118 1378 cur-

533 1421 627 1458 sus
655 1406 736 1458 sui
783 1402 1066 1457 terminum
1094 1398 1377 1476 consumit.
1408 1398 1511 1452 Sex
1539 1411 1666 1450 vero
1705 1398 2118 1476 uniuscujusque

535 1475 794 1544 temporis
817 1473 1055 1544 Malinas,
1083 1473 1225 1544 veris
1253 1469 1454 1522 scilicet
1475 1476 1531 1522 et
1559 1467 1776 1544 aestatis.
1804 1467 2038 1544 autumni
2063 1474 2119 1520 et

537 1537 732 1600 hiemis
756 1586 770 1608 ,
802 1541 1091 1618 secundum
1123 1543 1360 1618 lunarem
1386 1538 1809 1618 supputationem
1833 1579 1848 1602 ,
1881 1537 1982 1592 hoc
2005 1544 2112 1618 est,

537 1615 696 1670 simul
728 1629 914 1668 omnes
954 1613 1138 1682 viginti
1167 1620 1405 1682 quatuor
1431 1609 1792 1682 unusquisque
1817 1609 2118 1682 communis

537 1700 710 1741 annus
752 1683 912 1738 habet
930 1725 958 1758 ,_
970 1678 1214 1758 eiceptis
1253 1680 1497 1758 videlicet
1535 1678 1880 1758 enibolismis,
1923 1678 2012 1746 qui
2043 1678 2120 1758 vi—

538 1757 684 1828 ginti
714 1765 775 1828 et
812 1770 902 1808 sex
933 1747 1160 1828 Malinus
1197 1752 1468 1828 retinent_:
1510 1757 1564 1804 et
1602 1748 2010 1828 uniuscujusque
2053 1747 2120 1802 de

541 1818 811 1896 pnedictis
841 1823 1171 1898 temporibus
1198 1821 1385 1898 media;
1415 1819 1554 1898 dnze,
1581 1818 1827 1871 videlicet
1876 1818 2118 1898 :equino-

539 1890 746 1960 ctiales,
769 1906 821 1950 et
851 1890 968 1946 alite
995 1893 1207 1970 quando
1219 1893 1298 1944 vel
1323 1891 1438 1970 dies
1460 1890 1541 1944 vel
1567 1903 1673 1970 nox
1697 1903 1882 1970 cursus
1911 1890 2122 1970 sui_ter-

543 1959 746 2022 minum
769 1959 1052 2029 consumii,
1077 1965 1232 2016 solito
1261 1962 1484 2015 validior
1511 1975 1574 2013 ac
1599 1959 1940 2029 imtmlatimtc
1967 1959 2123 2012 altior

543 2036 658 2092 fieri
683 2036 1002 2092 consoescit.
1035 2028 1358 2102 Interpositis
1397 2045 1521 2102 vero
1564 2031 1746 2099 spatiis
1785 2028 2122 2102 ilcrmnuin-

543 2108 778 2162 tumdem
805 2120 1016 2174 semper
1040 2099 1190 2158 Lede
1215 2101 1697 2174 intermittitur._At
1721 2113 1850 2152 vero
1893 2099 2122 2174 rationa-

543 2179 665 2233 bilis
710 2177 864 2246 hujus
921 2171 1334 2246 perseverantiae
1383 2171 1656 2226 inundatio
1682 2211 1696 2234 ,
1737 2179 1842 2246 quo
1885 2171 2122 2236 recedit,

547 2240 816 2302 mentibus
860 2240 1054 2300 nostris
1099 2244 1359 2298 occultata
1402 2251 1485 2296 est
1515 2259 1526 2292 :
1561 2255 1663 2292 non
1695 2240 1952 2292 minorem
2005 2257 2126 2307 pro-

545 2318 740 2374 fectum
769 2316 1125 2371 nesrientibus
1157 2319 1419 2382 praeparat
1455 2311 1675 2382 scientia
1717 2309 1962 2362 hominis.
1995 2309 2126 2382 Nam

545 2388 638 2457 qui
667 2401 846 2441 veram
875 2380 1182 2457 sapientiam
1201 2380 1375 2457 copit,
1407 2380 1474 2434 ad
1501 2389 1757 2457 aeternum
1787 2395 2008 2457 regnum
2039 2381 2124 2457 ubi

549 2449 696 2511 nulla
725 2467 808 2511 est
836 2449 1131 2524 ignorantia
1153 2494 1168 2518 ,
1195 2453 1444 2506 festinare
1469 2449 1756 2524 contendat
1776 2491 1790 2514 ,
1823 2462 1876 2504 et
1919 2451 2126 2504 interim

545 2542 668 2582 cum
693 2519 882 2596 insigni
908 2525 1142 2594 gentium
1173 2524 1424 2591 magistro
1451 2521 1594 2596 dicat
1618 2538 1647 2596 :_
1669 2519 1748 2572 Ea:
1777 2531 2127 2596 parle_c_ogr_t_o-

546 2598 754 2658 scimus,
785 2589 832 2650 ἃ
857 2589 926 2650 θεέ
955 2603 1096 2664 parte
1137 2589 1492 2672 prophetnpms
1529 2589 1725 2663 (lCor.
1766 2605 1880 2672 xm,
2039 2591 2130 2670 Et-

545 2670 687 2722 enim
719 2681 905 2721 onmes
932 2661 1040 2730 res,
1065 2679 1198 2735 quas
1220 2661 1569 2735 possidemus,
1609 2676 1672 2714 ex
1701 2671 1848 2735 parte
1873 2661 1960 2714 vix
1987 2661 2130 2715 novi-

548 2753 686 2792 mus.
716 2737 896 2792 Terrae
925 2733 1150 2802 namque
1199 2733 1509 2800 superficies
1551 2734 1601 2784 in
1643 2747 1746 2799 qua
1788 2733 2087 2802 laboramus
2112 2773 2126 2796 ,

547 2811 738 2864 alimur
766 2848 781 2872 ,
839 2801 1077 2860 vivimus
1113 2811 1168 2858 et
1215 2811 1613 2866 sustentantur,
1661 2801 1857 2854 nostris
1913 2810 2133 2870 apparet

546 2879 850 2940 obtutibus;
874 2875 968 2932 sed
991 2885 1164 2930 tamen
1189 2873 1455 2943 quomon
1481 2873 1566 2925 illa
1587 2881 1934 2937 sustentatur,
1961 2873 2133 2926 adhuc

547 2951 874 3020 ignoramus.
919 2945 1010 3020 S__ol
1059 2947 1110 3000 in
1165 2941 1512 3020 ministerium
1563 2951 1758 2996 nostra:
1805 2944 2132 3020 n_ecessitatis

546 3012 646 3091 per
670 3021 811 3074 diem
841 3017 1081 3080 traditur,
1109 3015 1200 3091 sed
1228 3013 1436 3091 qualem
1467 3014 1516 3091 in
1549 3025 1703 3067 nocte
1719 3012 2018 3091 profecunn
2042 3029 2132 3091 ex-

548 3084 810 3159 sequitur,
840 3104 869 3142 a
901 3095 1078 3140 nostra
1109 3085 1326 3159 scientia
1354 3085 1670 3159 occultatur.
1716 3084 1877 3159 Luna:
1905 3084 2132 3150 quinde-

549 3153 654 3216 cim
680 3153 868 3214 diebus
887 3158 1194 3217 crescentis,
1223 3164 1278 3209 et
1303 3153 1520 3208 totidem
1545 3165 1783 3221 tempore
1809 3157 2126 3207 decrescen-

549 3232 638 3293 tis,
673 3231 830 3284 totius
855 3227 1232 3281 vicissitudinis
1269 3241 1454 3279 causas
1493 3227 1610 3293 quis
1661 3225 1954 3293 intelligere
1983 3224 2131 3276 suI'Ii-

549 3301 692 3354 ciat?
739 3300 894 3353 Maris
921 3297 1222 3351 iuundantis
1249 3306 1484 3349 tumores
1511 3295 1845 3349 considerare
1876 3295 2133 3363 permitti-

551 3385 704 3436 mur,
735 3369 836 3422 sed
877 3368 1174 3421 recedentis
1203 3367 1342 3419 illius
1372 3365 1716 3431 intelligentia
1758 3365 2040 3433 privamur.
2075 3365 2130 3418 In

551 3439 947 3508 nobismetipsis
983 3439 1124 3494 diem
1165 3439 1360 3490 nostrae
1389 3437 1683 3508 nativitatis
1702 3437 1896 3489 scimus
1925 3445 1978 3488 et
2019 3451 2132 3488 me-

550 3505 860 3573 moramus;
892 3509 1030 3562 diem
1083 3508 1269 3560 mortis
1314 3511 1526 3575 quando
1569 3505 1780 3567 veniet,
1824 3521 1944 3559 cum
1989 3515 2134 3560 certe

553 3591 771 3635 ventura
801 3581 889 3644 sit,
923 3579 1206 3633 nescimus.
1253 3577 1359 3631 Res
1383 3578 1540 3630 etiam
1571 3576 1876 3644 corporales
1903 3592 2033 3644 quas
2059 3577 2136 3629 vi-

552 3651 775 3716 demus,
819 3665 882 3703 ex
921 3657 1070 3718 parte
1112 3656 1312 3701 tantum
1353 3649 1702 3718 considerare
1723 3661 2024 3714 possumus.
2057 3648 2130 3701 Ex

551 3731 702 3792 parte
735 3735 862 3792 ergo
887 3717 1254 3792 cegnoscinms
1273 3759 1287 3782 ,
1317 3717 1573 3792 quamdiu
1611 3717 1661 3792 in
1692 3717 1792 3792 hoc
1819 3718 2010 3770 seculo
2047 3733 2135 3792 sn-

555 3787 694 3847 inus.
731 3787 836 3847 Sed
869 3791 912 3843 si
941 3787 1007 3844 ad
1049 3791 1189 3844 illam
1220 3789 1391 3841 lucem
1439 3787 1606 3840 Patris
1637 3787 1892 3840 luminum
1921 3789 2134 3841 veneri-

550 3879 692 3928 mus,
722 3862 852 3916 nihil
879 3861 929 3913 in
959 3860 1217 3914 creaturis
1245 3859 1342 3911 erit
1373 3858 1512 3926 quod
1555 3859 1869 3928 nesciamus.
1919 3858 1987 3910 At
2011 3871 2137 3912 vero

511 3973 514 3976 -
551 3943 612 3990 ut
641 3927 878 3988 nostrum
914 3945 1198 3998 sentiantur
1242 3931 1565 3996 propositum
1597 3927 1776 3998 inisto
1815 3928 1994 3982 diluvii
2029 3938 2132 3981 tam

553 4020 746 4074 magno
775 4005 826 4056 in
859 4002 948 4054 Dei
977 3997 1238 4074 creaturis
1247 3998 1514 4074 miraculo
1533 4039 1551 4074 ,_
1591 3997 1743 4074 nihil_
1763 4008 2140 4074 conn-amatu-

551 4067 669 4131 τειιῦ
691 4073 884 4126 factum
910 4087 1028 4126 esse
1053 4067 1644 4148 ostenilituquuooiam
1677 4069 1802 4148 nihil
1833 4068 1973 4137 quod
1999 4069 2137 4122 Deus

553 4145 608 4196 in
637 4153 996 4197 creaturarum
1023 4141 1193 4210 prima
1231 4139 1533 4210 conditione
1549 4155 1665 4210 non
1677 4139 1908 4210 fecerat,
1946 4153 2134 4210 supcr-

553 4213 825 4268 inductnm
855 4225 975 4264 esse
1015 4207 1254 4266 videtur;
1287 4208 1383 4260 nisi
1425 4207 1561 4272 quod
1594 4207 1747 4260 solito
1785 4207 2138 4262 abundantior

557 4286 720 4336 maris
748 4283 922 4351 copia,
954 4289 1008 4332 et
1033 4279 1277 4351 imbrium
1317 4278 1876 4351 ductaeongregatur.
1919 4277 2134 4351 Nihilin

557 4351 640 4404 his
664 4346 978 4406 auctoritate
1013 4349 1330 4418 firmaverim
1352 4388 1366 4410 ,
1395 4357 1453 4399 ut
1479 4347 1547 4418 in
1571 4346 1878 4400 defensione
1915 4349 2136 4418 alicujus

554 4425 920 4476 contentiosns
961 4422 1101 4473 sim:
1131 4417 1222 4471 sed
1255 4418 1296 4470 si
1339 4418 1460 4486 quid
1504 4417 1718 4470 alterius
1763 4419 1970 4486 ingenio
2003 4417 2137 4472 forte

555 4493 762 4548 meliori
791 4490 1134 4561 intelligentia
1167 4489 1717 4561 hornmisuccurrerit
1739 4530 1754 4552 ,
1798 4490 1897 4542 hoc
1919 4499 1978 4561 et
2018 4505 2136 4542 meo

555 4564 826 4633 ingeniolo
848 4559 1066 4615 forsitan
1093 4559 1460 4627 complacehit.
1487 4559 1764 4633 Ego‘enim
1790 4559 2008 4633 (modio
2038 4561 2138 4614 hoc

553 4629 932 4702 magistrorum
950 4645 1404 4702 quorumcumque
1431 4629 1914 4702 eruditiocontnlit,
1935 4631 2138 4702 litteru-

552 4706 620 4762 lis
651 4701 733 4759 his
759 4701 1017 4762 intimavi.
1047 4703 1100 4756 in
1138 4701 1330 4771 quibus
1363 4701 1406 4753 si
1429 4701 1554 4768 quid
1583 4701 1852 4764 vitiosum,
1883 4711 1936 4754 et
1962 4701 2138 4755 minus

555 4791 700 4832 sana:
718 4774 1026 4829 intentionis
1051 4779 1302 4842 apparet;
1326 4785 1428 4824 non
1447 4771 1682 4836 illorum,
1701 4771 1796 4825 sed
1817 4787 1931 4825 mea
1953 4773 2139 4828 tituba-

550 4849 628 4902 vit
655 4846 899 4902 intentio.

614 5009 690 5074 (a)
712 5009 838 5074 Beda
859 5009 929 5074 de
943 5015 1043 5061 ttat.
1067 5015 1242 5072 temp,
1276 5020 1379 5070 cap.
1414 5005 1476 5057 28
1499 5021 1571 5074 :_¢
1591 5013 1768 5074 mus,
1791 5009 1882 5074 ait,
1909 5021 2138 5074 crescen-

551 5069 634 5124 tes
657 5069 875 5132 italinas,
901 5069 1248 5122 decrescentes
1276 5069 1457 5128 autem,
1491 5069 1952 5132 placuitiappellare
1991 5071 2138 5120 Leda-

550 5147 635 5188 ues
651 5148 669 5197 ;
685 5151 710 5182 ι
741 5131 944 5199 perinde
967 5132 1172 5199 loquens
1187 5143 1243 5180 ac
1263 5131 1729 5199 si_recens__hunc__in
1756 5144 1896 5199 usum
1919 5132 2138 5199 adhiberi

551 5191 818 5256 erupissent
839 5208 898 5245 ea
921 5191 1166 5242 vocabula.
1195 5193 1324 5256 Apud
1349 5193 1618 5256 marcellum
1649 5193 1946 5256 Empiricmn,
1969 5194 2053 5256 qui
2088 5195 2138 5256 in

551 5211 628 5247 om
663 5211 818 5247 Issent
839 5211 898 5245 ea
921 5211 1166 5242 vocabula.
1195 5211 1324 5255 Apuu
1349 5211 1618 5242 marcentqu
1649 5211 1946 5254 ιιιιιιςιιΊεωιι,
1969 5211 2053 5256 qm
2089 5211 2137 5244 tn

551 5211 698 5308 Gallia
718 5257 984 5324 'rbeoJosio
1005 5255 1200 5324 seniore
1217 5255 1487 5324 imperante
1511 5254 1648 5324 visit,
1675 5251 1904 5324 tiquitth
1927 5263 1982 5304 et
1999 5255 2137 5306 Mali-

555 5332 684 5382 nam,
711 5333 848 5382 capp.
877 5317 935 5366 16
979 5323 1032 5382 et
1059 5313 1340 5382 25,1egere
1365 5323 1466 5370 est;
1499 5315 1586 5382 sed
1625 5317 1675 5363 in
1711 5313 1979 5382 Signiﬁcatu
2014 5330 2136 5365 non-

553 5377 680 5430 nihil'
696 5377 908 5437 diverso,
932 5379 1004 5428 uti
1032 5377 1260 5427 observat
1283 5386 1333 5426 \'.
1357 5383 1434 5426 CL.
1459 5385 1510 5426 D.
1536 5377 1601 5426 du
1617 5377 1778 5438 (range
1799 5378 1848 5426 in
1874 5377 2025 5428 Gloss.
2041 5386 2138 5430 Ca3-

553 5449 718 5490 terum
750 5443 888 5491 Bedte
910 5442 960 5490 in
985 5439 1211 5502 przedicto
1234 5438 1318 5502 lib.
1341 5453 1444 5501 cap.
1469 5439 1517 5498 8,
1543 5445 1807 5502 nostroque
1829 5442 2012 5489 auctori
2039 5441 2134 5501 hic,

556 5503 681 5564 Lede
705 5509 783 5552 est
803 5509 954 5552 aestus
987 5499 1074 5550 ille
1097 5503 1242 5550 maris
1262 5499 1530 5564 languidior
1553 5501 1634 5564 qui
1667 5499 1755 5562 per
1777 5508 1982 5564 quatuor
2007 5499 2136 5564 pene

551 5563 665 5628 dies
685 5571 782 5614 tam
802 5572 917 5614 ante
938 5576 1082 5628 quam
1112 5569 1221 5625 post
1253 5561 1523 5628 secundum
1531 5561 1845 5628 ultimamque
1867 5561 1994 5613 lunae
2007 5561 2136 5628 qua-

553 5625 825 5684 drattn'am,
863 5621 1034 5676 mense
1071 5621 1364 5687 unoquoque
1396 5625 1595 5687 accidit;
1627 5621 1792 5687 malini;
1829 5635 1946 5687 vero
1989 5621 2137 5678 estus

553 5687 914 5814 ἱῗὲᾳὶιιθὶιὲξτ,
935 5683 1225 5750 contingens
1242 5683 1419 5738 diebus
1437 5685 1546 5740 aliis
1580 5685 1644 5736 ad
1663 5683 1960 5740 novdunium
1991 5693 2044 5738 et
2075 5691 2136 5739 ad

639 5763 690 5798 ιιι
709 5763 774 5798 un
877 5783 891 5800 .

609 5761 891 5800 emtuntum.

1279 295 1366 351 DE
1395 289 1830 352 MIRABILlBUS
1855 286 2102 346 SACRAE
2137 284 2569 364 SCRIPTURE.
2611 286 2670 343 S.
2713 284 3076 345 AUGUSTINI

2293 403 2517 460 CAPUT
2559 405 2689 459 VIII.
2710 436 2779 446 —
2799 406 2872 461 De
2895 424 3044 463 cursu
3066 407 3188 464 solis
3215 417 3262 464 et
3281 409 3416 464 tunc
3435 411 3488 464 in
3515 411 3730 470 diluvia.

2291 476 2364 528 Dc
2405 476 2646 551 terminis
2664 518 2678 542 ,
2706 477 2776 551 de
2799 493 3016 551 recursu
3043 481 3169 534 solis
3197 491 3251 536 et
3290 481 3430 535 Iunce
3475 482 3526 536 in
3561 483 3764 540 diluvio
3787 526 3804 551 ,

2217 548 3076 622 quamvisdumosa-plurimorum
3107 561 3310 605 mentes
3337 553 3562 620 quzestio
3596 548 3804 622 pulsat;

2220 617 2349 670 nihil
2395 618 2444 670 in
2475 617 2810 672 Inminarinm
2841 631 2930 673 aut
2957 622 3184 676 siderum
3221 617 3491 677 consuetis
3526 617 3806 682 ministra;

2218 687 2450 764 tionibus
2477 689 2733 764 diluvium
2764 701 3116 764 commutasse
3134 733 3150 758 ,
3181 693 3348 764 ipsius
3374 695 3498 746 anni
3523 711 3634 764 quo
3659 697 3804 750 dilu-

2219 759 2360 810 vium
2383 769 2464 812 est
2491 759 2703 824 factum,
2728 775 2914 815 cursus
2935 761 3253 816 manifestat.
3276 762 3388 817 Noe
3413 759 3558 818 enini
3589 768 3810 822 secundi

2217 828 2425 883 decimo
2469 829 2695 903 septimo
2737 831 2824 886 die
2863 832 3062 886 mensis
3098 847 3220 887 cum
3251 835 3546 903 universis,
3579 853 3700 903 qua:
3739 838 3812 892 ad

2217 914 2341 982 eum
2381 901 2750 982 pertinebant,
2795 916 2974 982 arcam
3006 903 3218 982 intravit
3245 902 3413 974 (Gen.
3443 920 3532 966 vn,
3563 901 3654 982 tl,
3685 908 3810 982 15).

2217 969 2347 1046 Post
2374 979 2584 1046 centum
2611 973 2990 1046 quinquaginta
3015 973 3129 1046 dies
3173 975 3225 1026 in
3256 969 3442 1046 mense
3479 969 3709 1046 septimo
3735 969 3816 1034 vi-

2218 1041 2420 1109 gesimo
2446 1041 2672 1108 septimo
2695 1041 2782 1096 die
2802 1044 3024 1109 mensis,
3053 1044 3104 1097 in
3134 1045 3404 1098 montibus
3427 1041 3698 1102 Armeniae
3726 1065 3818 1103 ea-

2217 1111 2338 1164 dem
2364 1125 2486 1164 arca
2516 1112 2792 1180 requievit.
2825 1114 3001 1167 Prima
3027 1114 3112 1168 die
3137 1113 3330 1168 decimi
3358 1118 3632 1171 cacumina
3657 1135 3816 1174 mon-

2221 1181 2350 1260 tium
2380 1193 2756 1260 apparuerunt.
2800 1183 2868 1238 Et
2906 1185 3073 1260 prima
3101 1183 3190 1260 die
3231 1188 3429 1260 mensis
3459 1188 3614 1256 primi
3657 1204 3815 1260 aqua

2219 1251 2438 1304 minute
2463 1261 2602 1305 sunt.
2631 1253 2805 1322 Atque
2833 1251 3047 1309 evolnto
3069 1255 3196 1309 anni
3229 1256 3432 1310 circulo
3448 1251 3473 1321 ,’
3506 1273 3694 1314 mense
3707 1251 3812 1316 se-

2218 1323 2393 1375 eundo
2417 1363 2432 1386 ,
2483 1323 2730 1392 vigesima
2775 1325 2997 1392 septima
3037 1325 3124 1379 die
3163 1327 3362 1380 mensis
3400 1327 3633 1382 arefacta
3669 1339 3814 1387 terra

2219 1392 2575 1464 conspicitur;
2613 1408 2715 1462 qua
2755 1393 2844 1450 die
2886 1395 3093 1450 Domini
3131 1395 3314 1464 jussu,
3359 1395 3472 1452 Noe
3496 1413 3618 1452 cum
3661 1403 3818 1456 omni

2221 1461 2382 1538 domo
2425 1461 2774 1538 suadearca
2804 1478 3051 1538 egressus
3086 1461 3170 1520 est
3194 1465 3456 1538 (ld._vm,
3489 1468 3681 1538 4-18).
3727 1471 3812 1526 Ex

2224 1533 2431 1608 quibus
2457 1533 2664 1608 indiciis
2689 1533 3114 1608 manifesﬁssime
3141 1533 3457 1608 ostenditur,
3491 1533 3712 1608 quodin
3747 1542 3816 1598 iis

2221 1618 2340 1677 qme
2369 1602 2433 1677 ad
2463 1603 2598 1677 anni
2615 1605 2868 1677 circulum
2891 1606 3252 1677 peragendum
3281 1602 3631 1676 pertinebant,
3661 1611 3714 1664 in
3737 1611 3816 1666 lu-

2223 1674 2502 1747 minariutn
2533 1674 3236 1747 ministrationibusgdierum
3266 1674 3328 1732 ac
3370 1680 3606 1732 noctium
3635 1681 3818 1747 pleni-

2222 1743 2404 1798 tudine
2429 1743 2672 1808 decursa,
2705 1745 2831 1800 nihil
2861 1746 3122 1802 decedere
3145 1749 3370 1802 videtur.
3395 1748 3452 1803 Si
3479 1743 3816 1806 enim'lumi-

2230 1813 2433 1889 parium
2457 1815 2641 1889 ,__solis
2678 1817 2880 1871 scilicet
2901 1825 2956 1889 et
2981 1818 3359 1889 lunac,cursus
3387 1819 3438 1872 in
3469 1819 3652 1889 aliquo
3685 1823 3815 1876 titu-

2229 1883 2413 1956 bat-et;
2459 1883 2666 1956 dierum
2697 1901 2765 1956 ac
2806 1887 3040 1942 noctium
3087 1888 3330 1956 primitus
3368 1883 3709 1952 vicissitudo.
3759 1903 3819 1947 et

2239 1950 2430 2006 deinde
2453 1955 2623 2028 totius
2644 1955 2767 2028 anni
2784 1957 3011 2028 circulus
3035 1950 3318 2025 impeditus
3339 1967 3654 2028 appareret:
3683 1950 3816 2014 dum

2239 2035 2365 2074 vero
2381 2022 2526 2075 nullo
2543 2025 2699 2078 modo
2713 2027 2949 2081 turbatus
2961 2028 3011 2080 in
3029 2042 3088 2082 se
3109 2022 3232 2080 anni
3260 2022 3488 2082 circulus
3505 2031 3818 2094 revertitur,

2237 2094 2568 2148 manifestum
2611 2105 2692 2166 est
2717 2097 2856 2162 quod
2885 2097 2934 2150 in
2965 2113 3106 2152 anno
3129 2099 3462 2166 prtecedente
3493 2100 3820 2154 luminarutn

2235 2177 2422 2217 cursus
2448 2180 2554 2218 non
2583 2165 2840 2220 turbatur.

2415 2232 2638 2289 CAPUT
2773 2257 2860 2308 '-_-
2884 2237 2964 2291 De
2991 2238 3302 2308 dispersione
3321 2239 3634 2308 linguarum.

2297 2301 2411 2356 Jam
2449 2305 2694 2377 generali
2739 2306 2899 2377 totius
2941 2301 3090 2360 orbis
3135 2301 3447 2376 purgatione
3485 2323 3583 2376 per
3619 2321 3820 2377 aquam

2230 2373 2341 2444 Deo
2376 2373 2704 2444 gubernante
2743 2375 2974 2444 perfecta
2997 2415 3013 2438 ,
3054 2373 3214 2442 atque
3241 2373 3404 2442 'aquis
3435 2373 3626 2434 itérum
3667 2373 3818 2433 terra

2229 2443 2416 2516 eodem
2441 2443 2592 2511 jussu
2633 2443 2854 2510 retecta,
2879 2459 3090 2516 egressa
3115 2445 3184 2500 de
3207 2461 3328 2500 arca
3363 2445 3473 2501 Noe
3495 2448 3663 2502 solius
3689 2459 3820 2504 tunc

2225 2513 2351 2584 justi
2383 2515 2624 2637 prosapia
2643 2556 2657 2579 ,
2703 2517 2868 2570 totius
2893 2513 3074 2570 mundi
3105 2524 3278 2584 partes
3306 2517 3632 2586 completum
3658 2560 3676 2584 ,
3705 2521 3820 2574 cito

2233 2584 2530 2637 succrevitl
2567 2583 2729 2637 'en.tx
2753 2595 2799 2637 et
2823 2585 2901 2637 xl.
2919 2585 3025 2637 Sed
3051 2595 3326 2637 anteanam
3359 2588 3410 2637 in
3436 2603 3622 2637 omnes
3647 2599 3820 2637 terras

2233 2583 2497 2658 Succrevit
2514 2583 2729 2658 (Genus
2753 2595 2799 2640 et
2823 2585 2901 2658 ι).
2919 2585 3025 2640 Sed
3051 2583 3326 2656 antequam
3359 2588 3410 2641 in
3432 2583 3622 2642 omnes
3647 2583 3822 2645 terras

2231 2663 2412 2727 essent
2433 2654 2590 2727 divisi
2615 2697 2630 2722 ,
2671 2657 2828 2727 impia
2857 2654 3168 2711 cunctorum
3197 2654 3464 2712 mentibus
3497 2666 3553 2712 et
3589 2661 3822 2726 superba

2232 2725 2481 2792 Cogitatio
2503 2725 2786 2794 subrepsit,
2811 2733 2868 2780 ut
2893 2728 2944 2780 in
2965 2742 3243 2780 commune
3265 2729 3604 2796 magnificare
3625 2725 3822 2785 nonnen

2233 2810 2407 2866 suum,
2429 2810 2544 2866 non
2589 2796 2684 2849 Dei
2722 2798 3008 2856 creatoris.
3041 2811 3138 2866 per
3171 2797 3632 2854 excellentissima:
3657 2801 3824 2855 turris

2233 2865 2300 2917 ad
2341 2865 2534 2918 coelum
2585 2877 2753 2935 usque
2793 2865 3196 2922 :edilicationem
3225 2867 3615 2932 decernerent,
3663 2878 3721 2924 et
3765 2873 3822 2925 in

2235 2937 2505 3008 memoria
2523 2937 2844 3003 posteritatis
2869 2952 2965 3006 per
2997 2953 3186 2991 omnes
3217 2949 3394 3005 postea
3420 2941 3818 3008 generationes,

2233 3005 2662 3074 gubernationes,
2687 3016 2740 3060 et
2770 3005 2930 3062 totius
2949 3009 3128 3062 saeculi
3155 3017 3361 3076 tempus
3392 3005 3660 3064 ilidclebili
3688 3025 3823 3066 cun-

2237 3085 2440 3129 ctorum
2471 3076 2735 3143 prwconio
2763 3079 3001 3132 celebres
3033 3076 3227 3132 forent.
3255 3077 3359 3132 Sed
3389 3080 3488 3132 hac
3515 3081 3821 3136 temeritate

2235 3154 2289 3200 et
2318 3146 2552 3220 superba
2597 3149 3008 3220 praesumptione
3037 3164 3220 3220 rursus
3249 3150 3388 3204 Deus
3415 3149 3683 3220 offensus,
3727 3167 3822 3220 per

2237 3215 2397 3268 totius
2437 3218 2646 3284 generis
2681 3215 3013 3272 communem
3039 3219 3248 3286 culpam
3277 3219 3545 3273 individua
3575 3215 3821 3274 omnium

2235 3295 2430 3360 strage,
2460 3287 2600 3354 quod
2627 3287 3013 3360 inhhominibus
3041 3305 3209 3360 nuper
3237 3298 3351 3343 erat
3375 3299 3646 3360 expertus,
3685 3308 3823 3360 pra:-

2199 3415 2202 3418 ,
2237 3357 2418 3410 sertim
2450 3373 2568 3428 cum
2601 3357 2776 3428 nullus
2795 3367 3034 3426 repertus
3049 3357 3131 3413 esi
3153 3359 3346 3428 justus,
3364 3357 3459 3428 qui
3473 3357 3721 3416 residuus
3737 3377 3824 3415 es-

2237 3435 2338 3490 set,
2360 3435 2522 3480 totam
2543 3427 2776 3481 [inliditus
2797 3438 3006 3496 gentem
3028 3429 3208 3484 delere
3227 3431 3408 3484 noluit.
3437 3429 3822 3486 Verumtamen

2236 3510 2356 3548 cum
2384 3497 2512 3570 illud
2545 3512 2710 3570 usque
2739 3507 2946 3568 tempus
2984 3509 3130 3570 esset
3175 3501 3328 3554 unius
3372 3501 3560 3570 lingure
3598 3511 3826 3556 cunctus

2239 3566 2879 3638 populus,liniversorum
2909 3569 2993 3634 qui
3021 3569 3086 3638 ad
3119 3570 3222 3638 tale
3249 3585 3381 3638 Opus
3402 3566 3682 3635 venerant,
3717 3573 3823 3624 lin-

2238 3651 2369 3711 guas
2393 3637 2442 3711 in
2469 3636 2684 3711 diversa
2705 3639 2864 3711 verba
2887 3637 3108 3711 divisit_(
3129 3637 3212 3691 Id.
3241 3636 3326 3703 xi,
3365 3641 3506 3711 l-9),
3529 3643 3736 3696 scilicet
3765 3650 3826 3696 ut

2239 3706 2684 3780 rectissimojnsti
2717 3709 2896 3762 arbitri
2923 3706 3142 3780 judicio,
3161 3711 3256 3780 Aqui
3279 3712 3386 3763 alto
3417 3706 3585 3764 Deum
3617 3726 3818 3780 supcr-

2239 3775 2339 3829 bia:
2367 3785 2573 3831 tumore
2597 3775 3045 3846 contempserant,
3079 3779 3130 3832 in
3151 3775 3484 3848 fragilissimo
3510 3775 3828 3836 substantia:

2241 3859 2349 3918 sure
2387 3848 2627 3918 membro
2662 3851 2922 3918 sermoois
2957 3864 3170 3918 poenam
3210 3851 3389 3918 utique
3430 3854 3712 3906 sentirent.
3761 3853 3828 3906 Et

2241 3915 2342 3989 hoc
2371 3933 2482 3989 non,
2505 3917 2556 3970 in
2599 3917 2726 3986 ipsis
2753 3915 3222 3988 tantum'patrilms
3264 3915 3402 3989 quod
3443 3931 3699 3975 evenerat
3725 3923 3830 3977 lie-

2241 3985 2330 4038 bat
2347 3987 2484 4059 ;sed
2511 4003 2605 4055 per
2631 4003 2816 4042 omnes
2845 3985 3068 4042 liliorum
3099 3985 3413 4059 propagines
3433 3993 3552 4044 talis
3575 3993 3830 4046 vindictae

2239 4057 2472 4129 conditio
2509 4059 2858 4125 pertransibat
2887 4075 2901 4110 :
2931 4067 2989 4112 ut
3016 4057 3115 4128 qui
3133 4057 3384 4114 αξιοι-ἠπίη
3406 4061 3504 4114 sibi
3535 4066 3828 4129 posterita—

2241 4127 2309 4199 tis
2329 4129 2530 4199 tamam
2551 4136 2868 4196 quaererent,
2895 4127 3196 4198 mansuram
3221 4131 3271 4183 in
3299 4131 3399 4185 illis
3425 4127 3832 4199 poster-natibus

2241 4195 2407 4263 ipsius
2477 4195 2900 4266 praésnmptionis
2961 4215 3054 4268 per
3104 4195 3346 4254 universa
3389 4195 3594 4256 venturi
3641 4205 3828 4258 sa‘culi

2241 4273 2476 4342 tempora
2497 4268 3017 4342 animadversionem
3039 4269 3358 4342 invenirent.
3389 4272 3582 4326 Postea
3613 4289 3832 4342 quoque

2241 4334 2355 4408 Iure
2387 4338 2678 4408 linguarum
2708 4338 2898 4392 divisio
2929 4339 3019 4394 Dei
3041 4339 3433 4408 dispensatione
3461 4334 3834 4406 evenerat,'nt

2239 4407 2534 4460 divinarum
2573 4407 2962 4486 Scripturarum
3003 4407 3514 4486 mysteriom‘usqne
3541 4413 3612 4486 ad
3643 4425 3830 4486 matu-

2241 4491 2358 4530 rum
2403 4487 2609 4551 tempus
2643 4481 2810 4551 _unius
2861 4479 3016 4551 electi
3067 4479 3132 4534 ex
3187 4480 3366 4536 multis
3411 4485 3593 4551 populi
3647 4479 3834 4550 lingua

2240 4547 2534 4622 custodiret
2565 4567 2578 4602 :
2608 4547 2794 4622 donec
2837 4549 3096 4618 pet-[inito
3134 4560 3395 4619 tempore,
3411 4547 3654 4622 iquando
3695 4547 3832 4610 uni-

2242 4619 2412 4692 versis
2479 4619 2729 4692 gentibus
2778 4629 3182 4692 sacramentum
3237 4637 3346 4692 sua:
3409 4619 3839 4692 dispensationis

2243 4689 2450 4754 aperire
2477 4688 2668 4765 voluit,
2699 4689 2953 4765 Spiritum
2992 4702 3229 4765 sanctum
3263 4691 3330 4745 de
3361 4688 3578 4765 excelso
3617 4695 3836 4765 lingua~

2243 4773 2359 4811 rum
2393 4759 2655 4832 omnium
2680 4761 2952 4832 scientiam
2981 4761 3320 4822 all'erentem.
3360 4764 3604 4832 ejusdem
3641 4759 3840 4822 sa'cra-

2241 4827 2404 4904 menti
2435 4829 2800 4904 praeordinatis
2821 4831 3074 4904 ministris
3099 4827 3432 4904 transmisit:
3463 4837 3554 4904 qui
3587 4835 3676 4890 Dei
3711 4853 3842 4892 ma-

2240 4899 2415 4975 gnalia
2454 4899 2518 4975 ad
2558 4900 2684 4954 illud
2717 4916 2881 4975 usque
2913 4899 3004 4970 per
3033 4917 3190 4975 unam
3231 4903 3461 4975 linguam
3483 4899 3842 4975 cantaverat,

2241 4969 2380 5020 velut
2413 4968 2478 5044 ad
2514 4968 2968 5044 consecrationem
3008 4974 3244 5044 omnium
3285 4968 3586 5043 linguarum
3625 4977 3675 5031 in
3709 4968 3846 5044 ipso

2242 5053 2339 5112 suo
2361 5042 2534 5108 primo
2555 5039 2782 5112 adventu
2805 5057 2898 5110 per
2918 5042 3198 5110 Apostolus
3219 5039 3650 5112 pr:edicabat.Sic
3673 5039 3846 5104 enim

2243 5109 2314 5163 illi
2360 5125 2492 5185 quos
2533 5111 2604 5185 de
2643 5109 2909 5185 universis
2935 5109 3398 5185 gentibus,’velut
3437 5115 3506 5170 ad
3547 5118 3706 5185 hujus
3759 5121 3850 5176 rei

2239 5181 2767 5256 comprobationem,
2793 5183 2842 5235 in
2883 5181 3175 5256 Jerusalem
3213 5191 3339 5238 tunc
3375 5181 3630 5256 temporis
3657 5189 3852 5244 colle-

2277 5259 2391 5302 erat
2430 5251 2591 5316 Deus,
2635 5253 2912 5328 dicebant,
2951 5251 3245 5328 Audiuimus
3274 5271 3372 5328 eos
3416 5251 3601 5328 tin'gtu's
3633 5263 3856 5315 nostris

2239 5264 2391 5374 perat
2433 5264 2591 5316 Deus,
2635 5264 2912 5335 dicebant,
2952 5264 3245 5308 Auamma:
3285 5271 3372 5309 eos
3419 5264 3601 5338 linguis
3633 5264 3854 5341 nostris

2245 5331 2495 5399 pqae-Putes
2535 5325 2790 5399 inagnalia
2819 5322 2910 5376 De:
2943 5323 3077 5399 (ᾼει.
3118 5339 3177 5387 ιι,
3201 5324 3380 5396 4-11).
3405 5327 3495 5399 _S_tc
3529 5332 3854 5399 apostolica

2243 5389 2512 5470 humilitas
2560 5389 3008 5470 spiritnssapcli
3062 5409 3282 5452 munere
3309 5389 3653 5470 colligebat,
3683 5403 3856 5470 quod

2240 5463 2482 5530 superbze
2516 5464 2942 5538 praesumptionis
2987 5473 3042 5518 et
3095 5481 3246 5538 vana:
3274 5463 3486 5536 gloriaa'
3503 5463 3726 5538 cupido'
3759 5473 3862 5528 di-

2240 5543 2527 5608 sperserat.
2556 5535 2788 5608 Lingnas
2851 5543 3024 5589 autem
3101 5535 3223 5608 illas
3282 5535 3616 5608 septuaginia
3697 5541 3866 5600 duas

2239 5618 2387 5678 esse,
2436 5605 2644 5672 plurimi
2695 5613 2938 5678 auctores
2967 5605 3369 5678 consentiunt,
3409 5605 3530 5678 quia
3583 5609 3632 5662 in
3697 5613 3862 5668 aedi-

2241 5673 2537 5749 ﬁcationem
2584 5677 2742 5731 turris
2777 5677 2920 5732 illius
2965 5677 3017 5730 in
3057 5687 3196 5732 terra
3233 5673 3495 5746 Sennazir,
3524 5694 3640 5749 qua:
3689 5699 3870 5742 nunc

2243 5756 2325 5800 est
2364 5747 2622 5820 Babylon,
2670 5757 2747 5802 tot
2791 5755 2967 5820 patres
3009 5761 3360 5826 congregatos
3401 5747 3565 5808 fuisse
3609 5749 3864 5822 dicunt.
