4012 6474
263 366 398 423 2161

264 480 420 538 Unde
439 489 497 536 et
513 478 768 534 Domi-aus
781 476 1110 547 septuaginta
1130 475 1266 532 duos
1283 475 1592 545 discipulos,
1611 476 1848 545 exceptis

261 553 366 606 illis
401 552 672 621 primariis
711 548 998 618 Apostolis,
1029 549 1259 621 elegisse
1292 562 1556 621 sermone
1578 547 1850 621 Evangelii

263 617 517 687 refertur,
548 637 642 691 per
662 617 796 690 quos
817 628 998 691 postea
1026 620 1077 673 in
1097 633 1284 691 omnes
1302 628 1487 689 gentes
1511 617 1646 672 idem
1673 619 1848 691 Evan-

261 694 456 762 geliqu
489 689 862 762 pra-dicaretur
891 689 1039 762 (Luc.
1073 705 1128 750 ι,
1155 689 1237 762 tl).
1262 690 1317 742 ln
1348 705 1569 762 quorum
1600 690 1848 762 praetigu-

227 801 230 804 -
264 759 665 818 iatioue'etiam
696 761 858 832 Moysi
896 759 1114 832 spiritus
1153 760 1204 814 in
1241 759 1571 832 septuaginta
1610 761 1848 832 seniores

261 835 635 888 distribuitur:
667 843 720 886 et
739 829 856 885 aliis
879 830 1086 885 duolms
1106 831 1192 900 qui
1224 832 1273 883 in
1301 829 1489 884 castris
1512 831 1843 896 resederant,

261 904 466 959 Heldad
512 903 757 958 videlicet
795 912 849 956 et
885 901 1103 964 Medad,
1148 901 1262 967 ejus
1300 901 1515 969 spiritus
1556 900 1847 968 prophetia:

261 975 462 1029 donum
504 975 833 1030 condonantur
869 971 1050 1043 (Nam:
1077 987 1158 1043 _xt,
1201 971 1290 1036 24,
1327 972 1401 1038 b‘).
1431 973 1672 1043 Quorum
1696 971 1844 1043 quasi

261 1045 588 1100 hmreditarii
608 1040 963 1108 successores,
986 1042 1051 1096 ad
1076 1041 1420 1096 Ptolomamm
1443 1040 1843 1107 Philadelphum

261 1117 601 1170 Alexandria:
632 1131 810 1184 regem
841 1130 868 1165 a
899 1112 1255 1184 pontiﬁcibus,
1284 1112 1535 1165 Eleazaro
1561 1112 1762 1184 scilicet
1792 1119 1847 1166 et

258 1188 502 1248 cietcris,
531 1187 620 1256 qui
649 1181 838 1239 eodem
875 1181 1114 1256 tempore
1145 1181 1447 1256 Judazprum
1480 1181 1670 1256 populo
1707 1197 1843 1256 pne-

259 1265 448 1321 erant,
497 1250 829 1325 septuaginta
876 1255 1173 1325 sapientes,
1221 1254 1310 1322 qui
1361 1268 1427 1307 ex
1481 1250 1636 1325 lsrael
1681 1252 1846 1325 stirpe

258 1322 671 1390 descenderant,
691 1322 848 1379 inissi
872 1333 1014 1388 sunt,
1047 1334 1100 1377 et
1125 1324 1426 1391 Scripturas
1454 1322 1683 1390 antiqua:
1714 1323 1842 1391 legis

262 1397 312 1450 in
345 1413 578 1460 grai-eum
610 1397 878 1463 εΙοτιυίιιιη
908 1403 1308 1449 transtulerunt.
1345 1393 1538 1447 Harum
1569 1408 1693 1446 vero
1722 1408 1840 1445 ont-

257 1468 406 1520 nium
459 1467 754 1536 linguarum
805 1467 923 1519 novi
975 1464 1307 1536 Testamenti
1354 1475 1624 1536 tempore,
1674 1463 1842 1536 tribus

258 1538 475 1606 linguis,
505 1533 766 1591 hebraicre
788 1537 987 1605 utique,
1012 1551 1196 1605 grwcze
1220 1545 1272 1606 et
1296 1534 1492 1599 latium,
1520 1533 1842 1606 principatus

256 1604 643 1672 committitur;
675 1609 794 1675 quia
832 1604 892 1659 in
919 1607 996 1658 eis
1022 1604 1197 1659 erucis
1218 1605 1408 1658 Christi
1441 1605 1621 1658 titulus
1654 1604 1841 1657 litteris

259 1677 547 1744 hebraicis,
571 1679 757 1746 gra-cis
777 1689 830 1731 et
853 1675 1026 1729 latinis
1048 1676 1294 1744 scriptus,
1322 1676 1628 1746 Evangelica
1661 1682 1842 1746 aucto-

257 1749 414 1802 ritate
457 1745 767 1817 perliibetur
809 1747 986 1814 (Joan.
1036 1762 1144 1807 ιιι.
1185 1747 1304 1817 ιθ)
1337 1746 1406 1798 At
1449 1760 1582 1817 vero
1613 1745 1748 1817 lleus
1787 1745 1839 1800 in

259 1817 361 1872 hoc
389 1815 572 1873 contra
601 1828 844 1872 naturam
873 1818 1085 1871 humani
1115 1815 1309 1885 elquii
1336 1832 1491 1881 quam
1516 1815 1641 1868 olim
1662 1815 1840 1884 dispo-

256 1889 384 1954 suit,
417 1891 489 1943 nil
520 1888 802 1944 dividendo
839 1901 892 1942 et
919 1887 1289 1941 coui'uudendo
1325 1886 1529 1956 linguas
1568 1885 1838 1940 hominum

255 1969 309 2012 et
351 1975 629 2014 sermones
670 1960 826 2021 fecit;
863 1958 1074 2028 quando
1111 1956 1348 2028 ejusdem
1388 1956 1611 2028 loquela:
1651 1969 1838 2028 natura

257 2029 308 2083 in
339 2030 642 2085 hominibus
666 2027 956 2098 permanet,
981 2029 1080 2082 nisi
1106 2027 1246 2097 quod
1275 2027 1603 2098 consuetudo
1630 2027 1837 2098 diversa

255 2100 470 2155 deviare
509 2102 576 2154 ab
623 2097 878 2155 alterutro
923 2100 1160 2168 linguas,
1206 2115 1310 2152 non
1357 2097 1689 2168 naturaliter,
1741 2097 1837 2152 sed

253 2171 720 2226 consuetmlinarie
759 2171 931 2225 docet.
975 2166 1191 2224 Latinus
1233 2185 1459 2238 namque
1502 2168 1585 2222 vel
1620 2166 1838 2222 Graecus

255 2241 394 2295 inter
416 2242 726 2296 Barbari-cos
754 2243 960 2310 genitus
981 2241 1061 2294 vel
1091 2239 1338 2310 nutritus,
1364 2238 1837 2310 barbarice_loqui-

256 2320 374 2374 tur;
408 2328 666 2382 versaque
694 2308 806 2366 vice
845 2311 1049 2365 barbari
1080 2311 1260 2382 lilinsa
1279 2309 1496 2382 ﬁrmis
1516 2320 1604 2382 aut
1635 2308 1836 2382 Latinis

252 2382 508 2447 edoctus,
542 2379 762 2436 venusto
801 2397 1048 2435 sermone
1087 2381 1243 2434 fatur.
1278 2379 1357 2433 Ex
1391 2395 1494 2449 quo
1529 2380 1838 2449 intelligitur

255 2452 420 2506 Deum
461 2470 567 2507 non
613 2464 851 2507 naturam
895 2454 1165 2506 hominum
1205 2462 1456 2516 mutasse,
1501 2465 1604 2504 uou
1641 2466 1832 2504 novum

253 2523 306 2576 in
332 2525 412 2594 eis
442 2524 636 2594 aliquid
677 2524 1008 2588 condidisse,
1043 2523 1134 2576 sed
1172 2522 1380 2594 dicendi
1409 2530 1608 2574 tantum
1647 2521 1834 2576 modos

169 2589 176 2597 ’
252 2603 305 2647 et
332 2589 544 2649 formas
565 2596 614 2647 in
646 2595 868 2649 diversis
891 2595 1173 2662 generibus
1202 2593 1464 2646 divisisse.

462 2664 688 2720 CAPUT
721 2665 788 2720 X.
815 2694 886 2704 —
911 2664 983 2717 De
1023 2663 1336 2718 Sodomitica
1375 2662 1615 2716 vindicta.

320 2733 516 2804 Magno
546 2736 736 2790 deinde
767 2736 1018 2804 temporis
1050 2735 1324 2788 intervallo
1356 2733 1672 2804 peracto,in
1700 2746 1831 2786 con-

248 2805 377 2859 finio
406 2807 616 2860 Arabiae
654 2817 707 2861 et
737 2803 1029 2860 Palaestinae
1069 2805 1298 2874 quinque
1337 2803 1521 2874 positae
1567 2803 1828 2868 civitates,

249 2875 506 2938 Sodoma,
539 2877 816 2937 Gomorra.
850 2877 1074 2945 Adama,
1091 2873 1398 2942 Seboim,et
1426 2873 1614 2944 Segor,
1653 2874 1834 2927 fecun-

248 2947 452 3002 dissimi
479 2948 576 3002 soli
600 2949 944 3010 habitatione,
967 2956 1021 3000 et
1047 2961 1220 3000 rerum
1247 2945 1481 2999 onmium
1506 2945 1832 3000 abundantia

248 3019 605 3087 perfruentes,
646 3018 1064 3072 iuconvcuientis
1111 3018 1331 3071 luxuria:
1374 3025 1428 3070 et
1471 3015 1732 3084 cupidinis
1777 3018 1829 3087 in

247 3086 619 3143 contractione
649 3088 807 3143 tritici
845 3089 1122 3147 convictae.
1154 3087 1433 3140 dominica:
1461 3087 1704 3140 vindicta:
1733 3086 1829 3140 ad-

248 3158 378 3212 itum
422 3160 800 3226 prmhuerunt;
831 3161 898 3212 ita
939 3168 993 3212 ut
1027 3158 1284 3212 imbribus
1314 3157 1446 3227 ignis
1477 3166 1531 3210 et
1563 3156 1832 3225 sulphuris

245 3228 522 3298 superfusa
544 3239 650 3283 tota
675 3247 792 3283 eum
820 3228 1199 3284 habitatoribus
1219 3228 1328 3298 suis
1343 3228 1761 3282 etauimantibus
1778 3235 1833 3284 et

247 3299 492 3364 urbibus,
523 3302 670 3371 regio
698 3301 924 3370 ﬂagrans
950 3300 1160 3371 arderet
1188 3297 1340 3370 (Gen.
1372 3298 1507 3370 xix).
1541 3298 1830 3371 lloc_nam-

245 3385 348 3439 que
375 3371 541 3424 modo
565 3369 930 3435 cenveniebat,
965 3381 1019 3424 ut
1045 3370 1135 3440 qui
1163 3371 1429 3424 communi
1461 3369 1634 3423 Studia
1664 3369 1830 3424 Deum

245 3440 616 3507 oil‘euderant,
647 3443 944 3496 communis
973 3441 1216 3494 vindicta:
1259 3442 1456 3508 impetu
1491 3440 1679 3494 eodem
1715 3455 1832 3508 pcr-

245 3510 384 3565 irent
408 3529 422 3565 :
444 3521 501 3566 et
517 3514 604 3581 qui
627 3522 809 3566 contra
838 3510 1270 3565 consuetudinem
1295 3510 1565 3564 hominum
1593 3511 1643 3564 in
1667 3513 1832 3578 turpis

244 3583 694 3652 concupiscentiae
721 3584 1112 3652 perpetmtione
1139 3590 1466 3644 exarserant,
1497 3592 1679 3634 contra
1712 3597 1832 3652 con:

245 3651 454 3706 suetam
500 3653 770 3707 hominum
801 3663 1025 3707 mortem
1058 3668 1162 3706 non
1199 3661 1408 3705 terrena
1439 3652 1698 3716 vindicta,
1737 3651 1832 3706 sed

243 3724 547 3778 caelestium
596 3725 793 3793 ignium
841 3723 1104 3777 iufusione
1142 3723 1439 3793 arderent:
1487 3729 1542 3775 et
1577 3723 1664 3789 qui
1702 3737 1829 3793 pec-

244 3804 423 3847 catum
453 3791 760 3848 suum'nou
799 3793 971 3848 solum
1019 3791 1286 3856 faciendo,
1315 3791 1408 3846 Sed
1447 3793 1604 3845 etiam
1638 3791 1830 3860 praedi-

244 3864 416 3918 cando
454 3865 626 3933 palam
664 3864 920 3932 fecerant,
966 3863 1214 3918 infamem
1254 3863 1410 3916 vitam
1442 3861 1640 3916 famosa
1676 3878 1830 3932 paena

243 3947 642 3990 causamerent.
674 3936 802 4004 Qua:
832 3935 1058 3989 vindicta
1091 3935 1346 3988 hactenus
1373 3933 1680 3986 eorumdem
1723 3943 1831 3987 ter-

246 4019 358 4059 ram
402 4021 508 4060 noo
549 4006 814 4073 deseruit,
841 4006 968 4060 dum
997 4006 1137 4074 quali
1181 4004 1474 4074 pmure,qui
1522 4004 1640 4058 talia
1671 4013 1833 4073 agunt

245 4076 620 4146 subjacebnnt,
654 4077 903 4131 ostendit.
936 4077 1078 4130 inter
1099 4079 1224 4129 istas
1249 4090 1374 4129 vero
1395 4075 1525 4146 duas
1558 4075 1831 4146 primarius

247 4144 296 4198 in
345 4144 550 4201 sieculo
593 4163 804 4216 pinnas,
848 4147 1028 4200 diluvii
1070 4146 1270 4201 scilicet
1308 4155 1362 4199 et
1401 4144 1829 4212 Sodomitanam,

247 4216 364 4288 talis
391 4218 688 4281 differentia
718 4217 1154 4288 deprehenditur,
1187 4217 1326 4287 quod
1357 4232 1489 4286 aqua
1523 4231 1624 4270 una
1661 4225 1829 4288 terra,

248 4285 349 4355 igni
381 4289 552 4342 altera
587 4289 766 4357 punita
789 4285 1037 4341 'videatur
1066 4305 1078 4340 :
1110 4285 1219 4342 una
1241 4288 1361 4342 cmli
1395 4285 1512 4341 rore
1532 4327 1546 4348 ,
1577 4296 1631 4340 et
1656 4287 1830 4356 abyssi

173 4359 188 4368 '
247 4359 384 4411 unda
418 4359 665 4423 diluitur;
694 4361 858 4414 altera
882 4359 1035 4427 igneo
1061 4357 1250 4423 imbre,
1282 4368 1335 4412 et
1361 4357 1629 4425 sulphuris
1649 4371 1834 4426 super-

246 4428 453 4483 fusione
475 4429 775 4483 damnatur.
799 4429 907 4485 Una
930 4429 1052 4482 anni
1070 4429 1271 4482 circulo
1293 4428 1446 4481 unius
1465 4437 1829 4496 permanente,

247 4507 386 4552 terra
411 4503 701 4569 retegitur;
732 4516 826 4570 per
848 4501 1068 4554 alteram
1094 4509 1232 4570 terra
1255 4508 1307 4553 et
1335 4497 1509 4570 adhuc
1535 4499 1832 4570 cessatione

246 4568 552 4624 maceratur
591 4587 602 4623 :
635 4571 685 4624 in
715 4568 816 4625 una
849 4571 1090 4625 naturale
1123 4569 1296 4624 scelus
1324 4571 1374 4622 in
1403 4568 1703 4621 hominibus
1734 4585 1830 4637 pu-

247 4640 411 4705 nitur,
430 4656 528 4710 per
563 4643 782 4696 alteram
823 4641 1128 4695 adiuventio
1167 4638 1610 4709 concupiscentia:
1650 4649 1834 4710 contra

245 4709 686 4767 consuetudinem
727 4711 862 4765 facta
907 4712 1222 4766 vindieatnr.
1264 4711 1319 4764 ln
1367 4711 1465 4764 ista
1495 4725 1621 4764 vero
1659 4709 1831 4764 Sodo-

247 4782 448 4836 mitaua
473 4798 628 4850 pinna
652 4784 719 4837 nil
742 4792 926 4837 contra
950 4793 1188 4836 naturam
1210 4783 1348 4837 Deus
1375 4780 1548 4836 facere
1573 4783 1831 4846 cernitur,

247 4868 364 4906 cum
389 4853 624 4922 desuper
641 4868 799 4908 aereo
826 4853 988 4924 iguito
1015 4854 1104 4909 illo
1132 4856 1326 4924 spatio,
1369 4853 1564 4907 insoliti
1585 4852 1834 4908 desiderii

246 4925 408 4976 ardor
437 4924 812 4977 inﬂammatur.

245 4992 475 5049 CAPUT
507 4994 596 5048 ΧΙ.
622 5025 694 5036 -
722 4994 796 5048 De
817 5011 972 5049 uxore
999 4993 1130 5048 Loth
1155 4995 1206 5047 in
1236 5004 1451 5048 statuam
1475 4993 1597 5048 salis
1622 5003 1832 5047 mutata.

317 5065 541 5136 Deiqua
593 5077 927 5136 peccatorum
982 5067 1126 5135 plaga
1177 5065 1311 5118 Loth
1361 5065 1455 5118 Dei
1507 5080 1693 5136 servus
1742 5080 1836 5133 per

248 5135 484 5204 Angelos
525 5134 758 5202 eruitur;
789 5136 882 5191 sed
920 5134 1233 5190 illius’uxor
1272 5151 1338 5190 ne
1373 5144 1515 5189 retro
1547 5134 1836 5204 respiceret

243 5204 410 5276 iussa,
441 5207 568 5260 dum
600 5208 831 5276 respicit,
863 5207 914 5261 in
945 5208 1070 5261 salis
1095 5217 1320 5260 statuam
1354 5205 1608 5259 solidatur
1637 5211 1653 5274 (
1683 5204 1832 5269 Gen.,

244 5289 359 5343 xu,
389 5279 474 5337 i7.
500 5277 616 5348 26),
637 5278 856 5346 utcnjns
881 5279 1024 5331 visus
1041 5295 1143 5332 non
1163 5287 1277 5332 erat
1298 5278 1545 5331 immunis
1571 5293 1635 5330 ex
1666 5277 1837 5345 culpa:

247 5348 555 5412 consortio,
607 5359 832 5404 mortem
887 5349 1120 5418 ell’ngere
1171 5364 1273 5401 non
1328 5357 1545 5418 posset,
1596 5349 1836 5416 quamvis

285 5429 473 5490 r0pter
516 5419 644 5490 justi
685 5419 1090 5475 contubernium
1137 5430 1285 5490 eruta
1340 5420 1407 5490 sit
1462 5419 1528 5490 de
1564 5419 1833 5490 incendio.

244 5431 473 5544 £2;er
516 5431 644 5490 justi
685 5431 1090 5475 contubernium
1137 5431 1285 5473 cruta
1340 5431 1407 5472 sit
1462 5431 1528 5472 de
1572 5431 1833 5472 incenato.

379 5489 511 5544 dum
553 5489 654 5544 hoc
685 5491 1101 5561 assumpsiuuts,
1133 5489 1273 5560 quod
1309 5489 1440 5544 nihil
1469 5489 1521 5542 in
1562 5489 1654 5542 Dei
1685 5505 1836 5561 crea-

247 5566 360 5614 tura
389 5570 579 5616 contra
611 5572 851 5616 naturam
875 5559 979 5626 Vsit,
1013 5563 1104 5616 sed
1137 5559 1292 5614 insita
1325 5570 1509 5614 natura
1544 5576 1754 5629 semper
1781 5559 1837 5614 in

244 5633 498 5686 omnibus
518 5634 876 5702 gubernetur;
907 5632 1152 5702 qualiter,
1181 5647 1311 5686 uxor
1335 5631 1468 5686 Lolli
1492 5646 1610 5684 cum
1641 5632 1688 5684 in
1713 5632 1839 5684 salis

246 5711 478 5757 statuam
510 5706 752 5768 vertitur,
786 5705 996 5757 humani
1028 5703 1266 5773 corporis
1295 5711 1478 5756 natura
1512 5702 1562 5755 in
1593 5703 1689 5755 hac
1719 5719 1836 5754 tnu-

245 5773 448 5827 talione
477 5774 848 5843 gubernatur?
881 5775 1017 5829 Salis
1048 5775 1205 5845 igitur
1245 5783 1483 5828 naturam
1525 5775 1576 5827 in
1611 5773 1839 5827 humano

245 5857 476 5916 corpore
503 5859 625 5902 esse
646 5847 824 5904 nullus
845 5846 1064 5918 ambigit
1079 5889 1098 5918 ,
1123 5847 1212 5919 qui
1238 5846 1592 5918 lacrymaruui
1622 5856 1837 5903 saisuu-

1395 358 1596 417 LIBER
1636 354 1901 416 PRIMUS.
1944 391 2010 400 --
2045 356 2405 416 APPENDIX.

3399 364 3541 428 2163

1965 476 2142 548 dinem
2180 477 2577 547 comprobavit;
2617 491 2735 548 qtun
2774 497 2803 535 a
2832 479 3040 537 turbato
3081 483 3221 545 felle,
3251 497 3307 542 ut
3348 489 3541 546 medici

1961 546 2164 611 dicunt,
2189 546 2543 623 egredientes,
2568 546 2693 623 sal—is
2720 562 2983 618 naturam,
3005 570 3162 623 quam
3190 558 3240 610 in
3272 558 3548 614 recondito

1962 627 2165 672 natum
2178 618 2296 697 sinu
2310 620 2633 697 concipiunt,
2647 621 2714 676 de
2727 626 2890 697 oculis
2905 618 3041 679 [lucu
3051 637 3151 686 les,
3169 628 3326 682 etiam
3338 632 3545 697 saporis

1965 689 2730 770 cumprobatioueostendunt.
2767 695 2829 748 Et
2856 711 2957 770 non
2986 697 3156 750 solum
3189 699 3239 751 in
3273 689 3542 770 lacrimis,

1915 827 1918 830 Α
2079 761 2253 840 etiam
2293 764 2341 814 in
2372 763 2698 840 phlegmata,
2727 775 2779 818 rt
2823 767 2950 818 lllS>.i
2984 783 3234 840 esprrsso
3265 759 3420 838 sputo
3453 787 3517 840 pe

1959 832 2121 911 claris
2143 832 2364 911 sapitur,
2389 835 2526 902 quod
2550 836 2674 887 salis
2697 845 2883 890 natura
2907 852 3001 911 per
3026 832 3315 892 humanum
3344 832 3540 909 corpus

1961 905 2245 980 inseratur.
2279 905 2472 956 Potens
2499 920 2636 980 ergo,
2652 922 2826 960 rerum
2847 905 3189 980 gubernator,
3217 927 3335 963 cum
3370 905 3536 968 totum

1961 976 2012 1048 tn
2046 979 2246 1038 partem
2278 985 2403 1026 verb
2427 990 2488 1048 re_
2520 976 2695 1048 cupit,
2728 979 2866 1044 quod
2902 977 2952 1030 in
2993 978 3195 1032 modica
3225 993 3374 1048 parte
3402 981 3539 1038 late-

1959 1040 2080 1103 bat,
2125 1055 2220 1117 per
2261 1052 2427 1117 totum
2478 1040 2720 1100 infundit.
2748 1040 2820 1100 λι
2842 1063 2923 1114 lue
2963 1049 3062 1103 hac
3091 1065 3153 1103 ex
3185 1040 3344 1106 causa
3366 1095 3381 1117 ,
3413 1069 3537 1109 cum

1958 1126 2175 1189 uxorem
2207 1113 2418 1189 Luth_i_n
2444 1123 2669 1169 statuam
2692 1119 2816 1189 salis
2844 1113 3052 1173 vertere
3081 1121 3266 1187 voluit,
3299 1113 3416 1189 pars
3449 1123 3537 1178 illa

1958 1183 2414 1260 tenuissi-tna‘salis
2443 1201 2559 1254 quin
2587 1188 2730 1239 carni
2763 1188 2952 1260 inerat,
2987 1199 3152 1244 totum
3178 1183 3372 1260 corpus
3403 1194 3537 1252 infe-

1955 1253 2044 1304 cit.
2075 1253 2140 1326 ΕΙ.
2166 1254 2232 1306 ita
2266 1253 2581 1317 factuutest,
2613 1266 2668 1308 ut
2696 1259 2783 1326 qui
2814 1269 2964 1312 sexto
2991 1261 3076 1314 die
3105 1253 3293 1317 omnes
3321 1274 3538 1322 naturas

1955 1324 2277 1399 cttttslilucre
2316 1324 2725 1399 consummavit,
2769 1329 2898 1383 nihil
2935 1346 2998 1384 ex
3034 1332 3207 1399 aliqua
3253 1343 3439 1387 natura
3482 1336 3534 1390 iu

1953 1392 2425 1476 aliaincongesstt.
2458 1398 2548 1476 sed
2581 1414 3004 1476 unamquamque
3042 1403 3092 1455 in
3119 1392 3406 1476 semetipsa
3434 1421 3535 1476 gu-

1956 1463 2161 1527 bernat,
2190 1482 2345 1534 quant
2372 1467 2422 1522 in
2453 1470 2616 1534 prima
2641 1463 2942 1525 conditione
2961 1463 3332 1528 constituebat:

1953 1534 2180 1613 L‘Aﬂl’
2349 1568 2421 1577 --
2448 1538 2522 1593 De
2554 1538 2686 1592 Sara
2715 1542 3054 1613 nonagenaria
3093 1545 3316 1612 pariente
3344 1547 3532 1613 ﬁlium.

2023 1604 2224 1678 Eodem
2266 1608 2371 1662 fere
2398 1618 2637 1678 tempore
2673 1604 2896 1665 Abrabie
2932 1613 3074 1667 illius
3093 1604 3162 1668 "ex
3194 1604 3532 1674 nutlti'tudine

1951 1677 2192 1747 gentium
2225 1678 2276 1730 in
2307 1679 2395 1732 Dei
2433 1677 2720 1734 amicitiam
2768 1682 2920 1736 electi
2943 1724 2959 1747 ,
2989 1684 3116 1738 Sara
3160 1687 3356 1740 sterilis
3397 1704 3532 1745 uxor

1953 1746 2116 1831 lilium
2135 1788 2148 1809 ,
2177 1746 2322 1831 {sane
2351 1750 2585 1831 nomine,
2609 1750 2718 1819 jam
2752 1746 3103 1821 nonagenaria
3133 1759 3339 1824 peperit
3375 1756 3528 1831 (Gen.

1951 1831 2061 1878 nt,
2093 1819 2144 1883 1,
2175 1817 2254 1893 2).
2283 1835 2404 1874 cum
2448 1822 2589 1893 illam
2612 1817 2808 1893 usque
2834 1817 3043 1877 aetatem
3089 1817 3181 1893 per
3205 1817 3531 1885 totum‘vitm

1950 1899 2060 1966 sua:
2086 1890 2312 1966 Spatium
2340 1893 2536 1966 sterilis
2563 1890 2680 1947 fuit.
2711 1892 2814 1949 Sed
2849 1893 2951 1949 hoc
2978 1890 3130 1949 valde
3157 1899 3528 1966 conveniebat.

2044 1961 2472 2043 quoniamtlilius
2508 1966 3050 2043 queinhparturiebat,
3090 1967 3260 2043 ipsam
3285 1961 3528 2043 ﬁguram

1948 2027 2146 2107 Christi
2170 2071 2200 2107 ,_
2229 2030 2318 2100 qui
2362 2049 2442 2107 ex”
2480 2027 2591 2087 sola
2644 2027 2852 2104 Virgine
2895 2037 3010 2091 sine
3037 2027 3230 2107 aliqua
3285 2027 3531 2095 luiiname

1949 2099 2517 2176 Voluptatis’cupidiue
2557 2099 2884 2176 nascer'etur,
2914 2099 3176 2176 praztulit';
3226 2110 3370 2164 illum
3421 2127 3530 2168 non

1949 2178 2103 2222 nitate
2127 2187 2226 2238 qua
2259 2173 2431 2246 solent
2461 2173 2672 2246 femime
2703 2173 2992 2246 p-irere,'id
3022 2188 3124 2244 est,
3153 2195 3182 2232 a
3213 2180 3530 2236 duodecimo

1948 2253 2088 2316 anno
2115 2256 2294 2316 usque
2335 2243 2400 2296 ad
2441 2243 2901 2316 quadragesimum
2942 2243 3138 2302 nonum
3174 2265 3395 2316 annum,
3435 2251 3531 2308 sed

1949 2310 2086 2389 tdtra
2115 2310 2253 2389 illius
2279 2310 2676 2389 consuetudinis
2706 2328 2874 2370 metas
2897 2321 3177 2385 parturiret
3205 2337 3218 2372 :
3245 2333 3300 2376 ut
3325 2310 3532 2379 scilicet

1948 2379 2236 2461 ille-infans
2268 2400 2372 2437 non
2403 2385 2572 2461 solum
2593 2387 2737 2461 ultra
2767 2379 3260 2461 quinquagesimum
3290 2407 3530 2461 annum,

1947 2449 2222 2507 desinente
2260 2465 2440 2529 partus
2467 2454 2675 2524 nflicio,
2718 2449 2809 2510 sed
2836 2449 3361 2529 ctifuninumgesimo
3389 2449 3533 2520 anno

1946 2533 2286 2596 nasceretur,
2331 2526 2605 2582 desinente
2652 2529 2933 2596 voluptatis
2979 2526 3264 2585 desiderio.
3311 2533 3380 2588 Et
3429 2535 3531 2589 hoc

1944 2595 2185 2660 quamvis
2206 2607 2386 2648 contra
2415 2595 2876 2658 consuetudinem.
2910 2615 3016 2653 non
3045 2610 3221 2656 tamen
3271 2604 3530 2661 adversus

1945 2673 2185 2737 naturain
2219 2665 2411 2720 factum
2438 2676 2518 2720 cst
2551 2686 2563 2722 :
2593 2669 2841 2737 quoniam
2873 2679 2926 2723 et
2953 2670 2997 2724 si
3029 2681 3210 2725 contra
3238 2684 3528 2729 consuetu-

1943 2731 2122 2788 dinem
2162 2744 2244 2788 est
2285 2746 2340 2789 ut
2385 2738 2552 2805 pariat
2585 2731 2736 2803 anus,
2770 2740 3024 2794 adversus
3065 2750 3241 2796 tamen
3283 2756 3525 2798 naturam

1898 2809 1901 2813 ‘
1943 2819 2048 2886 non
2100 2813 2184 2860 est
2237 2819 2292 2859 ut
2342 2807 2394 2861 in
2443 2817 2592 2870 utero
2642 2810 2875 2866 feuiinali
2919 2821 3164 2883 nascatur
3205 2813 3526 2886 quandoque

1943 2873 2100 2927 ﬁlius.

1941 2942 2166 3001 CAPUT
2195 2946 2330 3002 Xlll.
2349 2979 2418 2988 —
2445 2948 2520 3004 De
2548 2959 2872 3088 putepuquem
2897 2952 3019 3006 vidit
3048 2954 3184 3025 Agar
3221 2955 3381 3025 ejecta
3409 2973 3526 3012 cum

2728 3039 2796 3076 ιο.

2728 3039 2796 3076 ιο.

2011 3086 2127 3154 Quo
2157 3097 2405 3167 nascente
2442 3090 2549 3167 filio
2587 3100 2640 3167 et
2669 3086 2972 3160 'ablactato,
3009 3095 3200 3167 ancilla
3232 3097 3375 3167 Agar
3402 3113 3527 3153 cum

1942 3156 2053 3240 filio
2076 3174 2172 3240 suo
2202 3159 2390 3240 lstnael
2427 3162 2517 3230 qui
2550 3163 2694 3230 prior
2723 3156 2982 3240 natusest
3018 3166 3248 3240 ejicitur,
3278 3156 3397 3238 quae
3426 3183 3526 3240 per

1940 3226 2210 3307 desertum
2239 3226 2518 3286 deﬁciente
2547 3226 2704 3307 a_qu_a,
2735 3242 2790 3288 et
2813 3235 2899 3307 siti
2926 3226 3183 3292 moriente
3208 3226 3328 3292 cum
3360 3226 3527 3307 puiero

1942 3299 2139 3378 vadens
2179 3299 2668 3378 lacrymatur.‘Sed_
2691 3299 2889 3373 angelo
2922 3321 3040 3362 eam
3082 3299 3438 3378 compellaute
3471 3319 3528 3365 et

1940 3370 2172 3463 dicente,
2199 3370 2476 3463 Exauditi-it
2517 3370 2960 3463 Dominus—vocent
2991 3379 3131 3463 interi
3147 3419 3183 3463 ,l
3202 3370 3374 3463 aperti
3401 3389 3528 3435 sunt

1941 3441 2236 3520 oculiejnus,
2264 3454 2317 3497 et
2343 3444 2473 3497 vidit
2500 3455 2714 3520 puteum
2755 3447 2808 3500 in
2839 3441 3125 3504 solitudine
3149 3441 3183 3520 '(
3213 3441 3341 3503 Gen.
3397 3465 3521 3503 ιη.

1941 3511 2118 3592 9-19).
2143 3514 2215 3567 De
2245 3531 2349 3582 quo
2367 3511 2524 3592 puteo
2543 3518 2611 3569 ita
2630 3517 2876 3592 rel'cpgur,
2903 3528 2956 3571 ut
2982 3530 3072 3592 aut
3098 3511 3220 3592 tunc
3237 3535 3525 3589 eriunpens

1935 3584 2102 3659 jain__e
2131 3595 2265 3659 terra
2287 3584 2560 3659 prodatur,
2587 3597 2679 3638 aut
2719 3585 2762 3640 si
2785 3589 2856 3642 ibi
2896 3598 3018 3642 ante
3041 3590 3220 3654 fuerit,
3245 3599 3369 3644 tunc
3385 3584 3528 3659 Agar

1940 3653 2437 3728 oculi,__t_tt_vidterct,
2466 3666 2774 3728 queintaute
2804 3675 2908 3712 non
2941 3666 3166 3726 poterat,
3197 3653 3522 3728 aperiantur.

1939 3723 2163 3778 CAPUT
2193 3722 2328 3777 XIV.
2351 3753 2421 3763 -—
2458 3722 2537 3778 De
2564 3726 2894 3864 arietglguem
2929 3722 3183 3782 Abraham
3217 3722 3393 3784 obtulit
3427 3745 3524 3800 pro

2731 3813 2800 3849 ιο.
2992 3852 2994 3854 ,

2731 3813 2800 3849 ιο.

2011 3862 2080 3937 Ut
2107 3871 2281 3937 autem
2308 3875 2587 3934 appareret
2620 3862 2779 3920 etiam
2821 3867 3124 3922 hominibus
3159 3885 3318 3937 quam
3351 3870 3523 3926 fidelis

1940 3931 1992 4004 in
2048 3933 2136 3987 Dei
2177 3931 2406 3988 amicitia
2456 3948 2787 4004 parmaueret
2825 3938 3113 4002 Abraham,
3162 3931 3324 3993 lilium
3366 3956 3524 3996 suum

1942 4001 2084 4058 Isaac
2113 4005 2234 4058 cum
2261 4014 2402 4060 esset
2425 4001 2534 4074 jam
2563 4007 2796 4074 adultus,
2837 4008 3030 4063 offerre
3057 4001 3157 4062 sibi
3189 4011 3239 4062 in
3271 4011 3526 4066 ltoloeau«

1940 4083 2080 4150 stum
2120 4091 2278 4144 super
2310 4091 2470 4150 unum
2501 4079 2790 4150 montium,
2821 4095 2978 4150 quem
3018 4079 3067 4134 ei
3104 4089 3522 4150 monstraverat,

1941 4144 2080 4220 Dens
2111 4147 2378 4220 pragcepit.
2414 4147 2513 4213 Qui
2539 4148 2812 4212 obedicns,
2839 4144 2908 4202 ad
2940 4149 3113 4203 locum
3142 4167 3302 4220 quem
3339 4144 3524 4207 osteu;

1939 4214 2092 4292 derat
2130 4217 2372 4292 ci_Dcus,
2404 4221 2509 4270 cito
2536 4220 2786 4292 perrexit,
2833 4231 2888 4292 et
2914 4214 3184 4292 assuptuui
3217 4222 3381 4276 lilium
3412 4223 3524 4292 jam

1935 4285 2665 4362 jamqueimmolareuciepit
2705 4305 2718 4342 :
2754 4290 2846 4344 sed
2881 4285 3148 4362 clamante
3169 4294 3376 4362 angelo,
3412 4285 3528 4349 iilio

1940 4372 2038 4410 suo
2062 4356 2347 4432 quidquam
2376 4359 2497 4412 mali
2527 4356 2603 4432 ne
2623 4359 2849 4426 faceret,
2873 4361 2981 4431 jam
3023 4362 3162 4424 inter
3190 4356 3380 4432 ve'pres
3411 4364 3526 4419 ha:-

1942 4438 2144 4502 t‘cntem
2185 4430 2433 4483 cornibus
2463 4430 2884 4502 arietetnvidit,
2904 4448 3059 4496 quem
3088 4430 3276 4502 angelo
3302 4433 3526 4502 jnbente

1945 4498 2309 4575 holocaustum
2343 4515 2437 4568 pro
2456 4500 2562 4575 lilio
2579 4501 2754 4575 statim
2777 4501 2966 4575 obtulit
2992 4502 3142 4573 (Gen.
3159 4498 3320 4575 ’μυί
3344 4504 3521 4575 1-15).

1940 4569 2044 4622 Sed
2069 4571 2165 4643 iste
2180 4571 2318 4624 aries
2336 4570 2624 4643 requiritur
2639 4571 2778 4625 unde
2795 4573 2845 4626 in
2867 4569 3150 4629 solitudine
3169 4574 3267 4628 fuit
3286 4589 3299 4626 :
3319 4569 3520 4643 utrum,

1943 4647 1999 4692 ut
2023 4639 2236 4712 quidam
2263 4651 2542 4712 asserunt,
2574 4640 2714 4696 hunc
2741 4643 2793 4696 in
2825 4643 2915 4698 illa
2949 4646 3075 4700 hora
3105 4654 3242 4699 terra
3269 4639 3517 4712 protulit,

1941 4710 2208 4832 quomodo
2234 4719 2288 4764 et
2315 4711 2366 4763 in
2396 4709 2653 4782 principio
2679 4728 2872 4784 pecora
2899 4715 3108 4785 gignit?
3131 4718 3212 4769 Au
3239 4709 3422 4781 ctiam,
3455 4709 3527 4772 ne

1941 4780 1956 4832 ἱ
1983 4781 2068 4832 iud
2095 4795 2229 4832 onus
2259 4790 2378 4832 post
2402 4781 2543 4832 diem
2569 4793 2776 4832 sextum
2799 4787 3099 4832 cninlirliss'e
3125 4785 3192 4832 de.
3216 4794 3356 4832 terra
3384 4785 3525 4832 Dens

1941 4780 2068 4834 illud
2095 4795 2229 4850 opus
2259 4790 2378 4849 post
2402 4781 2543 4836 diem
2569 4780 2776 4838 sext—um
2799 4780 3099 4840 condidisse
3125 4785 3192 4838 de
3216 4794 3356 4839 terra
3383 4785 3525 4841 Deus

1942 4850 2169 4924 dicatur,
2201 4851 2360 4905 istum
2387 4853 2606 4924 arietem
2630 4854 2884 4909 detulisse
2905 4855 3150 4924 angelum
3177 4855 3388 4910 aliunde
3408 4871 3526 4911 cre-

1941 4921 2133 4984 dimus,
2159 4937 2274 4995 quo
2315 4922 2473 4995 modo
2502 4933 2556 4978 et
2593 4925 2889 4994 Philippum
2925 4921 3145 4995 angelus
3179 4926 3246 4979 ab
3274 4926 3525 4982 eunucho

1942 4993 2212 5067 transtulit
2242 4993 2291 5045 in
2314 4993 2544 5067 alutam
2567 4995 2682 5067 (Act
2728 4993 2838 5060 vin,
2867 4997 2981 5065 59),
3003 4993 3058 5051 et
3085 4999 3150 5050 ad
3176 4996 3448 5067 Danielem
3470 4997 3527 5053 in

1943 5063 2264 5132 Babylonen'i
2312 5063 2949 5121 Habacuc'transtulisse‘
2982 5067 3049 5121 ad
3097 5067 3267 5121 lacum
3311 5066 3526 5124 leonum

1941 5134 2111 5205 fertur
2131 5137 2357 5205 angelus
2383 5134 2542 5205 (Dan.
2571 5153 2681 5199 xiv,
2713 5137 2828 5204 55).

1940 5204 2167 5260 CAPUT
2199 5206 2307 5261 XV.
2343 5204 2414 5246 -έ-
2443 5206 2518 5261 De
2549 5207 2794 5278 Jacobret
2835 5205 3069 5278 Joseplt;
3113 5225 3270 5278 quare
3307 5224 3436 5263 unus
3473 5211 3530 5266 in

2057 5287 2201 5351 terra
2216 5279 2616 5348 repromissionis
2630 5319 2645 5341 ,
2678 5277 2806 5351 alter
2829 5277 3142 5351 int/Egypto
3169 5281 3426 5351 sepelitur.

2004 5347 2330 5423 Jndeulsaac
2372 5358 2664 5423 generante
2704 5348 2840 5423 lilios
2877 5347 3066 5423 _Jacob’
3087 5360 3140 5405 et
3188 5347 3328 5406 Esau
3374 5351 3526 5423 (Gen.

1944 5433 2080 5481 xxv,
2108 5418 2224 5493 ἓξ),
2253 5418 2421 5493 ._la_cob_
2441 5419 2722 5474 duodecim
2748 5419 3086 5493 Patriarehas
3103 5418 3393 5491 generante
3411 5422 3528 5493 (Ιά.

1942 5505 2112 5563 xxsv,
2143 5488 2574 5563 ii-ﬂti),_deeem
2614 5493 2805 5563 fratres
2843 5488 3140 5563 invidentes
3175 5493 3375 5563 Joseph
3404 5488 3531 5559 res.

1942 5560 2194 5642 dideruut
2232 5564 2282 5643 in
2314 5559 2600 5643 Egyptum
2777 5577 2991 5643 gxxvu,
3023 5561 3146 5643 i8);
3174 5565 3264 5634 qui
3296 5559 3347 5619 in
3388 5574 3532 5643 terra

1943 5634 2384 5702 peregrinationis
2421 5642 2475 5686 et
2515 5633 2833 5704 captivitatis
2871 5649 2982 5704 suae
3027 5633 3252 5690 salutem
3287 5637 3532 5704 gentibus
3603 5695 3612 5702 ,

1947 5715 2204 5777 pra-stans
2232 5705 2296 5756 ad
2325 5717 2456 5772 quas
2486 5702 2757 5777 pervenit,
2791 5703 2954 5758 totius
2979 5705 3128 5777 regni
3156 5702 3530 5777 [Egyptiorum

1947 5774 2426 5849 dispensationem,
2457 5787 2507 5829 et
2537 5775 3017 5849 dominiutnterra:
3041 5774 3530 5849 Egypt—(accepit,

1949 5845 2020 5900 ita
2051 5854 2107 5903 ut
2143 5855 2195 5903 et
2235 5854 2441 5917 patrem
2480 5861 2601 5904 cum
2641 5848 2786 5911 omni
2823 5845 2982 5904 domo
3024 5845 3210 5906 sua'in
3241 5845 3537 5930 Egyptian
