  <div class='ocr_page' id='page_1' title='image "/cluster/home/n/w/nwhite01/storage/ocr_20150623/35/hvd.32044015706302/433.png"; bbox 0 0 4012 6506; ppageno 0'>
   <div class='ocr_carea' id='block_1_1' title="bbox 521 411 666 470">
    <p class='ocr_par' dir='ltr' id='par_1_1' title="bbox 521 411 666 470">
     <span class='ocr_line' id='line_1_1' title="bbox 521 411 666 470; baseline -0.014 0"><span class='ocrx_word' id='word_1_1' title='bbox 521 411 666 470; x_wconf 65' lang='grc'><strong>1167</strong></span> 
     </span>
    </p>
   </div>
   <div class='ocr_carea' id='block_1_2' title="bbox 521 519 2098 606">
    <p class='ocr_par' dir='ltr' id='par_1_2' title="bbox 521 519 2098 606">
     <span class='ocr_line' id='line_1_2' title="bbox 521 519 2098 606; baseline -0.014 -11"><span class='ocrx_word' id='word_1_2' title='bbox 521 543 808 606; x_wconf 54' lang='lat' dir='ltr'><strong>mutilus</strong></span> <span class='ocrx_word' id='word_1_3' title='bbox 825 571 842 595; x_wconf 90' lang='lat'><strong>,</strong></span> <span class='ocrx_word' id='word_1_4' title='bbox 868 527 1011 600; x_wconf 90' lang='lat' dir='ltr'><strong>quod</strong></span> <span class='ocrx_word' id='word_1_5' title='bbox 1039 543 1188 584; x_wconf 87' lang='lat' dir='ltr'><strong>mare</strong></span> <span class='ocrx_word' id='word_1_6' title='bbox 1223 527 1363 582; x_wconf 88' lang='lat' dir='ltr'><strong>sicut</strong></span> <span class='ocrx_word' id='word_1_7' title='bbox 1386 524 1702 581; x_wconf 76' lang='lat' dir='ltr'><strong>naturaliter</strong></span> <span class='ocrx_word' id='word_1_8' title='bbox 1725 521 1964 606; x_wconf 70' lang='lat' dir='ltr'><strong>quotidie</strong></span> <span class='ocrx_word' id='word_1_9' title='bbox 1999 519 2098 606; x_wconf 50' lang='lat' dir='ltr'><strong>de:</strong></span> 
     </span>
    </p>
   </div>
   <div class='ocr_carea' id='block_1_3' title="bbox 521 591 2108 674">
    <p class='ocr_par' dir='ltr' id='par_1_3' title="bbox 521 591 2108 674">
     <span class='ocr_line' id='line_1_3' title="bbox 521 591 2108 674; baseline -0.006 -17"><span class='ocrx_word' id='word_1_10' title='bbox 521 591 1018 674; x_wconf 48' lang='lat' dir='ltr'><strong>serit_littora_.&quot;non</strong></span> <span class='ocrx_word' id='word_1_11' title='bbox 1037 607 1223 674; x_wconf 54' lang='lat' dir='ltr'><strong>contua</strong></span> <span class='ocrx_word' id='word_1_12' title='bbox 1251 605 1518 664; x_wconf 88' lang='lat' dir='ltr'><strong>naturam,</strong></span> <span class='ocrx_word' id='word_1_13' title='bbox 1553 591 1798 674; x_wconf 85' lang='lat' dir='ltr'><strong>quamvis</strong></span> <span class='ocrx_word' id='word_1_14' title='bbox 1829 593 1986 664; x_wconf 85' lang='lat' dir='ltr'><strong>longe</strong></span> <span class='ocrx_word' id='word_1_15' title='bbox 2009 591 2108 674; x_wconf 79' lang='lat' dir='ltr'><strong>ali-</strong></span> 
     </span>
    </p>
   </div>
   <div class='ocr_carea' id='block_1_4' title="bbox 521 666 2105 798">
    <p class='ocr_par' dir='ltr' id='par_1_4' title="bbox 521 666 2105 798">
     <span class='ocr_line' id='line_1_4' title="bbox 521 666 2105 739; baseline -0.005 -14"><span class='ocrx_word' id='word_1_16' title='bbox 521 679 611 728; x_wconf 88' lang='lat' dir='ltr'><strong>ter</strong></span> <span class='ocrx_word' id='word_1_17' title='bbox 648 670 892 726; x_wconf 87' lang='lat' dir='ltr'><strong>dissimili</strong></span> <span class='ocrx_word' id='word_1_18' title='bbox 941 668 1126 739; x_wconf 90' lang='lat' dir='ltr'><strong>modo,</strong></span> <span class='ocrx_word' id='word_1_19' title='bbox 1169 667 1283 725; x_wconf 88' lang='lat' dir='ltr'><strong>Deo</strong></span> <span class='ocrx_word' id='word_1_20' title='bbox 1327 677 1451 724; x_wconf 89' lang='lat' dir='ltr'><strong>tunc</strong></span> <span class='ocrx_word' id='word_1_21' title='bbox 1497 666 1844 739; x_wconf 85' lang='lat' dir='ltr'><strong>gubernante,</strong></span> <span class='ocrx_word' id='word_1_22' title='bbox 1893 666 2105 736; x_wconf 87' lang='lat' dir='ltr'><strong>propria</strong></span> 
     </span>
     <span class='ocr_line' id='line_1_5' title="bbox 525 740 959 798; baseline -0.007 -1"><span class='ocrx_word' id='word_1_23' title='bbox 525 741 708 798; x_wconf 86' lang='lat' dir='ltr'><strong>littora</strong></span> <span class='ocrx_word' id='word_1_24' title='bbox 735 740 959 796; x_wconf 88' lang='lat' dir='ltr'><strong>detexit.</strong></span> 
     </span>
    </p>
   </div>
   <div class='ocr_carea' id='block_1_5' title="bbox 551 741 959 797">
    <p class='ocr_par' dir='ltr' id='par_1_5' title="bbox 551 741 959 797">
     <span class='ocr_line' id='line_1_6' title="bbox 551 741 959 797; baseline -0.005 -1"><span class='ocrx_word' id='word_1_25' title='bbox 551 741 708 797; x_wconf 86' lang='lat' dir='ltr'><strong>ittora</strong></span> <span class='ocrx_word' id='word_1_26' title='bbox 735 741 959 796; x_wconf 88' lang='lat' dir='ltr'><strong>detexit.</strong></span> 
     </span>
    </p>
   </div>
   <div class='ocr_carea' id='block_1_6' title="bbox 563 803 2066 876">
    <p class='ocr_par' dir='ltr' id='par_1_6' title="bbox 563 803 2066 876">
     <span class='ocr_line' id='line_1_7' title="bbox 563 803 2066 876; baseline -0.007 -8"><span class='ocrx_word' id='word_1_27' title='bbox 563 810 792 868; x_wconf 83' lang='lat' dir='ltr'><strong>CAPUT</strong></span> <span class='ocrx_word' id='word_1_28' title='bbox 821 809 1120 866; x_wconf 79' lang='lat' dir='ltr'><strong>XXl.——De</strong></span> <span class='ocrx_word' id='word_1_29' title='bbox 1142 809 1365 864; x_wconf 81' lang='lat' dir='ltr'><strong>carmine</strong></span> <span class='ocrx_word' id='word_1_30' title='bbox 1379 823 1598 862; x_wconf 78' lang='lat' dir='ltr'><strong>consono</strong></span> <span class='ocrx_word' id='word_1_31' title='bbox 1627 806 1854 876; x_wconf 73' lang='lat' dir='ltr'><strong>ﬁliorum</strong></span> <span class='ocrx_word' id='word_1_32' title='bbox 1881 803 2066 860; x_wconf 78' lang='lat' dir='ltr'><strong>Israel.</strong></span> 
     </span>
    </p>
   </div>
   <div class='ocr_carea' id='block_1_7' title="bbox 598 877 2105 950">
    <p class='ocr_par' dir='ltr' id='par_1_7' title="bbox 598 877 2105 950">
     <span class='ocr_line' id='line_1_8' title="bbox 598 877 2105 950; baseline -0.005 -14"><span class='ocrx_word' id='word_1_33' title='bbox 598 881 1012 938; x_wconf 84' lang='lat' dir='ltr'><strong>Considerantes</strong></span> <span class='ocrx_word' id='word_1_34' title='bbox 1057 881 1216 950; x_wconf 90' lang='lat' dir='ltr'><strong>igitur</strong></span> <span class='ocrx_word' id='word_1_35' title='bbox 1244 879 1350 950; x_wconf 82' lang='lat' dir='ltr'><strong>filii</strong></span> <span class='ocrx_word' id='word_1_36' title='bbox 1391 877 1555 950; x_wconf 85' lang='lat' dir='ltr'><strong>Israel</strong></span> <span class='ocrx_word' id='word_1_37' title='bbox 1581 877 1981 950; x_wconf 60' lang='lat' dir='ltr'><strong>validissimam</strong></span> <span class='ocrx_word' id='word_1_38' title='bbox 2011 890 2105 950; x_wconf 82' lang='lat' dir='ltr'><strong>po-</strong></span> 
     </span>
    </p>
   </div>
   <div class='ocr_carea' id='block_1_8' title="bbox 531 945 2102 1034">
    <p class='ocr_par' dir='ltr' id='par_1_8' title="bbox 531 945 2102 1034">
     <span class='ocr_line' id='line_1_9' title="bbox 531 945 2102 1034; baseline -0.006 -27"><span class='ocrx_word' id='word_1_39' title='bbox 531 959 811 1034; x_wconf 66' lang='lat' dir='ltr'><strong>testatem,</strong></span> <span class='ocrx_word' id='word_1_40' title='bbox 859 967 1019 1034; x_wconf 82' lang='lat' dir='ltr'><strong>quam</strong></span> <span class='ocrx_word' id='word_1_41' title='bbox 1071 945 1125 1006; x_wconf 69' lang='lat' dir='ltr'><strong>in</strong></span> <span class='ocrx_word' id='word_1_42' title='bbox 1172 950 1256 1005; x_wconf 87' lang='lat' dir='ltr'><strong>sui</strong></span> <span class='ocrx_word' id='word_1_43' title='bbox 1292 945 2102 1034; x_wconf 32' lang='lat' dir='ltr'><strong>liberationeDominus-fecit,</strong></span> 
     </span>
    </p>
   </div>
   <div class='ocr_carea' id='block_1_9' title="bbox 530 1016 2104 1094">
    <p class='ocr_par' dir='ltr' id='par_1_9' title="bbox 530 1016 2104 1094">
     <span class='ocr_line' id='line_1_10' title="bbox 530 1016 2104 1094; baseline -0.007 -17"><span class='ocrx_word' id='word_1_44' title='bbox 530 1021 714 1094; x_wconf 70' lang='lat' dir='ltr'><strong>Moyse</strong></span> <span class='ocrx_word' id='word_1_45' title='bbox 735 1016 1311 1094; x_wconf 65' lang='lat' dir='ltr'><strong>prtecinenteconsono</strong></span> <span class='ocrx_word' id='word_1_46' title='bbox 1329 1019 1499 1094; x_wconf 72' lang='lat' dir='ltr'><strong>canui</strong></span> <span class='ocrx_word' id='word_1_47' title='bbox 1501 1033 1566 1073; x_wconf 90' lang='lat' dir='ltr'><strong>ne</strong></span> <span class='ocrx_word' id='word_1_48' title='bbox 1585 1016 2104 1094; x_wconf 53' lang='lat' dir='ltr'><strong>canticumjiomjuo</strong></span> 
     </span>
    </p>
   </div>
   <div class='ocr_carea' id='block_1_10' title="bbox 527 1083 2102 1168">
    <p class='ocr_par' dir='ltr' id='par_1_10' title="bbox 527 1083 2102 1168">
     <span class='ocr_line' id='line_1_11' title="bbox 527 1083 2102 1168; baseline -0.004 -22"><span class='ocrx_word' id='word_1_49' title='bbox 527 1083 764 1168; x_wconf 65' lang='lat' dir='ltr'><strong>universi</strong></span> <span class='ocrx_word' id='word_1_50' title='bbox 807 1091 1005 1168; x_wconf 77' lang='lat' dir='ltr'><strong>pariter</strong></span> <span class='ocrx_word' id='word_1_51' title='bbox 1045 1090 1400 1168; x_wconf 78' lang='lat' dir='ltr'><strong>decantabant</strong></span> <span class='ocrx_word' id='word_1_52' title='bbox 1651 1102 1758 1152; x_wconf 83' lang='lat' dir='ltr'><strong>xv,</strong></span> <span class='ocrx_word' id='word_1_53' title='bbox 1793 1085 1984 1168; x_wconf 50' lang='lat' dir='ltr'><strong>l;22)._</strong></span> <span class='ocrx_word' id='word_1_54' title='bbox 2004 1083 2102 1142; x_wconf 87' lang='lat' dir='ltr'><strong>Ubi</strong></span> 
     </span>
    </p>
   </div>
   <div class='ocr_carea' id='block_1_11' title="bbox 527 1156 2102 1228">
    <p class='ocr_par' dir='ltr' id='par_1_11' title="bbox 527 1156 2102 1228">
     <span class='ocr_line' id='line_1_12' title="bbox 527 1156 2102 1228; baseline -0.006 -11"><span class='ocrx_word' id='word_1_55' title='bbox 527 1162 738 1218; x_wconf 84' lang='lat' dir='ltr'><strong>enormi</strong></span> <span class='ocrx_word' id='word_1_56' title='bbox 763 1156 892 1216; x_wconf 78' lang='lat' dir='ltr'><strong>satis</strong></span> <span class='ocrx_word' id='word_1_57' title='bbox 917 1161 1268 1216; x_wconf 83' lang='lat' dir='ltr'><strong>admiratione</strong></span> <span class='ocrx_word' id='word_1_58' title='bbox 1291 1156 1484 1214; x_wconf 87' lang='lat' dir='ltr'><strong>accidit</strong></span> <span class='ocrx_word' id='word_1_59' title='bbox 1521 1159 1736 1228; x_wconf 86' lang='lat' dir='ltr'><strong>dignum</strong></span> <span class='ocrx_word' id='word_1_60' title='bbox 1768 1156 2102 1220; x_wconf 82' lang='lat' dir='ltr'><strong>miraculum,</strong></span> 
     </span>
    </p>
   </div>
   <div class='ocr_carea' id='block_1_12' title="bbox 529 1229 2101 1302">
    <p class='ocr_par' dir='ltr' id='par_1_12' title="bbox 529 1229 2101 1302">
     <span class='ocr_line' id='line_1_13' title="bbox 529 1229 2101 1302; baseline -0.004 -16"><span class='ocrx_word' id='word_1_61' title='bbox 529 1241 588 1286; x_wconf 92' lang='lat' dir='ltr'><strong>ut</strong></span> <span class='ocrx_word' id='word_1_62' title='bbox 612 1233 788 1302; x_wconf 81' lang='lat' dir='ltr'><strong>cuncti</strong></span> <span class='ocrx_word' id='word_1_63' title='bbox 817 1233 1015 1302; x_wconf 86' lang='lat' dir='ltr'><strong>pariter</strong></span> <span class='ocrx_word' id='word_1_64' title='bbox 1040 1247 1196 1302; x_wconf 89' lang='lat' dir='ltr'><strong>senes</strong></span> <span class='ocrx_word' id='word_1_65' title='bbox 1218 1245 1340 1286; x_wconf 90' lang='lat' dir='ltr'><strong>cum</strong></span> <span class='ocrx_word' id='word_1_66' title='bbox 1381 1229 1578 1298; x_wconf 87' lang='lat' dir='ltr'><strong>pueris,</strong></span> <span class='ocrx_word' id='word_1_67' title='bbox 1598 1237 1662 1302; x_wconf 92' lang='lat' dir='ltr'><strong>_et</strong></span> <span class='ocrx_word' id='word_1_68' title='bbox 1688 1241 1875 1282; x_wconf 89' lang='lat' dir='ltr'><strong>omnes</strong></span> <span class='ocrx_word' id='word_1_69' title='bbox 1898 1235 2101 1302; x_wconf 66' lang='lat' dir='ltr'><strong>artatus,</strong></span> 
     </span>
    </p>
   </div>
   <div class='ocr_carea' id='block_1_13' title="bbox 528 1297 2102 1378">
    <p class='ocr_par' dir='ltr' id='par_1_13' title="bbox 528 1297 2102 1378">
     <span class='ocr_line' id='line_1_14' title="bbox 528 1297 2102 1378; baseline -0.005 -22"><span class='ocrx_word' id='word_1_70' title='bbox 528 1301 718 1356; x_wconf 89' lang='lat' dir='ltr'><strong>eodem</strong></span> <span class='ocrx_word' id='word_1_71' title='bbox 766 1297 1004 1378; x_wconf 72' lang='lat' dir='ltr'><strong>inspirati</strong></span> <span class='ocrx_word' id='word_1_72' title='bbox 1023 1301 1264 1378; x_wconf 74' lang='lat' dir='ltr'><strong>flamine,</strong></span> <span class='ocrx_word' id='word_1_73' title='bbox 1315 1314 1421 1378; x_wconf 79' lang='lat' dir='ltr'><strong>uno</strong></span> <span class='ocrx_word' id='word_1_74' title='bbox 1463 1299 1732 1378; x_wconf 82' lang='lat' dir='ltr'><strong>quasi_ex</strong></span> <span class='ocrx_word' id='word_1_75' title='bbox 1766 1297 2102 1378; x_wconf 12' lang='lat' dir='ltr'><strong>foreLAnulla</strong></span> 
     </span>
    </p>
   </div>
   <div class='ocr_carea' id='block_1_14' title="bbox 527 1368 2108 1439">
    <p class='ocr_par' dir='ltr' id='par_1_14' title="bbox 527 1368 2108 1439">
     <span class='ocr_line' id='line_1_15' title="bbox 527 1368 2108 1439; baseline -0.004 -13"><span class='ocrx_word' id='word_1_76' title='bbox 527 1368 933 1439; x_wconf 65' lang='lat' dir='ltr'><strong>praemonitiLine</strong></span> <span class='ocrx_word' id='word_1_77' title='bbox 971 1373 1181 1435; x_wconf 90' lang='lat' dir='ltr'><strong>edocti,</strong></span> <span class='ocrx_word' id='word_1_78' title='bbox 1235 1369 1450 1423; x_wconf 85' lang='lat' dir='ltr'><strong>easdem</strong></span> <span class='ocrx_word' id='word_1_79' title='bbox 1483 1368 1840 1422; x_wconf 42' lang='lat' dir='ltr'><strong>&quot;concinenter</strong></span> <span class='ocrx_word' id='word_1_80' title='bbox 1899 1368 2108 1439; x_wconf 73' lang='lat' dir='ltr'><strong>litteras</strong></span> 
     </span>
    </p>
   </div>
   <div class='ocr_carea' id='block_1_15' title="bbox 527 1437 2102 1507">
    <p class='ocr_par' dir='ltr' id='par_1_15' title="bbox 527 1437 2102 1507">
     <span class='ocr_line' id='line_1_16' title="bbox 527 1437 2102 1507; baseline -0.004 -11"><span class='ocrx_word' id='word_1_81' title='bbox 527 1437 876 1498; x_wconf 80' lang='lat' dir='ltr'><strong>decantarent</strong></span> <span class='ocrx_word' id='word_1_82' title='bbox 913 1443 964 1496; x_wconf 90' lang='lat' dir='ltr'><strong>in</strong></span> <span class='ocrx_word' id='word_1_83' title='bbox 997 1457 1180 1496; x_wconf 91' lang='lat' dir='ltr'><strong>unum.</strong></span> <span class='ocrx_word' id='word_1_84' title='bbox 1227 1439 1334 1495; x_wconf 89' lang='lat' dir='ltr'><strong>Sed</strong></span> <span class='ocrx_word' id='word_1_85' title='bbox 1359 1451 1568 1493; x_wconf 82' lang='lat' dir='ltr'><strong>naturae</strong></span> <span class='ocrx_word' id='word_1_86' title='bbox 1596 1439 1878 1507; x_wconf 85' lang='lat' dir='ltr'><strong>inquisitor</strong></span> <span class='ocrx_word' id='word_1_87' title='bbox 1915 1437 1969 1490; x_wconf 91' lang='lat' dir='ltr'><strong>in</strong></span> <span class='ocrx_word' id='word_1_88' title='bbox 2000 1437 2102 1490; x_wconf 91' lang='lat' dir='ltr'><strong>hoc</strong></span> 
     </span>
    </p>
   </div>
   <div class='ocr_carea' id='block_1_16' title="bbox 525 1507 2102 1575">
    <p class='ocr_par' dir='ltr' id='par_1_16' title="bbox 525 1507 2102 1575">
     <span class='ocr_line' id='line_1_17' title="bbox 525 1507 2102 1575; baseline -0.003 -10"><span class='ocrx_word' id='word_1_89' title='bbox 525 1511 645 1566; x_wconf 92' lang='lat' dir='ltr'><strong>loco</strong></span> <span class='ocrx_word' id='word_1_90' title='bbox 670 1527 892 1568; x_wconf 87' lang='lat' dir='ltr'><strong>securus</strong></span> <span class='ocrx_word' id='word_1_91' title='bbox 929 1512 1178 1575; x_wconf 86' lang='lat' dir='ltr'><strong>efficitur,</strong></span> <span class='ocrx_word' id='word_1_92' title='bbox 1207 1511 1296 1565; x_wconf 91' lang='lat' dir='ltr'><strong>ubi</strong></span> <span class='ocrx_word' id='word_1_93' title='bbox 1345 1525 1450 1562; x_wconf 91' lang='lat' dir='ltr'><strong>non</strong></span> <span class='ocrx_word' id='word_1_94' title='bbox 1479 1507 1863 1563; x_wconf 85' lang='lat' dir='ltr'><strong>consuetudine</strong></span> <span class='ocrx_word' id='word_1_95' title='bbox 1887 1507 2102 1562; x_wconf 85' lang='lat' dir='ltr'><strong>humani</strong></span> 
     </span>
    </p>
   </div>
   <div class='ocr_carea' id='block_1_17' title="bbox 525 1581 2104 1652">
    <p class='ocr_par' dir='ltr' id='par_1_17' title="bbox 525 1581 2104 1652">
     <span class='ocr_line' id='line_1_18' title="bbox 525 1581 2104 1652; baseline -0.004 -16"><span class='ocrx_word' id='word_1_96' title='bbox 525 1581 753 1652; x_wconf 89' lang='lat' dir='ltr'><strong>ingenii,</strong></span> <span class='ocrx_word' id='word_1_97' title='bbox 785 1581 881 1636; x_wconf 86' lang='lat' dir='ltr'><strong>sed</strong></span> <span class='ocrx_word' id='word_1_98' title='bbox 924 1582 1110 1636; x_wconf 90' lang='lat' dir='ltr'><strong>divino</strong></span> <span class='ocrx_word' id='word_1_99' title='bbox 1141 1581 1344 1652; x_wconf 82' lang='lat' dir='ltr'><strong>Spiritu</strong></span> <span class='ocrx_word' id='word_1_100' title='bbox 1374 1589 1648 1634; x_wconf 90' lang='lat' dir='ltr'><strong>cantorum</strong></span> <span class='ocrx_word' id='word_1_101' title='bbox 1675 1585 1905 1652; x_wconf 76' lang='lat' dir='ltr'><strong>pectora</strong></span> <span class='ocrx_word' id='word_1_102' title='bbox 1932 1587 2104 1652; x_wconf 90' lang='lat' dir='ltr'><strong>e_t_ora</strong></span> 
     </span>
    </p>
   </div>
   <div class='ocr_carea' id='block_1_18' title="bbox 525 1648 2104 1721">
    <p class='ocr_par' dir='ltr' id='par_1_18' title="bbox 525 1648 2104 1721">
     <span class='ocr_line' id='line_1_19' title="bbox 525 1648 2104 1721; baseline -0.003 -15"><span class='ocrx_word' id='word_1_103' title='bbox 525 1648 872 1721; x_wconf 77' lang='lat' dir='ltr'><strong>inspirantur.</strong></span> <span class='ocrx_word' id='word_1_104' title='bbox 917 1651 1023 1708; x_wconf 86' lang='lat' dir='ltr'><strong>Sed</strong></span> <span class='ocrx_word' id='word_1_105' title='bbox 1053 1652 1106 1706; x_wconf 89' lang='lat' dir='ltr'><strong>in</strong></span> <span class='ocrx_word' id='word_1_106' title='bbox 1137 1648 1220 1706; x_wconf 79' lang='lat' dir='ltr'><strong>his</strong></span> <span class='ocrx_word' id='word_1_107' title='bbox 1270 1660 1446 1721; x_wconf 80' lang='lat' dir='ltr'><strong>tamen</strong></span> <span class='ocrx_word' id='word_1_108' title='bbox 1487 1648 1790 1721; x_wconf 72' lang='lat' dir='ltr'><strong>cantoribus</strong></span> <span class='ocrx_word' id='word_1_109' title='bbox 1835 1649 1908 1701; x_wconf 92' lang='lat' dir='ltr'><strong>nil</strong></span> <span class='ocrx_word' id='word_1_110' title='bbox 1963 1649 2104 1721; x_wconf 79' lang='lat' dir='ltr'><strong>idem</strong></span> 
     </span>
    </p>
   </div>
   <div class='ocr_carea' id='block_1_19' title="bbox 525 1717 2102 1790">
    <p class='ocr_par' dir='ltr' id='par_1_19' title="bbox 525 1717 2102 1790">
     <span class='ocr_line' id='line_1_20' title="bbox 525 1717 2102 1790; baseline -0.003 -13"><span class='ocrx_word' id='word_1_111' title='bbox 525 1717 757 1790; x_wconf 75' lang='lat' dir='ltr'><strong>Spiritus</strong></span> <span class='ocrx_word' id='word_1_112' title='bbox 813 1733 997 1777; x_wconf 89' lang='lat' dir='ltr'><strong>contra</strong></span> <span class='ocrx_word' id='word_1_113' title='bbox 1062 1731 1312 1790; x_wconf 17' lang='lat' dir='ltr'><strong>naturam,</strong></span> <span class='ocrx_word' id='word_1_114' title='bbox 1355 1718 1598 1774; x_wconf 73' lang='lat' dir='ltr'><strong>effecisse</strong></span> <span class='ocrx_word' id='word_1_115' title='bbox 1649 1719 1991 1790; x_wconf 77' lang='lat' dir='ltr'><strong>dignoscitur,</strong></span> <span class='ocrx_word' id='word_1_116' title='bbox 2049 1717 2102 1772; x_wconf 89' lang='lat' dir='ltr'><strong>in</strong></span> 
     </span>
    </p>
   </div>
   <div class='ocr_carea' id='block_1_20' title="bbox 525 1789 2104 1860">
    <p class='ocr_par' dir='ltr' id='par_1_20' title="bbox 525 1789 2104 1860">
     <span class='ocr_line' id='line_1_21' title="bbox 525 1789 2104 1860; baseline -0.001 -16"><span class='ocrx_word' id='word_1_117' title='bbox 525 1789 718 1860; x_wconf 80' lang='lat' dir='ltr'><strong>quibus</strong></span> <span class='ocrx_word' id='word_1_118' title='bbox 744 1809 838 1858; x_wconf 84' lang='lat' dir='ltr'><strong>per</strong></span> <span class='ocrx_word' id='word_1_119' title='bbox 863 1808 953 1848; x_wconf 88' lang='lat' dir='ltr'><strong>ora</strong></span> <span class='ocrx_word' id='word_1_120' title='bbox 983 1801 1037 1848; x_wconf 91' lang='lat' dir='ltr'><strong>et</strong></span> <span class='ocrx_word' id='word_1_121' title='bbox 1067 1793 1274 1860; x_wconf 82' lang='lat' dir='ltr'><strong>linguas</strong></span> <span class='ocrx_word' id='word_1_122' title='bbox 1303 1789 1496 1844; x_wconf 86' lang='lat' dir='ltr'><strong>halitus</strong></span> <span class='ocrx_word' id='word_1_123' title='bbox 1523 1798 1578 1844; x_wconf 91' lang='lat' dir='ltr'><strong>et</strong></span> <span class='ocrx_word' id='word_1_124' title='bbox 1601 1804 1700 1860; x_wconf 83' lang='lat' dir='ltr'><strong>vox</strong></span> <span class='ocrx_word' id='word_1_125' title='bbox 1723 1789 1787 1842; x_wconf 88' lang='lat' dir='ltr'><strong>ad</strong></span> <span class='ocrx_word' id='word_1_126' title='bbox 1809 1789 1968 1860; x_wconf 86' lang='lat' dir='ltr'><strong>verba</strong></span> <span class='ocrx_word' id='word_1_127' title='bbox 1991 1802 2104 1842; x_wconf 87' lang='lat' dir='ltr'><strong>mo-</strong></span> 
     </span>
    </p>
   </div>
   <div class='ocr_carea' id='block_1_21' title="bbox 526 1858 2104 1933">
    <p class='ocr_par' dir='ltr' id='par_1_21' title="bbox 526 1858 2104 1933">
     <span class='ocr_line' id='line_1_22' title="bbox 526 1858 2104 1933; baseline -0.001 -19"><span class='ocrx_word' id='word_1_128' title='bbox 526 1858 700 1916; x_wconf 78' lang='lat' dir='ltr'><strong>vetur.</strong></span> <span class='ocrx_word' id='word_1_129' title='bbox 731 1863 799 1917; x_wconf 87' lang='lat' dir='ltr'><strong>Et</strong></span> <span class='ocrx_word' id='word_1_130' title='bbox 821 1863 962 1933; x_wconf 92' lang='lat' dir='ltr'><strong>quod</strong></span> <span class='ocrx_word' id='word_1_131' title='bbox 1001 1878 1098 1932; x_wconf 85' lang='lat' dir='ltr'><strong>per</strong></span> <span class='ocrx_word' id='word_1_132' title='bbox 1143 1858 1362 1917; x_wconf 75' lang='lat' dir='ltr'><strong>verbum</strong></span> <span class='ocrx_word' id='word_1_133' title='bbox 1410 1869 1463 1914; x_wconf 91' lang='lat' dir='ltr'><strong>et</strong></span> <span class='ocrx_word' id='word_1_134' title='bbox 1511 1858 1748 1933; x_wconf 81' lang='lat' dir='ltr'><strong>studium</strong></span> <span class='ocrx_word' id='word_1_135' title='bbox 1789 1859 1886 1928; x_wconf 72' lang='lat' dir='ltr'><strong>ipsi</strong></span> <span class='ocrx_word' id='word_1_136' title='bbox 1932 1859 2104 1933; x_wconf 80' lang='lat' dir='ltr'><strong>facere</strong></span> 
     </span>
    </p>
   </div>
   <div class='ocr_carea' id='block_1_22' title="bbox 525 1929 2102 2000">
    <p class='ocr_par' dir='ltr' id='par_1_22' title="bbox 525 1929 2102 2000">
     <span class='ocr_line' id='line_1_23' title="bbox 525 1929 2102 2000; baseline -0.001 -16"><span class='ocrx_word' id='word_1_137' title='bbox 525 1929 854 2000; x_wconf 50' lang='lat' dir='ltr'><strong>potuerantf</strong></span> <span class='ocrx_word' id='word_1_138' title='bbox 877 1929 1172 1988; x_wconf 81' lang='lat' dir='ltr'><strong>consonum</strong></span> <span class='ocrx_word' id='word_1_139' title='bbox 1228 1945 1415 1985; x_wconf 90' lang='lat' dir='ltr'><strong>omnes</strong></span> <span class='ocrx_word' id='word_1_140' title='bbox 1440 1945 1674 2000; x_wconf 72' lang='lat' dir='ltr'><strong>cannea</strong></span> <span class='ocrx_word' id='word_1_141' title='bbox 1717 1929 2001 2000; x_wconf 83' lang='lat' dir='ltr'><strong>decantare</strong></span> <span class='ocrx_word' id='word_1_142' title='bbox 2047 1929 2102 2000; x_wconf 89' lang='lat' dir='ltr'><strong>in</strong></span> 
     </span>
    </p>
   </div>
   <div class='ocr_carea' id='block_1_23' title="bbox 527 1999 2102 2068">
    <p class='ocr_par' dir='ltr' id='par_1_23' title="bbox 527 1999 2102 2068">
     <span class='ocr_line' id='line_1_24' title="bbox 527 1999 2102 2068; baseline -0.002 -14"><span class='ocrx_word' id='word_1_143' title='bbox 527 1999 636 2054; x_wconf 77' lang='lat' dir='ltr'><strong>uno</strong></span> <span class='ocrx_word' id='word_1_144' title='bbox 657 2015 926 2057; x_wconf 88' lang='lat' dir='ltr'><strong>momento</strong></span> <span class='ocrx_word' id='word_1_145' title='bbox 968 2001 1226 2057; x_wconf 85' lang='lat' dir='ltr'><strong>Dominus</strong></span> <span class='ocrx_word' id='word_1_146' title='bbox 1269 2001 1376 2054; x_wconf 90' lang='lat' dir='ltr'><strong>illis</strong></span> <span class='ocrx_word' id='word_1_147' title='bbox 1421 1999 1657 2054; x_wconf 89' lang='lat' dir='ltr'><strong>donavit.</strong></span> <span class='ocrx_word' id='word_1_148' title='bbox 1707 2000 1774 2054; x_wconf 86' lang='lat' dir='ltr'><strong>Et</strong></span> <span class='ocrx_word' id='word_1_149' title='bbox 1807 1999 1895 2068; x_wconf 91' lang='lat' dir='ltr'><strong>qui</strong></span> <span class='ocrx_word' id='word_1_150' title='bbox 1947 1999 2102 2067; x_wconf 92' lang='lat' dir='ltr'><strong>paulo</strong></span> 
     </span>
    </p>
   </div>
   <div class='ocr_carea' id='block_1_24' title="bbox 523 2069 2103 2142">
    <p class='ocr_par' dir='ltr' id='par_1_24' title="bbox 523 2069 2103 2142">
     <span class='ocr_line' id='line_1_25' title="bbox 523 2069 2103 2142; baseline -0.003 -17"><span class='ocrx_word' id='word_1_151' title='bbox 523 2081 648 2142; x_wconf 82' lang='lat' dir='ltr'><strong>ante</strong></span> <span class='ocrx_word' id='word_1_152' title='bbox 673 2072 992 2142; x_wconf 88' lang='lat' dir='ltr'><strong>profundum</strong></span> <span class='ocrx_word' id='word_1_153' title='bbox 1031 2087 1210 2128; x_wconf 87' lang='lat' dir='ltr'><strong>coram</strong></span> <span class='ocrx_word' id='word_1_154' title='bbox 1242 2069 1323 2126; x_wconf 91' lang='lat' dir='ltr'><strong>eis</strong></span> <span class='ocrx_word' id='word_1_155' title='bbox 1361 2077 1683 2142; x_wconf 77' lang='lat' dir='ltr'><strong>aperuerat,</strong></span> <span class='ocrx_word' id='word_1_156' title='bbox 1709 2069 1845 2142; x_wconf 76' lang='lat' dir='ltr'><strong>ipse</strong></span> <span class='ocrx_word' id='word_1_157' title='bbox 1867 2079 2103 2142; x_wconf 82' lang='lat' dir='ltr'><strong>postmo-</strong></span> 
     </span>
    </p>
   </div>
   <div class='ocr_carea' id='block_1_25' title="bbox 523 2140 2100 2210">
    <p class='ocr_par' dir='ltr' id='par_1_25' title="bbox 523 2140 2100 2210">
     <span class='ocr_line' id='line_1_26' title="bbox 523 2140 2100 2210; baseline -0.001 -15"><span class='ocrx_word' id='word_1_158' title='bbox 523 2141 650 2196; x_wconf 90' lang='lat' dir='ltr'><strong>dum</strong></span> <span class='ocrx_word' id='word_1_159' title='bbox 676 2140 727 2198; x_wconf 90' lang='lat' dir='ltr'><strong>in</strong></span> <span class='ocrx_word' id='word_1_160' title='bbox 750 2144 853 2200; x_wconf 85' lang='lat' dir='ltr'><strong>tale</strong></span> <span class='ocrx_word' id='word_1_161' title='bbox 875 2144 1138 2200; x_wconf 87' lang='lat' dir='ltr'><strong>canticum</strong></span> <span class='ocrx_word' id='word_1_162' title='bbox 1159 2155 1347 2198; x_wconf 90' lang='lat' dir='ltr'><strong>eorum</strong></span> <span class='ocrx_word' id='word_1_163' title='bbox 1365 2140 1573 2210; x_wconf 82' lang='lat' dir='ltr'><strong>linguas</strong></span> <span class='ocrx_word' id='word_1_164' title='bbox 1599 2149 1654 2195; x_wconf 91' lang='lat' dir='ltr'><strong>et</strong></span> <span class='ocrx_word' id='word_1_165' title='bbox 1675 2140 1880 2210; x_wconf 87' lang='lat' dir='ltr'><strong>ingenia</strong></span> <span class='ocrx_word' id='word_1_166' title='bbox 1905 2140 2100 2210; x_wconf 86' lang='lat' dir='ltr'><strong>guber-</strong></span> 
     </span>
    </p>
   </div>
   <div class='ocr_carea' id='block_1_26' title="bbox 523 2213 701 2266">
    <p class='ocr_par' dir='ltr' id='par_1_26' title="bbox 523 2213 701 2266">
     <span class='ocr_line' id='line_1_27' title="bbox 523 2213 701 2266; baseline 0 -1"><span class='ocrx_word' id='word_1_167' title='bbox 523 2213 701 2266; x_wconf 85' lang='lat' dir='ltr'><strong>nabat.</strong></span> 
     </span>
    </p>
   </div>
   <div class='ocr_carea' id='block_1_27' title="bbox 594 2279 2024 2350">
    <p class='ocr_par' dir='ltr' id='par_1_27' title="bbox 594 2279 2024 2350">
     <span class='ocr_line' id='line_1_28' title="bbox 594 2279 2024 2350; baseline -0.002 -14"><span class='ocrx_word' id='word_1_168' title='bbox 594 2281 820 2338; x_wconf 84' lang='lat' dir='ltr'><strong>CAPUT</strong></span> <span class='ocrx_word' id='word_1_169' title='bbox 849 2281 1016 2338; x_wconf 78' lang='lat' dir='ltr'><strong>XXII.</strong></span> <span class='ocrx_word' id='word_1_170' title='bbox 1045 2312 1117 2324; x_wconf 93' lang='lat'><strong>--</strong></span> <span class='ocrx_word' id='word_1_171' title='bbox 1143 2282 1223 2336; x_wconf 79' lang='lat' dir='ltr'><strong>De</strong></span> <span class='ocrx_word' id='word_1_172' title='bbox 1255 2279 1398 2350; x_wconf 83' lang='lat' dir='ltr'><strong>aquis</strong></span> <span class='ocrx_word' id='word_1_173' title='bbox 1423 2279 1694 2334; x_wconf 74' lang='lat' dir='ltr'><strong>indulcatis</strong></span> <span class='ocrx_word' id='word_1_174' title='bbox 1719 2281 1771 2332; x_wconf 75' lang='lat' dir='ltr'><strong>in</strong></span> <span class='ocrx_word' id='word_1_175' title='bbox 1803 2279 2024 2333; x_wconf 70' lang='lat' dir='ltr'><strong>Marum.</strong></span> 
     </span>
    </p>
   </div>
   <div class='ocr_carea' id='block_1_28' title="bbox 593 2350 2100 2420">
    <p class='ocr_par' dir='ltr' id='par_1_28' title="bbox 593 2350 2100 2420">
     <span class='ocr_line' id='line_1_29' title="bbox 593 2350 2100 2420; baseline 0 -16"><span class='ocrx_word' id='word_1_176' title='bbox 593 2351 724 2406; x_wconf 90' lang='lat' dir='ltr'><strong>lndo</strong></span> <span class='ocrx_word' id='word_1_177' title='bbox 745 2367 836 2420; x_wconf 90' lang='lat' dir='ltr'><strong>per</strong></span> <span class='ocrx_word' id='word_1_178' title='bbox 855 2353 1151 2408; x_wconf 78' lang='lat' dir='ltr'><strong>infecundze</strong></span> <span class='ocrx_word' id='word_1_179' title='bbox 1171 2352 1345 2406; x_wconf 87' lang='lat' dir='ltr'><strong>avium</strong></span> <span class='ocrx_word' id='word_1_180' title='bbox 1362 2351 1582 2418; x_wconf 75' lang='lat' dir='ltr'><strong>digressi</strong></span> <span class='ocrx_word' id='word_1_181' title='bbox 1605 2350 1924 2416; x_wconf 88' lang='lat' dir='ltr'><strong>solitudinis,</strong></span> <span class='ocrx_word' id='word_1_182' title='bbox 1945 2353 2100 2404; x_wconf 91' lang='lat' dir='ltr'><strong>trium</strong></span> 
     </span>
    </p>
   </div>
   <div class='ocr_carea' id='block_1_29' title="bbox 525 2419 2098 2492">
    <p class='ocr_par' dir='ltr' id='par_1_29' title="bbox 525 2419 2098 2492">
     <span class='ocr_line' id='line_1_30' title="bbox 525 2419 2098 2492; baseline 0.001 -18"><span class='ocrx_word' id='word_1_183' title='bbox 525 2419 1014 2492; x_wconf 30' lang='lat' dir='ltr'><strong>dierumfcontinuo</strong></span> <span class='ocrx_word' id='word_1_184' title='bbox 1043 2423 1240 2492; x_wconf 86' lang='lat' dir='ltr'><strong>fatigati</strong></span> <span class='ocrx_word' id='word_1_185' title='bbox 1273 2421 1451 2492; x_wconf 85' lang='lat' dir='ltr'><strong>labore</strong></span> <span class='ocrx_word' id='word_1_186' title='bbox 1471 2461 1484 2485; x_wconf 90' lang='lat'><strong>,</strong></span> <span class='ocrx_word' id='word_1_187' title='bbox 1513 2421 1778 2492; x_wconf 86' lang='lat' dir='ltr'><strong>querulosi</strong></span> <span class='ocrx_word' id='word_1_188' title='bbox 1807 2421 1996 2474; x_wconf 87' lang='lat' dir='ltr'><strong>ardore</strong></span> <span class='ocrx_word' id='word_1_189' title='bbox 2022 2421 2098 2475; x_wconf 88' lang='lat' dir='ltr'><strong>si-</strong></span> 
     </span>
    </p>
   </div>
   <div class='ocr_carea' id='block_1_30' title="bbox 524 2490 2100 2562">
    <p class='ocr_par' dir='ltr' id='par_1_30' title="bbox 524 2490 2100 2562">
     <span class='ocr_line' id='line_1_31' title="bbox 524 2490 2100 2562; baseline -0.001 -16"><span class='ocrx_word' id='word_1_190' title='bbox 524 2490 627 2554; x_wconf 88' lang='lat' dir='ltr'><strong>tis,</strong></span> <span class='ocrx_word' id='word_1_191' title='bbox 659 2493 713 2546; x_wconf 91' lang='lat' dir='ltr'><strong>in</strong></span> <span class='ocrx_word' id='word_1_192' title='bbox 740 2491 944 2546; x_wconf 81' lang='lat' dir='ltr'><strong>Marath</strong></span> <span class='ocrx_word' id='word_1_193' title='bbox 985 2490 1158 2562; x_wconf 74' lang='lat' dir='ltr'><strong>aquas</strong></span> <span class='ocrx_word' id='word_1_194' title='bbox 1185 2491 1544 2562; x_wconf 83' lang='lat' dir='ltr'><strong>amarissimas</strong></span> <span class='ocrx_word' id='word_1_195' title='bbox 1590 2491 1936 2562; x_wconf 74' lang='lat' dir='ltr'><strong>invenerunt;</strong></span> <span class='ocrx_word' id='word_1_196' title='bbox 1966 2506 2100 2560; x_wconf 88' lang='lat' dir='ltr'><strong>qua-</strong></span> 
     </span>
    </p>
   </div>
   <div class='ocr_carea' id='block_1_31' title="bbox 523 2561 2100 2632">
    <p class='ocr_par' dir='ltr' id='par_1_31' title="bbox 523 2561 2100 2632">
     <span class='ocr_line' id='line_1_32' title="bbox 523 2561 2100 2632; baseline 0.001 -17"><span class='ocrx_word' id='word_1_197' title='bbox 523 2574 641 2615; x_wconf 83' lang='lat' dir='ltr'><strong>rum</strong></span> <span class='ocrx_word' id='word_1_198' title='bbox 689 2563 922 2616; x_wconf 89' lang='lat' dir='ltr'><strong>salsitate</strong></span> <span class='ocrx_word' id='word_1_199' title='bbox 975 2561 1252 2632; x_wconf 82' lang='lat' dir='ltr'><strong>prohibiti,</strong></span> <span class='ocrx_word' id='word_1_200' title='bbox 1303 2577 1412 2632; x_wconf 71' lang='lat' dir='ltr'><strong>sua:</strong></span> <span class='ocrx_word' id='word_1_201' title='bbox 1453 2561 1569 2632; x_wconf 83' lang='lat' dir='ltr'><strong>sitis</strong></span> <span class='ocrx_word' id='word_1_202' title='bbox 1597 2561 1812 2632; x_wconf 82' lang='lat' dir='ltr'><strong>habere</strong></span> <span class='ocrx_word' id='word_1_203' title='bbox 1863 2561 2100 2617; x_wconf 86' lang='lat' dir='ltr'><strong>solamen</strong></span> 
     </span>
    </p>
   </div>
   <div class='ocr_carea' id='block_1_32' title="bbox 523 2631 2103 2702">
    <p class='ocr_par' dir='ltr' id='par_1_32' title="bbox 523 2631 2103 2702">
     <span class='ocr_line' id='line_1_33' title="bbox 523 2631 2103 2702; baseline 0.002 -18"><span class='ocrx_word' id='word_1_204' title='bbox 523 2632 742 2702; x_wconf 88' lang='lat' dir='ltr'><strong>minime</strong></span> <span class='ocrx_word' id='word_1_205' title='bbox 766 2631 1062 2688; x_wconf 89' lang='lat' dir='ltr'><strong>valuerunt.</strong></span> <span class='ocrx_word' id='word_1_206' title='bbox 1083 2631 1188 2687; x_wconf 91' lang='lat' dir='ltr'><strong>Sed</strong></span> <span class='ocrx_word' id='word_1_207' title='bbox 1217 2631 1380 2702; x_wconf 80' lang='lat' dir='ltr'><strong>Moysi</strong></span> <span class='ocrx_word' id='word_1_208' title='bbox 1406 2645 1436 2684; x_wconf 90' lang='lat' dir='ltr'><strong>a</strong></span> <span class='ocrx_word' id='word_1_209' title='bbox 1461 2631 1682 2685; x_wconf 89' lang='lat' dir='ltr'><strong>Domino</strong></span> <span class='ocrx_word' id='word_1_210' title='bbox 1705 2632 1898 2702; x_wconf 81' lang='lat' dir='ltr'><strong>lignum</strong></span> <span class='ocrx_word' id='word_1_211' title='bbox 1923 2641 2103 2687; x_wconf 86' lang='lat' dir='ltr'><strong>osten-</strong></span> 
     </span>
    </p>
   </div>
   <div class='ocr_carea' id='block_1_33' title="bbox 523 2700 2096 2771">
    <p class='ocr_par' dir='ltr' id='par_1_33' title="bbox 523 2700 2096 2771">
     <span class='ocr_line' id='line_1_34' title="bbox 523 2700 2096 2771; baseline 0.002 -18"><span class='ocrx_word' id='word_1_212' title='bbox 523 2700 688 2767; x_wconf 87' lang='lat' dir='ltr'><strong>eitur,</strong></span> <span class='ocrx_word' id='word_1_213' title='bbox 714 2703 864 2771; x_wconf 90' lang='lat' dir='ltr'><strong>cujus</strong></span> <span class='ocrx_word' id='word_1_214' title='bbox 907 2712 1048 2757; x_wconf 91' lang='lat' dir='ltr'><strong>tactu</strong></span> <span class='ocrx_word' id='word_1_215' title='bbox 1093 2717 1271 2756; x_wconf 87' lang='lat' dir='ltr'><strong>amara</strong></span> <span class='ocrx_word' id='word_1_216' title='bbox 1307 2700 1544 2755; x_wconf 77' lang='lat' dir='ltr'><strong>fluminis</strong></span> <span class='ocrx_word' id='word_1_217' title='bbox 1584 2716 1715 2769; x_wconf 88' lang='lat' dir='ltr'><strong>aqua</strong></span> <span class='ocrx_word' id='word_1_218' title='bbox 1753 2700 2096 2770; x_wconf 43' lang='lat' dir='ltr'><strong>&#39;indnlcatur;</strong></span> 
     </span>
    </p>
   </div>
   <div class='ocr_carea' id='block_1_34' title="bbox 522 2771 2098 2842">
    <p class='ocr_par' dir='ltr' id='par_1_34' title="bbox 522 2771 2098 2842">
     <span class='ocr_line' id='line_1_35' title="bbox 522 2771 2098 2842; baseline 0.003 -18"><span class='ocrx_word' id='word_1_219' title='bbox 522 2771 743 2842; x_wconf 86' lang='lat' dir='ltr'><strong>ejusque</strong></span> <span class='ocrx_word' id='word_1_220' title='bbox 785 2772 978 2828; x_wconf 87' lang='lat' dir='ltr'><strong>dehinc</strong></span> <span class='ocrx_word' id='word_1_221' title='bbox 1013 2773 1152 2828; x_wconf 91' lang='lat' dir='ltr'><strong>dulci</strong></span> <span class='ocrx_word' id='word_1_222' title='bbox 1195 2787 1394 2842; x_wconf 15' lang='lat' dir='ltr'><strong>sapore,</strong></span> <span class='ocrx_word' id='word_1_223' title='bbox 1439 2771 1662 2839; x_wconf 86' lang='lat' dir='ltr'><strong>populus</strong></span> <span class='ocrx_word' id='word_1_224' title='bbox 1702 2773 1817 2826; x_wconf 89' lang='lat' dir='ltr'><strong>sitis</strong></span> <span class='ocrx_word' id='word_1_225' title='bbox 1854 2771 2098 2828; x_wconf 88' lang='lat' dir='ltr'><strong>ardorem</strong></span> 
     </span>
    </p>
   </div>
   <div class='ocr_carea' id='block_1_35' title="bbox 521 2841 2102 2913">
    <p class='ocr_par' dir='ltr' id='par_1_35' title="bbox 521 2841 2102 2913">
     <span class='ocr_line' id='line_1_36' title="bbox 521 2841 2102 2913; baseline 0.001 -17"><span class='ocrx_word' id='word_1_226' title='bbox 521 2841 804 2913; x_wconf 78' lang='lat' dir='ltr'><strong>deputatus</strong></span> <span class='ocrx_word' id='word_1_227' title='bbox 841 2842 1113 2912; x_wconf 85' lang='lat' dir='ltr'><strong>deposuit,</strong></span> <span class='ocrx_word' id='word_1_228' title='bbox 1143 2841 1320 2913; x_wconf 75' lang='lat' dir='ltr'><strong>quem</strong></span> <span class='ocrx_word' id='word_1_229' title='bbox 1345 2841 1476 2913; x_wconf 78' lang='lat' dir='ltr'><strong>illuc</strong></span> <span class='ocrx_word' id='word_1_230' title='bbox 1509 2857 1678 2913; x_wconf 83' lang='lat' dir='ltr'><strong>usque</strong></span> <span class='ocrx_word' id='word_1_231' title='bbox 1722 2843 2102 2897; x_wconf 84' lang='lat' dir='ltr'><strong>incessabiliter</strong></span> 
     </span>
    </p>
   </div>
   <div class='ocr_carea' id='block_1_36' title="bbox 521 2909 2100 2984">
    <p class='ocr_par' dir='ltr' id='par_1_36' title="bbox 521 2909 2100 2984">
     <span class='ocr_line' id='line_1_37' title="bbox 521 2909 2100 2984; baseline 0.001 -18"><span class='ocrx_word' id='word_1_232' title='bbox 521 2909 702 2984; x_wconf 77' lang='lat' dir='ltr'><strong>fervor</strong></span> <span class='ocrx_word' id='word_1_233' title='bbox 725 2909 957 2984; x_wconf 82' lang='lat' dir='ltr'><strong>fatigavit</strong></span> <span class='ocrx_word' id='word_1_234' title='bbox 975 2909 1280 2983; x_wconf 61' lang='lat' dir='ltr'><strong>(Exodfxv,</strong></span> <span class='ocrx_word' id='word_1_235' title='bbox 1298 2909 1509 2984; x_wconf 60' lang='lat'><strong>25:25).</strong></span> <span class='ocrx_word' id='word_1_236' title='bbox 1530 2911 1634 2965; x_wconf 88' lang='lat' dir='ltr'><strong>Sed</strong></span> <span class='ocrx_word' id='word_1_237' title='bbox 1653 2913 1880 2984; x_wconf 82' lang='lat' dir='ltr'><strong>qualiter</strong></span> <span class='ocrx_word' id='word_1_238' title='bbox 1899 2923 2100 2968; x_wconf 72' lang='lat' dir='ltr'><strong>natura:</strong></span> 
     </span>
    </p>
   </div>
   <div class='ocr_carea' id='block_1_37' title="bbox 521 2981 2101 3054">
    <p class='ocr_par' dir='ltr' id='par_1_37' title="bbox 521 2981 2101 3054">
     <span class='ocr_line' id='line_1_38' title="bbox 521 2981 2101 3054; baseline 0 -16"><span class='ocrx_word' id='word_1_239' title='bbox 521 2981 869 3054; x_wconf 80' lang='lat' dir='ltr'><strong>investigator</strong></span> <span class='ocrx_word' id='word_1_240' title='bbox 895 2981 1207 3038; x_wconf 78' lang='lat' dir='ltr'><strong>naturaliter</strong></span> <span class='ocrx_word' id='word_1_241' title='bbox 1227 2997 1347 3054; x_wconf 86' lang='lat' dir='ltr'><strong>esse</strong></span> <span class='ocrx_word' id='word_1_242' title='bbox 1365 2981 1562 3054; x_wconf 80' lang='lat' dir='ltr'><strong>factum</strong></span> <span class='ocrx_word' id='word_1_243' title='bbox 1583 2983 1891 3051; x_wconf 89' lang='lat' dir='ltr'><strong>approbabit</strong></span> <span class='ocrx_word' id='word_1_244' title='bbox 1908 3025 1922 3048; x_wconf 89' lang='lat'><strong>,</strong></span> <span class='ocrx_word' id='word_1_245' title='bbox 1959 2985 2101 3053; x_wconf 92' lang='lat' dir='ltr'><strong>quod</strong></span> 
     </span>
    </p>
   </div>
   <div class='ocr_carea' id='block_1_38' title="bbox 521 3052 2101 3124">
    <p class='ocr_par' dir='ltr' id='par_1_38' title="bbox 521 3052 2101 3124">
     <span class='ocr_line' id='line_1_39' title="bbox 521 3052 2101 3124; baseline 0.001 -18"><span class='ocrx_word' id='word_1_246' title='bbox 521 3052 900 3124; x_wconf 42' lang='lat' dir='ltr'><strong>auiam—aqua:</strong></span> <span class='ocrx_word' id='word_1_247' title='bbox 923 3055 974 3108; x_wconf 91' lang='lat' dir='ltr'><strong>in</strong></span> <span class='ocrx_word' id='word_1_248' title='bbox 997 3062 1266 3108; x_wconf 89' lang='lat' dir='ltr'><strong>momento</strong></span> <span class='ocrx_word' id='word_1_249' title='bbox 1292 3052 1416 3120; x_wconf 82' lang='lat' dir='ltr'><strong>ligni</strong></span> <span class='ocrx_word' id='word_1_250' title='bbox 1443 3061 1640 3106; x_wconf 88' lang='lat' dir='ltr'><strong>attactu</strong></span> <span class='ocrx_word' id='word_1_251' title='bbox 1665 3054 1902 3121; x_wconf 90' lang='lat' dir='ltr'><strong>protinus</strong></span> <span class='ocrx_word' id='word_1_252' title='bbox 1925 3052 2101 3124; x_wconf 76' lang='lat' dir='ltr'><strong>indul-</strong></span> 
     </span>
    </p>
   </div>
   <div class='ocr_carea' id='block_1_39' title="bbox 521 3123 2102 3194">
    <p class='ocr_par' dir='ltr' id='par_1_39' title="bbox 521 3123 2102 3194">
     <span class='ocr_line' id='line_1_40' title="bbox 521 3123 2102 3194; baseline 0.001 -18"><span class='ocrx_word' id='word_1_253' title='bbox 521 3125 746 3180; x_wconf 87' lang='lat' dir='ltr'><strong>cantur?</strong></span> <span class='ocrx_word' id='word_1_254' title='bbox 774 3123 938 3194; x_wconf 85' lang='lat' dir='ltr'><strong>Cujus</strong></span> <span class='ocrx_word' id='word_1_255' title='bbox 965 3139 1091 3194; x_wconf 84' lang='lat' dir='ltr'><strong>ergo</strong></span> <span class='ocrx_word' id='word_1_256' title='bbox 1122 3132 1324 3178; x_wconf 76' lang='lat' dir='ltr'><strong>natura:</strong></span> <span class='ocrx_word' id='word_1_257' title='bbox 1372 3131 1479 3194; x_wconf 74' lang='lat' dir='ltr'><strong>aut</strong></span> <span class='ocrx_word' id='word_1_258' title='bbox 1503 3131 1660 3194; x_wconf 82' lang='lat' dir='ltr'><strong>tanta:</strong></span> <span class='ocrx_word' id='word_1_259' title='bbox 1702 3123 1997 3194; x_wconf 82' lang='lat' dir='ltr'><strong>dulcedinis</strong></span> <span class='ocrx_word' id='word_1_260' title='bbox 2041 3125 2102 3178; x_wconf 89' lang='lat' dir='ltr'><strong>li-</strong></span> 
     </span>
    </p>
   </div>
   <div class='ocr_carea' id='block_1_40' title="bbox 520 3191 2100 3263">
    <p class='ocr_par' dir='ltr' id='par_1_40' title="bbox 520 3191 2100 3263">
     <span class='ocr_line' id='line_1_41' title="bbox 520 3191 2100 3263; baseline 0.003 -17"><span class='ocrx_word' id='word_1_261' title='bbox 520 3207 682 3263; x_wconf 84' lang='lat' dir='ltr'><strong>gnum</strong></span> <span class='ocrx_word' id='word_1_262' title='bbox 711 3191 870 3250; x_wconf 80' lang='lat' dir='ltr'><strong>l&#39;uissé</strong></span> <span class='ocrx_word' id='word_1_263' title='bbox 897 3191 1122 3256; x_wconf 75' lang='lat' dir='ltr'><strong>videtur,</strong></span> <span class='ocrx_word' id='word_1_264' title='bbox 1145 3209 1251 3262; x_wconf 90' lang='lat' dir='ltr'><strong>quo</strong></span> <span class='ocrx_word' id='word_1_265' title='bbox 1276 3192 1442 3246; x_wconf 81' lang='lat' dir='ltr'><strong>semel</strong></span> <span class='ocrx_word' id='word_1_266' title='bbox 1467 3191 1683 3246; x_wconf 91' lang='lat' dir='ltr'><strong>intincta</strong></span> <span class='ocrx_word' id='word_1_267' title='bbox 1706 3193 1937 3249; x_wconf 82' lang='lat' dir='ltr'><strong>lluntinis</strong></span> <span class='ocrx_word' id='word_1_268' title='bbox 1961 3195 2100 3250; x_wconf 87' lang='lat' dir='ltr'><strong>unda</strong></span> 
     </span>
    </p>
   </div>
   <div class='ocr_carea' id='block_1_41' title="bbox 521 3263 2099 3331">
    <p class='ocr_par' dir='ltr' id='par_1_41' title="bbox 521 3263 2099 3331">
     <span class='ocr_line' id='line_1_42' title="bbox 521 3263 2099 3331; baseline 0.003 -17"><span class='ocrx_word' id='word_1_269' title='bbox 521 3265 888 3328; x_wconf 87' lang='lat' dir='ltr'><strong>amarissima,</strong></span> <span class='ocrx_word' id='word_1_270' title='bbox 917 3265 1096 3318; x_wconf 83' lang='lat' dir='ltr'><strong>suavis</strong></span> <span class='ocrx_word' id='word_1_271' title='bbox 1134 3274 1187 3319; x_wconf 90' lang='lat' dir='ltr'><strong>et</strong></span> <span class='ocrx_word' id='word_1_272' title='bbox 1228 3263 1409 3331; x_wconf 88' lang='lat' dir='ltr'><strong>sapida</strong></span> <span class='ocrx_word' id='word_1_273' title='bbox 1451 3263 1543 3315; x_wconf 86' lang='lat' dir='ltr'><strong>fit?</strong></span> <span class='ocrx_word' id='word_1_274' title='bbox 1571 3263 1778 3318; x_wconf 86' lang='lat' dir='ltr'><strong>Etenim</strong></span> <span class='ocrx_word' id='word_1_275' title='bbox 1833 3267 1877 3320; x_wconf 92' lang='lat' dir='ltr'><strong>si</strong></span> <span class='ocrx_word' id='word_1_276' title='bbox 1925 3266 2099 3320; x_wconf 87' lang='lat' dir='ltr'><strong>favum</strong></span> 
     </span>
    </p>
   </div>
   <div class='ocr_carea' id='block_1_42' title="bbox 521 3332 2100 3404">
    <p class='ocr_par' dir='ltr' id='par_1_42' title="bbox 521 3332 2100 3404">
     <span class='ocr_line' id='line_1_43' title="bbox 521 3332 2100 3404; baseline 0.003 -18"><span class='ocrx_word' id='word_1_277' title='bbox 521 3333 700 3388; x_wconf 87' lang='lat' dir='ltr'><strong>mellis</strong></span> <span class='ocrx_word' id='word_1_278' title='bbox 726 3335 915 3404; x_wconf 85' lang='lat' dir='ltr'><strong>aliquis</strong></span> <span class='ocrx_word' id='word_1_279' title='bbox 942 3335 1160 3389; x_wconf 90' lang='lat' dir='ltr'><strong>nuncin</strong></span> <span class='ocrx_word' id='word_1_280' title='bbox 1191 3348 1428 3392; x_wconf 83' lang='lat' dir='ltr'><strong>amaram</strong></span> <span class='ocrx_word' id='word_1_281' title='bbox 1453 3332 1650 3404; x_wconf 85' lang='lat' dir='ltr'><strong>undam</strong></span> <span class='ocrx_word' id='word_1_282' title='bbox 1675 3333 1890 3403; x_wconf 76' lang='lat' dir='ltr'><strong>iecerit,</strong></span> <span class='ocrx_word' id='word_1_283' title='bbox 1925 3351 2100 3392; x_wconf 89' lang='lat' dir='ltr'><strong>nonne</strong></span> 
     </span>
    </p>
   </div>
   <div class='ocr_carea' id='block_1_43' title="bbox 521 3403 2102 3484">
    <p class='ocr_par' dir='ltr' id='par_1_43' title="bbox 521 3403 2102 3484">
     <span class='ocr_line' id='line_1_44' title="bbox 521 3403 2102 3484; baseline 0.003 -28"><span class='ocrx_word' id='word_1_284' title='bbox 521 3403 699 3484; x_wconf 75' lang='lat' dir='ltr'><strong>potius</strong></span> <span class='ocrx_word' id='word_1_285' title='bbox 725 3403 872 3484; x_wconf 83' lang='lat' dir='ltr'><strong>_favus</strong></span> <span class='ocrx_word' id='word_1_286' title='bbox 901 3419 1112 3459; x_wconf 91' lang='lat' dir='ltr'><strong>amarus</strong></span> <span class='ocrx_word' id='word_1_287' title='bbox 1132 3444 1146 3468; x_wconf 92' lang='lat'><strong>,</strong></span> <span class='ocrx_word' id='word_1_288' title='bbox 1175 3418 1330 3484; x_wconf 78' lang='lat' dir='ltr'><strong>quam</strong></span> <span class='ocrx_word' id='word_1_289' title='bbox 1359 3403 1498 3458; x_wconf 88' lang='lat' dir='ltr'><strong>unda</strong></span> <span class='ocrx_word' id='word_1_290' title='bbox 1526 3404 1707 3484; x_wconf 80' lang='lat' dir='ltr'><strong>sapida</strong></span> <span class='ocrx_word' id='word_1_291' title='bbox 1737 3405 1869 3459; x_wconf 78' lang='lat' dir='ltr'><strong>erit?</strong></span> <span class='ocrx_word' id='word_1_292' title='bbox 1897 3406 1972 3460; x_wconf 79' lang='lat' dir='ltr'><strong>Ex</strong></span> <span class='ocrx_word' id='word_1_293' title='bbox 1995 3423 2102 3474; x_wconf 89' lang='lat' dir='ltr'><strong>quo</strong></span> 
     </span>
    </p>
   </div>
   <div class='ocr_carea' id='block_1_44' title="bbox 520 3473 2097 3544">
    <p class='ocr_par' dir='ltr' id='par_1_44' title="bbox 520 3473 2097 3544">
     <span class='ocr_line' id='line_1_45' title="bbox 520 3473 2097 3544; baseline 0.002 -17"><span class='ocrx_word' id='word_1_294' title='bbox 520 3473 848 3544; x_wconf 88' lang='lat' dir='ltr'><strong>intelligitur,</strong></span> <span class='ocrx_word' id='word_1_295' title='bbox 889 3491 996 3531; x_wconf 91' lang='lat' dir='ltr'><strong>non</strong></span> <span class='ocrx_word' id='word_1_296' title='bbox 1037 3485 1162 3529; x_wconf 87' lang='lat' dir='ltr'><strong>tunc</strong></span> <span class='ocrx_word' id='word_1_297' title='bbox 1185 3473 1386 3544; x_wconf 84' lang='lat' dir='ltr'><strong>lignum</strong></span> <span class='ocrx_word' id='word_1_298' title='bbox 1416 3481 1601 3528; x_wconf 86' lang='lat' dir='ltr'><strong>contra</strong></span> <span class='ocrx_word' id='word_1_299' title='bbox 1641 3485 1879 3528; x_wconf 90' lang='lat' dir='ltr'><strong>naturam</strong></span> <span class='ocrx_word' id='word_1_300' title='bbox 1908 3473 2097 3544; x_wconf 82' lang='lat' dir='ltr'><strong>aquam</strong></span> 
     </span>
    </p>
   </div>
   <div class='ocr_carea' id='block_1_45' title="bbox 521 3543 2100 3614">
    <p class='ocr_par' dir='ltr' id='par_1_45' title="bbox 521 3543 2100 3614">
     <span class='ocr_line' id='line_1_46' title="bbox 521 3543 2100 3614; baseline 0.001 -15"><span class='ocrx_word' id='word_1_301' title='bbox 521 3543 762 3600; x_wconf 79' lang='lat' dir='ltr'><strong>effecisse</strong></span> <span class='ocrx_word' id='word_1_302' title='bbox 789 3545 1028 3611; x_wconf 89' lang='lat' dir='ltr'><strong>dulcem;</strong></span> <span class='ocrx_word' id='word_1_303' title='bbox 1063 3544 1156 3600; x_wconf 87' lang='lat' dir='ltr'><strong>sed</strong></span> <span class='ocrx_word' id='word_1_304' title='bbox 1193 3543 1459 3614; x_wconf 67' lang='lat' dir='ltr'><strong>praecepto</strong></span> <span class='ocrx_word' id='word_1_305' title='bbox 1483 3544 1778 3599; x_wconf 84' lang='lat' dir='ltr'><strong>conditoris</strong></span> <span class='ocrx_word' id='word_1_306' title='bbox 1816 3554 1870 3600; x_wconf 90' lang='lat' dir='ltr'><strong>et</strong></span> <span class='ocrx_word' id='word_1_307' title='bbox 1900 3543 2100 3600; x_wconf 69' lang='lat' dir='ltr'><strong>nstin-aa</strong></span> 
     </span>
    </p>
   </div>
   <div class='ocr_carea' id='block_1_46' title="bbox 520 3615 2101 3688">
    <p class='ocr_par' dir='ltr' id='par_1_46' title="bbox 520 3615 2101 3688">
     <span class='ocr_line' id='line_1_47' title="bbox 520 3615 2101 3688; baseline 0.002 -19"><span class='ocrx_word' id='word_1_308' title='bbox 520 3617 891 3688; x_wconf 76' lang='lat' dir='ltr'><strong>gubernatoris</strong></span> <span class='ocrx_word' id='word_1_309' title='bbox 931 3616 1200 3688; x_wconf 82' lang='lat' dir='ltr'><strong>lympham</strong></span> <span class='ocrx_word' id='word_1_310' title='bbox 1242 3615 1543 3688; x_wconf 73' lang='lat' dir='ltr'><strong>mutavitiu</strong></span> <span class='ocrx_word' id='word_1_311' title='bbox 1583 3629 1848 3683; x_wconf 84' lang='lat' dir='ltr'><strong>saporem.</strong></span> <span class='ocrx_word' id='word_1_312' title='bbox 1875 3615 2007 3688; x_wconf 76' lang='lat' dir='ltr'><strong>Nam</strong></span> <span class='ocrx_word' id='word_1_313' title='bbox 2047 3625 2101 3672; x_wconf 89' lang='lat' dir='ltr'><strong>et</strong></span> 
     </span>
    </p>
   </div>
   <div class='ocr_carea' id='block_1_47' title="bbox 520 3683 2102 3758">
    <p class='ocr_par' dir='ltr' id='par_1_47' title="bbox 520 3683 2102 3758">
     <span class='ocr_line' id='line_1_48' title="bbox 520 3683 2102 3758; baseline 0.001 -19"><span class='ocrx_word' id='word_1_314' title='bbox 520 3683 668 3758; x_wconf 70' lang='lat' dir='ltr'><strong>virga</strong></span> <span class='ocrx_word' id='word_1_315' title='bbox 709 3686 796 3742; x_wconf 88' lang='lat' dir='ltr'><strong>illa</strong></span> <span class='ocrx_word' id='word_1_316' title='bbox 839 3683 1016 3754; x_wconf 52' lang='lat' dir='ltr'><strong>qua&#39;a</strong></span> <span class='ocrx_word' id='word_1_317' title='bbox 1041 3683 1224 3758; x_wconf 74' lang='lat' dir='ltr'><strong>Moyse</strong></span> <span class='ocrx_word' id='word_1_318' title='bbox 1265 3699 1414 3758; x_wconf 75' lang='lat' dir='ltr'><strong>mure</strong></span> <span class='ocrx_word' id='word_1_319' title='bbox 1443 3683 1678 3758; x_wconf 60' lang='lat' dir='ltr'><strong>liubrum</strong></span> <span class='ocrx_word' id='word_1_320' title='bbox 1711 3687 2017 3758; x_wconf 78' lang='lat' dir='ltr'><strong>percutitur,</strong></span> <span class='ocrx_word' id='word_1_321' title='bbox 2047 3697 2102 3742; x_wconf 93' lang='lat' dir='ltr'><strong>et</strong></span> 
     </span>
    </p>
   </div>
   <div class='ocr_carea' id='block_1_48' title="bbox 517 3753 2100 3826">
    <p class='ocr_par' dir='ltr' id='par_1_48' title="bbox 517 3753 2100 3826">
     <span class='ocr_line' id='line_1_49' title="bbox 517 3753 2100 3826; baseline 0.002 -16"><span class='ocrx_word' id='word_1_322' title='bbox 517 3753 718 3826; x_wconf 68' lang='lat' dir='ltr'><strong>timuen</strong></span> <span class='ocrx_word' id='word_1_323' title='bbox 745 3766 797 3811; x_wconf 91' lang='lat' dir='ltr'><strong>et</strong></span> <span class='ocrx_word' id='word_1_324' title='bbox 824 3753 1018 3812; x_wconf 63' lang='lat' dir='ltr'><strong>coelum</strong></span> <span class='ocrx_word' id='word_1_325' title='bbox 1059 3765 1114 3811; x_wconf 92' lang='lat' dir='ltr'><strong>et</strong></span> <span class='ocrx_word' id='word_1_326' title='bbox 1131 3753 1278 3809; x_wconf 75' lang='lat' dir='ltr'><strong>terra</strong></span> <span class='ocrx_word' id='word_1_327' title='bbox 1321 3753 1674 3825; x_wconf 88' lang='lat' dir='ltr'><strong>flagellantur,</strong></span> <span class='ocrx_word' id='word_1_328' title='bbox 1705 3753 1916 3826; x_wconf 83' lang='lat' dir='ltr'><strong>quando</strong></span> <span class='ocrx_word' id='word_1_329' title='bbox 1960 3766 2100 3812; x_wconf 85' lang='lat' dir='ltr'><strong>terra</strong></span> 
     </span>
    </p>
   </div>
   <div class='ocr_carea' id='block_1_49' title="bbox 519 3825 2101 3898">
    <p class='ocr_par' dir='ltr' id='par_1_49' title="bbox 519 3825 2101 3898">
     <span class='ocr_line' id='line_1_50' title="bbox 519 3825 2101 3898; baseline -0.001 -17"><span class='ocrx_word' id='word_1_330' title='bbox 519 3825 736 3898; x_wconf 67' lang='lat' dir='ltr'><strong>JEgypti</strong></span> <span class='ocrx_word' id='word_1_331' title='bbox 761 3827 986 3898; x_wconf 83' lang='lat' dir='ltr'><strong>diversis</strong></span> <span class='ocrx_word' id='word_1_332' title='bbox 1013 3826 1177 3896; x_wconf 88' lang='lat' dir='ltr'><strong>plagis</strong></span> <span class='ocrx_word' id='word_1_333' title='bbox 1203 3834 1656 3898; x_wconf 31' lang='lat' dir='ltr'><strong>ntaceraturlnon</strong></span> <span class='ocrx_word' id='word_1_334' title='bbox 1681 3825 1816 3880; x_wconf 84' lang='lat' dir='ltr'><strong>hanc</strong></span> <span class='ocrx_word' id='word_1_335' title='bbox 1845 3827 1896 3880; x_wconf 92' lang='lat' dir='ltr'><strong>in</strong></span> <span class='ocrx_word' id='word_1_336' title='bbox 1924 3843 1981 3881; x_wconf 90' lang='lat' dir='ltr'><strong>se</strong></span> <span class='ocrx_word' id='word_1_337' title='bbox 2009 3842 2101 3882; x_wconf 89' lang='lat' dir='ltr'><strong>na-</strong></span> 
     </span>
    </p>
   </div>
   <div class='ocr_carea' id='block_1_50' title="bbox 517 3895 2100 3966">
    <p class='ocr_par' dir='ltr' id='par_1_50' title="bbox 517 3895 2100 3966">
     <span class='ocr_line' id='line_1_51' title="bbox 517 3895 2100 3966; baseline 0.001 -15"><span class='ocrx_word' id='word_1_338' title='bbox 517 3895 930 3953; x_wconf 50' lang='lat' dir='ltr'><strong>turarvirtutcm</strong></span> <span class='ocrx_word' id='word_1_339' title='bbox 961 3895 1172 3962; x_wconf 79' lang='lat' dir='ltr'><strong>habuit,</strong></span> <span class='ocrx_word' id='word_1_340' title='bbox 1206 3911 1326 3951; x_wconf 90' lang='lat' dir='ltr'><strong>cum</strong></span> <span class='ocrx_word' id='word_1_341' title='bbox 1354 3911 1470 3950; x_wconf 89' lang='lat' dir='ltr'><strong>eam</strong></span> <span class='ocrx_word' id='word_1_342' title='bbox 1499 3895 1707 3966; x_wconf 83' lang='lat' dir='ltr'><strong>Moyses</strong></span> <span class='ocrx_word' id='word_1_343' title='bbox 1735 3899 1812 3952; x_wconf 80' lang='lat' dir='ltr'><strong>vel</strong></span> <span class='ocrx_word' id='word_1_344' title='bbox 1837 3899 2010 3952; x_wconf 83' lang='lat' dir='ltr'><strong>Aaron</strong></span> <span class='ocrx_word' id='word_1_345' title='bbox 2033 3897 2100 3953; x_wconf 89' lang='lat' dir='ltr'><strong>ad</strong></span> 
     </span>
    </p>
   </div>
   <div class='ocr_carea' id='block_1_51' title="bbox 519 3966 2102 4034">
    <p class='ocr_par' dir='ltr' id='par_1_51' title="bbox 519 3966 2102 4034">
     <span class='ocr_line' id='line_1_52' title="bbox 519 3966 2102 4034; baseline 0 -12"><span class='ocrx_word' id='word_1_346' title='bbox 519 3967 636 4022; x_wconf 63' lang='lat' dir='ltr'><strong>base</strong></span> <span class='ocrx_word' id='word_1_347' title='bbox 657 3967 896 4024; x_wconf 83' lang='lat' dir='ltr'><strong>facienda</strong></span> <span class='ocrx_word' id='word_1_348' title='bbox 919 3968 1184 4030; x_wconf 89' lang='lat' dir='ltr'><strong>elevavit,</strong></span> <span class='ocrx_word' id='word_1_349' title='bbox 1213 3966 1295 4020; x_wconf 85' lang='lat' dir='ltr'><strong>vel</strong></span> <span class='ocrx_word' id='word_1_350' title='bbox 1328 3975 1388 4020; x_wconf 91' lang='lat' dir='ltr'><strong>ut</strong></span> <span class='ocrx_word' id='word_1_351' title='bbox 1414 3981 1604 4034; x_wconf 86' lang='lat' dir='ltr'><strong>aquam</strong></span> <span class='ocrx_word' id='word_1_352' title='bbox 1639 3967 1872 4022; x_wconf 87' lang='lat' dir='ltr'><strong>fluminis</strong></span> <span class='ocrx_word' id='word_1_353' title='bbox 1893 3968 1948 4022; x_wconf 88' lang='lat' dir='ltr'><strong>in</strong></span> <span class='ocrx_word' id='word_1_354' title='bbox 1977 3983 2102 4022; x_wconf 88' lang='lat' dir='ltr'><strong>san-</strong></span> 
     </span>
    </p>
   </div>
   <div class='ocr_carea' id='block_1_52' title="bbox 516 4035 2099 4106">
    <p class='ocr_par' dir='ltr' id='par_1_52' title="bbox 516 4035 2099 4106">
     <span class='ocr_line' id='line_1_53' title="bbox 516 4035 2099 4106; baseline 0.002 -16"><span class='ocrx_word' id='word_1_355' title='bbox 516 4038 731 4106; x_wconf 86' lang='lat' dir='ltr'><strong>guinem</strong></span> <span class='ocrx_word' id='word_1_356' title='bbox 759 4047 988 4094; x_wconf 88' lang='lat' dir='ltr'><strong>verteret</strong></span> <span class='ocrx_word' id='word_1_357' title='bbox 1008 4080 1022 4098; x_wconf 88' lang='lat'><strong><em>.</em></strong></span> <span class='ocrx_word' id='word_1_358' title='bbox 1050 4039 1131 4092; x_wconf 92' lang='lat' dir='ltr'><strong>vel</strong></span> <span class='ocrx_word' id='word_1_359' title='bbox 1161 4037 1317 4090; x_wconf 86' lang='lat' dir='ltr'><strong>etiam</strong></span> <span class='ocrx_word' id='word_1_360' title='bbox 1349 4035 1617 4104; x_wconf 89' lang='lat' dir='ltr'><strong>sciniphes</strong></span> <span class='ocrx_word' id='word_1_361' title='bbox 1640 4037 1706 4091; x_wconf 89' lang='lat' dir='ltr'><strong>de</strong></span> <span class='ocrx_word' id='word_1_362' title='bbox 1739 4039 1953 4106; x_wconf 85' lang='lat' dir='ltr'><strong>pulvere</strong></span> <span class='ocrx_word' id='word_1_363' title='bbox 1978 4053 2099 4093; x_wconf 90' lang='lat' dir='ltr'><strong>sus-</strong></span> 
     </span>
    </p>
   </div>
   <div class='ocr_carea' id='block_1_53' title="bbox 517 4107 2100 4174">
    <p class='ocr_par' dir='ltr' id='par_1_53' title="bbox 517 4107 2100 4174">
     <span class='ocr_line' id='line_1_54' title="bbox 517 4107 2100 4174; baseline 0.002 -14"><span class='ocrx_word' id='word_1_364' title='bbox 517 4107 740 4174; x_wconf 89' lang='lat' dir='ltr'><strong>citaret,</strong></span> <span class='ocrx_word' id='word_1_365' title='bbox 769 4109 854 4162; x_wconf 90' lang='lat' dir='ltr'><strong>vel</strong></span> <span class='ocrx_word' id='word_1_366' title='bbox 880 4109 1124 4162; x_wconf 88' lang='lat' dir='ltr'><strong>tenebras</strong></span> <span class='ocrx_word' id='word_1_367' title='bbox 1148 4107 1439 4161; x_wconf 88' lang='lat' dir='ltr'><strong>deduceret</strong></span> <span class='ocrx_word' id='word_1_368' title='bbox 1461 4107 1528 4160; x_wconf 89' lang='lat' dir='ltr'><strong>de</strong></span> <span class='ocrx_word' id='word_1_369' title='bbox 1557 4107 1710 4162; x_wconf 65' lang='lat' dir='ltr'><strong>coelo.</strong></span> <span class='ocrx_word' id='word_1_370' title='bbox 1741 4107 1794 4162; x_wconf 90' lang='lat' dir='ltr'><strong>Si</strong></span> <span class='ocrx_word' id='word_1_371' title='bbox 1833 4109 1972 4162; x_wconf 90' lang='lat' dir='ltr'><strong>enim</strong></span> <span class='ocrx_word' id='word_1_372' title='bbox 1999 4109 2100 4163; x_wconf 89' lang='lat' dir='ltr'><strong>ali-</strong></span> 
     </span>
    </p>
   </div>
   <div class='ocr_carea' id='block_1_54' title="bbox 522 4177 2101 4246">
    <p class='ocr_par' dir='ltr' id='par_1_54' title="bbox 522 4177 2101 4246">
     <span class='ocr_line' id='line_1_55' title="bbox 522 4177 2101 4246; baseline 0.004 -18"><span class='ocrx_word' id='word_1_373' title='bbox 522 4177 644 4246; x_wconf 83' lang='lat' dir='ltr'><strong>quis</strong></span> <span class='ocrx_word' id='word_1_374' title='bbox 670 4187 861 4245; x_wconf 69' lang='lat' dir='ltr'><strong>prmter</strong></span> <span class='ocrx_word' id='word_1_375' title='bbox 885 4178 1098 4246; x_wconf 79' lang='lat' dir='ltr'><strong>Moysen</strong></span> <span class='ocrx_word' id='word_1_376' title='bbox 1123 4218 1138 4240; x_wconf 87' lang='lat'><strong>,</strong></span> <span class='ocrx_word' id='word_1_377' title='bbox 1164 4187 1219 4231; x_wconf 85' lang='lat' dir='ltr'><strong>et</strong></span> <span class='ocrx_word' id='word_1_378' title='bbox 1249 4191 1354 4229; x_wconf 89' lang='lat' dir='ltr'><strong>non</strong></span> <span class='ocrx_word' id='word_1_379' title='bbox 1375 4191 1496 4228; x_wconf 90' lang='lat' dir='ltr'><strong>cum</strong></span> <span class='ocrx_word' id='word_1_380' title='bbox 1527 4177 1614 4230; x_wconf 91' lang='lat' dir='ltr'><strong>Dei</strong></span> <span class='ocrx_word' id='word_1_381' title='bbox 1647 4187 1928 4246; x_wconf 68' lang='lat' dir='ltr'><strong>praecepto,</strong></span> <span class='ocrx_word' id='word_1_382' title='bbox 1952 4193 2101 4234; x_wconf 88' lang='lat' dir='ltr'><strong>mare</strong></span> 
     </span>
    </p>
   </div>
   <div class='ocr_carea' id='block_1_55' title="bbox 517 4237 2094 4317">
    <p class='ocr_par' dir='ltr' id='par_1_55' title="bbox 517 4237 2094 4317">
     <span class='ocr_line' id='line_1_56' title="bbox 517 4237 2094 4317; baseline 0.004 -21"><span class='ocrx_word' id='word_1_383' title='bbox 517 4237 710 4299; x_wconf 81' lang='lat' dir='ltr'><strong>iterum</strong></span> <span class='ocrx_word' id='word_1_384' title='bbox 737 4247 912 4317; x_wconf 66' lang='lat' dir='ltr'><strong>eitilla</strong></span> <span class='ocrx_word' id='word_1_385' title='bbox 939 4237 1080 4315; x_wconf 80' lang='lat' dir='ltr'><strong>virga</strong></span> <span class='ocrx_word' id='word_1_386' title='bbox 1110 4237 1458 4317; x_wconf 85' lang='lat' dir='ltr'><strong>percussisset</strong></span> <span class='ocrx_word' id='word_1_387' title='bbox 1483 4287 1499 4308; x_wconf 93' lang='lat'><strong>,</strong></span> <span class='ocrx_word' id='word_1_388' title='bbox 1532 4261 1627 4317; x_wconf 76' lang='lat' dir='ltr'><strong>pro</strong></span> <span class='ocrx_word' id='word_1_389' title='bbox 1647 4237 1802 4300; x_wconf 62' lang='lat' dir='ltr'><strong>&#39;ccrto</strong></span> <span class='ocrx_word' id='word_1_390' title='bbox 1822 4237 1941 4316; x_wconf 60' lang='lat' dir='ltr'><strong>&#39;ejus</strong></span> <span class='ocrx_word' id='word_1_391' title='bbox 1972 4265 2094 4317; x_wconf 87' lang='lat' dir='ltr'><strong>per-</strong></span> 
     </span>
    </p>
   </div>
   <div class='ocr_carea' id='block_1_56' title="bbox 518 4315 2098 4387">
    <p class='ocr_par' dir='ltr' id='par_1_56' title="bbox 518 4315 2098 4387">
     <span class='ocr_line' id='line_1_57' title="bbox 518 4315 2098 4387; baseline 0.004 -19"><span class='ocrx_word' id='word_1_392' title='bbox 518 4317 752 4387; x_wconf 82' lang='lat' dir='ltr'><strong>cussioni</strong></span> <span class='ocrx_word' id='word_1_393' title='bbox 773 4315 956 4371; x_wconf 91' lang='lat' dir='ltr'><strong>Thetis</strong></span> <span class='ocrx_word' id='word_1_394' title='bbox 977 4330 1305 4387; x_wconf 78' lang='lat' dir='ltr'><strong>nequaquam</strong></span> <span class='ocrx_word' id='word_1_395' title='bbox 1325 4316 1559 4387; x_wconf 83' lang='lat' dir='ltr'><strong>cederet.</strong></span> <span class='ocrx_word' id='word_1_396' title='bbox 1579 4315 1645 4369; x_wconf 88' lang='lat' dir='ltr'><strong>Et</strong></span> <span class='ocrx_word' id='word_1_397' title='bbox 1661 4319 1703 4370; x_wconf 91' lang='lat' dir='ltr'><strong>si</strong></span> <span class='ocrx_word' id='word_1_398' title='bbox 1721 4315 1909 4371; x_wconf 87' lang='lat' dir='ltr'><strong>iterum</strong></span> <span class='ocrx_word' id='word_1_399' title='bbox 1936 4315 2098 4387; x_wconf 84' lang='lat' dir='ltr'><strong>aquas</strong></span> 
     </span>
    </p>
   </div>
   <div class='ocr_carea' id='block_1_57' title="bbox 517 4383 2098 4458">
    <p class='ocr_par' dir='ltr' id='par_1_57' title="bbox 517 4383 2098 4458">
     <span class='ocr_line' id='line_1_58' title="bbox 517 4383 2098 4458; baseline 0.002 -19"><span class='ocrx_word' id='word_1_400' title='bbox 517 4383 738 4441; x_wconf 85' lang='lat' dir='ltr'><strong>fortuitu</strong></span> <span class='ocrx_word' id='word_1_401' title='bbox 761 4383 1079 4458; x_wconf 74' lang='lat' dir='ltr'><strong>percuteret,</strong></span> <span class='ocrx_word' id='word_1_402' title='bbox 1109 4383 1347 4458; x_wconf 79' lang='lat' dir='ltr'><strong>profecto</strong></span> <span class='ocrx_word' id='word_1_403' title='bbox 1374 4385 1490 4438; x_wconf 88' lang='lat' dir='ltr'><strong>illas</strong></span> <span class='ocrx_word' id='word_1_404' title='bbox 1513 4402 1778 4456; x_wconf 82' lang='lat' dir='ltr'><strong>nunquam</strong></span> <span class='ocrx_word' id='word_1_405' title='bbox 1806 4389 1857 4441; x_wconf 93' lang='lat' dir='ltr'><strong>in</strong></span> <span class='ocrx_word' id='word_1_406' title='bbox 1885 4383 2098 4458; x_wconf 73' lang='lat' dir='ltr'><strong>sangui-</strong></span> 
     </span>
    </p>
   </div>
   <div class='ocr_carea' id='block_1_58' title="bbox 518 4455 2098 4526">
    <p class='ocr_par' dir='ltr' id='par_1_58' title="bbox 518 4455 2098 4526">
     <span class='ocr_line' id='line_1_59' title="bbox 518 4455 2098 4526; baseline 0.002 -16"><span class='ocrx_word' id='word_1_407' title='bbox 518 4471 645 4510; x_wconf 89' lang='lat' dir='ltr'><strong>nem</strong></span> <span class='ocrx_word' id='word_1_408' title='bbox 666 4467 911 4511; x_wconf 87' lang='lat' dir='ltr'><strong>mutaret.</strong></span> <span class='ocrx_word' id='word_1_409' title='bbox 931 4456 1019 4526; x_wconf 88' lang='lat' dir='ltr'><strong>Sic</strong></span> <span class='ocrx_word' id='word_1_410' title='bbox 1037 4465 1090 4510; x_wconf 92' lang='lat' dir='ltr'><strong>et</strong></span> <span class='ocrx_word' id='word_1_411' title='bbox 1112 4455 1254 4526; x_wconf 89' lang='lat' dir='ltr'><strong>illam</strong></span> <span class='ocrx_word' id='word_1_412' title='bbox 1275 4457 1516 4510; x_wconf 89' lang='lat' dir='ltr'><strong>arborem</strong></span> <span class='ocrx_word' id='word_1_413' title='bbox 1541 4455 1808 4526; x_wconf 75' lang='lat' dir='ltr'><strong>perquam</strong></span> <span class='ocrx_word' id='word_1_414' title='bbox 1831 4459 1882 4512; x_wconf 91' lang='lat' dir='ltr'><strong>in</strong></span> <span class='ocrx_word' id='word_1_415' title='bbox 1899 4455 2098 4514; x_wconf 72' lang='lat' dir='ltr'><strong>Mai-atii</strong></span> 
     </span>
    </p>
   </div>
   <div class='ocr_carea' id='block_1_59' title="bbox 517 4525 2100 4599">
    <p class='ocr_par' dir='ltr' id='par_1_59' title="bbox 517 4525 2100 4599">
     <span class='ocr_line' id='line_1_60' title="bbox 517 4525 2100 4599; baseline 0.003 -18"><span class='ocrx_word' id='word_1_416' title='bbox 517 4541 654 4599; x_wconf 83' lang='lat' dir='ltr'><strong>aqua</strong></span> <span class='ocrx_word' id='word_1_417' title='bbox 681 4526 820 4582; x_wconf 89' lang='lat' dir='ltr'><strong>salsa</strong></span> <span class='ocrx_word' id='word_1_418' title='bbox 846 4525 1145 4599; x_wconf 80' lang='lat' dir='ltr'><strong>indulcatur</strong></span> <span class='ocrx_word' id='word_1_419' title='bbox 1163 4566 1180 4592; x_wconf 90' lang='lat'><strong>,</strong></span> <span class='ocrx_word' id='word_1_420' title='bbox 1210 4525 1262 4599; x_wconf 88' lang='lat' dir='ltr'><strong>si</strong></span> <span class='ocrx_word' id='word_1_421' title='bbox 1281 4526 1334 4580; x_wconf 90' lang='lat' dir='ltr'><strong>in</strong></span> <span class='ocrx_word' id='word_1_422' title='bbox 1356 4525 1593 4580; x_wconf 86' lang='lat' dir='ltr'><strong>amarum</strong></span> <span class='ocrx_word' id='word_1_423' title='bbox 1625 4525 1882 4594; x_wconf 59' lang='lat' dir='ltr'><strong>liquorem</strong></span> <span class='ocrx_word' id='word_1_424' title='bbox 1912 4529 2100 4599; x_wconf 84' lang='lat' dir='ltr'><strong>aliquis</strong></span> 
     </span>
    </p>
   </div>
   <div class='ocr_carea' id='block_1_60' title="bbox 517 4597 2096 4668">
    <p class='ocr_par' dir='ltr' id='par_1_60' title="bbox 517 4597 2096 4668">
     <span class='ocr_line' id='line_1_61' title="bbox 517 4597 2096 4668; baseline 0.001 -16"><span class='ocrx_word' id='word_1_425' title='bbox 517 4597 802 4668; x_wconf 88' lang='lat' dir='ltr'><strong>intingeret</strong></span> <span class='ocrx_word' id='word_1_426' title='bbox 821 4639 836 4664; x_wconf 91' lang='lat'><strong>,</strong></span> <span class='ocrx_word' id='word_1_427' title='bbox 865 4605 920 4652; x_wconf 92' lang='lat' dir='ltr'><strong>et</strong></span> <span class='ocrx_word' id='word_1_428' title='bbox 947 4613 1049 4652; x_wconf 89' lang='lat' dir='ltr'><strong>non</strong></span> <span class='ocrx_word' id='word_1_429' title='bbox 1079 4597 1216 4651; x_wconf 89' lang='lat' dir='ltr'><strong>idem</strong></span> <span class='ocrx_word' id='word_1_430' title='bbox 1250 4598 1386 4650; x_wconf 88' lang='lat' dir='ltr'><strong>Deus</strong></span> <span class='ocrx_word' id='word_1_431' title='bbox 1413 4605 1469 4650; x_wconf 90' lang='lat' dir='ltr'><strong>ut</strong></span> <span class='ocrx_word' id='word_1_432' title='bbox 1510 4599 1752 4666; x_wconf 87' lang='lat' dir='ltr'><strong>primitus</strong></span> <span class='ocrx_word' id='word_1_433' title='bbox 1779 4597 2096 4668; x_wconf 79' lang='lat' dir='ltr'><strong>imperaret,</strong></span> 
     </span>
    </p>
   </div>
   <div class='ocr_carea' id='block_1_61' title="bbox 518 4667 2097 4738">
    <p class='ocr_par' dir='ltr' id='par_1_61' title="bbox 518 4667 2097 4738">
     <span class='ocr_line' id='line_1_62' title="bbox 518 4667 2097 4738; baseline 0.002 -16"><span class='ocrx_word' id='word_1_434' title='bbox 518 4683 615 4736; x_wconf 90' lang='lat' dir='ltr'><strong>pro</strong></span> <span class='ocrx_word' id='word_1_435' title='bbox 657 4667 808 4724; x_wconf 86' lang='lat' dir='ltr'><strong>certo</strong></span> <span class='ocrx_word' id='word_1_436' title='bbox 850 4683 954 4724; x_wconf 91' lang='lat' dir='ltr'><strong>non</strong></span> <span class='ocrx_word' id='word_1_437' title='bbox 997 4669 1138 4738; x_wconf 83' lang='lat' dir='ltr'><strong>illam</strong></span> <span class='ocrx_word' id='word_1_438' title='bbox 1166 4668 1485 4737; x_wconf 87' lang='lat' dir='ltr'><strong>salsuginem</strong></span> <span class='ocrx_word' id='word_1_439' title='bbox 1517 4667 1568 4721; x_wconf 92' lang='lat' dir='ltr'><strong>in</strong></span> <span class='ocrx_word' id='word_1_440' title='bbox 1609 4683 1820 4723; x_wconf 84' lang='lat' dir='ltr'><strong>suavem</strong></span> <span class='ocrx_word' id='word_1_441' title='bbox 1852 4667 2097 4738; x_wconf 85' lang='lat' dir='ltr'><strong>saporem</strong></span> 
     </span>
    </p>
   </div>
   <div class='ocr_carea' id='block_1_62' title="bbox 516 4737 2099 4809">
    <p class='ocr_par' dir='ltr' id='par_1_62' title="bbox 516 4737 2099 4809">
     <span class='ocr_line' id='line_1_63' title="bbox 516 4737 2099 4809; baseline 0.001 -16"><span class='ocrx_word' id='word_1_442' title='bbox 516 4748 893 4794; x_wconf 88' lang='lat' dir='ltr'><strong>commutaret.</strong></span> <span class='ocrx_word' id='word_1_443' title='bbox 933 4737 1086 4795; x_wconf 88' lang='lat' dir='ltr'><strong>Unde</strong></span> <span class='ocrx_word' id='word_1_444' title='bbox 1111 4738 1490 4809; x_wconf 87' lang='lat' dir='ltr'><strong>pervidendum</strong></span> <span class='ocrx_word' id='word_1_445' title='bbox 1529 4748 1650 4804; x_wconf 90' lang='lat' dir='ltr'><strong>est,</strong></span> <span class='ocrx_word' id='word_1_446' title='bbox 1677 4739 1816 4809; x_wconf 90' lang='lat' dir='ltr'><strong>quod</strong></span> <span class='ocrx_word' id='word_1_447' title='bbox 1844 4737 1946 4794; x_wconf 81' lang='lat' dir='ltr'><strong>non</strong></span> <span class='ocrx_word' id='word_1_448' title='bbox 1979 4741 2099 4795; x_wconf 89' lang='lat' dir='ltr'><strong>ideo</strong></span> 
     </span>
    </p>
   </div>
   <div class='ocr_carea' id='block_1_63' title="bbox 519 4808 2100 4880">
    <p class='ocr_par' dir='ltr' id='par_1_63' title="bbox 519 4808 2100 4880">
     <span class='ocr_line' id='line_1_64' title="bbox 519 4808 2100 4880; baseline 0.002 -18"><span class='ocrx_word' id='word_1_449' title='bbox 519 4809 664 4880; x_wconf 79' lang='lat' dir='ltr'><strong>Detts</strong></span> <span class='ocrx_word' id='word_1_450' title='bbox 685 4809 801 4880; x_wconf 71' lang='lat' dir='ltr'><strong>[nec</strong></span> <span class='ocrx_word' id='word_1_451' title='bbox 829 4811 988 4880; x_wconf 85' lang='lat' dir='ltr'><strong>ligna,</strong></span> <span class='ocrx_word' id='word_1_452' title='bbox 1011 4809 1098 4863; x_wconf 88' lang='lat' dir='ltr'><strong>vel</strong></span> <span class='ocrx_word' id='word_1_453' title='bbox 1117 4809 1277 4864; x_wconf 89' lang='lat' dir='ltr'><strong>etiam</strong></span> <span class='ocrx_word' id='word_1_454' title='bbox 1300 4809 1366 4863; x_wconf 93' lang='lat' dir='ltr'><strong>de</strong></span> <span class='ocrx_word' id='word_1_455' title='bbox 1395 4808 1611 4863; x_wconf 83' lang='lat' dir='ltr'><strong>fornace</strong></span> <span class='ocrx_word' id='word_1_456' title='bbox 1640 4808 1910 4878; x_wconf 84' lang='lat' dir='ltr'><strong>pulverem</strong></span> <span class='ocrx_word' id='word_1_457' title='bbox 1935 4811 1988 4864; x_wconf 90' lang='lat' dir='ltr'><strong>in</strong></span> <span class='ocrx_word' id='word_1_458' title='bbox 2015 4811 2100 4866; x_wconf 88' lang='lat' dir='ltr'><strong>his</strong></span> 
     </span>
    </p>
   </div>
   <div class='ocr_carea' id='block_1_64' title="bbox 517 4879 2100 4950">
    <p class='ocr_par' dir='ltr' id='par_1_64' title="bbox 517 4879 2100 4950">
     <span class='ocr_line' id='line_1_65' title="bbox 517 4879 2100 4950; baseline 0.001 -16"><span class='ocrx_word' id='word_1_459' title='bbox 517 4879 848 4935; x_wconf 89' lang='lat' dir='ltr'><strong>mirabilibus</strong></span> <span class='ocrx_word' id='word_1_460' title='bbox 872 4879 1140 4935; x_wconf 81' lang='lat' dir='ltr'><strong>interesse</strong></span> <span class='ocrx_word' id='word_1_461' title='bbox 1181 4888 1533 4950; x_wconf 66' lang='lat' dir='ltr'><strong>prurccpcrat,</strong></span> <span class='ocrx_word' id='word_1_462' title='bbox 1573 4889 1628 4932; x_wconf 90' lang='lat' dir='ltr'><strong>ut</strong></span> <span class='ocrx_word' id='word_1_463' title='bbox 1667 4881 1864 4950; x_wconf 88' lang='lat' dir='ltr'><strong>aliquid</strong></span> <span class='ocrx_word' id='word_1_464' title='bbox 1901 4881 1951 4934; x_wconf 89' lang='lat' dir='ltr'><strong>in</strong></span> <span class='ocrx_word' id='word_1_465' title='bbox 1997 4881 2100 4936; x_wconf 90' lang='lat' dir='ltr'><strong>illis</strong></span> 
     </span>
    </p>
   </div>
   <div class='ocr_carea' id='block_1_65' title="bbox 515 4949 2096 5046">
    <p class='ocr_par' dir='ltr' id='par_1_65' title="bbox 515 4949 2096 5046">
     <span class='ocr_line' id='line_1_66' title="bbox 515 4949 2096 5046; baseline 0 0"><span class='ocrx_word' id='word_1_466' title='bbox 515 4963 836 5046; x_wconf 60' lang='lat' dir='ltr'><strong>-‘f°&#39;_‘.&#39;.&#39;.&#39;l</strong></span> <span class='ocrx_word' id='word_1_467' title='bbox 865 4949 1806 5046; x_wconf 52' lang='grc' dir='ltr'><strong>Ηὲἒεὶῗωὶ,ΥῩΕἒδξξέξῗίῗδῖἓῗῗῖἷῗ1¹.¹</strong></span> <span class='ocrx_word' id='word_1_468' title='bbox 1847 4951 2096 5046; x_wconf 56' lang='grc' dir='ltr'><strong>ΕἘΞἚΞἯἾ</strong></span> 
     </span>
    </p>
   </div>
   <div class='ocr_carea' id='block_1_66' title="bbox 523 5019 2097 5092">
    <p class='ocr_par' dir='ltr' id='par_1_66' title="bbox 523 5019 2097 5092">
     <span class='ocr_line' id='line_1_67' title="bbox 523 5019 2097 5092; baseline 0.003 -20"><span class='ocrx_word' id='word_1_469' title='bbox 523 5019 684 5092; x_wconf 62' lang='lat' dir='ltr'><strong>fuisse</strong></span> <span class='ocrx_word' id='word_1_470' title='bbox 721 5021 839 5090; x_wconf 89' lang='lat' dir='ltr'><strong>quis</strong></span> <span class='ocrx_word' id='word_1_471' title='bbox 862 5021 1062 5074; x_wconf 86' lang='lat' dir='ltr'><strong>credat.</strong></span> <span class='ocrx_word' id='word_1_472' title='bbox 1101 5019 1208 5092; x_wconf 86' lang='lat' dir='ltr'><strong>Sed</strong></span> <span class='ocrx_word' id='word_1_473' title='bbox 1237 5035 1335 5091; x_wconf 87' lang='lat' dir='ltr'><strong>per</strong></span> <span class='ocrx_word' id='word_1_474' title='bbox 1365 5021 1476 5073; x_wconf 73' lang='lat' dir='ltr'><strong>lucc</strong></span> <span class='ocrx_word' id='word_1_475' title='bbox 1496 5019 1800 5092; x_wconf 77' lang='lat' dir='ltr'><strong>futurorum</strong></span> <span class='ocrx_word' id='word_1_476' title='bbox 1847 5024 2097 5092; x_wconf 84' lang='lat' dir='ltr'><strong>mysteria</strong></span> 
     </span>
    </p>
   </div>
   <div class='ocr_carea' id='block_1_67' title="bbox 519 5089 2100 5161">
    <p class='ocr_par' dir='ltr' id='par_1_67' title="bbox 519 5089 2100 5161">
     <span class='ocr_line' id='line_1_68' title="bbox 519 5089 2100 5161; baseline 0.002 -17"><span class='ocrx_word' id='word_1_477' title='bbox 519 5089 836 5161; x_wconf 70' lang='lat' dir='ltr'><strong>praesignata</strong></span> <span class='ocrx_word' id='word_1_478' title='bbox 865 5105 984 5146; x_wconf 81' lang='lat' dir='ltr'><strong>esse</strong></span> <span class='ocrx_word' id='word_1_479' title='bbox 1011 5089 1268 5161; x_wconf 57' lang='lat' dir='ltr'><strong>instituit]</strong></span> <span class='ocrx_word' id='word_1_480' title='bbox 1299 5098 1360 5144; x_wconf 93' lang='lat' dir='ltr'><strong>ut</strong></span> <span class='ocrx_word' id='word_1_481' title='bbox 1386 5089 1511 5161; x_wconf 91' lang='lat' dir='ltr'><strong>quid</strong></span> <span class='ocrx_word' id='word_1_482' title='bbox 1547 5091 1598 5144; x_wconf 91' lang='lat' dir='ltr'><strong>in</strong></span> <span class='ocrx_word' id='word_1_483' title='bbox 1629 5091 1708 5161; x_wconf 84' lang='lat' dir='ltr'><strong>his</strong></span> <span class='ocrx_word' id='word_1_484' title='bbox 1743 5107 1883 5146; x_wconf 90' lang='lat' dir='ltr'><strong>nunc</strong></span> <span class='ocrx_word' id='word_1_485' title='bbox 1904 5089 1965 5146; x_wconf 85' lang='lat' dir='ltr'><strong>in</strong></span> <span class='ocrx_word' id='word_1_486' title='bbox 1995 5093 2100 5146; x_wconf 80' lang='lat' dir='ltr'><strong>Ec-</strong></span> 
     </span>
    </p>
   </div>
   <div class='ocr_carea' id='block_1_68' title="bbox 517 5159 2096 5232">
    <p class='ocr_par' dir='ltr' id='par_1_68' title="bbox 517 5159 2096 5232">
     <span class='ocr_line' id='line_1_69' title="bbox 517 5159 2096 5232; baseline 0.001 -18"><span class='ocrx_word' id='word_1_487' title='bbox 517 5159 700 5216; x_wconf 53' lang='lat' dir='ltr'><strong>clesiae</strong></span> <span class='ocrx_word' id='word_1_488' title='bbox 717 5161 1051 5229; x_wconf 86' lang='lat' dir='ltr'><strong>provectibus</strong></span> <span class='ocrx_word' id='word_1_489' title='bbox 1078 5162 1176 5214; x_wconf 87' lang='lat' dir='ltr'><strong>ista</strong></span> <span class='ocrx_word' id='word_1_490' title='bbox 1203 5159 1421 5226; x_wconf 70' lang='lat' dir='ltr'><strong>faciant,</strong></span> <span class='ocrx_word' id='word_1_491' title='bbox 1449 5161 1660 5229; x_wconf 84' lang='lat' dir='ltr'><strong>sapiens</strong></span> <span class='ocrx_word' id='word_1_492' title='bbox 1683 5160 1871 5215; x_wconf 90' lang='lat' dir='ltr'><strong>doctor</strong></span> <span class='ocrx_word' id='word_1_493' title='bbox 1891 5161 2096 5232; x_wconf 85' lang='lat' dir='ltr'><strong>figurali</strong></span> 
     </span>
    </p>
   </div>
   <div class='ocr_carea' id='block_1_69' title="bbox 518 5231 2098 5299">
    <p class='ocr_par' dir='ltr' id='par_1_69' title="bbox 518 5231 2098 5299">
     <span class='ocr_line' id='line_1_70' title="bbox 518 5231 2098 5299; baseline 0.003 -15"><span class='ocrx_word' id='word_1_494' title='bbox 518 5232 851 5299; x_wconf 76' lang='lat' dir='ltr'><strong>expositione</strong></span> <span class='ocrx_word' id='word_1_495' title='bbox 874 5232 1144 5286; x_wconf 82' lang='lat' dir='ltr'><strong>decernat.</strong></span> <span class='ocrx_word' id='word_1_496' title='bbox 1177 5232 1308 5286; x_wconf 90' lang='lat' dir='ltr'><strong>Dum</strong></span> <span class='ocrx_word' id='word_1_497' title='bbox 1330 5242 1504 5285; x_wconf 89' lang='lat' dir='ltr'><strong>autem</strong></span> <span class='ocrx_word' id='word_1_498' title='bbox 1533 5231 1732 5298; x_wconf 87' lang='lat' dir='ltr'><strong>lignum</strong></span> <span class='ocrx_word' id='word_1_499' title='bbox 1759 5232 1890 5286; x_wconf 87' lang='lat' dir='ltr'><strong>nihil</strong></span> <span class='ocrx_word' id='word_1_500' title='bbox 1911 5231 1963 5286; x_wconf 85' lang='lat' dir='ltr'><strong>in</strong></span> <span class='ocrx_word' id='word_1_501' title='bbox 1996 5233 2098 5288; x_wconf 89' lang='lat' dir='ltr'><strong>hoc</strong></span> 
     </span>
    </p>
   </div>
   <div class='ocr_carea' id='block_1_70' title="bbox 517 5299 2098 5372">
    <p class='ocr_par' dir='ltr' id='par_1_70' title="bbox 517 5299 2098 5372">
     <span class='ocr_line' id='line_1_71' title="bbox 517 5299 2098 5372; baseline 0.003 -20"><span class='ocrx_word' id='word_1_502' title='bbox 517 5299 830 5372; x_wconf 82' lang='lat' dir='ltr'><strong>naturaliter</strong></span> <span class='ocrx_word' id='word_1_503' title='bbox 857 5301 1047 5356; x_wconf 77' lang='lat' dir='ltr'><strong>fecisse</strong></span> <span class='ocrx_word' id='word_1_504' title='bbox 1070 5302 1498 5372; x_wconf 87' lang='lat' dir='ltr'><strong>approbavimus,</strong></span> <span class='ocrx_word' id='word_1_505' title='bbox 1525 5311 1689 5355; x_wconf 83' lang='lat' dir='ltr'><strong>restat</strong></span> <span class='ocrx_word' id='word_1_506' title='bbox 1715 5317 1856 5356; x_wconf 91' lang='lat' dir='ltr'><strong>nunc</strong></span> <span class='ocrx_word' id='word_1_507' title='bbox 1880 5311 1936 5357; x_wconf 93' lang='lat' dir='ltr'><strong>ut</strong></span> <span class='ocrx_word' id='word_1_508' title='bbox 1961 5319 2098 5372; x_wconf 89' lang='lat' dir='ltr'><strong>quo-</strong></span> 
     </span>
    </p>
   </div>
   <div class='ocr_carea' id='block_1_71' title="bbox 515 5370 2098 5441">
    <p class='ocr_par' dir='ltr' id='par_1_71' title="bbox 515 5370 2098 5441">
     <span class='ocr_line' id='line_1_72' title="bbox 515 5370 2098 5441; baseline 0.004 -19"><span class='ocrx_word' id='word_1_509' title='bbox 515 5370 678 5424; x_wconf 85' lang='lat' dir='ltr'><strong>modo</strong></span> <span class='ocrx_word' id='word_1_510' title='bbox 700 5387 794 5440; x_wconf 89' lang='lat' dir='ltr'><strong>per</strong></span> <span class='ocrx_word' id='word_1_511' title='bbox 812 5383 1055 5426; x_wconf 89' lang='lat' dir='ltr'><strong>naturam</strong></span> <span class='ocrx_word' id='word_1_512' title='bbox 1085 5370 1278 5426; x_wconf 84' lang='lat' dir='ltr'><strong>factum</strong></span> <span class='ocrx_word' id='word_1_513' title='bbox 1310 5373 1398 5434; x_wconf 88' lang='lat' dir='ltr'><strong>sit,</strong></span> <span class='ocrx_word' id='word_1_514' title='bbox 1421 5386 1768 5441; x_wconf 81' lang='lat' dir='ltr'><strong>exponamus.</strong></span> <span class='ocrx_word' id='word_1_515' title='bbox 1791 5370 2098 5438; x_wconf 82' lang='lat' dir='ltr'><strong>Quodcum-</strong></span> 
     </span>
    </p>
   </div>
   <div class='ocr_carea' id='block_1_72' title="bbox 519 5443 2098 5513">
    <p class='ocr_par' dir='ltr' id='par_1_72' title="bbox 519 5443 2098 5513">
     <span class='ocr_line' id='line_1_73' title="bbox 519 5443 2098 5513; baseline 0.004 -19"><span class='ocrx_word' id='word_1_516' title='bbox 519 5453 624 5510; x_wconf 87' lang='lat' dir='ltr'><strong>que</strong></span> <span class='ocrx_word' id='word_1_517' title='bbox 661 5457 789 5511; x_wconf 88' lang='lat' dir='ltr'><strong>ergo</strong></span> <span class='ocrx_word' id='word_1_518' title='bbox 816 5457 911 5512; x_wconf 89' lang='lat' dir='ltr'><strong>per</strong></span> <span class='ocrx_word' id='word_1_519' title='bbox 953 5443 1185 5498; x_wconf 87' lang='lat' dir='ltr'><strong>studium</strong></span> <span class='ocrx_word' id='word_1_520' title='bbox 1225 5443 1466 5512; x_wconf 90' lang='lat' dir='ltr'><strong>quamvis</strong></span> <span class='ocrx_word' id='word_1_521' title='bbox 1501 5443 1639 5512; x_wconf 86' lang='lat' dir='ltr'><strong>longi</strong></span> <span class='ocrx_word' id='word_1_522' title='bbox 1671 5443 1924 5513; x_wconf 86' lang='lat' dir='ltr'><strong>temporis</strong></span> <span class='ocrx_word' id='word_1_523' title='bbox 1959 5444 2011 5498; x_wconf 94' lang='lat' dir='ltr'><strong>in</strong></span> <span class='ocrx_word' id='word_1_524' title='bbox 2039 5459 2098 5500; x_wconf 91' lang='lat' dir='ltr'><strong>re</strong></span> 
     </span>
    </p>
   </div>
   <div class='ocr_carea' id='block_1_73' title="bbox 528 5517 2104 5586">
    <p class='ocr_par' dir='ltr' id='par_1_73' title="bbox 528 5517 2104 5586">
     <span class='ocr_line' id='line_1_74' title="bbox 528 5517 2104 5586; baseline 0.003 -16"><span class='ocrx_word' id='word_1_525' title='bbox 528 5517 702 5586; x_wconf 86' lang='lat' dir='ltr'><strong>aliqua</strong></span> <span class='ocrx_word' id='word_1_526' title='bbox 744 5519 1027 5582; x_wconf 85' lang='lat' dir='ltr'><strong>invenitur,</strong></span> <span class='ocrx_word' id='word_1_527' title='bbox 1073 5535 1176 5572; x_wconf 92' lang='lat' dir='ltr'><strong>non</strong></span> <span class='ocrx_word' id='word_1_528' title='bbox 1217 5519 1428 5572; x_wconf 88' lang='lat' dir='ltr'><strong>aliunde</strong></span> <span class='ocrx_word' id='word_1_529' title='bbox 1475 5521 1526 5572; x_wconf 91' lang='lat' dir='ltr'><strong>in</strong></span> <span class='ocrx_word' id='word_1_530' title='bbox 1555 5519 1798 5572; x_wconf 85' lang='lat' dir='ltr'><strong>eamdem</strong></span> <span class='ocrx_word' id='word_1_531' title='bbox 1829 5535 1922 5586; x_wconf 89' lang='lat' dir='ltr'><strong>per</strong></span> <span class='ocrx_word' id='word_1_532' title='bbox 1948 5519 2104 5574; x_wconf 86' lang='lat' dir='ltr'><strong>indu-</strong></span> 
     </span>
    </p>
   </div>
   <div class='ocr_carea' id='block_1_74' title="bbox 528 5587 2106 5650">
    <p class='ocr_par' dir='ltr' id='par_1_74' title="bbox 528 5587 2106 5650">
     <span class='ocr_line' id='line_1_75' title="bbox 528 5587 2106 5650; baseline 0.001 -9"><span class='ocrx_word' id='word_1_533' title='bbox 528 5587 712 5642; x_wconf 87' lang='lat' dir='ltr'><strong>striam</strong></span> <span class='ocrx_word' id='word_1_534' title='bbox 731 5603 794 5641; x_wconf 87' lang='lat' dir='ltr'><strong>ex</strong></span> <span class='ocrx_word' id='word_1_535' title='bbox 809 5589 978 5644; x_wconf 86' lang='lat' dir='ltr'><strong>aliena</strong></span> <span class='ocrx_word' id='word_1_536' title='bbox 1005 5601 1188 5643; x_wconf 88' lang='lat' dir='ltr'><strong>natura</strong></span> <span class='ocrx_word' id='word_1_537' title='bbox 1212 5590 1545 5650; x_wconf 83' lang='lat' dir='ltr'><strong>conducitur;</strong></span> <span class='ocrx_word' id='word_1_538' title='bbox 1567 5591 1658 5644; x_wconf 89' lang='lat' dir='ltr'><strong>sed</strong></span> <span class='ocrx_word' id='word_1_539' title='bbox 1686 5605 1804 5644; x_wconf 89' lang='lat' dir='ltr'><strong>cum</strong></span> <span class='ocrx_word' id='word_1_540' title='bbox 1831 5591 1882 5642; x_wconf 91' lang='lat' dir='ltr'><strong>in</strong></span> <span class='ocrx_word' id='word_1_541' title='bbox 1907 5601 2106 5644; x_wconf 70' lang='lat' dir='ltr'><strong>natura:</strong></span> 
     </span>
    </p>
   </div>
   <div class='ocr_carea' id='block_1_75' title="bbox 531 5659 2106 5728">
    <p class='ocr_par' dir='ltr' id='par_1_75' title="bbox 531 5659 2106 5728">
     <span class='ocr_line' id='line_1_76' title="bbox 531 5659 2106 5728; baseline 0.001 -16"><span class='ocrx_word' id='word_1_542' title='bbox 531 5659 712 5713; x_wconf 89' lang='lat' dir='ltr'><strong>abdito</strong></span> <span class='ocrx_word' id='word_1_543' title='bbox 741 5673 952 5715; x_wconf 90' lang='lat' dir='ltr'><strong>recessu</strong></span> <span class='ocrx_word' id='word_1_544' title='bbox 967 5662 1282 5727; x_wconf 87' lang='lat' dir='ltr'><strong>occultatur,</strong></span> <span class='ocrx_word' id='word_1_545' title='bbox 1315 5663 1459 5728; x_wconf 91' lang='lat' dir='ltr'><strong>prius</strong></span> <span class='ocrx_word' id='word_1_546' title='bbox 1489 5661 1590 5714; x_wconf 90' lang='lat' dir='ltr'><strong>hoc</strong></span> <span class='ocrx_word' id='word_1_547' title='bbox 1617 5661 1878 5728; x_wconf 88' lang='lat' dir='ltr'><strong>perplexit</strong></span> <span class='ocrx_word' id='word_1_548' title='bbox 1903 5669 2106 5728; x_wconf 63' lang='lat' dir='ltr'><strong>tempe.</strong></span> 
     </span>
    </p>
   </div>
   <div class='ocr_carea' id='block_1_76' title="bbox 529 5729 2096 5798">
    <p class='ocr_par' dir='ltr' id='par_1_76' title="bbox 529 5729 2096 5798">
     <span class='ocr_line' id='line_1_77' title="bbox 529 5729 2096 5798; baseline 0.001 -18"><span class='ocrx_word' id='word_1_549' title='bbox 529 5729 602 5782; x_wconf 89' lang='lat' dir='ltr'><strong>ris</strong></span> <span class='ocrx_word' id='word_1_550' title='bbox 641 5729 924 5794; x_wconf 84' lang='lat' dir='ltr'><strong>industria,</strong></span> <span class='ocrx_word' id='word_1_551' title='bbox 951 5741 1004 5783; x_wconf 88' lang='lat' dir='ltr'><strong>et</strong></span> <span class='ocrx_word' id='word_1_552' title='bbox 1025 5731 1246 5786; x_wconf 86' lang='lat' dir='ltr'><strong>alterius</strong></span> <span class='ocrx_word' id='word_1_553' title='bbox 1275 5741 1478 5785; x_wconf 71' lang='lat' dir='ltr'><strong>natura:</strong></span> <span class='ocrx_word' id='word_1_554' title='bbox 1510 5731 1872 5798; x_wconf 82' lang='lat' dir='ltr'><strong>adjumcntum</strong></span> <span class='ocrx_word' id='word_1_555' title='bbox 1903 5730 2096 5785; x_wconf 86' lang='lat' dir='ltr'><strong>reddit.</strong></span> 
     </span>
    </p>
   </div>
   <div class='ocr_carea' id='block_1_77' title="bbox 531 5798 2097 5869">
    <p class='ocr_par' dir='ltr' id='par_1_77' title="bbox 531 5798 2097 5869">
     <span class='ocr_line' id='line_1_78' title="bbox 531 5798 2097 5869; baseline 0.002 -17"><span class='ocrx_word' id='word_1_556' title='bbox 531 5798 596 5852; x_wconf 82' lang='lat' dir='ltr'><strong>Et</strong></span> <span class='ocrx_word' id='word_1_557' title='bbox 636 5801 778 5869; x_wconf 89' lang='lat' dir='ltr'><strong>quod</strong></span> <span class='ocrx_word' id='word_1_558' title='bbox 825 5815 922 5868; x_wconf 88' lang='lat' dir='ltr'><strong>per</strong></span> <span class='ocrx_word' id='word_1_559' title='bbox 960 5803 1244 5855; x_wconf 86' lang='lat' dir='ltr'><strong>humanum</strong></span> <span class='ocrx_word' id='word_1_560' title='bbox 1289 5817 1382 5856; x_wconf 85' lang='lat' dir='ltr'><strong>seu</strong></span> <span class='ocrx_word' id='word_1_561' title='bbox 1425 5803 1584 5856; x_wconf 88' lang='lat' dir='ltr'><strong>etiam</strong></span> <span class='ocrx_word' id='word_1_562' title='bbox 1625 5818 1804 5856; x_wconf 88' lang='lat' dir='ltr'><strong>rerum</strong></span> <span class='ocrx_word' id='word_1_563' title='bbox 1851 5801 2097 5855; x_wconf 80' lang='lat' dir='ltr'><strong>effectum</strong></span> 
     </span>
    </p>
   </div>
   <div class='ocr_carea' id='block_1_78' title="bbox 527 5869 2104 5942">
    <p class='ocr_par' dir='ltr' id='par_1_78' title="bbox 527 5869 2104 5942">
     <span class='ocr_line' id='line_1_79' title="bbox 527 5869 2104 5942; baseline 0.004 -20"><span class='ocrx_word' id='word_1_564' title='bbox 527 5869 687 5942; x_wconf 86' lang='lat' dir='ltr'><strong>longo</strong></span> <span class='ocrx_word' id='word_1_565' title='bbox 714 5871 858 5928; x_wconf 89' lang='lat' dir='ltr'><strong>cultu</strong></span> <span class='ocrx_word' id='word_1_566' title='bbox 883 5871 1150 5939; x_wconf 84' lang='lat' dir='ltr'><strong>efficitur;</strong></span> <span class='ocrx_word' id='word_1_567' title='bbox 1183 5873 1283 5928; x_wconf 87' lang='lat' dir='ltr'><strong>hoc</strong></span> <span class='ocrx_word' id='word_1_568' title='bbox 1309 5873 1402 5928; x_wconf 85' lang='lat' dir='ltr'><strong>Dei</strong></span> <span class='ocrx_word' id='word_1_569' title='bbox 1428 5872 1718 5939; x_wconf 74' lang='lat' dir='ltr'><strong>voluntate,</strong></span> <span class='ocrx_word' id='word_1_570' title='bbox 1741 5889 1864 5928; x_wconf 90' lang='lat' dir='ltr'><strong>cum</strong></span> <span class='ocrx_word' id='word_1_571' title='bbox 1887 5885 2104 5929; x_wconf 84' lang='lat' dir='ltr'><strong>necesse</strong></span> 
     </span>
    </p>
   </div>
   <div class='ocr_carea' id='block_1_79' title="bbox 1253 397 3073 470">
    <p class='ocr_par' dir='ltr' id='par_1_79' title="bbox 1253 397 3073 470">
     <span class='ocr_line' id='line_1_80' title="bbox 1253 397 3073 470; baseline -0.004 -6"><span class='ocrx_word' id='word_1_572' title='bbox 1253 408 1342 464; x_wconf 81' lang='lat' dir='ltr'><strong>DE</strong></span> <span class='ocrx_word' id='word_1_573' title='bbox 1381 401 1814 464; x_wconf 75' lang='lat' dir='ltr'><strong>MIRABILIBUS</strong></span> <span class='ocrx_word' id='word_1_574' title='bbox 1851 399 2100 460; x_wconf 66' lang='lat' dir='ltr'><strong>SACBE</strong></span> <span class='ocrx_word' id='word_1_575' title='bbox 2137 397 2569 470; x_wconf 68' lang='lat' dir='ltr'><strong>SCRIPTURE,</strong></span> <span class='ocrx_word' id='word_1_576' title='bbox 2609 397 2670 456; x_wconf 88' lang='lat' dir='ltr'><strong>S.</strong></span> <span class='ocrx_word' id='word_1_577' title='bbox 2709 397 3073 459; x_wconf 79' lang='lat' dir='ltr'><strong>AUGUSTINI</strong></span> 
     </span>
    </p>
   </div>
   <div class='ocr_carea' id='block_1_80' title="bbox 3641 403 3786 462">
    <p class='ocr_par' dir='ltr' id='par_1_80' title="bbox 3641 403 3786 462">
     <span class='ocr_line' id='line_1_81' title="bbox 3641 403 3786 462; baseline 0.028 -3"><span class='ocrx_word' id='word_1_578' title='bbox 3641 403 3786 462; x_wconf 63' lang='lat'><strong>2108</strong></span> 
     </span>
    </p>
   </div>
   <div class='ocr_carea' id='block_1_81' title="bbox 2213 519 3791 608">
    <p class='ocr_par' dir='ltr' id='par_1_81' title="bbox 2213 519 3791 608">
     <span class='ocr_line' id='line_1_82' title="bbox 2213 519 3791 608; baseline 0 0"><span class='ocrx_word' id='word_1_579' title='bbox 2213 519 3332 608; x_wconf 13' lang='lat' dir='ltr'><strong>Pelagine-misereretur-ﬁse?</strong></span> <span class='ocrx_word' id='word_1_580' title='bbox 3355 520 3514 608; x_wconf 67' lang='grc' dir='ltr'><strong>ίείιιιτ</strong></span> <span class='ocrx_word' id='word_1_581' title='bbox 3541 537 3791 608; x_wconf 52' lang='lat' dir='ltr'><strong>unum.</strong></span> 
     </span>
    </p>
   </div>
   <div class='ocr_carea' id='block_1_82' title="bbox 2211 590 3788 662">
    <p class='ocr_par' dir='ltr' id='par_1_82' title="bbox 2211 590 3788 662">
     <span class='ocr_line' id='line_1_83' title="bbox 2211 590 3788 662; baseline 0.003 -16"><span class='ocrx_word' id='word_1_582' title='bbox 2211 591 2295 646; x_wconf 90' lang='lat' dir='ltr'><strong>vel</strong></span> <span class='ocrx_word' id='word_1_583' title='bbox 2316 591 2474 662; x_wconf 84' lang='lat' dir='ltr'><strong>etiam</strong></span> <span class='ocrx_word' id='word_1_584' title='bbox 2507 591 2650 660; x_wconf 86' lang='lat' dir='ltr'><strong>ipsas</strong></span> <span class='ocrx_word' id='word_1_585' title='bbox 2677 590 2995 646; x_wconf 86' lang='lat' dir='ltr'><strong>salsissimas</strong></span> <span class='ocrx_word' id='word_1_586' title='bbox 3021 593 3074 646; x_wconf 90' lang='lat' dir='ltr'><strong>in</strong></span> <span class='ocrx_word' id='word_1_587' title='bbox 3116 591 3326 647; x_wconf 89' lang='lat' dir='ltr'><strong>dulcem</strong></span> <span class='ocrx_word' id='word_1_588' title='bbox 3373 590 3624 662; x_wconf 81' lang='lat' dir='ltr'><strong>saporem</strong></span> <span class='ocrx_word' id='word_1_589' title='bbox 3653 590 3788 652; x_wconf 86' lang='lat' dir='ltr'><strong>verti</strong></span> 
     </span>
    </p>
   </div>
   <div class='ocr_carea' id='block_1_83' title="bbox 2209 660 3793 784">
    <p class='ocr_par' dir='ltr' id='par_1_83' title="bbox 2209 660 3793 784">
     <span class='ocr_line' id='line_1_84' title="bbox 2209 660 3793 784; baseline 0.004 -70"><span class='ocrx_word' id='word_1_590' title='bbox 2209 675 2401 784; x_wconf 60' lang='lat' dir='ltr'><strong>posse,</strong></span> <span class='ocrx_word' id='word_1_591' title='bbox 2441 660 2748 743; x_wconf 82' lang='lat' dir='ltr'><strong>frequenter</strong></span> <span class='ocrx_word' id='word_1_592' title='bbox 2780 671 2954 744; x_wconf 67' lang='lat' dir='ltr'><strong>nauiae</strong></span> <span class='ocrx_word' id='word_1_593' title='bbox 2988 663 3374 732; x_wconf 87' lang='lat' dir='ltr'><strong>comprobant,</strong></span> <span class='ocrx_word' id='word_1_594' title='bbox 3403 660 3496 747; x_wconf 79' lang='lat' dir='ltr'><strong>qui</strong></span> <span class='ocrx_word' id='word_1_595' title='bbox 3541 665 3660 748; x_wconf 79' lang='lat' dir='ltr'><strong>illas</strong></span> <span class='ocrx_word' id='word_1_596' title='bbox 3689 682 3793 748; x_wconf 44' lang='lat' dir='ltr'><strong>.per</strong></span> 
     </span>
     <span class='ocr_line' id='line_1_85' title="bbox 2253 731 3790 784; baseline 0 0"><span class='ocrx_word' id='word_1_597' title='bbox 2253 747 2430 784; x_wconf 92' lang='lat' dir='ltr'><strong>umum</strong></span> <span class='ocrx_word' id='word_1_598' title='bbox 2469 745 2683 784; x_wconf 64' lang='lat' dir='ltr'><strong>onumaa</strong></span> <span class='ocrx_word' id='word_1_599' title='bbox 2711 740 2866 784; x_wconf 76' lang='lat' dir='ltr'><strong>terra:</strong></span> <span class='ocrx_word' id='word_1_600' title='bbox 2893 731 3088 784; x_wconf 82' lang='lat' dir='ltr'><strong>infusas</strong></span> <span class='ocrx_word' id='word_1_601' title='bbox 3109 773 3123 784; x_wconf 92' lang='lat'><strong>.</strong></span> <span class='ocrx_word' id='word_1_602' title='bbox 3153 741 3209 784; x_wconf 86' lang='lat' dir='ltr'><strong>et</strong></span> <span class='ocrx_word' id='word_1_603' title='bbox 3247 733 3350 784; x_wconf 87' lang='lat' dir='ltr'><strong>hoc</strong></span> <span class='ocrx_word' id='word_1_604' title='bbox 3377 736 3604 784; x_wconf 78' lang='lat' dir='ltr'><strong>artificio</strong></span> <span class='ocrx_word' id='word_1_605' title='bbox 3631 748 3790 784; x_wconf 76' lang='lat' dir='ltr'><strong>etiam</strong></span> 
     </span>
    </p>
   </div>
   <div class='ocr_carea' id='block_1_84' title="bbox 2253 731 3790 802">
    <p class='ocr_par' dir='ltr' id='par_1_84' title="bbox 2253 731 3790 802">
     <span class='ocr_line' id='line_1_86' title="bbox 2253 731 3790 802; baseline 0.005 -18"><span class='ocrx_word' id='word_1_606' title='bbox 2253 747 2430 802; x_wconf 87' lang='lat' dir='ltr'><strong>umum</strong></span> <span class='ocrx_word' id='word_1_607' title='bbox 2469 733 2683 802; x_wconf 66' lang='lat' dir='ltr'><strong>optimae</strong></span> <span class='ocrx_word' id='word_1_608' title='bbox 2711 740 2866 787; x_wconf 78' lang='lat' dir='ltr'><strong>terra:</strong></span> <span class='ocrx_word' id='word_1_609' title='bbox 2893 731 3123 796; x_wconf 83' lang='lat' dir='ltr'><strong>infusas,</strong></span> <span class='ocrx_word' id='word_1_610' title='bbox 3153 741 3209 787; x_wconf 91' lang='lat' dir='ltr'><strong>et</strong></span> <span class='ocrx_word' id='word_1_611' title='bbox 3247 733 3350 788; x_wconf 90' lang='lat' dir='ltr'><strong>hoc</strong></span> <span class='ocrx_word' id='word_1_612' title='bbox 3377 731 3604 790; x_wconf 73' lang='lat' dir='ltr'><strong>artificio</strong></span> <span class='ocrx_word' id='word_1_613' title='bbox 3631 731 3790 792; x_wconf 80' lang='lat' dir='ltr'><strong>etiam</strong></span> 
     </span>
    </p>
   </div>
   <div class='ocr_carea' id='block_1_85' title="bbox 2210 801 3793 878">
    <p class='ocr_par' dir='ltr' id='par_1_85' title="bbox 2210 801 3793 878">
     <span class='ocr_line' id='line_1_87' title="bbox 2210 801 3793 878; baseline 0.004 -23"><span class='ocrx_word' id='word_1_614' title='bbox 2210 801 2537 878; x_wconf 33' lang='lat' dir='ltr'><strong>indulcatas}</strong></span> <span class='ocrx_word' id='word_1_615' title='bbox 2556 818 2724 878; x_wconf 68' lang='lat' dir='ltr'><strong>__saepe</strong></span> <span class='ocrx_word' id='word_1_616' title='bbox 2751 802 2892 856; x_wconf 89' lang='lat' dir='ltr'><strong>sitim</strong></span> <span class='ocrx_word' id='word_1_617' title='bbox 2931 813 3245 878; x_wconf 80' lang='lat' dir='ltr'><strong>temperant.</strong></span> <span class='ocrx_word' id='word_1_618' title='bbox 3272 803 3467 878; x_wconf 74' lang='lat' dir='ltr'><strong>_Nubes</strong></span> <span class='ocrx_word' id='word_1_619' title='bbox 3491 822 3704 878; x_wconf 87' lang='lat' dir='ltr'><strong>quoque</strong></span> <span class='ocrx_word' id='word_1_620' title='bbox 3730 808 3793 878; x_wconf 85' lang='lat' dir='ltr'><strong>de</strong></span> 
     </span>
    </p>
   </div>
   <div class='ocr_carea' id='block_1_86' title="bbox 2209 871 3794 946">
    <p class='ocr_par' dir='ltr' id='par_1_86' title="bbox 2209 871 3794 946">
     <span class='ocr_line' id='line_1_88' title="bbox 2209 871 3794 946; baseline 0.005 -20"><span class='ocrx_word' id='word_1_621' title='bbox 2209 871 2432 946; x_wconf 76' lang='lat' dir='ltr'><strong>marinis</strong></span> <span class='ocrx_word' id='word_1_622' title='bbox 2473 873 2671 946; x_wconf 84' lang='lat' dir='ltr'><strong>_linibus</strong></span> <span class='ocrx_word' id='word_1_623' title='bbox 2713 889 2934 946; x_wconf 78' lang='lat' dir='ltr'><strong>vapores</strong></span> <span class='ocrx_word' id='word_1_624' title='bbox 2986 873 3163 928; x_wconf 88' lang='lat' dir='ltr'><strong>levant</strong></span> <span class='ocrx_word' id='word_1_625' title='bbox 3209 875 3332 928; x_wconf 87' lang='lat' dir='ltr'><strong>salsi</strong></span> <span class='ocrx_word' id='word_1_626' title='bbox 3389 871 3645 946; x_wconf 48' lang='lat' dir='ltr'><strong>liquoris,</strong></span> <span class='ocrx_word' id='word_1_627' title='bbox 3701 877 3794 934; x_wconf 90' lang='lat' dir='ltr'><strong>sed</strong></span> 
     </span>
    </p>
   </div>
   <div class='ocr_carea' id='block_1_87' title="bbox 2209 941 3790 1013">
    <p class='ocr_par' dir='ltr' id='par_1_87' title="bbox 2209 941 3790 1013">
     <span class='ocr_line' id='line_1_89' title="bbox 2209 941 3790 1013; baseline 0.005 -18"><span class='ocrx_word' id='word_1_628' title='bbox 2209 943 2424 1013; x_wconf 86' lang='lat' dir='ltr'><strong>easdem</strong></span> <span class='ocrx_word' id='word_1_629' title='bbox 2454 941 2636 1013; x_wconf 82' lang='lat' dir='ltr'><strong>dulces</strong></span> <span class='ocrx_word' id='word_1_630' title='bbox 2660 984 2674 1006; x_wconf 89' lang='lat'><strong>,</strong></span> <span class='ocrx_word' id='word_1_631' title='bbox 2704 941 2917 1013; x_wconf 62' lang='lat' dir='ltr'><strong>quando</strong></span> <span class='ocrx_word' id='word_1_632' title='bbox 2953 946 3174 1012; x_wconf 86' lang='lat' dir='ltr'><strong>pluunt,</strong></span> <span class='ocrx_word' id='word_1_633' title='bbox 3204 941 3660 1002; x_wconf 44' lang='lat' dir='ltr'><strong>terrenis—usibus</strong></span> <span class='ocrx_word' id='word_1_634' title='bbox 3689 949 3790 1002; x_wconf 88' lang='lat' dir='ltr'><strong>mi-</strong></span> 
     </span>
    </p>
   </div>
   <div class='ocr_carea' id='block_1_88' title="bbox 2209 1011 3789 1084">
    <p class='ocr_par' dir='ltr' id='par_1_88' title="bbox 2209 1011 3789 1084">
     <span class='ocr_line' id='line_1_90' title="bbox 2209 1011 3789 1084; baseline 0.005 -19"><span class='ocrx_word' id='word_1_635' title='bbox 2209 1012 2454 1084; x_wconf 81' lang='lat' dir='ltr'><strong>nistrant.</strong></span> <span class='ocrx_word' id='word_1_636' title='bbox 2486 1011 2743 1084; x_wconf 81' lang='lat' dir='ltr'><strong>Quoniam</strong></span> <span class='ocrx_word' id='word_1_637' title='bbox 2774 1011 3056 1084; x_wconf 85' lang='lat' dir='ltr'><strong>salsuginis</strong></span> <span class='ocrx_word' id='word_1_638' title='bbox 3093 1016 3275 1069; x_wconf 87' lang='lat' dir='ltr'><strong>vitium</strong></span> <span class='ocrx_word' id='word_1_639' title='bbox 3313 1016 3453 1084; x_wconf 89' lang='lat' dir='ltr'><strong>quod</strong></span> <span class='ocrx_word' id='word_1_640' title='bbox 3495 1019 3550 1072; x_wconf 91' lang='lat' dir='ltr'><strong>in</strong></span> <span class='ocrx_word' id='word_1_641' title='bbox 3595 1029 3789 1073; x_wconf 85' lang='lat' dir='ltr'><strong>semet-</strong></span> 
     </span>
    </p>
   </div>
   <div class='ocr_carea' id='block_1_89' title="bbox 2209 1082 3788 1155">
    <p class='ocr_par' dir='ltr' id='par_1_89' title="bbox 2209 1082 3788 1155">
     <span class='ocr_line' id='line_1_91' title="bbox 2209 1082 3788 1155; baseline 0.004 -19"><span class='ocrx_word' id='word_1_642' title='bbox 2209 1082 2338 1155; x_wconf 80' lang='lat' dir='ltr'><strong>ipsis</strong></span> <span class='ocrx_word' id='word_1_643' title='bbox 2364 1098 2512 1155; x_wconf 65' lang='lat' dir='ltr'><strong>aqua:</strong></span> <span class='ocrx_word' id='word_1_644' title='bbox 2542 1083 2756 1138; x_wconf 89' lang='lat' dir='ltr'><strong>insitum</strong></span> <span class='ocrx_word' id='word_1_645' title='bbox 2784 1082 3019 1155; x_wconf 79' lang='lat' dir='ltr'><strong>capiunt,</strong></span> <span class='ocrx_word' id='word_1_646' title='bbox 3049 1100 3144 1155; x_wconf 91' lang='lat' dir='ltr'><strong>per</strong></span> <span class='ocrx_word' id='word_1_647' title='bbox 3173 1082 3488 1142; x_wconf 69' lang='lat' dir='ltr'><strong>inlusionem</strong></span> <span class='ocrx_word' id='word_1_648' title='bbox 3517 1096 3676 1142; x_wconf 66' lang='lat' dir='ltr'><strong>terrai</strong></span> <span class='ocrx_word' id='word_1_649' title='bbox 3699 1099 3788 1144; x_wconf 87' lang='lat' dir='ltr'><strong>aut</strong></span> 
     </span>
    </p>
   </div>
   <div class='ocr_carea' id='block_1_90' title="bbox 2210 1152 3788 1228">
    <p class='ocr_par' dir='ltr' id='par_1_90' title="bbox 2210 1152 3788 1228">
     <span class='ocr_line' id='line_1_92' title="bbox 2210 1152 3788 1228; baseline 0.004 -22"><span class='ocrx_word' id='word_1_650' title='bbox 2210 1153 2426 1206; x_wconf 86' lang='lat' dir='ltr'><strong>nubium</strong></span> <span class='ocrx_word' id='word_1_651' title='bbox 2465 1152 2754 1228; x_wconf 78' lang='lat' dir='ltr'><strong>deponunt.</strong></span> <span class='ocrx_word' id='word_1_652' title='bbox 2784 1152 3039 1210; x_wconf 88' lang='lat' dir='ltr'><strong>Similiter</strong></span> <span class='ocrx_word' id='word_1_653' title='bbox 3053 1152 3276 1228; x_wconf 74' lang='lat' dir='ltr'><strong>quoque</strong></span> <span class='ocrx_word' id='word_1_654' title='bbox 3299 1165 3356 1212; x_wconf 91' lang='lat' dir='ltr'><strong>et</strong></span> <span class='ocrx_word' id='word_1_655' title='bbox 3389 1157 3576 1212; x_wconf 88' lang='lat' dir='ltr'><strong>dulces</strong></span> <span class='ocrx_word' id='word_1_656' title='bbox 3604 1173 3788 1228; x_wconf 67' lang='lat' dir='ltr'><strong>aquai,</strong></span> 
     </span>
    </p>
   </div>
   <div class='ocr_carea' id='block_1_91' title="bbox 2208 1223 3790 1294">
    <p class='ocr_par' dir='ltr' id='par_1_91' title="bbox 2208 1223 3790 1294">
     <span class='ocr_line' id='line_1_93' title="bbox 2208 1223 3790 1294; baseline 0.006 -20"><span class='ocrx_word' id='word_1_657' title='bbox 2208 1238 2329 1294; x_wconf 81' lang='lat' dir='ltr'><strong>cum</strong></span> <span class='ocrx_word' id='word_1_658' title='bbox 2373 1238 2464 1277; x_wconf 88' lang='lat' dir='ltr'><strong>eas</strong></span> <span class='ocrx_word' id='word_1_659' title='bbox 2510 1223 2750 1279; x_wconf 88' lang='lat' dir='ltr'><strong>homines</strong></span> <span class='ocrx_word' id='word_1_660' title='bbox 2807 1241 2902 1294; x_wconf 87' lang='lat' dir='ltr'><strong>per</strong></span> <span class='ocrx_word' id='word_1_661' title='bbox 2949 1223 3275 1280; x_wconf 79' lang='lat' dir='ltr'><strong>marinorum</strong></span> <span class='ocrx_word' id='word_1_662' title='bbox 3328 1228 3534 1284; x_wconf 87' lang='lat' dir='ltr'><strong>olerum</strong></span> <span class='ocrx_word' id='word_1_663' title='bbox 3579 1223 3790 1285; x_wconf 73' lang='lat' dir='ltr'><strong>cineres</strong></span> 
     </span>
    </p>
   </div>
   <div class='ocr_carea' id='block_1_92' title="bbox 2209 1292 3788 1366">
    <p class='ocr_par' dir='ltr' id='par_1_92' title="bbox 2209 1292 3788 1366">
     <span class='ocr_line' id='line_1_94' title="bbox 2209 1292 3788 1366; baseline 0.004 -19"><span class='ocrx_word' id='word_1_664' title='bbox 2209 1292 2461 1366; x_wconf 78' lang='lat' dir='ltr'><strong>hauriuut</strong></span> <span class='ocrx_word' id='word_1_665' title='bbox 2483 1335 2498 1356; x_wconf 91' lang='lat'><strong>,</strong></span> <span class='ocrx_word' id='word_1_666' title='bbox 2527 1295 2722 1348; x_wconf 87' lang='lat' dir='ltr'><strong>salsum</strong></span> <span class='ocrx_word' id='word_1_667' title='bbox 2751 1292 2822 1350; x_wconf 74' lang='lat' dir='ltr'><strong>et</strong></span> <span class='ocrx_word' id='word_1_668' title='bbox 2846 1295 3120 1366; x_wconf 74' lang='lat' dir='ltr'><strong>plusquam</strong></span> <span class='ocrx_word' id='word_1_669' title='bbox 3151 1298 3348 1352; x_wconf 86' lang='lat' dir='ltr'><strong>Oceani</strong></span> <span class='ocrx_word' id='word_1_670' title='bbox 3389 1311 3640 1366; x_wconf 86' lang='lat' dir='ltr'><strong>saporem</strong></span> <span class='ocrx_word' id='word_1_671' title='bbox 3669 1299 3788 1354; x_wconf 87' lang='lat' dir='ltr'><strong>red-</strong></span> 
     </span>
    </p>
   </div>
   <div class='ocr_carea' id='block_1_93' title="bbox 2207 1362 3789 1435">
    <p class='ocr_par' dir='ltr' id='par_1_93' title="bbox 2207 1362 3789 1435">
     <span class='ocr_line' id='line_1_95' title="bbox 2207 1362 3789 1435; baseline 0.004 -19"><span class='ocrx_word' id='word_1_672' title='bbox 2207 1362 2360 1418; x_wconf 90' lang='lat' dir='ltr'><strong>dunt.</strong></span> <span class='ocrx_word' id='word_1_673' title='bbox 2393 1363 2538 1435; x_wconf 84' lang='lat' dir='ltr'><strong>Hanc</strong></span> <span class='ocrx_word' id='word_1_674' title='bbox 2563 1380 2689 1435; x_wconf 88' lang='lat' dir='ltr'><strong>ergo</strong></span> <span class='ocrx_word' id='word_1_675' title='bbox 2719 1362 3134 1420; x_wconf 75' lang='lat' dir='ltr'><strong>immutationem</strong></span> <span class='ocrx_word' id='word_1_676' title='bbox 3163 1367 3376 1424; x_wconf 89' lang='lat' dir='ltr'><strong>insitam</strong></span> <span class='ocrx_word' id='word_1_677' title='bbox 3401 1362 3500 1422; x_wconf 87' lang='lat' dir='ltr'><strong>sibi</strong></span> <span class='ocrx_word' id='word_1_678' title='bbox 3534 1371 3789 1423; x_wconf 86' lang='lat' dir='ltr'><strong>naturali-</strong></span> 
     </span>
    </p>
   </div>
   <div class='ocr_carea' id='block_1_94' title="bbox 2211 1433 3790 1506">
    <p class='ocr_par' dir='ltr' id='par_1_94' title="bbox 2211 1433 3790 1506">
     <span class='ocr_line' id='line_1_96' title="bbox 2211 1433 3790 1506; baseline 0.005 -20"><span class='ocrx_word' id='word_1_679' title='bbox 2211 1443 2304 1506; x_wconf 13' lang='lat' dir='ltr'><strong>ter,</strong></span> <span class='ocrx_word' id='word_1_680' title='bbox 2324 1449 2476 1506; x_wconf 77' lang='lat' dir='ltr'><strong>aqua:</strong></span> <span class='ocrx_word' id='word_1_681' title='bbox 2507 1433 2719 1500; x_wconf 68' lang='lat' dir='ltr'><strong>habent;</strong></span> <span class='ocrx_word' id='word_1_682' title='bbox 2749 1436 2842 1491; x_wconf 88' lang='lat' dir='ltr'><strong>sed</strong></span> <span class='ocrx_word' id='word_1_683' title='bbox 2867 1437 3090 1491; x_wconf 78' lang='lat' dir='ltr'><strong>celerius</strong></span> <span class='ocrx_word' id='word_1_684' title='bbox 3123 1454 3217 1506; x_wconf 87' lang='lat' dir='ltr'><strong>per</strong></span> <span class='ocrx_word' id='word_1_685' title='bbox 3241 1448 3560 1506; x_wconf 77' lang='lat' dir='ltr'><strong>pneceptum</strong></span> <span class='ocrx_word' id='word_1_686' title='bbox 3589 1439 3790 1494; x_wconf 82' lang='lat' dir='ltr'><strong>Coadi-</strong></span> 
     </span>
    </p>
   </div>
   <div class='ocr_carea' id='block_1_95' title="bbox 2207 1505 3791 1580">
    <p class='ocr_par' dir='ltr' id='par_1_95' title="bbox 2207 1505 3791 1580">
     <span class='ocr_line' id='line_1_97' title="bbox 2207 1505 3791 1580; baseline 0.005 -24"><span class='ocrx_word' id='word_1_687' title='bbox 2207 1505 2338 1580; x_wconf 85' lang='lat' dir='ltr'><strong>toris</strong></span> <span class='ocrx_word' id='word_1_688' title='bbox 2383 1505 2560 1571; x_wconf 90' lang='lat' dir='ltr'><strong>illam,</strong></span> <span class='ocrx_word' id='word_1_689' title='bbox 2592 1521 2748 1575; x_wconf 91' lang='lat' dir='ltr'><strong>quam</strong></span> <span class='ocrx_word' id='word_1_690' title='bbox 2791 1523 2884 1580; x_wconf 72' lang='lat' dir='ltr'><strong>per</strong></span> <span class='ocrx_word' id='word_1_691' title='bbox 2903 1505 3208 1580; x_wconf 79' lang='lat' dir='ltr'><strong>efficaciam</strong></span> <span class='ocrx_word' id='word_1_692' title='bbox 3237 1505 3482 1580; x_wconf 67' lang='lat' dir='ltr'><strong>humanae</strong></span> <span class='ocrx_word' id='word_1_693' title='bbox 3506 1509 3791 1580; x_wconf 67' lang='lat' dir='ltr'><strong>diligentiae</strong></span> 
     </span>
    </p>
   </div>
   <div class='ocr_carea' id='block_1_96' title="bbox 2209 1575 3790 1643">
    <p class='ocr_par' dir='ltr' id='par_1_96' title="bbox 2209 1575 3790 1643">
     <span class='ocr_line' id='line_1_98' title="bbox 2209 1575 3790 1643; baseline 0.004 -15"><span class='ocrx_word' id='word_1_694' title='bbox 2209 1583 2263 1628; x_wconf 93' lang='lat' dir='ltr'><strong>et</strong></span> <span class='ocrx_word' id='word_1_695' title='bbox 2301 1575 2532 1643; x_wconf 89' lang='lat' dir='ltr'><strong>ipsarum</strong></span> <span class='ocrx_word' id='word_1_696' title='bbox 2573 1591 2748 1630; x_wconf 87' lang='lat' dir='ltr'><strong>rerum</strong></span> <span class='ocrx_word' id='word_1_697' title='bbox 2790 1575 3188 1632; x_wconf 88' lang='lat' dir='ltr'><strong>ininistrationis</strong></span> <span class='ocrx_word' id='word_1_698' title='bbox 3225 1579 3497 1634; x_wconf 64' lang='lat' dir='ltr'><strong>exhibent.</strong></span> <span class='ocrx_word' id='word_1_699' title='bbox 3532 1575 3638 1634; x_wconf 68' lang='lat' dir='ltr'><strong>Per</strong></span> <span class='ocrx_word' id='word_1_700' title='bbox 3663 1580 3790 1634; x_wconf 87' lang='lat' dir='ltr'><strong>alte-</strong></span> 
     </span>
    </p>
   </div>
   <div class='ocr_carea' id='block_1_97' title="bbox 2207 1643 3790 1719">
    <p class='ocr_par' dir='ltr' id='par_1_97' title="bbox 2207 1643 3790 1719">
     <span class='ocr_line' id='line_1_99' title="bbox 2207 1643 3790 1719; baseline 0.006 -22"><span class='ocrx_word' id='word_1_701' title='bbox 2207 1643 2320 1719; x_wconf 86' lang='lat' dir='ltr'><strong>rius</strong></span> <span class='ocrx_word' id='word_1_702' title='bbox 2339 1645 2478 1698; x_wconf 87' lang='lat' dir='ltr'><strong>enim</strong></span> <span class='ocrx_word' id='word_1_703' title='bbox 2501 1647 2575 1719; x_wconf 85' lang='lat' dir='ltr'><strong>rei</strong></span> <span class='ocrx_word' id='word_1_704' title='bbox 2598 1647 2957 1719; x_wconf 83' lang='lat' dir='ltr'><strong>adjumcntum</strong></span> <span class='ocrx_word' id='word_1_705' title='bbox 2989 1648 3215 1719; x_wconf 79' lang='lat' dir='ltr'><strong>humana</strong></span> <span class='ocrx_word' id='word_1_706' title='bbox 3243 1649 3536 1719; x_wconf 88' lang='lat' dir='ltr'><strong>diligentia,</strong></span> <span class='ocrx_word' id='word_1_707' title='bbox 3567 1651 3658 1704; x_wconf 86' lang='lat' dir='ltr'><strong>vel</strong></span> <span class='ocrx_word' id='word_1_708' title='bbox 3685 1651 3790 1717; x_wconf 83' lang='lat' dir='ltr'><strong>ipsa</strong></span> 
     </span>
    </p>
   </div>
   <div class='ocr_carea' id='block_1_98' title="bbox 2207 1715 3788 1790">
    <p class='ocr_par' dir='ltr' id='par_1_98' title="bbox 2207 1715 3788 1790">
     <span class='ocr_line' id='line_1_100' title="bbox 2207 1715 3788 1790; baseline 0.005 -22"><span class='ocrx_word' id='word_1_709' title='bbox 2207 1715 2466 1790; x_wconf 83' lang='lat' dir='ltr'><strong>cujusque</strong></span> <span class='ocrx_word' id='word_1_710' title='bbox 2504 1717 2576 1769; x_wconf 88' lang='lat' dir='ltr'><strong>rei</strong></span> <span class='ocrx_word' id='word_1_711' title='bbox 2608 1717 2948 1782; x_wconf 84' lang='lat' dir='ltr'><strong>ministratio,</strong></span> <span class='ocrx_word' id='word_1_712' title='bbox 2971 1717 3190 1786; x_wconf 85' lang='lat' dir='ltr'><strong>alicujus</strong></span> <span class='ocrx_word' id='word_1_713' title='bbox 3221 1715 3423 1774; x_wconf 72' lang='lat' dir='ltr'><strong>natura:</strong></span> <span class='ocrx_word' id='word_1_714' title='bbox 3447 1715 3788 1790; x_wconf 83' lang='lat' dir='ltr'><strong>superficiem</strong></span> 
     </span>
    </p>
   </div>
   <div class='ocr_carea' id='block_1_99' title="bbox 2207 1787 3786 1860">
    <p class='ocr_par' dir='ltr' id='par_1_99' title="bbox 2207 1787 3786 1860">
     <span class='ocr_line' id='line_1_101' title="bbox 2207 1787 3786 1860; baseline 0.004 -22"><span class='ocrx_word' id='word_1_715' title='bbox 2207 1793 2402 1849; x_wconf 88' lang='lat' dir='ltr'><strong>mutat;</strong></span> <span class='ocrx_word' id='word_1_716' title='bbox 2433 1787 2546 1856; x_wconf 87' lang='lat' dir='ltr'><strong>ip-e</strong></span> <span class='ocrx_word' id='word_1_717' title='bbox 2572 1802 2698 1860; x_wconf 82' lang='lat' dir='ltr'><strong>vero</strong></span> <span class='ocrx_word' id='word_1_718' title='bbox 2723 1799 3082 1842; x_wconf 88' lang='lat' dir='ltr'><strong>creaturarum</strong></span> <span class='ocrx_word' id='word_1_719' title='bbox 3103 1790 3346 1860; x_wconf 87' lang='lat' dir='ltr'><strong>conditor</strong></span> <span class='ocrx_word' id='word_1_720' title='bbox 3363 1801 3416 1844; x_wconf 90' lang='lat' dir='ltr'><strong>et</strong></span> <span class='ocrx_word' id='word_1_721' title='bbox 3444 1787 3786 1860; x_wconf 83' lang='lat' dir='ltr'><strong>gubernator,</strong></span> 
     </span>
    </p>
   </div>
   <div class='ocr_carea' id='block_1_100' title="bbox 2209 1857 3790 1928">
    <p class='ocr_par' dir='ltr' id='par_1_100' title="bbox 2209 1857 3790 1928">
     <span class='ocr_line' id='line_1_102' title="bbox 2209 1857 3790 1928; baseline 0.006 -22"><span class='ocrx_word' id='word_1_722' title='bbox 2209 1865 2451 1928; x_wconf 78' lang='lat' dir='ltr'><strong>uaturam</strong></span> <span class='ocrx_word' id='word_1_723' title='bbox 2487 1857 2746 1910; x_wconf 89' lang='lat' dir='ltr'><strong>occultam</strong></span> <span class='ocrx_word' id='word_1_724' title='bbox 2772 1898 2787 1918; x_wconf 92' lang='lat'><strong>,</strong></span> <span class='ocrx_word' id='word_1_725' title='bbox 2819 1875 2935 1926; x_wconf 82' lang='lat' dir='ltr'><strong>quae</strong></span> <span class='ocrx_word' id='word_1_726' title='bbox 2965 1873 3058 1928; x_wconf 88' lang='lat' dir='ltr'><strong>per</strong></span> <span class='ocrx_word' id='word_1_727' title='bbox 3079 1859 3232 1913; x_wconf 87' lang='lat' dir='ltr'><strong>aliam</strong></span> <span class='ocrx_word' id='word_1_728' title='bbox 3261 1875 3374 1916; x_wconf 87' lang='lat' dir='ltr'><strong>rem</strong></span> <span class='ocrx_word' id='word_1_729' title='bbox 3403 1857 3790 1916; x_wconf 73' lang='lat' dir='ltr'><strong>manifestanda</strong></span> 
     </span>
    </p>
   </div>
   <div class='ocr_carea' id='block_1_101' title="bbox 2207 1923 3788 1995">
    <p class='ocr_par' dir='ltr' id='par_1_101' title="bbox 2207 1923 3788 1995">
     <span class='ocr_line' id='line_1_103' title="bbox 2207 1923 3788 1995; baseline 0.005 -17"><span class='ocrx_word' id='word_1_730' title='bbox 2207 1923 2361 1980; x_wconf 85' lang='lat' dir='ltr'><strong>fieret</strong></span> <span class='ocrx_word' id='word_1_731' title='bbox 2380 1967 2395 1987; x_wconf 90' lang='lat'><strong>,</strong></span> <span class='ocrx_word' id='word_1_732' title='bbox 2439 1925 2492 1979; x_wconf 93' lang='lat' dir='ltr'><strong>in</strong></span> <span class='ocrx_word' id='word_1_733' title='bbox 2519 1943 2574 1980; x_wconf 86' lang='lat' dir='ltr'><strong>re</strong></span> <span class='ocrx_word' id='word_1_734' title='bbox 2603 1928 2710 1995; x_wconf 90' lang='lat' dir='ltr'><strong>ipsa</strong></span> <span class='ocrx_word' id='word_1_735' title='bbox 2752 1923 2864 1983; x_wconf 76' lang='lat' dir='ltr'><strong>sola</strong></span> <span class='ocrx_word' id='word_1_736' title='bbox 2895 1923 3146 1982; x_wconf 75' lang='lat' dir='ltr'><strong>denudat.</strong></span> <span class='ocrx_word' id='word_1_737' title='bbox 3177 1930 3326 1984; x_wconf 87' lang='lat' dir='ltr'><strong>Sicut</strong></span> <span class='ocrx_word' id='word_1_738' title='bbox 3349 1939 3402 1984; x_wconf 91' lang='lat' dir='ltr'><strong>et</strong></span> <span class='ocrx_word' id='word_1_739' title='bbox 3443 1947 3586 1986; x_wconf 92' lang='lat' dir='ltr'><strong>nunc</strong></span> <span class='ocrx_word' id='word_1_740' title='bbox 3611 1946 3788 1986; x_wconf 81' lang='lat' dir='ltr'><strong>amara</strong></span> 
     </span>
    </p>
   </div>
   <div class='ocr_carea' id='block_1_102' title="bbox 2206 1996 3784 2067">
    <p class='ocr_par' dir='ltr' id='par_1_102' title="bbox 2206 1996 3784 2067">
     <span class='ocr_line' id='line_1_104' title="bbox 2206 1996 3784 2067; baseline 0.007 -22"><span class='ocrx_word' id='word_1_741' title='bbox 2206 2009 2340 2064; x_wconf 88' lang='lat' dir='ltr'><strong>aqua</strong></span> <span class='ocrx_word' id='word_1_742' title='bbox 2369 1996 2702 2051; x_wconf 88' lang='lat' dir='ltr'><strong>dulcedinem</strong></span> <span class='ocrx_word' id='word_1_743' title='bbox 2727 2014 2881 2067; x_wconf 87' lang='lat' dir='ltr'><strong>quam</strong></span> <span class='ocrx_word' id='word_1_744' title='bbox 2923 1999 2976 2052; x_wconf 91' lang='lat' dir='ltr'><strong>in</strong></span> <span class='ocrx_word' id='word_1_745' title='bbox 3002 1999 3212 2054; x_wconf 90' lang='lat' dir='ltr'><strong>occulto</strong></span> <span class='ocrx_word' id='word_1_746' title='bbox 3231 2016 3344 2055; x_wconf 78' lang='lat' dir='ltr'><strong>sua:</strong></span> <span class='ocrx_word' id='word_1_747' title='bbox 3383 2011 3590 2056; x_wconf 76' lang='lat' dir='ltr'><strong>natura:</strong></span> <span class='ocrx_word' id='word_1_748' title='bbox 3619 2003 3784 2055; x_wconf 82' lang='lat' dir='ltr'><strong>conti-</strong></span> 
     </span>
    </p>
   </div>
   <div class='ocr_carea' id='block_1_103' title="bbox 2206 2067 3788 2142">
    <p class='ocr_par' dir='ltr' id='par_1_103' title="bbox 2206 2067 3788 2142">
     <span class='ocr_line' id='line_1_105' title="bbox 2206 2067 3788 2142; baseline 0.006 -24"><span class='ocrx_word' id='word_1_749' title='bbox 2206 2078 2427 2131; x_wconf 87' lang='lat' dir='ltr'><strong>nuerat,</strong></span> <span class='ocrx_word' id='word_1_750' title='bbox 2467 2082 2573 2142; x_wconf 89' lang='lat' dir='ltr'><strong>per_</strong></span> <span class='ocrx_word' id='word_1_751' title='bbox 2601 2067 2814 2142; x_wconf 81' lang='lat' dir='ltr'><strong>huimnu</strong></span> <span class='ocrx_word' id='word_1_752' title='bbox 2840 2077 2928 2142; x_wconf 79' lang='lat' dir='ltr'><strong>aut</strong></span> <span class='ocrx_word' id='word_1_753' title='bbox 2959 2069 3150 2142; x_wconf 86' lang='lat' dir='ltr'><strong>nubem</strong></span> <span class='ocrx_word' id='word_1_754' title='bbox 3179 2071 3246 2124; x_wconf 89' lang='lat' dir='ltr'><strong>ab</strong></span> <span class='ocrx_word' id='word_1_755' title='bbox 3269 2072 3626 2127; x_wconf 87' lang='lat' dir='ltr'><strong>amaritudine</strong></span> <span class='ocrx_word' id='word_1_756' title='bbox 3669 2087 3788 2142; x_wconf 88' lang='lat' dir='ltr'><strong>pur-</strong></span> 
     </span>
    </p>
   </div>
   <div class='ocr_carea' id='block_1_104' title="bbox 2205 2137 3786 2210">
    <p class='ocr_par' dir='ltr' id='par_1_104' title="bbox 2205 2137 3786 2210">
     <span class='ocr_line' id='line_1_106' title="bbox 2205 2137 3786 2210; baseline 0.005 -22"><span class='ocrx_word' id='word_1_757' title='bbox 2205 2144 2324 2205; x_wconf 85' lang='lat' dir='ltr'><strong>gata</strong></span> <span class='ocrx_word' id='word_1_758' title='bbox 2345 2177 2359 2200; x_wconf 92' lang='lat'><strong>,</strong></span> <span class='ocrx_word' id='word_1_759' title='bbox 2387 2137 2723 2200; x_wconf 86' lang='lat' dir='ltr'><strong>ostenderet;</strong></span> <span class='ocrx_word' id='word_1_760' title='bbox 2763 2139 2832 2210; x_wconf 86' lang='lat' dir='ltr'><strong>ita</strong></span> <span class='ocrx_word' id='word_1_761' title='bbox 2863 2137 3006 2200; x_wconf 87' lang='lat' dir='ltr'><strong>iussu</strong></span> <span class='ocrx_word' id='word_1_762' title='bbox 3034 2140 3402 2208; x_wconf 87' lang='lat' dir='ltr'><strong>gubernatoris</strong></span> <span class='ocrx_word' id='word_1_763' title='bbox 3433 2137 3786 2210; x_wconf 76' lang='lat' dir='ltr'><strong>potentissimi</strong></span> 
     </span>
    </p>
   </div>
   <div class='ocr_carea' id='block_1_105' title="bbox 2207 2209 3790 2329">
    <p class='ocr_par' dir='ltr' id='par_1_105' title="bbox 2207 2209 3790 2329">
     <span class='ocr_line' id='line_1_107' title="bbox 2207 2209 3790 2329; baseline 0.006 -70"><span class='ocrx_word' id='word_1_764' title='bbox 2207 2215 2514 2329; x_wconf 53' lang='lat' dir='ltr'><strong>ttaltlugarum</strong></span> <span class='ocrx_word' id='word_1_765' title='bbox 2543 2224 2636 2276; x_wconf 90' lang='lat' dir='ltr'><strong>per</strong></span> <span class='ocrx_word' id='word_1_766' title='bbox 2662 2223 2720 2263; x_wconf 89' lang='lat' dir='ltr'><strong>se</strong></span> <span class='ocrx_word' id='word_1_767' title='bbox 2752 2209 2918 2262; x_wconf 89' lang='lat' dir='ltr'><strong>solam</strong></span> <span class='ocrx_word' id='word_1_768' title='bbox 2949 2210 3149 2280; x_wconf 87' lang='lat' dir='ltr'><strong>absque</strong></span> <span class='ocrx_word' id='word_1_769' title='bbox 3175 2211 3400 2266; x_wconf 88' lang='lat' dir='ltr'><strong>alterius</strong></span> <span class='ocrx_word' id='word_1_770' title='bbox 3423 2209 3500 2266; x_wconf 86' lang='lat' dir='ltr'><strong>rei</strong></span> <span class='ocrx_word' id='word_1_771' title='bbox 3523 2213 3790 2282; x_wconf 85' lang='lat' dir='ltr'><strong>juvamine</strong></span> 
     </span>
     <span class='ocr_line' id='line_1_108' title="bbox 2207 2288 2441 2329; baseline -0.004 0"><span class='ocrx_word' id='word_1_772' title='bbox 2207 2289 2272 2329; x_wconf 87' lang='lat' dir='ltr'><strong>ex</strong></span> <span class='ocrx_word' id='word_1_773' title='bbox 2315 2293 2327 2329; x_wconf 86' lang='grc' dir='ltr'>ι</span> <span class='ocrx_word' id='word_1_774' title='bbox 2369 2288 2441 2329; x_wconf 89' lang='lat' dir='ltr'><strong>et.</strong></span> 
     </span>
    </p>
   </div>
   <div class='ocr_carea' id='block_1_106' title="bbox 2205 2288 2441 2331">
    <p class='ocr_par' dir='ltr' id='par_1_106' title="bbox 2205 2288 2441 2331">
     <span class='ocr_line' id='line_1_109' title="bbox 2205 2288 2441 2331; baseline -0.008 -1"><span class='ocrx_word' id='word_1_775' title='bbox 2205 2288 2441 2331; x_wconf 73' lang='grc' dir='ltr'><strong>θιηιυθι.</strong></span> 
     </span>
    </p>
   </div>
   <div class='ocr_carea' id='block_1_107' title="bbox 2337 2346 3665 2422">
    <p class='ocr_par' dir='ltr' id='par_1_107' title="bbox 2337 2346 3665 2422">
     <span class='ocr_line' id='line_1_110' title="bbox 2337 2346 3665 2422; baseline 0.005 -22"><span class='ocrx_word' id='word_1_776' title='bbox 2337 2346 2564 2422; x_wconf 75' lang='lat' dir='ltr'><strong>CAPUT</strong></span> <span class='ocrx_word' id='word_1_777' title='bbox 2595 2347 2780 2422; x_wconf 77' lang='lat' dir='ltr'><strong>XXIli.</strong></span> <span class='ocrx_word' id='word_1_778' title='bbox 2802 2348 2976 2422; x_wconf 54' lang='grc' dir='ltr'><strong>-τοε</strong></span> <span class='ocrx_word' id='word_1_779' title='bbox 2996 2367 3181 2422; x_wconf 80' lang='lat' dir='ltr'><strong>manna</strong></span> <span class='ocrx_word' id='word_1_780' title='bbox 3205 2351 3402 2422; x_wconf 82' lang='lat' dir='ltr'><strong>pluente</strong></span> <span class='ocrx_word' id='word_1_781' title='bbox 3420 2353 3484 2406; x_wconf 82' lang='lat' dir='ltr'><strong>de</strong></span> <span class='ocrx_word' id='word_1_782' title='bbox 3505 2347 3665 2408; x_wconf 67' lang='lat' dir='ltr'><strong>mlo.</strong></span> 
     </span>
    </p>
   </div>
   <div class='ocr_carea' id='block_1_108' title="bbox 2277 2416 3774 2492">
    <p class='ocr_par' dir='ltr' id='par_1_108' title="bbox 2277 2416 3774 2492">
     <span class='ocr_line' id='line_1_111' title="bbox 2277 2416 3774 2492; baseline 0.005 -23"><span class='ocrx_word' id='word_1_783' title='bbox 2277 2416 2657 2492; x_wconf 75' lang='lat' dir='ltr'><strong>Ingressiergo</strong></span> <span class='ocrx_word' id='word_1_784' title='bbox 2683 2419 3057 2492; x_wconf 84' lang='lat' dir='ltr'><strong>solitudinem,</strong></span> <span class='ocrx_word' id='word_1_785' title='bbox 3102 2416 3258 2492; x_wconf 81' lang='lat' dir='ltr'><strong>hujus</strong></span> <span class='ocrx_word' id='word_1_786' title='bbox 3299 2425 3474 2492; x_wconf 85' lang='lat' dir='ltr'><strong>populi</strong></span> <span class='ocrx_word' id='word_1_787' title='bbox 3520 2433 3774 2478; x_wconf 78' lang='lat' dir='ltr'><strong>sexcenta</strong></span> 
     </span>
    </p>
   </div>
   <div class='ocr_carea' id='block_1_109' title="bbox 2206 2484 3783 2563">
    <p class='ocr_par' dir='ltr' id='par_1_109' title="bbox 2206 2484 3783 2563">
     <span class='ocr_line' id='line_1_112' title="bbox 2206 2484 3783 2563; baseline 0.004 -23"><span class='ocrx_word' id='word_1_788' title='bbox 2206 2484 2374 2542; x_wconf 80' lang='lat' dir='ltr'><strong>ferme</strong></span> <span class='ocrx_word' id='word_1_789' title='bbox 2423 2484 2866 2563; x_wconf 32' lang='lat' dir='ltr'><strong>millia—peditum</strong></span> <span class='ocrx_word' id='word_1_790' title='bbox 2901 2484 3246 2563; x_wconf 77' lang='lat' dir='ltr'><strong>pugnatorum</strong></span> <span class='ocrx_word' id='word_1_791' title='bbox 3272 2484 3545 2563; x_wconf 45' lang='lat' dir='ltr'><strong>fescepto</strong></span> <span class='ocrx_word' id='word_1_792' title='bbox 3595 2509 3783 2563; x_wconf 87' lang='lat' dir='ltr'><strong>purga-</strong></span> 
     </span>
    </p>
   </div>
   <div class='ocr_carea' id='block_1_110' title="bbox 2205 2559 3782 2633">
    <p class='ocr_par' dir='ltr' id='par_1_110' title="bbox 2205 2559 3782 2633">
     <span class='ocr_line' id='line_1_113' title="bbox 2205 2559 3782 2633; baseline 0.005 -22"><span class='ocrx_word' id='word_1_793' title='bbox 2205 2569 2388 2633; x_wconf 82' lang='lat' dir='ltr'><strong>mento</strong></span> <span class='ocrx_word' id='word_1_794' title='bbox 2417 2559 2716 2633; x_wconf 81' lang='lat' dir='ltr'><strong>exercitus_,</strong></span> <span class='ocrx_word' id='word_1_795' title='bbox 2762 2559 2813 2614; x_wconf 85' lang='lat' dir='ltr'><strong>id</strong></span> <span class='ocrx_word' id='word_1_796' title='bbox 2841 2570 2924 2614; x_wconf 88' lang='lat' dir='ltr'><strong>est</strong></span> <span class='ocrx_word' id='word_1_797' title='bbox 2971 2559 3336 2617; x_wconf 86' lang='lat' dir='ltr'><strong>innumerabili</strong></span> <span class='ocrx_word' id='word_1_798' title='bbox 3381 2559 3782 2633; x_wconf 52' lang='lat' dir='ltr'><strong>ct&#39;promiscuo</strong></span> 
     </span>
    </p>
   </div>
   <div class='ocr_carea' id='block_1_111' title="bbox 2205 2628 3784 2704">
    <p class='ocr_par' dir='ltr' id='par_1_111' title="bbox 2205 2628 3784 2704">
     <span class='ocr_line' id='line_1_114' title="bbox 2205 2628 3784 2704; baseline 0.006 -23"><span class='ocrx_word' id='word_1_799' title='bbox 2205 2628 2374 2704; x_wconf 68' lang='lat' dir='ltr'><strong>vulgu</strong></span> <span class='ocrx_word' id='word_1_800' title='bbox 2382 2630 2521 2699; x_wconf 93' lang='lat' dir='ltr'><strong>quod</strong></span> <span class='ocrx_word' id='word_1_801' title='bbox 2544 2629 2611 2684; x_wconf 90' lang='lat' dir='ltr'><strong>de</strong></span> <span class='ocrx_word' id='word_1_802' title='bbox 2638 2629 2870 2700; x_wconf 66' lang='lat' dir='ltr'><strong>Egypto</strong></span> <span class='ocrx_word' id='word_1_803' title='bbox 2899 2633 3280 2704; x_wconf 75' lang='lat' dir='ltr'><strong>conscenderat</strong></span> <span class='ocrx_word' id='word_1_804' title='bbox 3311 2628 3503 2704; x_wconf 69' lang='lat' dir='ltr'><strong>(Exod.</strong></span> <span class='ocrx_word' id='word_1_805' title='bbox 3539 2651 3617 2689; x_wconf 83' lang='lat' dir='ltr'><strong>xu</strong></span> <span class='ocrx_word' id='word_1_806' title='bbox 3643 2677 3658 2698; x_wconf 87' lang='lat'><strong>,</strong></span> <span class='ocrx_word' id='word_1_807' title='bbox 3683 2637 3748 2690; x_wconf 76' lang='grc'>57</span> <span class='ocrx_word' id='word_1_808' title='bbox 3766 2675 3784 2702; x_wconf 85' lang='grc'><em>,</em></span> 
     </span>
    </p>
   </div>
   <div class='ocr_carea' id='block_1_112' title="bbox 2205 2697 3785 2771">
    <p class='ocr_par' dir='ltr' id='par_1_112' title="bbox 2205 2697 3785 2771">
     <span class='ocr_line' id='line_1_115' title="bbox 2205 2697 3785 2771; baseline 0.005 -17"><span class='ocrx_word' id='word_1_809' title='bbox 2205 2697 2318 2771; x_wconf 64' lang='grc'><strong>58);</strong></span> <span class='ocrx_word' id='word_1_810' title='bbox 2343 2697 2481 2754; x_wconf 70' lang='lat' dir='ltr'><strong>Deus</strong></span> <span class='ocrx_word' id='word_1_811' title='bbox 2517 2715 2611 2769; x_wconf 91' lang='lat' dir='ltr'><strong>per</strong></span> <span class='ocrx_word' id='word_1_812' title='bbox 2633 2697 2801 2756; x_wconf 73' lang='lat' dir='ltr'><strong>annos</strong></span> <span class='ocrx_word' id='word_1_813' title='bbox 2829 2703 3172 2771; x_wconf 80' lang='lat' dir='ltr'><strong>quadraginta</strong></span> <span class='ocrx_word' id='word_1_814' title='bbox 3205 2697 3426 2769; x_wconf 79' lang='lat' dir='ltr'><strong>manna,</strong></span> <span class='ocrx_word' id='word_1_815' title='bbox 3461 2705 3512 2758; x_wconf 93' lang='lat' dir='ltr'><strong>id</strong></span> <span class='ocrx_word' id='word_1_816' title='bbox 3536 2697 3656 2770; x_wconf 84' lang='lat' dir='ltr'><strong>est,</strong></span> <span class='ocrx_word' id='word_1_817' title='bbox 3677 2697 3785 2762; x_wconf 54' lang='lat' dir='ltr'><strong>cui;</strong></span> 
     </span>
    </p>
   </div>
   <div class='ocr_carea' id='block_1_113' title="bbox 2206 2769 3787 2844">
    <p class='ocr_par' dir='ltr' id='par_1_113' title="bbox 2206 2769 3787 2844">
     <span class='ocr_line' id='line_1_116' title="bbox 2206 2769 3787 2844; baseline 0.004 -20"><span class='ocrx_word' id='word_1_818' title='bbox 2206 2769 2324 2844; x_wconf 60' lang='lat' dir='ltr'><strong>iusti</strong></span> <span class='ocrx_word' id='word_1_819' title='bbox 2367 2785 2500 2838; x_wconf 87' lang='lat' dir='ltr'><strong>pane</strong></span> <span class='ocrx_word' id='word_1_820' title='bbox 2545 2772 2798 2844; x_wconf 85' lang='lat' dir='ltr'><strong>saturavit</strong></span> <span class='ocrx_word' id='word_1_821' title='bbox 2825 2769 2935 2842; x_wconf 73' lang='lat' dir='ltr'><strong>(Id.</strong></span> <span class='ocrx_word' id='word_1_822' title='bbox 2965 2769 3054 2826; x_wconf 79' lang='lat' dir='ltr'><strong>xvi</strong></span> <span class='ocrx_word' id='word_1_823' title='bbox 3077 2814 3091 2836; x_wconf 92' lang='lat'><strong>,</strong></span> <span class='ocrx_word' id='word_1_824' title='bbox 3126 2774 3193 2827; x_wconf 76' lang='lat' dir='ltr'><strong>M</strong></span> <span class='ocrx_word' id='word_1_825' title='bbox 3213 2815 3227 2836; x_wconf 87' lang='lat'><strong>,</strong></span> <span class='ocrx_word' id='word_1_826' title='bbox 3257 2775 3416 2842; x_wconf 59' lang='grc' dir='ltr'><strong>δρψ).</strong></span> <span class='ocrx_word' id='word_1_827' title='bbox 3453 2769 3694 2844; x_wconf 88' lang='lat' dir='ltr'><strong>Denique</strong></span> <span class='ocrx_word' id='word_1_828' title='bbox 3721 2776 3787 2830; x_wconf 88' lang='lat' dir='ltr'><strong>de</strong></span> 
     </span>
    </p>
   </div>
   <div class='ocr_carea' id='block_1_114' title="bbox 2207 2839 3787 2912">
    <p class='ocr_par' dir='ltr' id='par_1_114' title="bbox 2207 2839 3787 2912">
     <span class='ocr_line' id='line_1_117' title="bbox 2207 2839 3787 2912; baseline 0.005 -20"><span class='ocrx_word' id='word_1_829' title='bbox 2207 2839 2309 2912; x_wconf 79' lang='lat' dir='ltr'><strong>iilo</strong></span> <span class='ocrx_word' id='word_1_830' title='bbox 2356 2855 2492 2912; x_wconf 72' lang='lat' dir='ltr'><strong>pune</strong></span> <span class='ocrx_word' id='word_1_831' title='bbox 2541 2854 2594 2895; x_wconf 89' lang='lat' dir='ltr'><strong>et</strong></span> <span class='ocrx_word' id='word_1_832' title='bbox 2653 2839 2928 2896; x_wconf 71' lang='lat' dir='ltr'><strong>l’salmista</strong></span> <span class='ocrx_word' id='word_1_833' title='bbox 2979 2839 3787 2912; x_wconf 72' lang='lat' dir='ltr'><strong>postmodumcommemorans</strong></span> 
     </span>
    </p>
   </div>
   <div class='ocr_carea' id='block_1_115' title="bbox 2206 2909 3789 2986">
    <p class='ocr_par' dir='ltr' id='par_1_115' title="bbox 2206 2909 3789 2986">
     <span class='ocr_line' id='line_1_118' title="bbox 2206 2909 3789 2986; baseline 0.004 -23"><span class='ocrx_word' id='word_1_834' title='bbox 2206 2909 2356 2986; x_wconf 78' lang='lat' dir='ltr'><strong>dixit,</strong></span> <span class='ocrx_word' id='word_1_835' title='bbox 2376 2909 2724 2986; x_wconf 72' lang='lat' dir='ltr'><strong>_Panern_cm_li</strong></span> <span class='ocrx_word' id='word_1_836' title='bbox 2749 2914 2886 2966; x_wconf 78' lang='lat' dir='ltr'><strong>dedit</strong></span> <span class='ocrx_word' id='word_1_837' title='bbox 2919 2909 3010 2978; x_wconf 72' lang='lat' dir='ltr'><strong>eis,</strong></span> <span class='ocrx_word' id='word_1_838' title='bbox 3039 2915 3550 2986; x_wconf 74' lang='lat' dir='ltr'><strong>panentAngelorum</strong></span> <span class='ocrx_word' id='word_1_839' title='bbox 3579 2917 3789 2969; x_wconf 80' lang='lat' dir='ltr'><strong>mandu-</strong></span> 
     </span>
    </p>
   </div>
   <div class='ocr_carea' id='block_1_116' title="bbox 2206 2981 3789 3054">
    <p class='ocr_par' dir='ltr' id='par_1_116' title="bbox 2206 2981 3789 3054">
     <span class='ocr_line' id='line_1_119' title="bbox 2206 2981 3789 3054; baseline 0.005 -22"><span class='ocrx_word' id='word_1_840' title='bbox 2206 2981 2336 3033; x_wconf 78' lang='lat' dir='ltr'><strong>cavit</strong></span> <span class='ocrx_word' id='word_1_841' title='bbox 2365 2981 2514 3034; x_wconf 83' lang='lat' dir='ltr'><strong>homo</strong></span> <span class='ocrx_word' id='word_1_842' title='bbox 2541 2981 2709 3052; x_wconf 68' lang='lat' dir='ltr'><strong>(Paul.</strong></span> <span class='ocrx_word' id='word_1_843' title='bbox 2735 2999 2910 3037; x_wconf 83' lang='lat' dir='ltr'><strong>Lxxvn</strong></span> <span class='ocrx_word' id='word_1_844' title='bbox 2936 3025 2950 3054; x_wconf 78' lang='lat'><strong>,</strong></span> <span class='ocrx_word' id='word_1_845' title='bbox 2986 2981 3102 3054; x_wconf 78' lang='lat'><strong>‘15).</strong></span> <span class='ocrx_word' id='word_1_846' title='bbox 3133 2983 3235 3051; x_wconf 85' lang='lat' dir='ltr'><strong>Qui</strong></span> <span class='ocrx_word' id='word_1_847' title='bbox 3263 2981 3356 3053; x_wconf 70' lang='lat' dir='ltr'><strong>per</strong></span> <span class='ocrx_word' id='word_1_848' title='bbox 3394 2997 3610 3040; x_wconf 90' lang='lat' dir='ltr'><strong>noctem</strong></span> <span class='ocrx_word' id='word_1_849' title='bbox 3651 3001 3789 3042; x_wconf 87' lang='lat' dir='ltr'><strong>sem-</strong></span> 
     </span>
    </p>
   </div>
   <div class='ocr_carea' id='block_1_117' title="bbox 2203 3053 3784 3122">
    <p class='ocr_par' dir='ltr' id='par_1_117' title="bbox 2203 3053 3784 3122">
     <span class='ocr_line' id='line_1_120' title="bbox 2203 3053 3784 3122; baseline 0.004 -19"><span class='ocrx_word' id='word_1_850' title='bbox 2203 3065 2338 3122; x_wconf 70' lang='lat' dir='ltr'><strong>per,</strong></span> <span class='ocrx_word' id='word_1_851' title='bbox 2378 3061 2598 3121; x_wconf 89' lang='lat' dir='ltr'><strong>excepta</strong></span> <span class='ocrx_word' id='word_1_852' title='bbox 2637 3063 2792 3107; x_wconf 88' lang='lat' dir='ltr'><strong>nocte</strong></span> <span class='ocrx_word' id='word_1_853' title='bbox 2834 3053 3075 3117; x_wconf 83' lang='lat' dir='ltr'><strong>sabbati,</strong></span> <span class='ocrx_word' id='word_1_854' title='bbox 3119 3069 3240 3108; x_wconf 90' lang='lat' dir='ltr'><strong>cum</strong></span> <span class='ocrx_word' id='word_1_855' title='bbox 3269 3069 3392 3110; x_wconf 88' lang='lat' dir='ltr'><strong>rore</strong></span> <span class='ocrx_word' id='word_1_856' title='bbox 3416 3055 3784 3120; x_wconf 86' lang='lat' dir='ltr'><strong>descendens,</strong></span> 
     </span>
    </p>
   </div>
   <div class='ocr_carea' id='block_1_118' title="bbox 2205 3121 3782 3182">
    <p class='ocr_par' dir='ltr' id='par_1_118' title="bbox 2205 3121 3782 3182">
     <span class='ocr_line' id='line_1_121' title="bbox 2205 3121 3782 3182; baseline 0.003 -9"><span class='ocrx_word' id='word_1_857' title='bbox 2205 3121 2345 3176; x_wconf 87' lang='lat' dir='ltr'><strong>circa</strong></span> <span class='ocrx_word' id='word_1_858' title='bbox 2393 3133 2687 3176; x_wconf 85' lang='lat' dir='ltr'><strong>castrorum</strong></span> <span class='ocrx_word' id='word_1_859' title='bbox 2721 3125 2892 3177; x_wconf 89' lang='lat' dir='ltr'><strong>locum</strong></span> <span class='ocrx_word' id='word_1_860' title='bbox 2941 3123 3228 3180; x_wconf 86' lang='lat' dir='ltr'><strong>candorem</strong></span> <span class='ocrx_word' id='word_1_861' title='bbox 3271 3126 3408 3180; x_wconf 90' lang='lat' dir='ltr'><strong>nivis</strong></span> <span class='ocrx_word' id='word_1_862' title='bbox 3451 3127 3782 3182; x_wconf 87' lang='lat' dir='ltr'><strong>ostenderet.</strong></span> 
     </span>
    </p>
   </div>
   <div class='ocr_carea' id='block_1_119' title="bbox 2207 3189 3788 3264">
    <p class='ocr_par' dir='ltr' id='par_1_119' title="bbox 2207 3189 3788 3264">
     <span class='ocr_line' id='line_1_122' title="bbox 2207 3189 3788 3264; baseline 0.004 -21"><span class='ocrx_word' id='word_1_863' title='bbox 2207 3189 2527 3264; x_wconf 13' lang='lat' dir='ltr'><strong>Eratienint,</strong></span> <span class='ocrx_word' id='word_1_864' title='bbox 2560 3193 2730 3264; x_wconf 91' lang='lat' dir='ltr'><strong>inquit</strong></span> <span class='ocrx_word' id='word_1_865' title='bbox 2750 3194 3042 3264; x_wconf 88' lang='lat' dir='ltr'><strong>Scriptura,</strong></span> <span class='ocrx_word' id='word_1_866' title='bbox 3067 3196 3212 3264; x_wconf 74' lang='lat' dir='ltr'><strong>quasi</strong></span> <span class='ocrx_word' id='word_1_867' title='bbox 3237 3212 3404 3264; x_wconf 79' lang='lat' dir='ltr'><strong>semen</strong></span> <span class='ocrx_word' id='word_1_868' title='bbox 3426 3198 3718 3259; x_wconf 73' lang='lat' dir='ltr'><strong>coriandri,</strong></span> <span class='ocrx_word' id='word_1_869' title='bbox 3741 3206 3788 3250; x_wconf 82' lang='lat' dir='ltr'><strong>et</strong></span> 
     </span>
    </p>
   </div>
   <div class='ocr_carea' id='block_1_120' title="bbox 2205 3261 3790 3338">
    <p class='ocr_par' dir='ltr' id='par_1_120' title="bbox 2205 3261 3790 3338">
     <span class='ocr_line' id='line_1_123' title="bbox 2205 3261 3790 3338; baseline 0.004 -24"><span class='ocrx_word' id='word_1_870' title='bbox 2205 3261 2389 3316; x_wconf 76' lang='lat' dir='ltr'><strong>coloris</strong></span> <span class='ocrx_word' id='word_1_871' title='bbox 2433 3261 2606 3338; x_wconf 74' lang='lat' dir='ltr'><strong>bdellii</strong></span> <span class='ocrx_word' id='word_1_872' title='bbox 2629 3261 2647 3328; x_wconf 58' lang='grc' dir='ltr'><em>ᾗ</em></span> <span class='ocrx_word' id='word_1_873' title='bbox 2675 3261 3039 3338; x_wconf 47' lang='grc' dir='ltr'><strong>αιὺιιηιςᾳυαεί</strong></span> <span class='ocrx_word' id='word_1_874' title='bbox 3078 3261 3174 3319; x_wconf 74' lang='lat' dir='ltr'><strong>nix</strong></span> <span class='ocrx_word' id='word_1_875' title='bbox 3204 3263 3388 3335; x_wconf 75' lang='lat' dir='ltr'><strong>(Nam.</strong></span> <span class='ocrx_word' id='word_1_876' title='bbox 3437 3282 3494 3321; x_wconf 80' lang='grc' dir='ltr'><strong>ιι</strong></span> <span class='ocrx_word' id='word_1_877' title='bbox 3519 3308 3534 3330; x_wconf 88' lang='grc'><em>,</em></span> <span class='ocrx_word' id='word_1_878' title='bbox 3562 3269 3648 3338; x_wconf 18' lang='lat'><strong>77).</strong></span> <span class='ocrx_word' id='word_1_879' title='bbox 3677 3267 3790 3322; x_wconf 86' lang='lat' dir='ltr'><strong>lloc</strong></span> 
     </span>
    </p>
   </div>
   <div class='ocr_carea' id='block_1_121' title="bbox 2205 3333 3789 3405">
    <p class='ocr_par' dir='ltr' id='par_1_121' title="bbox 2205 3333 3789 3405">
     <span class='ocr_line' id='line_1_124' title="bbox 2205 3333 3789 3405; baseline 0.003 -20"><span class='ocrx_word' id='word_1_880' title='bbox 2205 3341 2379 3405; x_wconf 82' lang='lat' dir='ltr'><strong>autem</strong></span> <span class='ocrx_word' id='word_1_881' title='bbox 2411 3333 2539 3405; x_wconf 83' lang='lat' dir='ltr'><strong>solis</strong></span> <span class='ocrx_word' id='word_1_882' title='bbox 2561 3343 2752 3405; x_wconf 89' lang='lat' dir='ltr'><strong>ortum</strong></span> <span class='ocrx_word' id='word_1_883' title='bbox 2782 3333 3002 3389; x_wconf 80' lang='lat' dir='ltr'><strong>sufferre</strong></span> <span class='ocrx_word' id='word_1_884' title='bbox 3046 3351 3151 3389; x_wconf 89' lang='lat' dir='ltr'><strong>non</strong></span> <span class='ocrx_word' id='word_1_885' title='bbox 3193 3333 3400 3405; x_wconf 88' lang='lat' dir='ltr'><strong>poterat</strong></span> <span class='ocrx_word' id='word_1_886' title='bbox 3431 3378 3446 3401; x_wconf 93' lang='lat'><strong>,</strong></span> <span class='ocrx_word' id='word_1_887' title='bbox 3481 3337 3580 3392; x_wconf 87' lang='lat' dir='ltr'><strong>sed</strong></span> <span class='ocrx_word' id='word_1_888' title='bbox 3607 3333 3789 3392; x_wconf 56' lang='lat' dir='ltr'><strong>&#39;conti-</strong></span> 
     </span>
    </p>
   </div>
   <div class='ocr_carea' id='block_1_122' title="bbox 2207 3403 3790 3472">
    <p class='ocr_par' dir='ltr' id='par_1_122' title="bbox 2207 3403 3790 3472">
     <span class='ocr_line' id='line_1_125' title="bbox 2207 3403 3790 3472; baseline 0.004 -17"><span class='ocrx_word' id='word_1_889' title='bbox 2207 3403 2675 3472; x_wconf 17' lang='lat' dir='ltr'><strong>nuoiliqueliebat;</strong></span> <span class='ocrx_word' id='word_1_890' title='bbox 2717 3420 2838 3458; x_wconf 91' lang='lat' dir='ltr'><strong>cum</strong></span> <span class='ocrx_word' id='word_1_891' title='bbox 2865 3421 3016 3458; x_wconf 85' lang='lat' dir='ltr'><strong>versa</strong></span> <span class='ocrx_word' id='word_1_892' title='bbox 3057 3407 3170 3460; x_wconf 89' lang='lat' dir='ltr'><strong>vice</strong></span> <span class='ocrx_word' id='word_1_893' title='bbox 3194 3403 3492 3461; x_wconf 77' lang='lat' dir='ltr'><strong>collectum</strong></span> <span class='ocrx_word' id='word_1_894' title='bbox 3541 3417 3599 3462; x_wconf 86' lang='lat' dir='ltr'><strong>et</strong></span> <span class='ocrx_word' id='word_1_895' title='bbox 3645 3408 3790 3462; x_wconf 81' lang='lat' dir='ltr'><strong>mola</strong></span> 
     </span>
    </p>
   </div>
   <div class='ocr_carea' id='block_1_123' title="bbox 2201 3471 3786 3546">
    <p class='ocr_par' dir='ltr' id='par_1_123' title="bbox 2201 3471 3786 3546">
     <span class='ocr_line' id='line_1_126' title="bbox 2201 3471 3786 3546; baseline 0.004 -20"><span class='ocrx_word' id='word_1_896' title='bbox 2201 3471 2556 3546; x_wconf 75' lang='lat' dir='ltr'><strong>confractum,</strong></span> <span class='ocrx_word' id='word_1_897' title='bbox 2587 3474 2638 3546; x_wconf 88' lang='lat' dir='ltr'><strong>in</strong></span> <span class='ocrx_word' id='word_1_898' title='bbox 2659 3475 2948 3544; x_wconf 89' lang='lat' dir='ltr'><strong>coquendis</strong></span> <span class='ocrx_word' id='word_1_899' title='bbox 2971 3477 3193 3545; x_wconf 85' lang='lat' dir='ltr'><strong>panibus</strong></span> <span class='ocrx_word' id='word_1_900' title='bbox 3223 3476 3358 3546; x_wconf 90' lang='lat' dir='ltr'><strong>ignis</strong></span> <span class='ocrx_word' id='word_1_901' title='bbox 3383 3475 3628 3532; x_wconf 84' lang='lat' dir='ltr'><strong>ardorem</strong></span> <span class='ocrx_word' id='word_1_902' title='bbox 3659 3495 3786 3532; x_wconf 87' lang='lat' dir='ltr'><strong>sus-</strong></span> 
     </span>
    </p>
   </div>
   <div class='ocr_carea' id='block_1_124' title="bbox 2205 3543 3786 3614">
    <p class='ocr_par' dir='ltr' id='par_1_124' title="bbox 2205 3543 3786 3614">
     <span class='ocr_line' id='line_1_127' title="bbox 2205 3543 3786 3614; baseline 0.004 -18"><span class='ocrx_word' id='word_1_903' title='bbox 2205 3543 2460 3614; x_wconf 84' lang='lat' dir='ltr'><strong>tentabat.</strong></span> <span class='ocrx_word' id='word_1_904' title='bbox 2493 3543 2559 3597; x_wconf 86' lang='lat' dir='ltr'><strong>Et</strong></span> <span class='ocrx_word' id='word_1_905' title='bbox 2583 3545 2626 3598; x_wconf 90' lang='lat' dir='ltr'><strong>si</strong></span> <span class='ocrx_word' id='word_1_906' title='bbox 2655 3543 2775 3614; x_wconf 75' lang='lat' dir='ltr'><strong>quis</strong></span> <span class='ocrx_word' id='word_1_907' title='bbox 2804 3545 2854 3599; x_wconf 93' lang='lat' dir='ltr'><strong>in</strong></span> <span class='ocrx_word' id='word_1_908' title='bbox 2887 3543 3041 3600; x_wconf 77' lang='lat' dir='ltr'><strong>inane</strong></span> <span class='ocrx_word' id='word_1_909' title='bbox 3091 3543 3310 3600; x_wconf 78' lang='lat' dir='ltr'><strong>alterius</strong></span> <span class='ocrx_word' id='word_1_910' title='bbox 3343 3547 3445 3614; x_wconf 86' lang='lat' dir='ltr'><strong>diei</strong></span> <span class='ocrx_word' id='word_1_911' title='bbox 3467 3589 3481 3614; x_wconf 95' lang='lat'><strong>,</strong></span> <span class='ocrx_word' id='word_1_912' title='bbox 3510 3549 3786 3602; x_wconf 88' lang='lat' dir='ltr'><strong>residuum</strong></span> 
     </span>
    </p>
   </div>
   <div class='ocr_carea' id='block_1_125' title="bbox 2205 3611 3788 3684">
    <p class='ocr_par' dir='ltr' id='par_1_125' title="bbox 2205 3611 3788 3684">
     <span class='ocr_line' id='line_1_128' title="bbox 2205 3611 3788 3684; baseline 0.004 -20"><span class='ocrx_word' id='word_1_913' title='bbox 2205 3613 2402 3682; x_wconf 91' lang='lat' dir='ltr'><strong>aliquid</strong></span> <span class='ocrx_word' id='word_1_914' title='bbox 2439 3629 2503 3668; x_wconf 88' lang='lat' dir='ltr'><strong>ex</strong></span> <span class='ocrx_word' id='word_1_915' title='bbox 2547 3629 2612 3668; x_wconf 93' lang='lat' dir='ltr'><strong>eo</strong></span> <span class='ocrx_word' id='word_1_916' title='bbox 2659 3611 3295 3684; x_wconf 77' lang='lat' dir='ltr'><strong>relinqueret,vermibus</strong></span> <span class='ocrx_word' id='word_1_917' title='bbox 3339 3611 3613 3676; x_wconf 77' lang='lat' dir='ltr'><strong>scatebat;</strong></span> <span class='ocrx_word' id='word_1_918' title='bbox 3661 3634 3788 3673; x_wconf 88' lang='lat' dir='ltr'><strong>cmn</strong></span> 
     </span>
    </p>
   </div>
   <div class='ocr_carea' id='block_1_126' title="bbox 2204 3689 3786 3758">
    <p class='ocr_par' dir='ltr' id='par_1_126' title="bbox 2204 3689 3786 3758">
     <span class='ocr_line' id='line_1_129' title="bbox 2204 3689 3786 3758; baseline 0.004 -22"><span class='ocrx_word' id='word_1_919' title='bbox 2204 3691 2380 3738; x_wconf 88' lang='lat' dir='ltr'><strong>tamen</strong></span> <span class='ocrx_word' id='word_1_920' title='bbox 2429 3700 2617 3758; x_wconf 84' lang='lat' dir='ltr'><strong>gomor</strong></span> <span class='ocrx_word' id='word_1_921' title='bbox 2669 3701 2916 3740; x_wconf 87' lang='lat' dir='ltr'><strong>mensura</strong></span> <span class='ocrx_word' id='word_1_922' title='bbox 2965 3701 3156 3741; x_wconf 82' lang='lat' dir='ltr'><strong>manna</strong></span> <span class='ocrx_word' id='word_1_923' title='bbox 3209 3703 3398 3742; x_wconf 88' lang='lat' dir='ltr'><strong>sanum</strong></span> <span class='ocrx_word' id='word_1_924' title='bbox 3447 3697 3576 3756; x_wconf 87' lang='lat' dir='ltr'><strong>post</strong></span> <span class='ocrx_word' id='word_1_925' title='bbox 3622 3689 3786 3758; x_wconf 83' lang='lat' dir='ltr'><strong>longa</strong></span> 
     </span>
    </p>
   </div>
   <div class='ocr_carea' id='block_1_127' title="bbox 2203 3755 3790 3830">
    <p class='ocr_par' dir='ltr' id='par_1_127' title="bbox 2203 3755 3790 3830">
     <span class='ocr_line' id='line_1_130' title="bbox 2203 3755 3790 3830; baseline 0.004 -25"><span class='ocrx_word' id='word_1_926' title='bbox 2203 3755 2540 3830; x_wconf 73' lang='lat' dir='ltr'><strong>postmodum</strong></span> <span class='ocrx_word' id='word_1_927' title='bbox 2591 3765 2832 3830; x_wconf 80' lang='lat' dir='ltr'><strong>tempora</strong></span> <span class='ocrx_word' id='word_1_928' title='bbox 2873 3758 3025 3830; x_wconf 75' lang='lat' dir='ltr'><strong>plena</strong></span> <span class='ocrx_word' id='word_1_929' title='bbox 3065 3759 3200 3812; x_wconf 82' lang='lat' dir='ltr'><strong>Area</strong></span> <span class='ocrx_word' id='word_1_930' title='bbox 3239 3755 3542 3830; x_wconf 83' lang='lat' dir='ltr'><strong>reservabat</strong></span> <span class='ocrx_word' id='word_1_931' title='bbox 3587 3755 3790 3830; x_wconf 65' lang='lat' dir='ltr'><strong>(Exod.</strong></span> 
     </span>
    </p>
   </div>
   <div class='ocr_carea' id='block_1_128' title="bbox 2203 3823 3784 3897">
    <p class='ocr_par' dir='ltr' id='par_1_128' title="bbox 2203 3823 3784 3897">
     <span class='ocr_line' id='line_1_131' title="bbox 2203 3823 3784 3897; baseline 0.004 -21"><span class='ocrx_word' id='word_1_932' title='bbox 2203 3823 2314 3890; x_wconf 69' lang='lat' dir='ltr'><strong>im,</strong></span> <span class='ocrx_word' id='word_1_933' title='bbox 2347 3823 2536 3897; x_wconf 72' lang='lat' dir='ltr'><strong>52).ln</strong></span> <span class='ocrx_word' id='word_1_934' title='bbox 2557 3842 2663 3895; x_wconf 90' lang='lat' dir='ltr'><strong>quo</strong></span> <span class='ocrx_word' id='word_1_935' title='bbox 2687 3823 2740 3880; x_wconf 89' lang='lat' dir='ltr'><strong>et</strong></span> <span class='ocrx_word' id='word_1_936' title='bbox 2765 3823 2990 3881; x_wconf 85' lang='lat' dir='ltr'><strong>mirabili</strong></span> <span class='ocrx_word' id='word_1_937' title='bbox 3017 3836 3070 3882; x_wconf 89' lang='lat' dir='ltr'><strong>et</strong></span> <span class='ocrx_word' id='word_1_938' title='bbox 3109 3829 3410 3882; x_wconf 88' lang='lat' dir='ltr'><strong>necessario</strong></span> <span class='ocrx_word' id='word_1_939' title='bbox 3431 3838 3556 3883; x_wconf 90' lang='lat' dir='ltr'><strong>tunc</strong></span> <span class='ocrx_word' id='word_1_940' title='bbox 3595 3823 3784 3897; x_wconf 76' lang='lat' dir='ltr'><strong>signo,</strong></span> 
     </span>
    </p>
   </div>
   <div class='ocr_carea' id='block_1_129' title="bbox 2205 3895 3784 3968">
    <p class='ocr_par' dir='ltr' id='par_1_129' title="bbox 2205 3895 3784 3968">
     <span class='ocr_line' id='line_1_132' title="bbox 2205 3895 3784 3968; baseline 0.004 -21"><span class='ocrx_word' id='word_1_941' title='bbox 2205 3895 2441 3968; x_wconf 81' lang='lat' dir='ltr'><strong>exceptis</strong></span> <span class='ocrx_word' id='word_1_942' title='bbox 2462 3896 2524 3949; x_wconf 90' lang='lat' dir='ltr'><strong>iis</strong></span> <span class='ocrx_word' id='word_1_943' title='bbox 2551 3911 2667 3968; x_wconf 58' lang='lat' dir='ltr'><strong>qua}.</strong></span> <span class='ocrx_word' id='word_1_944' title='bbox 2696 3897 2760 3950; x_wconf 89' lang='lat' dir='ltr'><strong>ad</strong></span> <span class='ocrx_word' id='word_1_945' title='bbox 2781 3898 3052 3965; x_wconf 83' lang='lat' dir='ltr'><strong>figuralcm</strong></span> <span class='ocrx_word' id='word_1_946' title='bbox 3079 3899 3466 3968; x_wconf 80' lang='lat' dir='ltr'><strong>expositionem</strong></span> <span class='ocrx_word' id='word_1_947' title='bbox 3491 3895 3784 3967; x_wconf 70' lang='grc' dir='ltr'><strong>ιιθτῑίιῖειιι,</strong></span> 
     </span>
    </p>
   </div>
   <div class='ocr_carea' id='block_1_130' title="bbox 2205 3965 3794 4038">
    <p class='ocr_par' dir='ltr' id='par_1_130' title="bbox 2205 3965 3794 4038">
     <span class='ocr_line' id='line_1_133' title="bbox 2205 3965 3794 4038; baseline 0.005 -22"><span class='ocrx_word' id='word_1_948' title='bbox 2205 3966 2453 4038; x_wconf 82' lang='lat' dir='ltr'><strong>studiosis</strong></span> <span class='ocrx_word' id='word_1_949' title='bbox 2468 3965 2745 4038; x_wconf 68' lang='lat' dir='ltr'><strong>inelitibus</strong></span> <span class='ocrx_word' id='word_1_950' title='bbox 2774 3969 3126 4038; x_wconf 83' lang='lat' dir='ltr'><strong>subveniunt,</strong></span> <span class='ocrx_word' id='word_1_951' title='bbox 3152 3965 3285 4038; x_wconf 76' lang='lat' dir='ltr'><strong>qua:</strong></span> <span class='ocrx_word' id='word_1_952' title='bbox 3319 3983 3427 4024; x_wconf 74' lang='lat' dir='ltr'><strong>sua:</strong></span> <span class='ocrx_word' id='word_1_953' title='bbox 3461 3965 3794 4037; x_wconf 85' lang='lat' dir='ltr'><strong>explanatio-</strong></span> 
     </span>
    </p>
   </div>
   <div class='ocr_carea' id='block_1_131' title="bbox 2205 4033 3792 4108">
    <p class='ocr_par' dir='ltr' id='par_1_131' title="bbox 2205 4033 3792 4108">
     <span class='ocr_line' id='line_1_134' title="bbox 2205 4033 3792 4108; baseline 0.004 -21"><span class='ocrx_word' id='word_1_954' title='bbox 2205 4037 2289 4108; x_wconf 84' lang='lat' dir='ltr'><strong>nis</strong></span> <span class='ocrx_word' id='word_1_955' title='bbox 2314 4033 2750 4108; x_wconf 84' lang='lat' dir='ltr'><strong>illuminationem</strong></span> <span class='ocrx_word' id='word_1_956' title='bbox 2771 4037 2978 4090; x_wconf 82' lang='lat' dir='ltr'><strong>Domini</strong></span> <span class='ocrx_word' id='word_1_957' title='bbox 2997 4033 3256 4106; x_wconf 76' lang='lat' dir='ltr'><strong>adjutorio</strong></span> <span class='ocrx_word' id='word_1_958' title='bbox 3277 4039 3513 4108; x_wconf 83' lang='lat' dir='ltr'><strong>exigunt.</strong></span> <span class='ocrx_word' id='word_1_959' title='bbox 3533 4033 3792 4095; x_wconf 34' lang='lat' dir='ltr'><strong>‘Pritnum</strong></span> 
     </span>
    </p>
   </div>
   <div class='ocr_carea' id='block_1_132' title="bbox 2205 4105 3792 4180">
    <p class='ocr_par' dir='ltr' id='par_1_132' title="bbox 2205 4105 3792 4180">
     <span class='ocr_line' id='line_1_135' title="bbox 2205 4105 3792 4180; baseline 0.006 -24"><span class='ocrx_word' id='word_1_960' title='bbox 2205 4105 2371 4180; x_wconf 82' lang='lat' dir='ltr'><strong>enim_</strong></span> <span class='ocrx_word' id='word_1_961' title='bbox 2393 4115 2564 4159; x_wconf 88' lang='lat' dir='ltr'><strong>utrum</strong></span> <span class='ocrx_word' id='word_1_962' title='bbox 2597 4107 2748 4176; x_wconf 89' lang='lat' dir='ltr'><strong>panis</strong></span> <span class='ocrx_word' id='word_1_963' title='bbox 2787 4108 2856 4160; x_wconf 91' lang='lat' dir='ltr'><strong>sit</strong></span> <span class='ocrx_word' id='word_1_964' title='bbox 2891 4105 3146 4180; x_wconf 63' lang='lat' dir='ltr'><strong>quaeritur</strong></span> <span class='ocrx_word' id='word_1_965' title='bbox 3251 4118 3304 4162; x_wconf 90' lang='lat' dir='ltr'><strong>et</strong></span> <span class='ocrx_word' id='word_1_966' title='bbox 3328 4105 3598 4180; x_wconf 79' lang='lat' dir='ltr'><strong>quomodo</strong></span> <span class='ocrx_word' id='word_1_967' title='bbox 3631 4112 3792 4180; x_wconf 83' lang='lat' dir='ltr'><strong>panis</strong></span> 
     </span>
    </p>
   </div>
   <div class='ocr_carea' id='block_1_133' title="bbox 2205 4175 3798 4244">
    <p class='ocr_par' dir='ltr' id='par_1_133' title="bbox 2205 4175 3798 4244">
     <span class='ocr_line' id='line_1_136' title="bbox 2205 4175 3798 4244; baseline 0.004 -16"><span class='ocrx_word' id='word_1_968' title='bbox 2205 4175 2527 4244; x_wconf 82' lang='lat' dir='ltr'><strong>Angelorum</strong></span> <span class='ocrx_word' id='word_1_969' title='bbox 2557 4175 2775 4230; x_wconf 72' lang='lat' dir='ltr'><strong>vacatur</strong></span> <span class='ocrx_word' id='word_1_970' title='bbox 2802 4196 2815 4230; x_wconf 94' lang='lat'>:</span> <span class='ocrx_word' id='word_1_971' title='bbox 2845 4175 2968 4230; x_wconf 29' lang='lat' dir='ltr'><strong>et’si</strong></span> <span class='ocrx_word' id='word_1_972' title='bbox 2996 4178 3146 4232; x_wconf 89' lang='lat' dir='ltr'><strong>cibus</strong></span> <span class='ocrx_word' id='word_1_973' title='bbox 3175 4179 3263 4232; x_wconf 92' lang='lat' dir='ltr'><strong>ille</strong></span> <span class='ocrx_word' id='word_1_974' title='bbox 3287 4175 3416 4232; x_wconf 88' lang='lat' dir='ltr'><strong>nihil</strong></span> <span class='ocrx_word' id='word_1_975' title='bbox 3441 4175 3672 4236; x_wconf 73' lang='lat' dir='ltr'><strong>terrena:</strong></span> <span class='ocrx_word' id='word_1_976' title='bbox 3695 4197 3798 4235; x_wconf 85' lang='lat' dir='ltr'><strong>na-</strong></span> 
     </span>
    </p>
   </div>
   <div class='ocr_carea' id='block_1_134' title="bbox 2189 4245 3795 4316">
    <p class='ocr_par' dir='ltr' id='par_1_134' title="bbox 2189 4245 3795 4316">
     <span class='ocr_line' id='line_1_137' title="bbox 2189 4245 3795 4316; baseline 0.004 -18"><span class='ocrx_word' id='word_1_977' title='bbox 2189 4245 2340 4299; x_wconf 59' lang='lat' dir='ltr'><strong>tura:</strong></span> <span class='ocrx_word' id='word_1_978' title='bbox 2369 4245 2616 4300; x_wconf 84' lang='lat' dir='ltr'><strong>habuisse</strong></span> <span class='ocrx_word' id='word_1_979' title='bbox 2658 4247 3008 4315; x_wconf 87' lang='lat' dir='ltr'><strong>describitur,</strong></span> <span class='ocrx_word' id='word_1_980' title='bbox 3053 4249 3320 4316; x_wconf 88' lang='lat' dir='ltr'><strong>quomodo</strong></span> <span class='ocrx_word' id='word_1_981' title='bbox 3355 4249 3530 4304; x_wconf 88' lang='lat' dir='ltr'><strong>adhuc</strong></span> <span class='ocrx_word' id='word_1_982' title='bbox 3559 4250 3612 4304; x_wconf 88' lang='lat' dir='ltr'><strong>in</strong></span> <span class='ocrx_word' id='word_1_983' title='bbox 3643 4260 3795 4306; x_wconf 84' lang='lat' dir='ltr'><strong>terra</strong></span> 
     </span>
    </p>
   </div>
   <div class='ocr_carea' id='block_1_135' title="bbox 2205 4317 3794 4385">
    <p class='ocr_par' dir='ltr' id='par_1_135' title="bbox 2205 4317 3794 4385">
     <span class='ocr_line' id='line_1_138' title="bbox 2205 4317 3794 4385; baseline 0.003 -17"><span class='ocrx_word' id='word_1_984' title='bbox 2205 4317 2386 4385; x_wconf 86' lang='lat' dir='ltr'><strong>positi,</strong></span> <span class='ocrx_word' id='word_1_985' title='bbox 2409 4327 2464 4371; x_wconf 91' lang='lat' dir='ltr'><strong>et</strong></span> <span class='ocrx_word' id='word_1_986' title='bbox 2486 4318 2626 4371; x_wconf 90' lang='lat' dir='ltr'><strong>vitiis</strong></span> <span class='ocrx_word' id='word_1_987' title='bbox 2643 4317 2942 4372; x_wconf 89' lang='lat' dir='ltr'><strong>carnalibus</strong></span> <span class='ocrx_word' id='word_1_988' title='bbox 2967 4317 3188 4385; x_wconf 88' lang='lat' dir='ltr'><strong>subjecti</strong></span> <span class='ocrx_word' id='word_1_989' title='bbox 3212 4333 3278 4373; x_wconf 83' lang='lat' dir='ltr'><strong>ex</strong></span> <span class='ocrx_word' id='word_1_990' title='bbox 3303 4334 3370 4374; x_wconf 90' lang='lat' dir='ltr'><strong>eo</strong></span> <span class='ocrx_word' id='word_1_991' title='bbox 3397 4321 3640 4375; x_wconf 88' lang='lat' dir='ltr'><strong>homines</strong></span> <span class='ocrx_word' id='word_1_992' title='bbox 3663 4335 3794 4374; x_wconf 85' lang='lat' dir='ltr'><strong>sus-</strong></span> 
     </span>
    </p>
   </div>
   <div class='ocr_carea' id='block_1_136' title="bbox 2207 4387 3800 4458">
    <p class='ocr_par' dir='ltr' id='par_1_136' title="bbox 2207 4387 3800 4458">
     <span class='ocr_line' id='line_1_139' title="bbox 2207 4387 3800 4458; baseline 0.003 -18"><span class='ocrx_word' id='word_1_993' title='bbox 2207 4396 2496 4458; x_wconf 85' lang='lat' dir='ltr'><strong>tentantur.</strong></span> <span class='ocrx_word' id='word_1_994' title='bbox 2531 4388 2688 4442; x_wconf 86' lang='lat' dir='ltr'><strong>Panis</strong></span> <span class='ocrx_word' id='word_1_995' title='bbox 2719 4389 2857 4441; x_wconf 90' lang='lat' dir='ltr'><strong>enim</strong></span> <span class='ocrx_word' id='word_1_996' title='bbox 2889 4388 2942 4441; x_wconf 92' lang='lat' dir='ltr'><strong>in</strong></span> <span class='ocrx_word' id='word_1_997' title='bbox 2985 4387 3278 4442; x_wconf 67' lang='lat' dir='ltr'><strong>Psalmistze</strong></span> <span class='ocrx_word' id='word_1_998' title='bbox 3319 4391 3574 4458; x_wconf 72' lang='lat' dir='ltr'><strong>prmdicto</strong></span> <span class='ocrx_word' id='word_1_999' title='bbox 3610 4391 3800 4446; x_wconf 84' lang='lat' dir='ltr'><strong>versi-</strong></span> 
     </span>
    </p>
   </div>
   <div class='ocr_carea' id='block_1_137' title="bbox 2205 4457 3802 4530">
    <p class='ocr_par' dir='ltr' id='par_1_137' title="bbox 2205 4457 3802 4530">
     <span class='ocr_line' id='line_1_140' title="bbox 2205 4457 3802 4530; baseline 0.003 -19"><span class='ocrx_word' id='word_1_1000' title='bbox 2205 4457 2361 4530; x_wconf 79' lang='lat' dir='ltr'><strong>culo,</strong></span> <span class='ocrx_word' id='word_1_1001' title='bbox 2395 4467 2452 4512; x_wconf 91' lang='lat' dir='ltr'><strong>ut</strong></span> <span class='ocrx_word' id='word_1_1002' title='bbox 2487 4458 2855 4530; x_wconf 57' lang='lat' dir='ltr'><strong>prandixin‘ms,</strong></span> <span class='ocrx_word' id='word_1_1003' title='bbox 2890 4458 3122 4530; x_wconf 82' lang='lat' dir='ltr'><strong>ctelestis</strong></span> <span class='ocrx_word' id='word_1_1004' title='bbox 3148 4473 3266 4530; x_wconf 82' lang='lat' dir='ltr'><strong>esse</strong></span> <span class='ocrx_word' id='word_1_1005' title='bbox 3291 4457 3540 4514; x_wconf 84' lang='lat' dir='ltr'><strong>scribitur</strong></span> <span class='ocrx_word' id='word_1_1006' title='bbox 3559 4503 3574 4525; x_wconf 92' lang='lat'><strong>,</strong></span> <span class='ocrx_word' id='word_1_1007' title='bbox 3603 4463 3700 4530; x_wconf 88' lang='lat' dir='ltr'><strong>qui</strong></span> <span class='ocrx_word' id='word_1_1008' title='bbox 3727 4461 3802 4515; x_wconf 83' lang='lat' dir='ltr'><strong>de</strong></span> 
     </span>
    </p>
   </div>
   <div class='ocr_carea' id='block_1_138' title="bbox 2205 4527 3800 4599">
    <p class='ocr_par' dir='ltr' id='par_1_138' title="bbox 2205 4527 3800 4599">
     <span class='ocr_line' id='line_1_141' title="bbox 2205 4527 3800 4599; baseline 0.003 -17"><span class='ocrx_word' id='word_1_1009' title='bbox 2205 4527 2434 4582; x_wconf 89' lang='lat' dir='ltr'><strong>nubibus</strong></span> <span class='ocrx_word' id='word_1_1010' title='bbox 2473 4528 2672 4596; x_wconf 87' lang='lat' dir='ltr'><strong>pariter</strong></span> <span class='ocrx_word' id='word_1_1011' title='bbox 2711 4544 2830 4583; x_wconf 91' lang='lat' dir='ltr'><strong>cum</strong></span> <span class='ocrx_word' id='word_1_1012' title='bbox 2859 4529 3046 4599; x_wconf 86' lang='lat' dir='ltr'><strong>pluvia</strong></span> <span class='ocrx_word' id='word_1_1013' title='bbox 3077 4528 3337 4584; x_wconf 87' lang='lat' dir='ltr'><strong>tribuatur</strong></span> <span class='ocrx_word' id='word_1_1014' title='bbox 3369 4549 3380 4581; x_wconf 94' lang='lat'><strong>:</strong></span> <span class='ocrx_word' id='word_1_1015' title='bbox 3411 4546 3531 4599; x_wconf 61' lang='lat' dir='ltr'><strong>quae</strong></span> <span class='ocrx_word' id='word_1_1016' title='bbox 3573 4527 3759 4586; x_wconf 84' lang='lat' dir='ltr'><strong>nubes</strong></span> <span class='ocrx_word' id='word_1_1017' title='bbox 3783 4572 3800 4596; x_wconf 86' lang='lat'><strong>,</strong></span> 
     </span>
    </p>
   </div>
   <div class='ocr_carea' id='block_1_139' title="bbox 2203 4598 3808 4668">
    <p class='ocr_par' dir='ltr' id='par_1_139' title="bbox 2203 4598 3808 4668">
     <span class='ocr_line' id='line_1_142' title="bbox 2203 4598 3808 4668; baseline 0.002 -16"><span class='ocrx_word' id='word_1_1018' title='bbox 2203 4606 2264 4652; x_wconf 91' lang='lat' dir='ltr'><strong>ut</strong></span> <span class='ocrx_word' id='word_1_1019' title='bbox 2299 4607 2420 4652; x_wconf 86' lang='lat' dir='ltr'><strong>ante</strong></span> <span class='ocrx_word' id='word_1_1020' title='bbox 2448 4599 2559 4666; x_wconf 88' lang='lat' dir='ltr'><strong>jam</strong></span> <span class='ocrx_word' id='word_1_1021' title='bbox 2600 4599 2859 4663; x_wconf 84' lang='lat' dir='ltr'><strong>diximus,</strong></span> <span class='ocrx_word' id='word_1_1022' title='bbox 2899 4613 2991 4668; x_wconf 91' lang='lat' dir='ltr'><strong>per</strong></span> <span class='ocrx_word' id='word_1_1023' title='bbox 3027 4598 3362 4668; x_wconf 86' lang='lat' dir='ltr'><strong>Scripturas,</strong></span> <span class='ocrx_word' id='word_1_1024' title='bbox 3400 4598 3666 4656; x_wconf 71' lang='lat' dir='ltr'><strong>emtorem</strong></span> <span class='ocrx_word' id='word_1_1025' title='bbox 3701 4617 3808 4655; x_wconf 83' lang='lat' dir='ltr'><strong>no-</strong></span> 
     </span>
    </p>
   </div>
   <div class='ocr_carea' id='block_1_140' title="bbox 2205 4669 3806 4740">
    <p class='ocr_par' dir='ltr' id='par_1_140' title="bbox 2205 4669 3806 4740">
     <span class='ocr_line' id='line_1_143' title="bbox 2205 4669 3806 4740; baseline 0.004 -20"><span class='ocrx_word' id='word_1_1026' title='bbox 2205 4670 2348 4740; x_wconf 85' lang='lat' dir='ltr'><strong>mine</strong></span> <span class='ocrx_word' id='word_1_1027' title='bbox 2387 4669 2895 4740; x_wconf 28' lang='lat' dir='ltr'><strong>vocitanturuPanis</strong></span> <span class='ocrx_word' id='word_1_1028' title='bbox 2931 4677 3108 4724; x_wconf 82' lang='lat' dir='ltr'><strong>autem</strong></span> <span class='ocrx_word' id='word_1_1029' title='bbox 3137 4671 3454 4740; x_wconf 81' lang='lat' dir='ltr'><strong>Angelorum</strong></span> <span class='ocrx_word' id='word_1_1030' title='bbox 3500 4673 3656 4726; x_wconf 90' lang='lat' dir='ltr'><strong>cibus</strong></span> <span class='ocrx_word' id='word_1_1031' title='bbox 3707 4672 3806 4726; x_wconf 87' lang='lat' dir='ltr'><strong>ille</strong></span> 
     </span>
    </p>
   </div>
   <div class='ocr_carea' id='block_1_141' title="bbox 2205 4738 3808 4812">
    <p class='ocr_par' dir='ltr' id='par_1_141' title="bbox 2205 4738 3808 4812">
     <span class='ocr_line' id='line_1_144' title="bbox 2205 4738 3808 4812; baseline 0.004 -20"><span class='ocrx_word' id='word_1_1032' title='bbox 2205 4738 2428 4804; x_wconf 90' lang='lat' dir='ltr'><strong>dicitur,</strong></span> <span class='ocrx_word' id='word_1_1033' title='bbox 2461 4753 2564 4792; x_wconf 91' lang='lat' dir='ltr'><strong>nou</strong></span> <span class='ocrx_word' id='word_1_1034' title='bbox 2589 4738 2730 4812; x_wconf 86' lang='lat' dir='ltr'><strong>quod</strong></span> <span class='ocrx_word' id='word_1_1035' title='bbox 2759 4739 2852 4812; x_wconf 85' lang='lat' dir='ltr'><strong>illo</strong></span> <span class='ocrx_word' id='word_1_1036' title='bbox 2877 4741 3084 4807; x_wconf 89' lang='lat' dir='ltr'><strong>Angeli,</strong></span> <span class='ocrx_word' id='word_1_1037' title='bbox 3103 4741 3194 4812; x_wconf 84' lang='lat' dir='ltr'><strong>qui</strong></span> <span class='ocrx_word' id='word_1_1038' title='bbox 3215 4738 3336 4795; x_wconf 82' lang='lat' dir='ltr'><strong>cibo</strong></span> <span class='ocrx_word' id='word_1_1039' title='bbox 3357 4757 3464 4795; x_wconf 90' lang='lat' dir='ltr'><strong>non</strong></span> <span class='ocrx_word' id='word_1_1040' title='bbox 3487 4753 3676 4812; x_wconf 87' lang='lat' dir='ltr'><strong>egent,</strong></span> <span class='ocrx_word' id='word_1_1041' title='bbox 3708 4759 3808 4798; x_wconf 83' lang='lat' dir='ltr'><strong>sa-</strong></span> 
     </span>
    </p>
   </div>
   <div class='ocr_carea' id='block_1_142' title="bbox 2207 4810 3811 4880">
    <p class='ocr_par' dir='ltr' id='par_1_142' title="bbox 2207 4810 3811 4880">
     <span class='ocr_line' id='line_1_145' title="bbox 2207 4810 3811 4880; baseline 0.004 -18"><span class='ocrx_word' id='word_1_1042' title='bbox 2207 4817 2528 4880; x_wconf 77' lang='lat' dir='ltr'><strong>turarentur,</strong></span> <span class='ocrx_word' id='word_1_1043' title='bbox 2546 4810 2648 4880; x_wconf 85' lang='lat' dir='ltr'><strong>sed</strong></span> <span class='ocrx_word' id='word_1_1044' title='bbox 2671 4810 2810 4880; x_wconf 81' lang='lat' dir='ltr'><strong>quod</strong></span> <span class='ocrx_word' id='word_1_1045' title='bbox 2831 4825 2926 4879; x_wconf 88' lang='lat' dir='ltr'><strong>per</strong></span> <span class='ocrx_word' id='word_1_1046' title='bbox 2949 4811 3270 4880; x_wconf 83' lang='lat' dir='ltr'><strong>Angelorum</strong></span> <span class='ocrx_word' id='word_1_1047' title='bbox 3293 4810 3652 4866; x_wconf 76' lang='lat' dir='ltr'><strong>ministerium</strong></span> <span class='ocrx_word' id='word_1_1048' title='bbox 3691 4815 3811 4869; x_wconf 85' lang='lat' dir='ltr'><strong>tale</strong></span> 
     </span>
    </p>
   </div>
   <div class='ocr_carea' id='block_1_143' title="bbox 2204 4877 3806 4952">
    <p class='ocr_par' dir='ltr' id='par_1_143' title="bbox 2204 4877 3806 4952">
     <span class='ocr_line' id='line_1_146' title="bbox 2204 4877 3806 4952; baseline 0.004 -19"><span class='ocrx_word' id='word_1_1049' title='bbox 2204 4877 2434 4952; x_wconf 76' lang='lat' dir='ltr'><strong>officium</strong></span> <span class='ocrx_word' id='word_1_1050' title='bbox 2457 4917 2474 4944; x_wconf 96' lang='lat'><strong>,</strong></span> <span class='ocrx_word' id='word_1_1051' title='bbox 2513 4879 2654 4952; x_wconf 87' lang='lat' dir='ltr'><strong>sicut</strong></span> <span class='ocrx_word' id='word_1_1052' title='bbox 2679 4879 2789 4934; x_wconf 86' lang='lat' dir='ltr'><strong>Lex</strong></span> <span class='ocrx_word' id='word_1_1053' title='bbox 2817 4877 2871 4935; x_wconf 85' lang='lat' dir='ltr'><strong>et</strong></span> <span class='ocrx_word' id='word_1_1054' title='bbox 2910 4877 3102 4952; x_wconf 36' lang='lat' dir='ltr'><strong>caetera</strong></span> <span class='ocrx_word' id='word_1_1055' title='bbox 3145 4883 3342 4952; x_wconf 91' lang='lat' dir='ltr'><strong>p0pulo</strong></span> <span class='ocrx_word' id='word_1_1056' title='bbox 3369 4885 3764 4950; x_wconf 65' lang='lat' dir='ltr'><strong>praebebantur</strong></span> <span class='ocrx_word' id='word_1_1057' title='bbox 3783 4923 3806 4952; x_wconf 78' lang='lat'><strong>,</strong></span> 
     </span>
    </p>
   </div>
   <div class='ocr_carea' id='block_1_144' title="bbox 2203 4948 3810 5020">
    <p class='ocr_par' dir='ltr' id='par_1_144' title="bbox 2203 4948 3810 5020">
     <span class='ocr_line' id='line_1_147' title="bbox 2203 4948 3810 5020; baseline 0.005 -18"><span class='ocrx_word' id='word_1_1058' title='bbox 2203 4964 2322 5020; x_wconf 77' lang='lat' dir='ltr'><strong>qua:</strong></span> <span class='ocrx_word' id='word_1_1059' title='bbox 2363 4948 2617 5020; x_wconf 80' lang='lat' dir='ltr'><strong>diSposita</strong></span> <span class='ocrx_word' id='word_1_1060' title='bbox 2659 4967 2755 5020; x_wconf 90' lang='lat' dir='ltr'><strong>per</strong></span> <span class='ocrx_word' id='word_1_1061' title='bbox 2791 4951 3022 5020; x_wconf 82' lang='lat' dir='ltr'><strong>Angelos</strong></span> <span class='ocrx_word' id='word_1_1062' title='bbox 3067 4952 3118 5004; x_wconf 92' lang='lat' dir='ltr'><strong>in</strong></span> <span class='ocrx_word' id='word_1_1063' title='bbox 3149 4948 3322 5006; x_wconf 77' lang='lat' dir='ltr'><strong>manu</strong></span> <span class='ocrx_word' id='word_1_1064' title='bbox 3353 4948 3664 5009; x_wconf 75' lang='lat' dir='ltr'><strong>Mediatoris</strong></span> <span class='ocrx_word' id='word_1_1065' title='bbox 3699 4948 3810 5010; x_wconf 60' lang='lat' dir='ltr'><strong>tri;</strong></span> 
     </span>
    </p>
   </div>
   <div class='ocr_carea' id='block_1_145' title="bbox 2203 5018 3811 5095">
    <p class='ocr_par' dir='ltr' id='par_1_145' title="bbox 2203 5018 3811 5095">
     <span class='ocr_line' id='line_1_148' title="bbox 2203 5018 3811 5095; baseline 0.004 -21"><span class='ocrx_word' id='word_1_1066' title='bbox 2203 5018 2384 5095; x_wconf 78' lang='lat' dir='ltr'><strong>buitur</strong></span> <span class='ocrx_word' id='word_1_1067' title='bbox 2414 5018 2610 5092; x_wconf 83' lang='lat' dir='ltr'><strong>(Galat.</strong></span> <span class='ocrx_word' id='word_1_1068' title='bbox 2643 5018 2696 5075; x_wconf 85' lang='lat' dir='ltr'><strong>tit</strong></span> <span class='ocrx_word' id='word_1_1069' title='bbox 2717 5063 2734 5088; x_wconf 91' lang='lat'><strong>,</strong></span> <span class='ocrx_word' id='word_1_1070' title='bbox 2766 5018 2898 5092; x_wconf 61' lang='lat' dir='ltr'><strong>l9).</strong></span> <span class='ocrx_word' id='word_1_1071' title='bbox 2924 5021 3160 5095; x_wconf 85' lang='lat' dir='ltr'><strong>Qualiter</strong></span> <span class='ocrx_word' id='word_1_1072' title='bbox 3201 5027 3332 5095; x_wconf 81' lang='lat' dir='ltr'><strong>ergo</strong></span> <span class='ocrx_word' id='word_1_1073' title='bbox 3361 5022 3605 5079; x_wconf 88' lang='lat' dir='ltr'><strong>homines</strong></span> <span class='ocrx_word' id='word_1_1074' title='bbox 3657 5042 3811 5095; x_wconf 85' lang='lat' dir='ltr'><strong>qua-</strong></span> 
     </span>
    </p>
   </div>
   <div class='ocr_carea' id='block_1_146' title="bbox 2205 5091 3816 5166">
    <p class='ocr_par' dir='ltr' id='par_1_146' title="bbox 2205 5091 3816 5166">
     <span class='ocr_line' id='line_1_149' title="bbox 2205 5091 3816 5166; baseline 0.006 -22"><span class='ocrx_word' id='word_1_1075' title='bbox 2205 5091 2506 5166; x_wconf 78' lang='lat' dir='ltr'><strong>iescumque</strong></span> <span class='ocrx_word' id='word_1_1076' title='bbox 2532 5101 2829 5166; x_wconf 81' lang='lat' dir='ltr'><strong>sustentare</strong></span> <span class='ocrx_word' id='word_1_1077' title='bbox 2859 5093 3132 5166; x_wconf 79' lang='lat' dir='ltr'><strong>potuisset,</strong></span> <span class='ocrx_word' id='word_1_1078' title='bbox 3161 5091 3557 5166; x_wconf 26' lang='lat' dir='ltr'><strong>nisijterrenum</strong></span> <span class='ocrx_word' id='word_1_1079' title='bbox 3583 5091 3816 5166; x_wconf 71' lang='lat' dir='ltr'><strong>aliquid</strong></span> 
     </span>
    </p>
   </div>
   <div class='ocr_carea' id='block_1_147' title="bbox 2205 5161 3819 5222">
    <p class='ocr_par' dir='ltr' id='par_1_147' title="bbox 2205 5161 3819 5222">
     <span class='ocr_line' id='line_1_150' title="bbox 2205 5161 3819 5222; baseline 0.005 -8"><span class='ocrx_word' id='word_1_1080' title='bbox 2205 5161 2259 5215; x_wconf 89' lang='lat' dir='ltr'><strong>in</strong></span> <span class='ocrx_word' id='word_1_1081' title='bbox 2289 5176 2383 5214; x_wconf 90' lang='lat' dir='ltr'><strong>sua</strong></span> <span class='ocrx_word' id='word_1_1082' title='bbox 2419 5162 2710 5216; x_wconf 86' lang='lat' dir='ltr'><strong>substantia</strong></span> <span class='ocrx_word' id='word_1_1083' title='bbox 2739 5163 2993 5217; x_wconf 86' lang='lat' dir='ltr'><strong>haberet?</strong></span> <span class='ocrx_word' id='word_1_1084' title='bbox 3024 5163 3126 5216; x_wconf 86' lang='lat' dir='ltr'><strong>Sed</strong></span> <span class='ocrx_word' id='word_1_1085' title='bbox 3167 5163 3309 5218; x_wconf 90' lang='lat' dir='ltr'><strong>unde</strong></span> <span class='ocrx_word' id='word_1_1086' title='bbox 3337 5165 3568 5220; x_wconf 89' lang='lat' dir='ltr'><strong>nubibus</strong></span> <span class='ocrx_word' id='word_1_1087' title='bbox 3593 5161 3819 5222; x_wconf 66' lang='lat' dir='ltr'><strong>manna</strong></span> 
     </span>
    </p>
   </div>
   <div class='ocr_carea' id='block_1_148' title="bbox 2203 5231 3818 5304">
    <p class='ocr_par' dir='ltr' id='par_1_148' title="bbox 2203 5231 3818 5304">
     <span class='ocr_line' id='line_1_151' title="bbox 2203 5231 3818 5304; baseline 0.006 -21"><span class='ocrx_word' id='word_1_1088' title='bbox 2203 5233 2388 5304; x_wconf 78' lang='lat' dir='ltr'><strong>pineus</strong></span> <span class='ocrx_word' id='word_1_1089' title='bbox 2425 5241 2690 5304; x_wconf 84' lang='lat' dir='ltr'><strong>terrenam</strong></span> <span class='ocrx_word' id='word_1_1090' title='bbox 2729 5233 3075 5288; x_wconf 87' lang='lat' dir='ltr'><strong>substantiam</strong></span> <span class='ocrx_word' id='word_1_1091' title='bbox 3122 5231 3318 5288; x_wconf 88' lang='lat' dir='ltr'><strong>habere</strong></span> <span class='ocrx_word' id='word_1_1092' title='bbox 3363 5238 3818 5304; x_wconf 80' lang='lat' dir='ltr'><strong>monstrabitur,</strong></span> 
     </span>
    </p>
   </div>
   <div class='ocr_carea' id='block_1_149' title="bbox 2203 5301 3824 5376">
    <p class='ocr_par' dir='ltr' id='par_1_149' title="bbox 2203 5301 3824 5376">
     <span class='ocr_line' id='line_1_152' title="bbox 2203 5301 3824 5376; baseline 0.006 -21"><span class='ocrx_word' id='word_1_1093' title='bbox 2203 5301 2305 5356; x_wconf 87' lang='lat' dir='ltr'><strong>nisi</strong></span> <span class='ocrx_word' id='word_1_1094' title='bbox 2335 5301 2472 5357; x_wconf 89' lang='lat' dir='ltr'><strong>forte</strong></span> <span class='ocrx_word' id='word_1_1095' title='bbox 2509 5304 2651 5376; x_wconf 81' lang='lat' dir='ltr'><strong>aeris</strong></span> <span class='ocrx_word' id='word_1_1096' title='bbox 2679 5303 2844 5372; x_wconf 87' lang='lat' dir='ltr'><strong>ipsius</strong></span> <span class='ocrx_word' id='word_1_1097' title='bbox 2869 5303 3087 5376; x_wconf 80' lang='lat' dir='ltr'><strong>inferior</strong></span> <span class='ocrx_word' id='word_1_1098' title='bbox 3111 5319 3234 5376; x_wconf 81' lang='lat' dir='ltr'><strong>pars</strong></span> <span class='ocrx_word' id='word_1_1099' title='bbox 3256 5313 3524 5361; x_wconf 87' lang='lat' dir='ltr'><strong>terrenam</strong></span> <span class='ocrx_word' id='word_1_1100' title='bbox 3553 5301 3824 5376; x_wconf 78' lang='lat' dir='ltr'><strong>aliquam</strong></span> 
     </span>
    </p>
   </div>
   <div class='ocr_carea' id='block_1_150' title="bbox 2204 5373 3824 5441">
    <p class='ocr_par' dir='ltr' id='par_1_150' title="bbox 2204 5373 3824 5441">
     <span class='ocr_line' id='line_1_153' title="bbox 2204 5373 3824 5441; baseline 0.005 -15"><span class='ocrx_word' id='word_1_1101' title='bbox 2204 5383 2446 5426; x_wconf 89' lang='lat' dir='ltr'><strong>naturam</strong></span> <span class='ocrx_word' id='word_1_1102' title='bbox 2487 5374 2720 5429; x_wconf 88' lang='lat' dir='ltr'><strong>retinere</strong></span> <span class='ocrx_word' id='word_1_1103' title='bbox 2747 5373 3094 5429; x_wconf 88' lang='lat' dir='ltr'><strong>ostendatur?</strong></span> <span class='ocrx_word' id='word_1_1104' title='bbox 3131 5374 3410 5441; x_wconf 85' lang='lat' dir='ltr'><strong>Quomodo</strong></span> <span class='ocrx_word' id='word_1_1105' title='bbox 3439 5378 3580 5431; x_wconf 88' lang='lat' dir='ltr'><strong>enim</strong></span> <span class='ocrx_word' id='word_1_1106' title='bbox 3611 5373 3824 5434; x_wconf 70' lang='lat' dir='ltr'><strong>avium</strong></span> 
     </span>
    </p>
   </div>
   <div class='ocr_carea' id='block_1_151' title="bbox 2203 5443 3828 5514">
    <p class='ocr_par' dir='ltr' id='par_1_151' title="bbox 2203 5443 3828 5514">
     <span class='ocr_line' id='line_1_154' title="bbox 2203 5443 3828 5514; baseline 0.006 -17"><span class='ocrx_word' id='word_1_1107' title='bbox 2203 5443 2493 5498; x_wconf 88' lang='lat' dir='ltr'><strong>volantium</strong></span> <span class='ocrx_word' id='word_1_1108' title='bbox 2521 5459 2744 5514; x_wconf 87' lang='lat' dir='ltr'><strong>corpora</strong></span> <span class='ocrx_word' id='word_1_1109' title='bbox 2775 5445 2996 5500; x_wconf 79' lang='lat' dir='ltr'><strong>sufferre</strong></span> <span class='ocrx_word' id='word_1_1110' title='bbox 3023 5445 3315 5510; x_wconf 86' lang='lat' dir='ltr'><strong>valuisset,</strong></span> <span class='ocrx_word' id='word_1_1111' title='bbox 3349 5448 3394 5502; x_wconf 86' lang='lat' dir='ltr'><strong>si</strong></span> <span class='ocrx_word' id='word_1_1112' title='bbox 3425 5463 3530 5502; x_wconf 93' lang='lat' dir='ltr'><strong>non</strong></span> <span class='ocrx_word' id='word_1_1113' title='bbox 3559 5457 3828 5506; x_wconf 78' lang='lat' dir='ltr'><strong>terrena:</strong></span> 
     </span>
    </p>
   </div>
   <div class='ocr_carea' id='block_1_152' title="bbox 2209 5517 3826 5588">
    <p class='ocr_par' dir='ltr' id='par_1_152' title="bbox 2209 5517 3826 5588">
     <span class='ocr_line' id='line_1_155' title="bbox 2209 5517 3826 5588; baseline 0.005 -18"><span class='ocrx_word' id='word_1_1114' title='bbox 2209 5517 2492 5588; x_wconf 69' lang='lat' dir='ltr'><strong>soliditatis</strong></span> <span class='ocrx_word' id='word_1_1115' title='bbox 2537 5519 2732 5587; x_wconf 86' lang='lat' dir='ltr'><strong>aliquid</strong></span> <span class='ocrx_word' id='word_1_1116' title='bbox 2773 5535 2864 5572; x_wconf 86' lang='lat' dir='ltr'><strong>aer</strong></span> <span class='ocrx_word' id='word_1_1117' title='bbox 2913 5519 3253 5574; x_wconf 84' lang='lat' dir='ltr'><strong>contineret?</strong></span> <span class='ocrx_word' id='word_1_1118' title='bbox 3298 5520 3648 5588; x_wconf 78' lang='lat' dir='ltr'><strong>QuaprOpter</strong></span> <span class='ocrx_word' id='word_1_1119' title='bbox 3717 5526 3826 5578; x_wconf 83' lang='lat' dir='ltr'><strong>illa</strong></span> 
     </span>
    </p>
   </div>
   <div class='ocr_carea' id='block_1_153' title="bbox 2211 5587 3833 5657">
    <p class='ocr_par' dir='ltr' id='par_1_153' title="bbox 2211 5587 3833 5657">
     <span class='ocr_line' id='line_1_156' title="bbox 2211 5587 3833 5657; baseline 0.006 -16"><span class='ocrx_word' id='word_1_1120' title='bbox 2211 5587 2502 5642; x_wconf 88' lang='lat' dir='ltr'><strong>substantia</strong></span> <span class='ocrx_word' id='word_1_1121' title='bbox 2529 5597 2582 5642; x_wconf 92' lang='lat' dir='ltr'><strong>et</strong></span> <span class='ocrx_word' id='word_1_1122' title='bbox 2627 5591 2794 5644; x_wconf 85' lang='lat' dir='ltr'><strong>nubes</strong></span> <span class='ocrx_word' id='word_1_1123' title='bbox 2825 5589 2970 5643; x_wconf 83' lang='lat' dir='ltr'><strong>fulta:</strong></span> <span class='ocrx_word' id='word_1_1124' title='bbox 3003 5601 3157 5644; x_wconf 69' lang='lat' dir='ltr'><strong>terra:</strong></span> <span class='ocrx_word' id='word_1_1125' title='bbox 3185 5589 3352 5657; x_wconf 87' lang='lat' dir='ltr'><strong>ipsius</strong></span> <span class='ocrx_word' id='word_1_1126' title='bbox 3381 5587 3588 5650; x_wconf 80' lang='lat' dir='ltr'><strong>natura.</strong></span> <span class='ocrx_word' id='word_1_1127' title='bbox 3629 5595 3833 5650; x_wconf 80' lang='lat' dir='ltr'><strong>etiam</strong></span> 
     </span>
    </p>
   </div>
   <div class='ocr_carea' id='block_1_154' title="bbox 2209 5657 3836 5732">
    <p class='ocr_par' dir='ltr' id='par_1_154' title="bbox 2209 5657 3836 5732">
     <span class='ocr_line' id='line_1_157' title="bbox 2209 5657 3836 5732; baseline 0.007 -22"><span class='ocrx_word' id='word_1_1128' title='bbox 2209 5657 2262 5732; x_wconf 82' lang='lat' dir='ltr'><strong>in</strong></span> <span class='ocrx_word' id='word_1_1129' title='bbox 2296 5660 2443 5732; x_wconf 75' lang='lat' dir='ltr'><strong>nives</strong></span> <span class='ocrx_word' id='word_1_1130' title='bbox 2457 5667 2512 5712; x_wconf 91' lang='lat' dir='ltr'><strong>et</strong></span> <span class='ocrx_word' id='word_1_1131' title='bbox 2538 5659 2826 5732; x_wconf 84' lang='lat' dir='ltr'><strong>grandines</strong></span> <span class='ocrx_word' id='word_1_1132' title='bbox 2847 5661 3244 5732; x_wconf 76' lang='lat' dir='ltr'><strong>congelascunt,</strong></span> <span class='ocrx_word' id='word_1_1133' title='bbox 3259 5661 3350 5730; x_wconf 91' lang='lat' dir='ltr'><strong>qui</strong></span> <span class='ocrx_word' id='word_1_1134' title='bbox 3377 5677 3514 5732; x_wconf 90' lang='lat' dir='ltr'><strong>pene</strong></span> <span class='ocrx_word' id='word_1_1135' title='bbox 3532 5661 3836 5720; x_wconf 84' lang='lat' dir='ltr'><strong>duritiam</strong></span> 
     </span>
    </p>
   </div>
   <div class='ocr_carea' id='block_1_155' title="bbox 2209 5727 3840 5800">
    <p class='ocr_par' dir='ltr' id='par_1_155' title="bbox 2209 5727 3840 5800">
     <span class='ocr_line' id='line_1_158' title="bbox 2209 5727 3840 5800; baseline 0.007 -20"><span class='ocrx_word' id='word_1_1136' title='bbox 2209 5727 2440 5796; x_wconf 87' lang='lat' dir='ltr'><strong>lapidum</strong></span> <span class='ocrx_word' id='word_1_1137' title='bbox 2459 5741 2638 5784; x_wconf 87' lang='lat' dir='ltr'><strong>contra</strong></span> <span class='ocrx_word' id='word_1_1138' title='bbox 2649 5731 2794 5784; x_wconf 68' lang='lat' dir='ltr'><strong>luunt.</strong></span> <span class='ocrx_word' id='word_1_1139' title='bbox 2828 5731 2960 5798; x_wconf 82' lang='lat' dir='ltr'><strong>Quid</strong></span> <span class='ocrx_word' id='word_1_1140' title='bbox 2988 5733 3144 5800; x_wconf 87' lang='lat' dir='ltr'><strong>igitur</strong></span> <span class='ocrx_word' id='word_1_1141' title='bbox 3165 5731 3265 5784; x_wconf 89' lang='lat' dir='ltr'><strong>hoc</strong></span> <span class='ocrx_word' id='word_1_1142' title='bbox 3279 5727 3570 5800; x_wconf 70' lang='lat' dir='ltr'><strong>capacibus</strong></span> <span class='ocrx_word' id='word_1_1143' title='bbox 3593 5737 3840 5791; x_wconf 75' lang='lat' dir='ltr'><strong>animis</strong></span> 
     </span>
    </p>
   </div>
   <div class='ocr_carea' id='block_1_156' title="bbox 2209 5801 3833 5876">
    <p class='ocr_par' dir='ltr' id='par_1_156' title="bbox 2209 5801 3833 5876">
     <span class='ocr_line' id='line_1_159' title="bbox 2209 5801 3833 5876; baseline 0.005 -24"><span class='ocrx_word' id='word_1_1144' title='bbox 2209 5810 2488 5876; x_wconf 82' lang='lat' dir='ltr'><strong>repugnat,</strong></span> <span class='ocrx_word' id='word_1_1145' title='bbox 2517 5801 2560 5853; x_wconf 90' lang='lat' dir='ltr'><strong>si</strong></span> <span class='ocrx_word' id='word_1_1146' title='bbox 2584 5801 2718 5854; x_wconf 87' lang='lat' dir='ltr'><strong>sicut</strong></span> <span class='ocrx_word' id='word_1_1147' title='bbox 2731 5801 3190 5876; x_wconf 76' lang='lat' dir='ltr'><strong>nubesgraudinis</strong></span> <span class='ocrx_word' id='word_1_1148' title='bbox 3213 5803 3420 5870; x_wconf 88' lang='lat' dir='ltr'><strong>lapillos</strong></span> <span class='ocrx_word' id='word_1_1149' title='bbox 3455 5804 3833 5876; x_wconf 77' lang='lat' dir='ltr'><strong>concipiunt,</strong></span> 
     </span>
    </p>
   </div>
   <div class='ocr_carea' id='block_1_157' title="bbox 2205 5871 3840 5946">
    <p class='ocr_par' dir='ltr' id='par_1_157' title="bbox 2205 5871 3840 5946">
     <span class='ocr_line' id='line_1_160' title="bbox 2205 5871 3840 5946; baseline 0.01 -24"><span class='ocrx_word' id='word_1_1150' title='bbox 2205 5871 2283 5927; x_wconf 86' lang='lat' dir='ltr'><strong>sic</strong></span> <span class='ocrx_word' id='word_1_1151' title='bbox 2322 5879 2376 5926; x_wconf 85' lang='lat' dir='ltr'><strong>et</strong></span> <span class='ocrx_word' id='word_1_1152' title='bbox 2413 5886 2620 5928; x_wconf 78' lang='lat' dir='ltr'><strong>manna:</strong></span> <span class='ocrx_word' id='word_1_1153' title='bbox 2655 5887 2816 5942; x_wconf 86' lang='lat' dir='ltr'><strong>grana</strong></span> <span class='ocrx_word' id='word_1_1154' title='bbox 2855 5871 3071 5944; x_wconf 85' lang='lat' dir='ltr'><strong>gignere</strong></span> <span class='ocrx_word' id='word_1_1155' title='bbox 3099 5879 3439 5946; x_wconf 58' lang='lat' dir='ltr'><strong>(potuerunt;</strong></span> <span class='ocrx_word' id='word_1_1156' title='bbox 3481 5871 3840 5945; x_wconf 51' lang='grc' dir='ltr'><strong>ιιι-ποταιιί</strong></span> 
     </span>
    </p>
   </div>
  </div>
