4048 6468
282 515 410 557 cum
437 497 505 554 ad
537 506 732 554 terram
762 495 1004 568 veniens,
1039 495 1200 552 veluti
1238 510 1358 551 cum
1385 505 1610 568 cognato
1634 513 1756 552 rore
1775 539 1789 564 ,
1818 494 1865 568 si

284 570 418 628 'Ilud
445 569 529 624 sol
569 577 717 624 ortus
761 567 1042 632 inveniret,
1090 568 1240 636 quasi
1285 566 1485 636 grando
1535 569 1587 623 in
1616 576 1754 622 terra
1799 566 1865 622 li-

283 637 876 713 quescensdeperireti
898 639 1167 713 Atqueita
1200 637 1316 713 ﬁeri
1349 639 1561 705 poterit,
1593 648 1648 692 ut
1673 653 1864 713 manna

282 709 338 768 in
375 712 571 767 terreni
603 711 743 765 aeris
772 709 929 778 hujus
950 709 1187 778 partibus
1201 709 1455 777 genitum,
1504 710 1726 764 terrenis
1765 714 1862 765 lto-

283 783 522 838 minibus
553 780 838 850 pnebuerit
865 779 1087 834 ciltalem
1124 789 1350 848 pastum.
1383 781 1482 834 Ista
1513 781 1709 834 etenim
1743 795 1864 850 pars

283 853 508 908 inferior
535 853 696 914 aeris,
727 861 867 905 terra
899 852 1054 905 etiam
1086 851 1136 903 in
1167 850 1438 920 Scriptura
1479 851 1652 905 divina
1688 853 1863 905 nomi-

283 936 464 989 natur,
483 924 608 977 dum
634 924 684 976 in
698 924 991 977 centesimo
1007 921 1410 989 quadragesimo
1427 932 1614 976 octavo
1639 925 1860 990 psalmo,

280 994 582 1064 prophetali
609 994 796 1062 spiritu
823 995 873 1046 in
901 991 1115 1064 Domini
1139 993 1398 1047 creatoris
1435 993 1658 1064 Iaudem
1678 1010 1862 1063 omnes

278 1063 540 1120 creatura:
567 1065 870 1118 incitantur.
891 1063 977 1119 Sic
993 1079 1217 1136 namque
1242 1067 1622 1136 consummatis
1650 1063 1730 1136 ltis
1745 1080 1862 1136 qua:

278 1137 345 1190 ad
373 1136 704 1205 superiorem
729 1144 973 1188 ornatum
1005 1135 1124 1190 caeli
1153 1135 1434 1202 pertinent.
1459 1150 1576 1188 cum
1599 1135 1665 1189 ad
1685 1135 1862 1204 partes

278 1208 422 1260 aeris
472 1207 627 1274 hujus
671 1205 951 1260 inferiores
1001 1207 1228 1268 venitur,
1277 1206 1452 1259 taliter
1497 1207 1858 1260 subinfertur:

279 1277 513 1331 Lnudate
554 1277 825 1330 Dominum
870 1276 932 1330 de
954 1285 1102 1337 terra.
1139 1284 1266 1340 etc.,
1295 1291 1492 1345 usque,
1534 1293 1644 1345 ante
1673 1279 1862 1347 faciunt

278 1350 481 1401 verbum
508 1349 634 1419 ejus.
669 1348 804 1401 Ecce
831 1362 970 1400 nunc
1005 1347 1318 1419 crassiorem
1362 1347 1590 1419 nubibus
1615 1358 1666 1401 et
1698 1364 1860 1415 vapo-

277 1419 428 1473 ribus
460 1417 715 1472 insertum
759 1434 974 1480 aerem,
1015 1427 1212 1472 terram
1245 1417 1507 1485 Proplteta
1548 1419 1858 1486 nominavit,

278 1499 331 1542 et
357 1500 643 1558 antequam
674 1489 741 1543 ad
784 1488 1052 1542 inferioris
1082 1497 1262 1552 terrre,
1307 1505 1425 1556 qua:
1469 1499 1646 1557 postea
1677 1491 1860 1542 sultin-

277 1559 544 1622 feruntur,
571 1559 736 1628 spatia
761 1558 1050 1627 perveniat.
1075 1559 1128 1612 lu
1164 1559 1250 1612 illa
1278 1575 1404 1626 ergo
1431 1559 1692 1628 superiori
1712 1570 1862 1630 parte

277 1637 458 1695 terrae,
493 1631 581 1684 ubi
611 1629 810 1698 grando
832 1640 886 1685 et
917 1630 1001 1682 nix
1020 1630 1272 1699 gignitur,
1295 1631 1612 1683 nascebatur
1642 1629 1855 1696 manna,

276 1712 330 1754 et
379 1702 433 1754 in
480 1699 673 1772 cibum
707 1701 972 1754 inferioris
1013 1710 1167 1772 terra:
1214 1701 1376 1772 partis
1417 1700 1719 1772 ltou'tinibus
1768 1719 1863 1772 per

264 1771 510 1840 Angelos
539 1771 1029 1825 administrabatur.
1059 1769 1138 1824 Ex
1185 1786 1291 1839 quo
1331 1769 1481 1826 facile
1507 1769 1855 1840 dignoscitur,

274 1856 385 1895 non
411 1843 625 1897 aliunde
655 1854 808 1896 extra
856 1851 1097 1895 naturam
1139 1841 1412 1910 qutesii~se
1437 1883 1449 1903 ,
1496 1843 1589 1896 sed
1622 1843 1687 1895 de
1720 1853 1858 1900 terra

276 1910 422 1966 Deus
438 1914 632 1967 victum
653 1928 1001 1981 prmparasse.
1033 1911 1142 1966 Non
1165 1912 1303 1981 quod
1330 1911 1473 1966 Deus
1492 1913 1726 1980 quotidie
1757 1915 1860 1970 illis

274 1997 469 2052 panem
520 1984 666 2038 illunt
695 1999 1033 2037 communem
1079 1984 1238 2037 etiam
1284 1984 1334 2036 in
1365 1983 1578 2038 deserto
1607 1995 1859 2051 pra-stare

274 2069 381 2106 non
413 2064 608 2123 posset,
639 2054 732 2107 sed
761 2065 816 2107 ut
858 2054 1016 2106 homo
1067 2063 1246 2121 pastus
1294 2053 1360 2107 de
1403 2055 1656 2116 nubibus.
1700 2059 1860 2110 sciret

311 2125 395 2178 uia
426 2141 530 2178 non
567 2127 618 2180 in
660 2125 776 2179 solo
805 2140 941 2195 pane
968 2125 1127 2188 vivit,
1169 2125 1260 2178 sed
1289 2124 1344 2195 in
1367 2125 1510 2178 ontni
1538 2125 1698 2180 verbo
1719 2127 1859 2195 quod

311 2141 395 2178 uta
426 2141 530 2178 non
567 2143 618 2180 tn
660 2139 776 2179 soto
805 2140 941 2194 pane
968 2139 1094 2178 vmt
1113 2166 1127 2188 ,
1169 2139 1260 2178 seu
1290 2141 1338 2176 tn
1367 2141 1510 2178 omnt
1538 2139 1698 2180 verno
1719 2139 1859 2195 quoa

272 2139 340 2250 de
370 2195 469 2249 Dei
494 2212 586 2250 ore
611 2197 849 2265 procedit
874 2194 1050 2262 (Deut.
1076 2210 1191 2259 Vill,
1219 2196 1294 2263 5).
1323 2193 1470 2250 Sient
1490 2197 1631 2249 enim
1657 2207 1859 2251 natura:

271 2266 590 2334 imperavit,
623 2276 678 2319 ttt
727 2266 888 2320 homo
916 2275 1247 2319 saturaretur
1276 2281 1430 2333 pane,
1471 2266 1541 2319 ita
1581 2267 1740 2320 etiam
1792 2269 1858 2321 de

270 2337 420 2406 omni
445 2353 778 2406 quacmnque
814 2351 894 2401 re,
927 2337 969 2389 si
1002 2337 1072 2388 ita
1104 2336 1179 2388 illi
1202 2336 1442 2404 jusserit.
1475 2338 1741 2406 quomodo
1767 2338 1858 2391 ha-

271 2405 432 2476 bebat
459 2405 513 2461 et
543 2418 665 2462 tunc
697 2405 774 2463 de
821 2407 1047 2461 nubibus
1088 2406 1350 2476 pluviam,
1403 2405 1600 2462 vietum
1644 2408 1859 2465 habebit

269 2475 614 2532 incolumem.

395 2548 621 2603 CAPUT
661 2548 848 2602 XXIV.
873 2578 943 2589 —
968 2547 1044 2600 De
1072 2557 1211 2616 petra
1235 2565 1468 2617 percussa
1492 2550 1544 2602 in
1579 2550 1730 2604 Oreb.

341 2617 489 2690 idem
513 2635 724 2687 quoque
765 2620 986 2690 populus
1027 2620 1077 2672 in
1106 2619 1320 2690 deserto
1356 2619 1541 2672 sitiens
1567 2623 1857 2690 potamenti

269 2689 714 2771 {crocu-lationem
763 2689 1070 2771 postulavit.
1117 2689 1268 2744 Unde
1309 2691 1517 2771 Moyses
1569 2689 1852 2771 princeps,

271 2759 382 2814 Deo
413 2759 724 2829 imperante,
758 2762 900 2826 virga
932 2775 1177 2827 percussa
1210 2771 1353 2827 petra
1395 2759 1446 2814 in
1477 2759 1636 2824 Oreb,
1665 2759 1856 2830 aquam

267 2830 334 2884 de
363 2840 514 2898 petra
539 2833 783 2899 produxit
805 2830 996 2900 (Exod.
1021 2847 1148 2893 xvu,
1181 2832 1259 2899 6).
1283 2831 1334 2884 In
1359 2834 1456 2885 hoc
1481 2843 1680 2887 natura:
1705 2834 1854 2889 inve-

268 2901 492 2972 stigator
521 2904 574 2955 in
602 2912 882 2972 augustunt
907 2901 1178 2970 redigitur,
1207 2903 1472 2968 quomodo
1492 2919 1643 2971 aqua:
1672 2915 1854 2960 natura

268 2971 318 3044 in
348 2972 486 3044 duro
507 2971 700 3044 lapide
729 2973 1041 3044 occultatur.
1075 2974 1146 3024 De
1180 2988 1314 3041 aqua
1347 2989 1473 3027 vero
1503 2975 1554 3027 itt
1597 2977 1856 3044 principio

267 3041 472 3113 lapides
497 3042 682 3105 factos,
707 3043 934 3112 qualiter
963 3043 1186 3107 ignorat,
1213 3045 1296 3110 qui
1325 3045 1562 3113 crystalli
1589 3041 1851 3111 naturain,

266 3111 390 3183 nive
422 3129 520 3181 per
558 3111 782 3167 multum
819 3114 1072 3183 temporis
1097 3111 1430 3181 congelante,
1475 3117 1526 3168 in
1557 3129 1854 3171 commuta-

265 3180 433 3256 bilem
459 3183 650 3252 lapidis
688 3180 945 3256 duritianf
967 3180 1250 3256 procedere
1286 3201 1389 3238 non
1420 3186 1687 3255 ambigat?
1715 3203 1851 3256 prze-

264 3253 450 3324 sertim
493 3269 612 3307 cum
640 3255 821 3324 glebas
849 3270 951 3308 non
981 3255 1048 3308 de
1076 3264 1231 3308 terra:
1265 3256 1428 3323 ipsius
1459 3253 1640 3324 ltunio,
1670 3253 1761 3311 sed
1787 3259 1854 3315 de

264 3322 368 3378 feni
399 3322 998 3393 primitus—incremento
1020 3325 1070 3378 in
1096 3322 1318 3378 summis
1336 3327 1612 3382 arboribus
1628 3322 1711 3382 vel
1737 3345 1856 3384 sco-

263 3395 408 3468 pulis
434 3411 578 3464 sa:pe
605 3395 1027 3468 consideramus,
1062 3396 1111 3468 iu
1143 3396 1333 3468 quibus
1356 3397 1464 3468 jam
1511 3399 1715 3465 lapillos
1760 3416 1855 3468 per

263 3466 566 3535 pluviarum
601 3466 916 3520 inlusionem
939 3475 992 3520 et
1017 3466 1179 3534 ipsius
1205 3466 1310 3521 feni
1339 3467 1390 3520 in
1419 3467 1636 3523 humum
1665 3466 1854 3525 motio-

263 3551 388 3609 nem
414 3537 625 3606 genitos
652 3538 970 3609 invenimus.
1001 3536 1291 3590 Nonnullas
1325 3553 1536 3609 quoque
1577 3549 1743 3594 terras
1761 3557 1852 3595 ar-

298 3607 479 3662 illosas
509 3607 929 3679 transiluetttiutn
959 3624 1214 3679 aquarum
1243 3607 1464 3662 assueto
1483 3626 1636 3664 cursu
1663 3626 1851 3679 snper-

284 3693 408 3731 usas
429 3680 482 3731 in
512 3678 760 3751 duritiam
783 3679 1013 3751 lapidum
1045 3678 1275 3751 vidimus
1301 3695 1585 3734 conversas
1611 3700 1623 3736 :
1650 3682 1700 3735 itt
1732 3678 1852 3751 qui-

261 3744 364 3801 bus
405 3744 1010 3821 etiantduriores'velut
1050 3749 1362 3821 antiquioris
1404 3752 1574 3805 celatis
1618 3744 1848 3821 lapides,

261 3835 400 3884 quos
430 3820 542 3888 ipsa
573 3820 765 3873 humus
792 3821 940 3891 prius
971 3821 1021 3872 in
1051 3835 1109 3874 se
1140 3819 1426 3883 habuerat,
1471 3819 1876 3878 animadverti?”

262 3903 384 3943 mus
417 3892 668 3944 insertos.
695 3891 1052 3960 Qualtterjam
1075 3891 1338 3964 nonnullis
1361 3893 1621 3962 lapidibus
1642 3911 1852 3964 quoque

262 3971 531 4031 concavos
556 3971 783 4023 ostreos,
815 3978 949 4031 quos
975 3962 1186 4029 quando
1217 3963 1391 4016 mollis
1419 3969 1608 4016 ltumus
1647 3962 1811 4020 fuerat
1834 4009 1848 4031 ,

265 4029 610 4099 interpositos
637 4029 884 4098 habebat,
909 4033 1069 4085 veluti
1095 4047 1204 4084 sum
1233 4034 1453 4087 naturali
1476 4035 1682 4088 duritia:
1713 4029 1852 4092 nunc

264 4101 498 4176 insertos
529 4103 788 4176 videmus.
835 4102 889 4155 In
921 4103 1128 4176 caeteris
1172 4118 1381 4172 quoque
1410 4121 1544 4174 quos
1572 4107 1725 4176 longe
1754 4109 1850 4163 ad-

263 4171 482 4226 modum
511 4173 682 4227 mtatis
711 4189 856 4229 mare
884 4173 950 4226 ad
993 4184 1160 4228 terras
1203 4171 1456 4242 projecit',
1505 4171 1852 4244 superposito

263 4257 432 4316 mora:
459 4245 705 4316 nagarba:
724 4245 740 4274 ¹
769 4246 1036 4316 videntur,
1085 4259 1217 4316 quas
1245 4262 1347 4299 nou
1393 4246 1460 4300 de
1488 4247 1646 4300 nutris
1675 4250 1850 4316 glarea

264 4312 521 4375 elevatus,
541 4312 644 4367 sed
670 4329 735 4368 ex
767 4315 876 4384 ipsa
909 4315 1095 4386 marini
1121 4315 1359 4369 humoris
1379 4318 1650 4386 qualitate,
1678 4312 1732 4374 et
1755 4337 1848 4374 eo-

265 4399 384 4436 rum
418 4395 659 4438 extrema
687 4399 968 4455 corporum
999 4385 1238 4438 indurata
1279 4385 1708 4442 eute’admodum
1734 4407 1853 4447 esse

263 4465 580 4521 concretas,
630 4457 740 4524 ipsa
787 4456 1212 4510 consideratione
1266 4459 1569 4525 probamus.
1620 4460 1850 4515 Plurima

265 4526 424 4596 etiam
457 4527 659 4579 marina
690 4526 896 4596 reptilia
927 4525 1276 4580 testudinibus
1315 4531 1599 4582 coaztaneis
1629 4530 1854 4585 induun-

265 4602 372 4670 tur,
402 4595 455 4649 in
481 4596 668 4670 quibus
688 4595 908 4670 durities
936 4599 1211 4670 pluSquam
1245 4599 1588 4670 plurimorum
1620 4601 1853 4670 lapidum

265 4666 503 4740 videtur.
639 4669 830 4735 quibus
862 4669 1105 4721 omnibus
1138 4669 1432 4724 manifestis
1457 4666 1853 4740 approbationi-

266 4737 364 4792 bus
385 4779 399 4801 ,
432 4738 637 4806 lapides
663 4753 728 4792 ex
765 4752 900 4808 aqua
941 4747 1142 4792 tantunt
1175 4755 1314 4793 nunc
1335 4745 1356 4806 ζ
1381 4750 1434 4795 et
1464 4737 1747 4798 nonnullos
1787 4760 1854 4798 ex

265 4821 399 4884 aqua
431 4817 487 4862 et
513 4809 674 4884 luuno
717 4825 856 4864 nunc
881 4811 1085 4884 genitos
1115 4825 1256 4884 esse,
1283 4811 1472 4867 doctus
1496 4814 1718 4884 quisque
1748 4831 1853 4869 non

265 4877 527 4950 denegat;
590 4880 727 4934 sicut
772 4892 826 4934 et
880 4881 1157 4950 lacrymOsi
1217 4877 1743 4939 marmoris-natura
1796 4896 1851 4940 et

265 4951 598 5026 consuetudo
646 4951 860 5026 indicat.
916 4952 1056 5006 Satis
1108 4953 1264 5006 etiam
1314 4966 1498 5007 natura
1558 4956 1624 5008 de
1682 4957 1854 5026 liquo-

266 5035 322 5074 re
354 5022 408 5075 in
440 5021 630 5091 lapidis
663 5024 910 5076 duritiam
947 5033 1191 5077 concreta
1225 5027 1461 5091 vertitur,
1491 5035 1544 5080 et
1576 5021 1762 5080 iterum
1803 5029 1853 5080 in

264 5091 527 5165 liquorem
561 5093 694 5146 solvi
725 5101 1022 5148 contuetur.
1056 5093 1214 5162 Lapis
1240 5111 1452 5165 quoque
1471 5139 1484 5160 ,
1525 5107 1579 5150 ut
1608 5096 1707 5151 Job
1736 5098 1856 5153 libri

265 5173 450 5219 narrat
503 5163 756 5229 historia,
808 5166 1068 5219 resolutus
1115 5163 1292 5220 calore
1322 5163 1376 5220 ιιι
1414 5182 1486 5220 ωε
1531 5171 1857 5223 convertitur

265 5232 404 5309 (Job
437 5250 619 5298 xxvtu,
645 5234 751 5304 2);
783 5237 921 5305 quod
952 5252 1054 5309 non
1078 5245 1269 5306 potest,
1302 5239 1400 5292 nisi
1431 5240 1576 5306 prius
1605 5239 1654 5292 in
1683 5240 1856 5309 liquo-

269 5308 340 5378 ris
363 5315 610 5358 naturam
640 5320 934 5378 moveatur.
959 5307 1219 5378 PaL-terea
1251 5325 1458 5378 quoque
1486 5326 1642 5364 omne
1669 5307 1855 5366 metal-

270 5374 378 5428 lum
409 5386 851 5447 quauttecumque
892 5377 1099 5432 duritia:
1142 5374 1330 5443 fuerit,
1363 5374 1604 5449 quamvis
1646 5383 1857 5449 liquida:

273 5456 480 5522 natura:
509 5463 628 5502 esse
667 5463 770 5502 non
810 5460 987 5522 pateat
1011 5451 1053 5516 ε,
1099 5450 1232 5522 igne
1263 5454 1550 5504 resolutum
1593 5454 1853 5522 liquescit.

272 5517 406 5593 Dum
434 5533 567 5588 ergo
581 5533 654 5593 es
672 5517 829 5593 aquai
856 5520 1075 5593 humore
1099 5517 1328 5589 lapidum
1351 5533 1534 5576 natura
1552 5517 1690 5593 gigni
1712 5539 1858 5578 com-

273 5589 544 5662 probatur,
570 5591 694 5659 quid
722 5591 896 5645 obstat
920 5592 963 5645 si
987 5591 1080 5646 Dei
1104 5593 1472 5662 gubernatoris
1495 5589 1763 5648 voluntate
1785 5596 1860 5648 la-

276 5659 354 5729 pis
396 5660 453 5714 in
482 5675 674 5731 aquam
707 5677 856 5717 versa
885 5665 1000 5718 vice
1029 5659 1281 5731 mutetur,
1311 5673 1366 5719 ut
1390 5674 1577 5719 natura
1610 5666 1677 5720 ad
1707 5682 1858 5722 suam

335 5801 353 5835 ι
391 5805 472 5846 ius.
494 5799 636 5857 Δῃὼ,
653 5805 810 5843 rocca:
835 5794 1047 5857 uagar'bu'

338 5865 354 5891 ι
390 5868 474 5912 us.
499 5855 638 5919 Anu;
660 5855 1112 5924 quatenus'tt'quida:
1133 5864 1321 5910 natura:
1339 5871 1442 5912 esse
1462 5863 1640 5922 pateat.

1415 376 1616 439 LIBER
1655 375 1932 436 PRIMUS.
1957 408 2029 423 -
2055 380 2420 442 APPENDIX.

3416 387 3559 450 21Ὶο

1974 496 2233 581 origipem
2268 500 2450 581 redire
2470 500 2709 581 festinet,
2737 517 2869 581 _cum
2899 501 3042 560 Deus
3064 518 3258 578 aquam
3301 507 3369 565 de
3406 520 3557 581 petra

1973 569 2170 637 pOpulo
2199 586 2298 624 suo
2328 572 2552 638 prteberi
2575 573 2760 638 jubet?

1971 639 2195 695 CAPUT
2231 640 2398 697 XXV.
2444 674 2516 685 ——
2551 639 2638 718 _De
2664 644 3004 718 ﬁliisMoysi,
3035 640 3190 718 quare
3225 648 3414 706 ducatu
3449 651 3550 710 Sa-

2443 715 2698 787 cerdoitum
2725 715 2920 787 privati
2936 715 3074 774 sunt.

2041 780 2177 862 Post
2205 781 2320 862 ltmc
2349 801 2556 854 quoque
2588 780 2750 862 Moysi
2781 799 3066 862 cognatus,
3108 805 3226 862 cum
3259 791 3550 862 Sephoram

1971 850 2110 929 illius
2133 853 2297 922 Moysi
2321 850 2536 929 uxorein
2564 867 2617 912 et
2641 850 2773 913 duos
2803 850 2940 914 filios
2965 850 3080 929 ejus
3101 850 3382 928 detulerat,
3406 850 3550 922 ociti

1971 921 2066 998 ipsi
2098 924 2148 976 itt
2180 921 2458 998 occursum
2486 927 2690 998 Moyses
2719 945 2809 997 per
2848 921 3115 985 desertum
3147 935 3293 988 exire
3320 921 3550 990 festinat.

1969 993 2131 1067 Cujus
2153 997 2376 1050 consilio
2402 993 2641 1066 quamvis
2663 993 2888 1067 gentilis,
2918 1012 3092 1056 tamen
3117 1019 3238 1057 cmn
3265 1004 3330 1058 ad
3351 1016 3554 1060 castro-

1971 1079 2084 1117 rum
2116 1065 2287 1144 locum
2312 1065 2540 1144 venitur,
2568 1065 2759 1144 tribuni
2787 1083 2839 1144 et
2859 1075 3201 1129 centuriones
3220 1083 3275 1129 et
3295 1077 3560 1144 quinqua-

1969 1138 2164 1211 gfitarii
2209 1145 2263 1190 et
2305 1138 2634 1211 decuriones
2672 1141 2721 1194 in
2783 1142 2871 1196 Dei
2921 1145 3115 1211 pepulo
3161 1138 3558 1202 constituuntur

1970 1203 2162 1286 (Exod.
2191 1225 2334 1272 xvm,
2364 1211 2475 1270 5-7,
2499 1209 2586 1286 2|,
2757 1212 2859 1286 Sed
2892 1203 2956 1267 de
2983 1203 3148 1286 Moysi
3181 1215 3301 1270 (iliis
3330 1217 3556 1286 quaestio

1970 1279 2222 1338 nascitur,
2255 1296 2348 1353 cur
2379 1282 2541 1353 patris
2565 1283 2643 1334 sui
2676 1282 2726 1336 in
2759 1284 2949 1338 ducatu
2979 1279 3154 1353 populi
3185 1279 3424 1342 lt:eretIes
3447 1300 3556 1342 non

1969 1357 2126 1409 sunt,
2159 1351 2455 1422 sacerdotio
2500 1353 2686 1405 saltem
2718 1355 2990 1422 privantur
3010 1396 3022 1418 ,
3051 1351 3175 1409 dum
3207 1373 3300 1420 per
3331 1359 3554 1412 Psalmi-

1969 1419 2356 1500 statn‘dicitur,
2386 1421 2603 1500 Aloi/ses
2650 1419 2908 1478 et'Aaron
2960 1427 3024 1500 iu_
3059 1419 3399 1500 sacerdotibus
3445 1431 3555 1500 ejus

1973 1488 2142 1564 (_l’sal.
2171 1507 2352 1556 xcvnt,
2381 1493 2457 1554 ti).
2487 1488 2607 1564 [huc
2636 1502 2808 1548 tamen
2841 1497 3064 1564 qumstio
3088 1499 3345 1553 rationem
3373 1488 3552 1554 dando

1969 1561 2214 1639 vincitur,
2241 1577 2358 1615 cum
2385 1564 2472 1616 ll’lii
2500 1563 2748 1639 Moyside
2771 1561 2948 1631 gentili
2975 1577 3144 1639 matre
3176 1572 3556 1639 peregrinatio-

1970 1632 2050 1684 nis
2077 1648 2234 1711 caqsa
2264 1632 2606 1711 generantur.
2637 1636 2725 1711 Sic.
2752 1638 3047 1711 etenim_de
3075 1632 3276 1707 Morse,
3299 1632 3419 1695 cum
3449 1641 3556 1711 pri-

1968 1703 2289 1782 mogenitum
2320 1706 2606 1782 genuisset,
2638 1705 2864 1782 refertur
2885 1725 2904 1782 _:
2928 1706 3005 1782 ΔΕι
3027 1703 3421 1782 vocariinomen
3442 1703 3555 1782 ejus

1970 1769 2182 1911 Cetgéqt,
2220 1769 2409 1839 dicens,
2447 1777 2577 1839 Quia
2602 1778 2794 1830 advena
2819 1779 2894 1848 fui
2921 1779 3128 1832 interra
3158 1779 3326 1834 aliena
3357 1769 3550 1852 (Exod.

1970 1858 2024 1910 It,
2055 1883 2084 1895 ..
2153 1884 2165 1896 .

1967 1858 2024 1910 ιι,
2052 1858 2165 1910 :52).

2023 1914 2246 1991 (_‘AI’UT
2277 1915 2466 1991 XXVI.
2495 1916 2874 1991 jejunio
2905 1919 3243 1991 quadraginta
3270 1921 3486 1975 dierum.

2038 1938 2198 1969 ...ιι-υ
2221 1938 2237 1968 ι
2280 1938 2373 1969 ΑΛ
2391 1938 2411 1967 t-
2431 1938 2466 1968 I.
2495 1947 2566 1956 ---
2591 1938 2874 1988 chejttttto
2940 1938 3243 1991 uaaraguua
3270 1938 3486 1975 merum.

2038 1984 2240 2062 Interea
2285 1987 2530 2062 invitatus
2578 1989 2666 2042 Dei
2701 1938 3161 2059 littninealoyses,
3203 1992 3552 2062 quadraginta

1967 2053 2080 2134 dies
2102 2056 2380 2134 jejunavit,
2410 2069 2461 2112 et
2483 2060 2701 2134 iiberan
2727 2062 2814 2134 Dei
2841 2053 3034 2134 popqu
3071 2063 3137 2116 de
3168 2053 3547 2134 Egyptio'rum

1965 2125 2149 2204 decem
2182 2129 2377 2204 plagis.
2407 2125 2852 2204 quinquagesimo
2873 2125 2978 2194 die,
3011 2150 3074 2186 ex
3105 2151 3209 2203 qtto
3237 2125 3291 2187 iii
3317 2125 3552 2204 l—Egypto

1967 2195 2168 2248 Pascha
2177 2195 2520 2274 ht‘:t‘le_brat'u_tn
2548 2195 2859 2274 estfdecem
2889 2195 3256 2257 mandatorum
3287 2195 3552 2274 legttvtit'de

1966 2267 2315 2343 nt0ttte_Sitt:ti
2360 2270 2409 2322 iu
2441 2271 2646 2343 duabus
2674 2273 2892 2340 lapideis
2921 2275 3105 2326 tabulis
3136 2267 3548 2343 detulitlb'xod.

1967 2351 2114 2399 xxw,
2147 2339 2235 2413 I2;
2263 2355 2405 2413 xm,
2438 2341 2552 2413 _l8l.
2585 2339 2756 2413 Quas,
2789 2361 2906 2396 cum
2939 2343 3170 2397 offensus
3200 2355 3342 2398 esset
3361 2339 3551 2413 populi

1969 2410 2234 2484 peccantis
2279 2411 2514 2484 piai-ulo,
2541 2412 2604 2464 ad
2631 2414 2822 2484 montis
2841 2413 3046 2467 radices
3073 2414 3332 2484 confregit
3353 2410 3547 2481 (Ereti.

1965 2493 2109 2531 XXHI
2131 2520 2144 2538 .
2179 2481 2242 2532 19
2265 2485 2300 2545 ).
2345 2481 2776 2550 Restauratisque
2818 2484 3034 2537 totidem
3067 2481 3281 2538 numeri
3313 2485 3551 2552 ejusdem

1965 2552 2200 2622 materie
2219 2553 2424 2613 tabulis,
2448 2567 2628 2604 rursus
2643 2553 2984 2621 quadraginta
3003 2553 3436 2622 diebusjejunus,
3459 2555 3548 2610 Dei

1967 2619 2229 2692 largitoris
2269 2638 2520 2692 munere,
2559 2619 2744 2676 eadem
2784 2619 3042 2692 praecepta
3085 2619 3321 2692 recipere
3361 2619 3553 2680 meruit

1969 2687 2074 2764 (_l_d.
2111 2707 2288 2764 xxxiv,
2317 2691 2432 2764 ‘28).
2457 2694 2559 2746 Sed
2588 2710 2681 2760 per
2704 2687 2801 2747 hoc
2825 2687 3032 2764 tempus
3054 2687 3236 2749 contra
3265 2708 3551 2750 consuetu-

1964 2760 2140 2834 dinem
2173 2760 2593 2834 qunanintoris,
2627 2765 2703 2816 bis
2731 2760 3012 2819 taliterfut
3037 2766 3272 2834 przedixi.
3303 2767 3447 2820 nullo
3471 2767 3549 2818 fa-

1967 2831 2155 2900 tigatus
2187 2832 2374 2884 inedia:
2406 2834 2607 2897 labore,
2639 2835 2836 2888 nullam
2881 2831 3103 2889 terrena:
3129 2835 3548 2890 conversationis

1963 2916 2138 2972 escam
2167 2903 2530 2969 manducavit;
2563 2906 2808 2972 quoniam
2841 2905 3000 2960 divini
3027 2907 3289 2960 sermOuis
3327 2922 3550 2960 consor-

1966 2971 2038 3024 tio
2071 2973 2246 3052 fultus,
2281 2984 2383 3027 tam
2416 2971 2626 3045 longam
2661 2975 2894 3030 inediant
2923 2977 3037 3032 sine
3071 2977 3246 3032 esurie
3283 2980 3548 3033 sustinere

1963 3052 2148 3110 poltttt.

1997 3112 2223 3187 CAPUT
2283 3114 2493 3170 XXVII.
2538 3147 2607 3155 -—
2646 3115 2724 3170 De
2759 3117 2947 3187 populo
2985 3135 3160 3173 carnes

2035 3184 2298 3259 l’ra2terca
2344 3187 2580 3240 caruimu
2622 3184 3046 3257 concupiscentia
3090 3184 3318 3245 infidelis
3369 3189 3546 3259 populi

1963 3267 2084 3322 pars
2107 3255 2333 3318 flagrans
2356 3259 2722 3323 murmuravit,
2748 3255 2808 3312 et
2823 3275 3030 3313 manna:
3052 3260 3254 3314 cotlesti
3275 3255 3409 3314 ollas
3430 3255 3545 3314 car-

1963 3324 2106 3400 nium
2139 3325 2508 3400 [Egyptiorum
2553 3329 2857 3400 prmpttSItit.
2891 3329 2996 3385 Sed
3025 3340 3078 3400 ei
3107 3330 3269 3400 Moysi
3300 3345 3420 3384 cum
3457 3344 3547 3383 es-

1962 3405 2044 3450 Set
2084 3397 2411 3470 intoleranda
2440 3414 2526 3452 res
2562 3399 2706 3461 visa,
2737 3400 3012 3466 Dominus,
3048 3397 3325 3470 Populum,
3355 3401 3544 3469 inquit,

1959 3468 2220 3542 sancti/ica
2245 3469 2459 3542 crastino
2478 3484 2496 3522 :
2517 3486 2613 3542 ego
2628 3470 2757 3522 enim
2781 3471 2896 3523 illos
2918 3488 3082 3542 mense
3101 3468 3290 3542 integro
3313 3468 3549 3542 carnibus

1961 3539 2220 3611 saturabo.
2260 3537 2356 3592 Cui
2388 3537 2748 3593 imbecillitate
2778 3542 3024 3594 incitatus
3055 3537 3280 3595 ltutttattzt
3313 3540 3546 3611 Moyses,

1962 3607 2212 3681 Sescenta
2234 3611 2411 3672 millia,
2445 3611 2742 3678 respondit,
2769 3611 2990 3679 peditum
3015 3622 3372 3681 pugnatorum,
3403 3607 3548 3664 exce—

1961 3689 2045 3751 pto
2075 3679 2424 3751 innumerabili
2457 3681 2602 3750 vulgo
2628 3681 2779 3751 lmjus
2813 3682 2983 3750 populi
3010 3679 3336 3734 numerantur
3361 3698 3379 3734 :
3401 3698 3548 3751 nume

1959 3749 2080 3818 quid
2101 3752 2247 3802 boum
2278 3761 2323 3802 et
2360 3752 2522 3804 ovium
2545 3749 2786 3804 immensa
2820 3749 3085 3804 multitudo
3105 3752 3343 3816 cardetur,
3366 3761 3451 3804 aut
3475 3750 3546 3804 ad

1959 3821 2321 3873 saturatiouem
2349 3821 2726 3874 innumerabilis
2758 3823 2914 3875 turba:
2950 3823 3105 3888 pisces
3135 3822 3286 3874 maris
3307 3823 3357 3874 in
3387 3838 3544 3874 unum

1959 3891 2430 3962 congregabantur?
2457 3892 2522 3945 Et
2551 3891 2746 3944 idcirco
2776 3902 2832 3946 ttt
2859 3891 2987 3946 nihil
3017 3891 3083 3946 de
3115 3893 3208 3959 iis,
3234 3908 3351 3961 qme
3377 3890 3544 3962 Moysi

1960 3976 2112 4014 meus
2140 3961 2358 4030 fragilis,
2393 3972 2573 4030 utpote
2599 3963 2826 4032 humana
2857 3963 3099 4030 arripuit,
3126 3963 3178 4017 itt
3209 3972 3414 4032 pastqu
3445 3961 3544 4031 po-

1961 4032 2068 4100 puli
2097 4033 2325 4086 cederet.
2343 4032 2524 4085 Ventus
2553 4049 2584 4084 a
2610 4031 2828 4086 Domino
2848 4034 3122 4102 egrediens,
3153 4031 3380 4101 arreptas
3405 4043 3545 4086 trans

1960 4119 2101 4173 mare
2129 4105 2425 4167 coturnices,
2451 4103 2517 4155 ad
2537 4114 2817 4156 castrorum
2853 4104 2961 4156 loca
2991 4104 3190 4169 detulit,
3213 4121 3394 4173 easque
3412 4102 3544 4156 duo-

1960 4172 2049 4226 bus
2075 4173 2251 4226 cubilis
2285 4175 2336 4226 in
2371 4191 2485 4226 aere
2520 4173 2742 4227 volantes
2769 4176 2899 4227 circa
2927 4185 3206 4227 castrorum
3229 4172 3358 4239 loca,
3383 4191 3546 4243 quan-

1962 4254 2064 4296 tum
2088 4262 2188 4296 una
2213 4243 2294 4296 die
2313 4245 2694 4316 con/iripotest.
2723 4245 3150 4316 Ortygometram
3179 4245 3402 4316 inseruit
3422 4246 3497 4315 (ιι)
3527 4262 3542 4298 :

1961 4330 2117 4381 quum
2145 4316 2367 4383 populus
2397 4315 2669 4384 eolligeus,
2695 4315 2878 4370 mense
2902 4317 3126 4384 integro,
3157 4315 3207 4369 id
3235 4323 3337 4379 est,
3363 4316 3547 4384 trigin-

1963 4394 2011 4437 ta
2050 4385 2236 4439 diebus
2264 4386 2513 4440 comedit.
2542 4387 2644 4441 Sed
2677 4386 2975 4440 incredulos
3007 4386 3436 4440 murmurationis
3463 4385 3546 4438 uI-

1964 4457 2036 4508 tio
2065 4457 2422 4523 consequitur.
2454 4455 2584 4510 Nam
2614 4457 2664 4508 itt
2694 4457 2786 4510 illo
2817 4458 2954 4517 loco,
2989 4457 3290 4526 priusquam
3323 4455 3545 4523 populus

1961 4527 2323 4594 egrederetur,
2357 4529 2441 4594 qui
2473 4528 2886 4594 concupierant,
2915 4527 2990 4582 ira
3028 4527 3291 4581 dominica
3330 4526 3544 4578 mactati

1961 4543 2323 4594 egrederetur,
2395 4544 2441 4579 ιιι
2473 4543 2886 4594 concupterant,
2915 4543 2990 4582 Ira
3028 4543 3291 4581 oomuuca
3330 4543 3544 4578 ntuetau

1961 4597 2286 4663 sepeliuntur
2322 4543 2516 4669 (ﬁlum.
2550 4613 2599 4650 χι
2623 4598 2658 4669 )7.
2687 4596 2845 4652 Certe
2871 4599 2921 4650 in
2959 4601 3055 4651 ltoc
3082 4597 3428 4669 nihilinovum
3457 4594 3544 4650 vel

1961 4676 2144 4720 contra
2174 4666 2413 4720 naturam
2439 4685 2464 4719 a
2496 4668 2717 4720 Domino
2742 4669 3115 4734 contribuitur,
3140 4667 3226 4736 qui
3248 4666 3373 4736 olim
3395 4680 3546 4736 crea-

1965 4746 2138 4791 turam
2177 4739 2349 4791 avium
2375 4738 2676 4801 eonditam,
2705 4749 2758 4792 et
2800 4741 2850 4793 itt
2888 4739 3068 4792 abdito
3097 4735 3278 4791 mundi
3313 4735 3544 4804 quodam

1961 4809 2152 4878 angulo
2180 4809 2526 4872 reconditam,
2559 4809 2607 4862 in
2634 4811 2946 4864 necessitate
2974 4808 3146 4878 populi
3181 4807 3260 4862 sui
3291 4814 3544 4878 praestare

1961 4874 2188 4933 videtur.
2218 4880 2470 4946 Quamvis
2498 4881 2547 4931 itt
2581 4880 2713 4935 libro
2739 4874 3022 4950 Sapientia:
3043 4874 3313 4950 scribitur,
3343 4874 3542 4950 Novum

1962 4961 2113 5003 Ct'etllt
2133 4967 2240 5002 ram
2269 4951 2432 5002 arium
2452 4949 2678 5004 viderunt
2709 4947 2863 5021 (Sap.
2893 4966 2996 5013 xix,
3021 4948 3342 5021 Il):nuper
3367 4947 3544 5015 utique

1962 5030 2264 5086 ostensam,
2297 5036 2398 5074 non
2431 5038 2599 5090 nuper
2636 5020 2886 5076 creatatn.
2914 5021 3065 5088 Quod
3091 5020 3227 5074 ’olitn
3258 5020 3395 5072 Deus
3421 5032 3540 5070 cum

1961 5101 2116 5145 cattet
2129 5091 2170 5168 is
2189 5093 2459 5168 creaturis
2473 5094 2522 5146 in
2552 5093 2805 5168 principio
2825 5091 3084 5168 condidit,
3097 5091 3210 5168 .ltoc
3232 5090 3282 5143 itt
3307 5097 3547 5168 tempore

1957 5163 2294 5216 necessitatis
2329 5164 2463 5230 plebi
2507 5178 2617 5216 suae
2645 5160 2976 5217 ministravit.
3008 5161 3112 5216 Sed
3146 5173 3318 5214 tamen
3349 5160 3548 5214 idcirco

1962 5233 2264 5309 eoturniees
2301 5234 2366 5287 ad
2401 5235 2505 5309 t:t_Ie_
2533 5234 2900 5309 ministerium,
2932 5249 3049 5309 qua:
3080 5233 3222 5302 prius
3245 5247 3365 5284 cum
3396 5247 3546 5309 utan-

1964 5319 2030 5357 na
2049 5305 2360 5358 contribuue
2377 5305 2509 5358 niltil
2535 5305 2741 5359 adversi
2771 5304 3052 5358 edentibus
3069 5311 3421 5362 contuit'lttttl,
3449 5304 3546 5355 ista

1964 5376 2079 5428 vice
2109 5378 2298 5430 iterum
2329 5375 2536 5438 detuitt,
2569 5392 2635 5430 tte
2663 5375 2939 5444 quisquam
2983 5384 3190 5440 putaret
3209 5415 3222 5437 ,
3253 5372 3392 5442 quod
3423 5387 3545 5426 esea

1963 5446 2133 5522 avium
2168 5447 2280 5501 sine
2307 5447 2737 5522 murmurationis
2759 5446 2925 5522 cu‘lpa-
2943 5457 3162 5501 mortem
3196 5444 3393 5522 popqu
3412 5458 3548 5522 pra;-

1964 5518 2097 5572 stitit
2129 5545 2142 5571 ;
2175 5518 2422 5586 quoniam
2457 5527 2512 5572 et
2554 5517 2607 5570 in
2655 5518 2752 5570 Itac
2789 5517 3015 5572 vindicta
3050 5531 3176 5570 sana
3217 5515 3545 5569 conscientia

1963 5589 2306 5644 comedentes
2334 5589 2624 5666 incolumes
2645 5590 2996 5666 _servavitilei
3014 5586 3226 5666 quando
3251 5601 3370 5666 cum
3400 5600 3549 5637 man-

1966 5677 2033 5714 na
2074 5661 2194 5715 data
2223 5669 2337 5728 est,
2372 5660 2467 5714 toti
2507 5659 2828 5714 multitudini
2867 5659 2995 5714 nihil
3035 5656 3360 5714 incommodi
3403 5669 3546 5726 pra:-

1964 5731 2098 5788 buit.

2019 5858 2094 5922 ια)
2128 5853 2476 5920 Ortygamétra,
2502 5868 2662 5919 genus
2681 5855 2939 5906 coturnicis
2955 5853 3130 5916 insigni
3155 5848 3504 5914 magnitudine.

3241 3119 3508 3173 ostnlante.
