4048 6482
523 397 667 462 2175

527 518 595 572 tis
645 526 852 584 tempus
894 511 1176 570 consumit.
1231 511 1475 584 A_ttamen
1517 507 1632 584 haec
1685 507 1944 584 dicentes.
1993 517 2099 558 non

526 601 652 642 casu
679 575 936 640 accidisse
960 598 1228 638 murorum
1252 581 1466 636 Jericho
1491 580 1718 644 ruinam,
1741 575 2100 640 ostendimus;

527 657 622 713 sed
653 673 752 712 nec
779 665 962 711 contra
1000 663 1236 708 naturam
1259 653 1394 706 sicut
1421 649 1616 719 aliquid
1650 649 1702 702 in
1731 647 2008 719 miraculis
2026 643 2104 719 fa-

525 737 669 784 ctum
709 727 1070 781 ostendemus.
1116 724 1228 778 lloc
1257 723 1396 776 enim
1447 715 1582 776 sicut
1625 729 1678 774 et
1722 729 1910 772 ca-tcra
1945 715 2106 772 mini-

528 798 684 852 strari
705 797 943 866 angelico
963 809 1122 862 opere
1141 792 1550 863 designavimus,
1571 789 1664 845 Dei
1683 789 1834 860 jussu
1857 787 2104 844 ell‘ectum

529 869 694 924 fuisse
717 883 820 922 non
849 866 1171 921 dubitamus.

527 973 751 1030 CAPUT
788 973 878 1028 IV.
899 1003 972 1014 —
989 971 1068 1028 De
1107 971 1210 1028 sole
1231 979 1282 1096 Si
1319 971 1442 1024 (una
1467 968 1712 1024 stantibus
1727 941 1806 1022 'ad
1835 968 2105 1038 imperium

1271 1058 1410 1096 osue.

1271 1058 1410 1097 osue.

600 1149 729 1204 Post
749 1147 852 1204 hoc
875 1159 1084 1214 quoque
1117 1145 1539 1214 Chananmorum
1563 1139 2030 1214 quinqueregilius
2053 1137 2106 1214 i_n
2139 1148 2141 1150 '

529 1235 689 1274 unum
717 1208 1047 1284 congregatis
1069 1225 1125 1292 ut
1165 1223 1455 1284 pugnarent
1480 1208 1731 1292 adversus
1763 1211 1909 1292 filios
1925 1208 2104 1292 Israel,

528 1306 648 1342 eum
679 1305 742 1342 ex
783 1279 1006 1342 adverso
1041 1279 1394 1342 miscerentur
1431 1284 1700 1343 cohortes,
1729 1291 1781 1334 et
1809 1279 2024 1332 victoria
2053 1279 2105 1332 in

529 1360 621 1414 Dei
652 1359 824 1428 populi
855 1367 1056 1424 partem
1091 1356 1425 1428 concederet,
1458 1353 1612 1428 Jesus
1639 1353 1778 1406 filius
1812 1350 1928 1428 Non
1967 1349 2108 1414 prin-

529 1423 664 1495 ceps
691 1423 866 1498 populi
893 1429 1058 1502 _lsracl
1086 1427 1256 1502 soliin
1288 1425 1462 1478 medio
1487 1424 1573 1478 die
1599 1423 1849 1502 prmcepit
1875 1432 1931 1502 ut.
1959 1436 2024 1502 ne
2049 1435 2108 1474 se

527 1491 784 1556 moveret.
813 1511 866 1552 et
893 1500 1033 1551 luna:
1057 1498 1142 1550 ubi
1175 1497 1344 1549 fuerat
1373 1503 1556 1556 staret,
1588 1493 1760 1547 donec
1787 1507 1844 1546 se
1885 1491 1974 1544 Dei
2016 1505 2109 1556 po-

529 1571 680 1640 pulus
702 1571 768 1624 de
789 1569 1014 1640 inimicis
1035 1564 1582 1640 vindicaret._quod_ct
1617 1565 1808 1640 factrum
1845 1570 1942 1640 est.
1977 1561 2106 1614 Nam

530 1633 606 1695 sol
639 1640 772 1693 duos
797 1640 908 1694 dies
930 1639 981 1692 in
1013 1654 1115 1690 uno
1139 1633 1417 1696 conclusit,
1446 1643 1499 1690 et
1522 1635 1642 1687 luna
1673 1633 1776 1686 diei
1805 1634 1975 1699 spat‘o
2003 1647 2106 1686 non

529 1712 777 1764 occurrit.
805 1709 862 1763 lu
903 1725 1002 1775 qua
1025 1707 1266 1776 jussioue
1304 1721 1408 1759 non
1441 1705 1652 1776 humani
1686 1703 1890 1776 imperii
1925 1711 2110 1776 aucto-

529 1783 684 1835 ritale
711 1772 988 1834 luminaria
1025 1772 1380 1846 requieScunt.
1413 1775 1506 1828 sed
1551 1773 1754 1846 Domini
1799 1772 2110 1846 imperantis

531 1859 590 1906 ut
614 1861 833 1912 starent,
853 1849 1019 1918 juSsni
1050 1842 1321 1902 obediunt.
1349 1846 1488 1898 Nihil
1515 1845 1654 1918 enim
1676 1853 1896 1918 propter
1919 1842 2110 1918 juben:

533 1923 598 1976 tis
629 1911 870 1975 hominis
893 1919 1112 1972 verbum
1161 1918 1248 1970 Dei
1290 1925 1548 1971 creaturae
1591 1915 1806 1976 faciunt,
1845 1913 1936 1966 sed
1969 1911 2108 1980 quod

531 1992 786 2046 Dominus
825 1991 961 2044 servi
1008 1989 1088 2044 sui
1133 1987 1355 2042 orationi
1396 1985 1650 2038 obediens
1693 1985 1966 2050 prrrcepit,
2009 1984 2110 2036 hoc

531 2061 784 2116 efﬁciunt.
814 2061 900 2114 Sic
937 2061 1076 2112 enim
1111 2057 1461 2128 perscribitur
1490 2055 1631 2128 :ASQl
1656 2055 1982 2128 stetitcantra
2007 2051 2110 2128 Ga-_

532 2131 687 2190 baon.
718 2141 762 2184 et
792 2132 912 2184 luna
940 2131 1007 2183 ad
1031 2125 1208 2182 uallem
1247 2126 1457 2188 Hailon,
1483 2125 1736 2180 obedienle
1765 2125 1977 2178 Domino
2005 2125 2113 2176 voci

531 2203 749 2256 hominis
771 2201 953 2270 (Iosue
991 2216 1050 2266 x,
1081 2199 1289 2270 η-η).
1334 2197 1412 2270 Ex
1440 2213 1545 2270 quo
1583 2197 1894 2270 intelligitur
1945 2196 2110 2248 Demn

535 2266 808 2326 servorum
833 2287 1046 2324 suorum
1075 2269 1320 2340 precibus
1347 2266 1583 2328 obedire,
1627 2275 1678 2321 et
1705 2267 1767 2340 ad
1796 2280 2109 2340 eorum_pe-

531 2343 834 2396 cessitatem
869 2335 1141 2395 creaturas
1175 2354 1298 2392 snas
1322 2345 1617 2405 opportune
1643 2339 1958 2404 gubernare.
1989 2335 2114 2390 Haec

536 2413 876 2466 luminarium
903 2425 1048 2464 mora
1089 2409 1214 2463 nihil
1261 2423 1453 2464 novum
1500 2408 1550 2462 in
1595 2417 1780 2462 natura
1822 2407 2110 2470 commisit,

534 2483 634 2544 etsi
665 2483 718 2542 in
745 2481 1038 2558 ministerio
1073 2480 1267 2558 aliquid
1295 2481 1495 2534 varium
1535 2477 1790 2558 ostendit.
1819 2476 2001 2558 Sedet
2025 2475 2112 2530 illa

535 2559 760 2612 varietas
803 2557 932 2611 nihil
983 2556 1034 2608 in
1069 2547 1190 2607 anni
1235 2568 1390 2628 cursu
1443 2559 1499 2628 et
1539 2549 1861 2616 reliquorum
1907 2547 2112 2628 dierum

535 2627 838 2688 commovit,
871 2626 995 2680 dum
1025 2625 1220 2688 pariter
1245 2623 1325 2676 sol
1365 2629 1420 2674 et
1455 2621 1578 2674 luna
1623 2617 2030 2684 unumquodque
2061 2617 2112 2670 in

536 2713 632 2752 suo
655 2698 840 2751 ordine
869 2694 1143 2764 requievit.
1179 2693 1230 2746 Si
1259 2693 1398 2764 enim
1427 2705 1589 2764 unum
1630 2689 1888 2764 luminare
1931 2703 2114 2741 curre-

535 2777 635 2828 ret,
689 2767 813 2820 dum
863 2759 1086 2819 alterum
1133 2762 1342 2816 interim
1387 2761 1758 2828 requiesceret,
1807 2759 2012 2811 dierum
2063 2765 2116 2811 et

537 2837 796 2892 mensium
835 2847 887 2888 et
923 2849 1180 2890 annorum
1217 2841 1485 2886 assuetum
1510 2845 1722 2883 cursum
1753 2829 2112 2882 conturbaret.

537 2907 670 2961 Dum
698 2919 870 2960 autem
895 2913 1174 2970 utrumque
1200 2919 1402 2956 moram
1427 2901 1560 2952 hanc
1589 2899 1789 2962 habuit,
1815 2899 1962 2966 quasi
1995 2907 2116 2966 post

535 2985 846 3032 consuetum
899 2975 1038 3030 diem
1085 2969 1136 3027 in
1189 2987 1408 3026 occasus
1461 2971 1540 3024 Sui
1587 2971 1806 3024 limitem
1863 2969 2114 3034 perrexit.

535 3047 650 3102 Non
693 3047 832 3100 enim
871 3045 1008 3112 quod
1039 3043 1102 3098 ad
1137 3043 1258 3096 belli
1291 3041 1728 3096 illuminationem
1762 3039 1880 3092 luna
1911 3049 2034 3112 tunc
2063 3039 2114 3094 in

535 3117 816 3190 prmseiitia
843 3109 970 3170 solis
1015 3113 1314 3190 proliceret,
1359 3121 1501 3166 stare
1544 3112 1868 3190 imperatur;
1917 3109 2011 3190 sed
2051 3125 2117 3164 ne

538 3181 661 3257 quid
691 3189 742 3240 in
774 3181 1362 3257 congruoluminarium
1391 3189 1578 3257 meatu
1595 3196 1686 3249 per
1708 3181 1860 3257 unius
1884 3181 2116 3257 quietem

538 3251 590 3313 et
609 3259 823 3312 alterius
839 3251 1050 3311 cursum
1069 3255 1452 3308 destrueretur.
1478 3251 1580 3306 Sed
1599 3251 1846 3314 «ironiam
1873 3260 1924 3302 et
1955 3251 2117 3304 maris

539 3344 754 3382 cursum
803 3327 972 3382 lunari
1023 3325 1420 3380 convenientem
1475 3337 1592 3375 esse
1633 3322 1682 3374 in
1723 3321 1968 3374 ouinilms
2003 3319 2116 3374 evi-

539 3399 728 3452 denter
765 3398 1192 3452 monstravimus.
1225 3405 1276 3448 et
1317 3395 1462 3447 illmn
1496 3402 1618 3446 tunc
1645 3391 1988 3460 requievisse,
2018 3391 2118 3444 etsi

538 3467 825 3538 Scriptum
859 3467 1075 3538 vocibus
1117 3467 1388 3538 reticetur,
1427 3477 1602 3516 nonne
1645 3461 1990 3538 ipseAillarmn
2027 3477 2118 3514 re-

540 3531 991 3606 rum'prouun'iat
1026 3535 1370 3591 observabilis
1413 3531 1775 3606 commeatus?
1810 3531 1964 3606 Luna
1993 3547 2119 3584 vero

540 3625 644 3664 non
671 3601 872 3662 tantum
903 3609 954 3662 in
985 3607 1083 3660 hac
1111 3606 1336 3661 statione
1367 3603 1702 3670 requieverit,
1730 3602 1822 3654 sed
1861 3611 1912 3654 et
1943 3601 2118 3656 incre-

541 3681 703 3734 menti
731 3679 810 3732 vel
837 3677 1158 3733 derrementi
1187 3677 1266 3730 sui
1295 3675 1506 3728 interim
1531 3672 1964 3726 consuetudinem
1997 3687 2120 3739 age-

541 3765 600 3804 rc
629 3766 732 3803 nou
777 3749 964 3817 potuit.
1010 3747 1063 3802 Si
1115 3748 1254 3800 enim
1283 3745 1408 3798 dum
1439 3744 1586 3798 stetit
1613 3744 1754 3804 luna,
1793 3743 1917 3817 licet
1947 3751 2114 3817 stans,

541 3834 632 3874 sua
675 3811 996 3874 incrementa
1037 3817 1120 3872 vel
1165 3817 1500 3871 decrementa
1547 3823 1758 3882 ageret;
1793 3811 1918 3866 illud
1949 3813 2122 3866 incre-

541 3900 778 3944 mentum
809 3890 992 3943 lunare
1019 3888 1152 3940 ultra
1175 3887 1302 3940 solis
1332 3899 1542 3938 cursum
1575 3885 1624 3936 in
1657 3885 1924 3951 cvi-lorum
1953 3882 2118 3934 ratio-

541 3961 696 4016 nibus
723 3961 918 4028 aliquid
965 3959 1223 4028 turbaret.
1261 3957 1390 4028 Dum
1419 3969 1548 4028 vero
1587 3953 1712 4028 nihil
1754 3953 1803 4028 in
1844 3953 2024 4028 circuli
2059 3952 2118 4028 in

543 4047 602 4084 se
639 4023 952 4085 revertentis
977 4043 1134 4082 cursu
1176 4027 1292 4081 dies
1327 4025 1412 4078 illa
1445 4023 1602 4080 solito
1643 4024 1845 4092 longior
1873 4023 2116 4090 pra-linit,

541 4109 670 4154 tunc
707 4099 1057 4174 manifestum
1078 4106 1178 4174 est,
1207 4097 1347 4164 quod
1391 4095 1443 4148 in
1489 4095 1574 4174 illa
1603 4093 2122 4174 supervenienteve-

543 4185 716 4238 spcra,
764 4170 918 4224 unius
955 4167 1058 4238 dici
1103 4161 1496 4238 incrementum
1529 4165 1674 4238 luna,
1705 4164 1839 4238 sicut
1883 4161 2120 4238 quotidie

544 4233 905 4310 solet,gessit.
933 4237 1002 4292 Ut
1023 4239 1162 4310 enim
1193 4236 1300 4310 hoc
1329 4235 1620 4310 manifestis
1655 4233 2121 4310 approbationibus

547 4303 752 4378 pateat:
772 4309 1039 4380 cyclornm
1068 4309 1223 4380 etiam
1256 4307 1322 4360 ab
1361 4305 1509 4359 initio
1547 4303 1743 4358 conditi
1773 4303 1915 4356 orbis
1940 4318 2122 4380 recur-

543 4373 635 4434 sus
661 4380 710 4434 in
732 4373 1052 4454 se'breviter
1079 4377 1400 4445 digeremus,
1426 4391 1559 4454 quos
1587 4389 1794 4454 semper
1823 4381 1941 4454 post
1967 4373 2120 4454 quin-

543 4459 730 4520 gentos
767 4449 978 4520 triginta
1005 4447 1137 4502 duos
1181 4461 1370 4520 annos,
1417 4447 1531 4500 sole
1575 4455 1630 4520 ut
1673 4447 1724 4498 in
1757 4445 2036 4520 principio,
2069 4455 2121 4497 et

543 4514 664 4574 lima
696 4537 788 4582 per
813 4514 988 4576 oinuia
1020 4517 1474 4578 convenientibus,
1505 4516 1662 4570 nullis
1691 4514 2122 4569 subvenientibus

547 4591 958 4666 impedimentis,
998 4590 1049 4643 in
1082 4589 1130 4642 id
1159 4585 1836 4666 unde_cmperant,_redire_
1869 4583 2120 4666 ostende-

544 4657 684 4718 mus.
716 4661 911 4728 Quinto
949 4673 1174 4729 namque
1213 4659 1364 4728 cyclo
1391 4673 1420 4710 a
1462 4657 1641 4729 mundi
1675 4657 1949 4724 principio,
1981 4669 2122 4729 anno

545 4723 836 4788 centesimo
875 4742 1064 4797 quarto
1091 4723 1330 4788 'decimo,
1359 4728 1608 4797 generale
1649 4723 1807 4778 totius
1835 4725 2012 4797 innndi
2041 4723 2122 4778 di-

545 4802 742 4857 luvium
771 4802 870 4856 sub
895 4795 1008 4855 Noc
1033 4801 1200 4864 venit,
1232 4799 1319 4868 qui
1343 4795 1470 4868 post
1491 4797 1742 4868 diluvium
1771 4795 2123 4868 quadringen-

547 4875 736 4927 tesimo
779 4873 986 4927 decimo
1029 4881 1216 4925 octavo
1252 4865 1392 4922 auuo
1443 4866 1638 4922 defecit
1681 4883 1693 4919 :
1732 4877 1785 4920 et
1825 4865 1946 4919 inde
1988 4865 2122 4920 alius

549 4943 826 5012 incipiens,
871 4942 922 4996 id
969 4951 1068 5006 est,
1119 4949 1320 5012 sextus,
1369 4939 1418 4990 in
1467 4936 1865 5012 octavooatatis
1895 4935 2122 5012 Abi-alue

547 5007 687 5068 anno
727 5007 923 5067 linitur.
965 5013 1031 5066 Et
1065 5026 1206 5065 nouo
1247 5010 1360 5076 ejus
1385 5023 1525 5061 anno
1553 5007 1806 5072 septimus
1843 5007 2118 5074 incipiens,

547 5085 817 5152 trigesimo
859 5083 1044 5152 quinto
1079 5097 1218 5134 anno
1251 5079 1569 5148 egressionis
1605 5077 1828 5152 ﬁliorum
1863 5077 2020 5152 Israel
2055 5077 2122 5152 de

547 5147 804 5225 Egypto,
836 5147 1196 5222 quinquennio
1237 5147 1361 5225 ante
1397 5159 1620 5202 mortem
1661 5147 1823 5225 Moysi
1855 5147 2123 5225 concludi-

549 5217 672 5280 tur?
695 5217 823 5278 Post
856 5217 1020 5293 quem
1065 5232 1306 5284 octavus,
1351 5221 1400 5273 in
1432 5235 1536 5288 quo
1565 5228 1646 5272 est
1675 5217 1800 5271 illud
1829 5219 2033 5293 signum
2069 5219 2118 5293 iu

547 5295 661 5350 sole
689 5303 744 5350 et
771 5289 896 5348 luna
925 5293 1140 5358 factum,
1167 5293 1436 5362 trigesimo
1460 5299 1610 5362 sexto
1639 5303 1776 5362 anno
1803 5289 2122 5362 egressionis

549 5363 710 5421 Israel
747 5366 816 5420 de
845 5363 1078 5436 Egypto
1121 5359 1397 5436 incipiens,
1529 5359 1853 5436 trigesimum
1897 5359 2119 5436 primum

548 5451 745 5508 annum
777 5439 896 5490 Asu:
918 5429 1080 5506 regis
1120 5429 1702 5508 Jttda__incidit._($njus
1739 5429 2122 5508 trigesimouse:

548 5505 724 5562 cuudo
747 5521 888 5562 anno
913 5497 1086 5560 noxius
1107 5503 1382 5558 exordium
1409 5497 1647 5570 capiens,
1677 5501 1728 5555 in
1759 5497 1864 5570 quo
1903 5509 1954 5552 et
1979 5497 2120 5570 aliud

548 5579 756 5650 signum
784 5577 836 5630 in
864 5579 1005 5650 sole,
1027 5575 1266 5650 Ezechiae
1292 5575 1432 5650 regis
1453 5569 1710 5650 tempore,
1741 5569 1807 5625 de
1837 5583 1940 5638 quo
1967 5569 2122 5637 paulo

550 5643 670 5718 post
692 5647 953 5712 dicemus,
979 5645 1174 5702 factum
1205 5643 1412 5716 legitur,
1441 5643 1732 5698 centesimo
1767 5651 1954 5718 octavo
1981 5653 2120 5692 anno

548 5716 670 5792 post
701 5721 883 5788 templi
912 5719 1369 5792 restaurationem,
1401 5718 1640 5792 quaesub
1671 5718 1828 5792 Dario
1857 5716 1996 5792 laeta
2017 5719 2120 5778 est,

553 5785 632 5848 sui
684 5785 871 5845 cursus
913 5789 1140 5860 spatium
1185 5785 1618 5860 consummavit:
1666 5787 1835 5842 donec
1883 5785 2124 5860 decimus

556 5861 682 5924 inde
720 5862 902 5918 oriens
942 5854 1290 5931 nonagesimo
1323 5859 1558 5916 secundo
1585 5873 1724 5916 anno
1769 5866 1888 5930 post
1915 5854 2122 5929 passio-

1253 395 1343 455 DE
1380 387 1808 454 MIRABILIBUS
1844 389 2092 448 SACRE
2129 383 2552 462 SCRIPTURE,
2593 393 2652 449 S.
2693 391 3062 452 AUGUSTINI

3641 393 3794 452 2176

2211 521 2333 580 nem
2373 504 2692 580 Salvatoris,
2728 509 2842 564 Alia
2873 518 2927 562 et
2955 509 3148 580 Sparsa
3179 505 3259 579 (α)
3293 508 3631 574 consulibus,
3659 525 3794 580 per-

2211 577 2343 630 actis
2371 578 2614 650 cursibus
2640 577 3052 635 consummatur.
3081 577 3210 635 Post
3233 577 3394 650 quem
3419 577 3730 636 undecimus
3755 595 3793 636 a

2213 648 2488 722 consulatu
2519 649 2727 704 Paterni
2755 660 2808 704 et
2834 650 3084 720 Torquati
3119 650 3212 722 ad_
3219 648 3405 722 nostra
3444 666 3612 722 usque
3657 659 3794 706 tem-

2215 733 2339 785 pora
2373 718 2680 786 decurrens,
2724 718 2968 774 extremo
3007 736 3147 774 anno
3193 718 3618 776 Hibernieusium
3669 735 3796 778 mo-

2215 788 2384 862 riente
2429 787 2716 862 Manichaee
2755 791 2891 844 inter
2915 801 3136 862 caeteros
3171 791 3456 860 sapientes,
3501 795 3793 862 peragitur.

2215 857 2282 911 Et
2309 857 2653 914 duodecimus
2681 876 2822 914 nunc
2853 861 3062 916 tertiqu
3107 857 3305 914 annum
3351 857 3514 931 agens
3547 863 3614 916 ad
3630 857 3796 917 Tutu-

2215 944 2392 1002 rerum
2421 931 2692 1002 scientiam
2709 947 2767 984 se
2793 940 3072 1000 praestans,
3094 931 3294 986 anubis
3315 934 3521 1002 qualem
3543 933 3704 987 ﬁnem
3723 933 3798 990 sit

2215 997 2488 1053 habiturus
2529 997 2844 1069 ignoratur:
2889 1017 3112 1072 quorum
3152 997 3514 1072 iuiusquisque
3541 1003 3797 1059 uniformi

2217 1071 2985 1142 Statu,peractisquiugeutis
3043 1071 3256 1142 triginta
3301 1071 3509 1128 duobus
3555 1076 3712 1127 anuis
3739 1075 3796 1130 in

2215 1139 2578 1212 semetipsum,
2600 1141 2671 1212 id
2705 1139 2902 1208 'est,'iu
2940 1139 3206 1212 sequentis
3235 1143 3439 1196 initimn
3479 1145 3792 1210 revolvitur,

2215 1211 2764 1282 couiplezisvideliCet
2795 1213 2846 1265 in
2884 1211 3200 1282 unoquoque
3228 1213 3493 1267 solaribus
3523 1217 3798 1270 octovice--

2215 1281 2298 1332 nis
2341 1281 2678 1342 nouodecies.
2731 1291 2786 1336 et
2829 1283 2879 1338 in
2933 1283 3206 1338 lunaribus
3257 1283 3800 1339 decemnovenalibus

2215 1351 2376 1422 vicies
2395 1352 2560 1405 octies
2591 1353 2822 1406 circulis.
2864 1351 2990 1407 Post
3015 1367 3148 1420 quos
3173 1363 3228 1406 et
3256 1353 3310 1408 in
3339 1353 3509 1407 lunari
3537 1363 3802 1422 supputa-

2215 1421 2358 1473 tione
2379 1437 2472 1490 per
2492 1437 2801 1477 communes
2821 1423 3096 1478 duodecim
3123 1432 3176 1478 et
3195 1423 3540 1478 embolismos
3565 1421 3796 1492 septem,

2217 1507 2310 1558 per
2335 1492 2626 1560 ogdoadem
2669 1501 2719 1547 et
2761 1493 3116 1548 bendecadem
3143 1503 3196 1548 ct
3225 1494 3612 1548 incrementum
3645 1493 3800 1548 hma-

2213 1577 2292 1624 re,
2323 1562 2462 1631 quod
2512 1571 2901 1630 colnpulatores
2949 1565 3140 1618 saltum
3187 1565 3498 1630 nominant;
3541 1573 3596 1618 et
3635 1565 3800 1621 solari

2217 1648 2309 1704 per
2346 1633 2663 1704 quadrantes
2705 1645 2758 1688 et
2799 1633 3060 1688 bissextus
3100 1634 3379 1703 diligenter
3407 1635 3796 1704 dinumeratos,

2215 1703 2428 1756 deruunt
2459 1703 2665 1758 duobus
2691 1705 3036 1758 luminaribus
3069 1705 3286 1760 totidem
3311 1704 3424 1759 dies
3455 1703 3796 1772 habentibus,

2215 1781 2268 1826 et
2295 1789 2388 1840 per
2411 1787 2597 1827 cursus
2622 1775 2702 1828 sui
2743 1789 2931 1829 omnes
2971 1775 3134 1830 lineas
3160 1776 3408 1828 concordi
3433 1777 3642 1830 ratione
3665 1791 3802 1830 con-

2215 1843 2568 1908 venientibus,
2603 1845 2760 1898 veluti
2803 1846 3005 1914 primus
3039 1845 3238 1899 conditi
3267 1845 3412 1900 orbis
3436 1861 3609 1899 annus
3639 1846 3802 1900 inno-

2215 1923 2388 1966 vatur.
2429 1914 2556 1966 Dum
2585 1930 2711 1984 ergo
2737 1915 2789 1968 hi
2823 1916 3136 1970 circulorum
3168 1916 3358 1968 totales
3379 1931 3627 1970 recursus
3656 1915 3710 1969 in
3741 1929 3803 1971 so

2217 1995 2550 2056 congrue,_et
2582 1995 2702 2056 post
2743 1985 2859 2040 illos
2897 1987 3074 2056 cyclos
3108 1987 3302 2056 quibus
3325 1986 3390 2056 in
3431 1987 3541 2040 sole
3577 1995 3638 2040 et
3677 1987 3802 2056 luna

2219 2069 2387 2126 morae
2420 2054 2502 2107 vel
2531 2055 2732 2108 reditus
2759 2054 2944 2126 signa,
2961 2055 3228 2124 quomodo
3257 2055 3356 2126 sub
3382 2056 3510 2111 Jesu
3547 2059 3632 2111 vel
3661 2055 3802 2110 Eze—

2217 2123 2331 2196 cliia
2367 2123 2560 2178 factum
2587 2123 3142 2196 lcgiturfapparuisse
3166 2125 3502 2192 describitur,
3531 2127 3650 2181 sine
3691 2127 3798 2182 ulla

2218 2195 2471 2266 varietate
2514 2195 2770 2258 redeunt;
2809 2195 3087 2251 manifeste
3135 2197 3460 2265 intelligitur,
3504 2197 3646 2266 quod
3691 2211 3802 2252 non

2218 2279 2363 2318 mora
2397 2265 2480 2318 illa
2508 2275 2596 2318 aut
2619 2267 2853 2322 reversio
2872 2266 3066 2335 aliquid
3087 2269 3138 2320 in
3161 2267 3494 2320 luminat-ium
3522 2265 3576 2321 et
3597 2277 3804 2336 tempo-

2219 2350 2334 2388 rum
2357 2345 2568 2408 as-nueto
2595 2353 2752 2408 cursu
2781 2337 3126 2408 praepeditum
3157 2338 3238 2390 vel
3265 2337 3531 2392 insolitum
3564 2339 3802 2408 relique-

2219 2415 2369 2468 runt;
2394 2405 2486 2460 sed
2514 2407 2660 2474 quasi
2697 2421 2788 2476 per
2813 2407 2950 2462 diem
2983 2423 3193 2462 omnem
3239 2409 3288 2462 in
3335 2423 3557 2462 occasus
3598 2405 3703 2472 sui,
3743 2418 3804 2464 ut

2219 2491 2374 2546 supra
2423 2476 2554 2538 dixi,
2602 2477 2820 2531 limitem
2873 2489 3111 2544 currunt,
3155 2489 3430 2546 postquam
3465 2479 3606 2533 illius
3645 2479 3804 2534 solito

2219 2545 2472 2618 loogioris
2506 2547 2609 2618 diei
2641 2551 2868 2618 spatium
2909 2545 3243 2618 peregerunt.
3285 2549 3387 2602 Per
3411 2549 3550 2618 quod
3591 2547 3804 2604 videtur

2219 2617 2514 2688 quoiluiliil
2542 2617 2606 2672 ad
2639 2617 2917 2688 sequentis
2943 2621 3112 2672 noctis
3139 2617 3518 2686 longitudinem
3545 2620 3804 2686 temporis

2221 2685 2306 2739 illa
2335 2687 2449 2760 dies
2477 2689 2630 2760 longa
2651 2685 2950 2752 contulerit,
2973 2689 3124 2756 cujus
3147 2689 3391 2758 princeps
3419 2689 3614 2760 pariter
3639 2685 3692 2744 in
3715 2689 3804 2745 die

2219 2771 2340 2810 cum
2362 2758 2474 2812 Sole
2503 2758 2604 2828 diei
2631 2761 2912 2828 prarposito
2937 2761 3056 2812 luna
3089 2760 3364 2828 requievit.

2375 2827 2601 2882 CAPUT
2634 2827 2700 2882 γ.
2733 2827 2804 2869 -ἓ-
2827 2829 2904 2882 De
2929 2827 3230 2882 Gedeone’et
3263 2829 3659 2900 duobussignis.

2293 2897 2471 2966 itaque
2511 2913 2728 2967 purgata
2757 2899 2977 2954 funestis
3034 2901 3414 2954 habitatoribus
3439 2897 3804 2956 Chananitidis

2221 2971 2456 3040 regione,
2483 2971 2538 3022 in
2570 2971 2656 3023 Dei
2681 2971 2856 3039 populi
2877 2970 3198 3024 deditionem
3223 2972 3336 3040 ipsa
3363 2987 3390 3024 a
3415 2971 3640 3025 Domino
3661 2971 3802 3025 terra

2223 3039 2490 3110 tribuitur.
2543 3040 2640 3107 Qui
2696 3041 3030 3104 postmodum
3077 3042 3221 3110 pacis
3246 3039 3370 3096 ’otio
3417 3043 3710 3106 resolutus,
3753 3043 3806 3098 in

2225 3109 2484 3162 idolorum
2515 3119 2669 3164 terrae
2695 3111 2836 3164 illius
2863 3121 2916 3166 et
2939 3109 3262 3178 reliquarum
3291 3114 3344 3166 in
3379 3113 3602 3166 circuitu
3629 3111 3806 3167 natio-

2225 3197 2348 3232 mnn
2378 3181 2574 3234 cultum
2603 3191 2933 3250 pervagatur.
2967 3182 3187 3250 Pr0ptcr
3206 3182 3346 3251 quod
3367 3183 3610 3252 gentibus
3637 3197 3804 3252 s:epc,

2222 3267 2444 3318 quarum
2475 3252 2612 3306 idola
2651 3253 2764 3320 ipse
2793 3252 3022 3314 colebat,
3061 3262 3322 3322 potestate
3345 3267 3376 3306 a
3407 3253 3632 3308 Domino
3671 3269 3806 3308 con-

2222 3335 2392 3384 cessa,
2431 3323 2746 3394 niancipinn'i
2776 3324 2985 3394 servire
3013 3325 3278 3378 tribuitur.
3309 3323 3414 3394 Sed
3443 3325 3806 3394 captivitatutn

2221 3400 2274 3444 et
2308 3393 2620 3465 servitutum
2655 3393 2927 3446 laboribus
2954 3392 3253 3448 duriSsimis
3279 3392 3524 3459 amictus,
3555 3397 3806 3465 frequen:

2224 3470 2306 3534 ter
2329 3477 2358 3514 a
2391 3463 2497 3534 Deo
2541 3479 2634 3530 per
2681 3465 3040 3533 lmnitentiam
3087 3465 3294 3519 veniam
3337 3462 3670 3534 precabatur
3697 3483 3710 3518 :
3737 3462 3806 3518 ad

2223 3531 2376 3606 cujus
2429 3531 2817 3606 liberationem,
2865 3536 3232 3603 paenitentiam
3289 3531 3536 3606 lacrytnis
3589 3535 3810 3590 sedatus

2223 3601 2332 3664 ille,
2357 3601 2564 3670 judices
2597 3601 2904 3670 suscitabai,
2935 3607 3024 3672 qui
3049 3607 3116 3659 de
3144 3601 3418 3676 servitutis
3443 3606 3568 3676 jngo
3595 3607 3808 3675 plebem

2223 3683 2492 3740 eruentes,
2525 3689 2854 3743 nequaquam
2885 3676 3132 3743 potentia:
3152 3675 3410 3740 dominio,
3448 3675 3546 3732 sed
3573 3677 3808 3730 arbitro-

2223 3743 2482 3818 rutu‘jure
2507 3746 2828 3818 puniebant
2853 3743 2908 3818 (1
2914 3747 3046 3818 udic.
3077 3763 3141 3818 n,
3176 3763 3249 3812 tu,
3281 3745 3376 3818 Iv).
3401 3747 3639 3818 Quorum
3667 3756 3808 3818 tetu-_

2226 3813 2441 3886 poribus
2489 3813 2615 3886 dum
2665 3813 2963 3871 Madianitis
3009 3817 3234 3872 serviret
3279 3813 3521 3886 populus,
3567 3816 3810 3872 Gedeoni

2227 3883 2740 3958 lilio_J_oas_ctelesti_s
2772 3889 2991 3958 nuntius
3017 3883 3293 3958 apparuit,
3313 3883 3564 3958 illumque
3597 3887 3812 3942 destru-

2225 3963 2312 4006 clo
2336 3953 2644 4008 idololatria:
2683 3956 2806 4020 ritu,
2837 3959 2902 4012 de
2945 3953 3116 4024 plebis
3157 3973 3267 4010 sum
3303 3953 3614 4012 liberatione
3653 3973 3808 4012 com-

2224 4025 2446 4078 monuit.
2481 4024 2536 4078 ln
2563 4025 2714 4092 cujus
2743 4037 3026 4096 coospcctu
3067 4027 3192 4082 dum
3233 4027 3450 4082 Gedeou
3485 4029 3810 4082 oblationem

2223 4105 2586 4168 componeret,
2609 4097 2840 4168 desuper
2858 4099 3032 4168 carnis
3046 4097 3134 4166 jus
3153 4097 3400 4162 fundens,
3417 4099 3654 4154 cmlestis
3673 4098 3810 4168 ignis

2225 4162 2590 4237 holocaustum
2621 4162 2933 4236 absumpsit.
2973 4162 3250 4222 Et'iterum
3287 4162 3810 4237 postulautisigtium

2227 4235 2435 4288 siccitas
2463 4237 2510 4288 iu
2543 4238 2686 4290 omni
2716 4235 2874 4302 terra,
2909 4248 2962 4292 ct
2988 4255 3076 4292 ros
3117 4240 3167 4292 in
3197 4235 3313 4294 solo
3343 4240 3572 4303 vellere;
3603 4235 3669 4293 et
3687 4253 3812 4292 rur-

2225 4319 2342 4374 sum
2364 4305 2574 4360 siccitas
2595 4307 2644 4360 in
2674 4307 2788 4362 solo
2815 4308 3014 4362 vellere
3035 4349 3050 4374 ,
3076 4317 3128 4362 et
3153 4325 3241 4363 ros
3271 4310 3322 4362 in
3353 4311 3498 4364 omni
3527 4318 3672 4364 terra
3709 4307 3812 4364 fuit

2227 4373 2338 4447 (Id.
2379 4377 2475 4445 vi).
2504 4376 2607 4447 Sed
2637 4377 2752 4433 ha-c
2780 4373 3332 4447 quamvissociantur
3377 4394 3602 4434 numero
3641 4379 3810 4434 mira-

2227 4445 2430 4508 bilium,
2467 4445 2595 4502 nihil
2641 4445 2816 4504 tamen
2853 4450 2994 4504 velut
3025 4465 3218 4504 novum
3255 4449 3539 4505 ostendere
3565 4450 3813 4504 videntur

2227 4517 2278 4570 in
2335 4516 2722 4573 ministratione
2767 4535 2966 4590 rerum.
3010 4520 3267 4587 Quoniam
3315 4529 3370 4576 et
3407 4521 3644 4576 ccclestis
3675 4519 3814 4590 ignis

2225 4601 2314 4660 res
2339 4597 2598 4652 terrenas,
2627 4599 2686 4642 ut
2709 4604 2850 4657 smpe
2877 4589 3108 4644 diximus
3131 4602 3184 4645 et
3213 4591 3470 4655 dicemus,
3503 4589 3814 4660 frequenter

2227 4658 2452 4744 devorat
2465 4676 2478 4722 ;
2507 4660 2887 4744 ct‘alternatim
2932 4661 2983 4714 in
3013 4661 3227 4744 _mundo
3267 4677 3367 4744 pet:
3389 4658 3812 4744 partcs’nimbus

2227 4738 2390 4784 rorat.
2421 4729 2526 4801 Sed
2567 4739 2738 4784 tamen
2767 4731 2926 4784 multa
2960 4731 3078 4785 talia
3112 4731 3178 4787 de
3217 4729 3548 4786 mirabilibus
3571 4733 3814 4801 Scriptu-

2227 4814 2406 4873 rarum
2427 4799 2770 4873 subveniunt,
2791 4817 2910 4870 quae
2930 4801 3030 4856 etsi
3057 4803 3108 4856 in
3133 4803 3291 4858 rebus
3309 4802 3474 4873 gestis
3499 4799 3812 4872 diligentem

2227 4869 2651 4943 explanationem
2693 4869 3070 4942 non’exigunt,
3111 4869 3392 4943 [igurarqu
3421 4869 3812 4942 tamen-prasi-

2227 4941 2476 5013 gnatioue
2505 4942 2576 5013 Ain
2619 4959 2796 4998 rerum
2843 4941 3194 5012 spiritualium
3225 4943 3569 5013 intelligentia
3615 4941 3812 4998 referta

2227 5022 2372 5065 sunt.
2414 5009 2516 5066 Sed
2547 5015 2796 5081 quoniam
2819 5009 2886 5067 in'
2899 5030 3060 5083 opere
3099 5015 3200 5070 isto
3233 5009 3422 5069 reruni
3443 5014 3812 5070 tantummodo

2227 5091 2493 5156 gestarum
2537 5083 2862 5156 intellectum
2905 5087 3148 5156 prosequi
3182 5085 3535 5156 disponimus,
3561 5087 3662 5140 hoc
3689 5086 3810 5140 licet

2227 5155 2496 5206 tnenioria:
2535 5169 2692 5209 causa
2735 5155 2910 5208 statim
2956 5155 3297 5210 historialtter
3335 5171 3560 5211 numero
3591 5156 3810 5210 mirabi-

2229 5221 2356 5297 lituu
2403 5226 2716 5297 inseremus.
2745 5227 2874 5290 Qum
2907 5225 3112 5281 etiamsi
3147 5243 3289 5297 scepe
3317 5225 3534 5284 fortuito
3557 5241 3688 5282 casu
3717 5225 3812 5282 Dei

2238 5293 2512 5366 voluntate
2555 5295 2606 5349 in
2655 5297 2812 5351 rebus
2857 5299 3189 5366 proveniunt,
3220 5293 3510 5356 terribilius
3543 5313 3718 5355 tamen
3757 5308 3812 5356 et

2240 5365 2531 5440 celeriuset
2548 5368 2745 5440 certius
2768 5377 2823 5440 et
2839 5365 3127 5440 mirabilius
3154 5371 3204 5424 in
3233 5373 3367 5440 signi
3386 5373 3609 5440 alicujus
3629 5382 3814 5426 osten-

2236 5435 2386 5490 sione
2411 5451 2527 5512 _per_
2581 5438 2785 5512 Domini
2812 5439 3118 5512 imperium
3159 5435 3452 5512 gubernant
3501 5435 3555 5496 et
3596 5455 3811 5496 ostensa

2235 5515 2380 5560 sunt.
2411 5505 2564 5562 Unde
2603 5523 2724 5562 cum
2773 5505 3122 5566 historialiter
3151 5505 3214 5566 iii.
3237 5513 3528 5568 bolocausti
3554 5515 3654 5568 bac
3681 5527 3812 5568 con-

2233 5577 2582 5648 crematione,
2627 5595 2730 5634 non
2782 5583 3017 5636 terreslri
3064 5583 3202 5648 igne,
3243 5585 3338 5638 scd
3364 5585 3570 5639 cmlcsti
3599 5586 3811 5638 ﬂanima

2233 5644 2338 5722 boc
2382 5649 2781 5722 ostendebatur,
2823 5655 2964 5722 quod
3015 5644 3248 5709 futurum
3299 5665 3422 5710 tunc
3465 5655 3680 5718 bellum,
3707 5670 3811 5709 non

2233 5714 2478 5774 humanis
2510 5721 2732 5788 viribus,
2769 5714 2866 5776 sed
2907 5723 3113 5782 cmlesti
3161 5725 3360 5782 auxilio
3397 5714 3720 5798 proliceret;
3751 5736 3803 5782 et

2293 5857 2366 5922 (α)
2397 5865 2502 5922 Pro,
2525 5857 2687 5911 Aviola
2705 5864 2753 5912 et
2775 5867 2946 5916 Ραηεα.
