4048 6466
271 323 416 382 3177

271 454 362 496 ros
387 435 535 508 prius
560 430 959 508 demonstrabat
990 429 1177 508 insolo
1200 429 1396 508 vellere
1421 437 1686 508 ostensus,
1714 426 1858 508 quod

273 497 454 568 divina
497 507 785 570 miseratio,
822 519 940 573 qua:
967 497 1092 557 tunc
1122 502 1172 554 in
1197 501 1378 573 Israel
1425 500 1595 570 fragili
1635 509 1688 573 e_t
1715 497 1863 552 molli

273 581 475 652 populo
498 579 691 652 fuerat,
716 571 904 646 ignitas
928 573 1165 644 gentium
1193 572 1318 637 iras,
1343 573 1478 626 sicut
1506 586 1641 641 aqua
1666 571 1861 639 ignem,

274 651 826 724 Ροξςὶερδξιῖεῑςιιετθτ

335 719 563 776 CAPUT
606 711 692 772 VI.
716 747 789 757 —
811 715 884 769 De
904 714 1169 770 Samsonis
1189 713 1484 784 fortitudine
1509 713 1560 765 in
1586 711 1804 784 capillis.

350 793 546 846 lterum
568 805 686 843 cum
710 786 992 842 Philistzeis
1011 782 1233 839 serviret
1263 784 1544 838 Israelitica
1568 782 1868 854 plcbs,IlIa-

275 879 384 920 nue
413 861 502 916 filii
525 860 728 914 Saruch
750 858 817 912 de
834 857 970 912 tribu
996 857 1104 910 Dan
1129 854 1293 908 sterili
1322 855 1468 908 uxori
1496 853 1685 921 primo,
1718 853 1867 906 dein-

276 935 345 990 de
374 934 474 1002 ipsi
496 932 685 1002 Manne
713 929 805 1002 Dei
829 927 1047 1002 angelus
1068 925 1358 1002 prophetali
1383 924 1561 978 habitu
1591 923 1864 1002 apparuit;

277 991 480 1074 eosque
504 1003 570 1057 de
592 1001 702 1074 filio
722 999 810 1074 qui
843 991 944 1053 illis
975 991 1117 1051 esset
1137 991 1432 1050 nasciturus
1449 1035 1464 1059 ,
1487 991 1870 1074 qualitcr_foret

278 1065 587 1132 educandus
608 1065 838 1134 edocuit,
855 1078 1113 1139 quatenus
1141 1083 1206 1122 ne
1237 1081 1466 1139 unquam
1502 1065 1758 1119 novacula
1774 1080 1866 1139 ea:

278 1155 386 1228 put_
406 1145 570 1226 ipsius
593 1141 860 1205 transiret,
875 1134 942 1228 et
952 1139 1254 1228 sliceramnet
1274 1137 1532 1228 vinmnlet
1550 1151 1707 1189 omne
1727 1134 1869 1217 quod

280 1206 548 1271 inebriare
570 1220 763 1282 potest,
788 1207 1256 1282 non_biberet._C_ui
1275 1223 1392 1261 cum
1423 1206 1610 1282 Mauue
1629 1208 1870 1282 nesciens

280 1302 403 1342 esse
442 1277 708 1351 angelum,
755 1280 1028 1351 prandium
1073 1279 1322 1332 voluisset
1366 1277 1622 1351 praebere,
1649 1277 1868 1351 angelus

282 1357 476 1423 inquit,
511 1347 584 1408 De
613 1347 734 1408 cibis
757 1347 858 1405 tuis
888 1366 986 1423 non
1013 1351 1304 1423 comedunt;
1326 1349 1411 1401 sed
1430 1347 1691 1423 Domino,
1710 1348 1751 1423 si
1775 1347 1868 1411 vis,

284 1418 632 1482 ItoIora’uattmt
650 1439 909 1493 compone.
925 1421 1074 1493 Quod
1091 1437 1208 1474 eum
1226 1419 1410 1473 Manue
1429 1419 1518 1493 illo
1537 1418 1873 1493 prweipieute

284 1497 588 1568 Composuit
611 1537 625 1559 ,
657 1489 776 1568 cum
804 1493 923 1560 igne
945 1491 1232 1568 holocausti
1259 1506 1436 1568 coram
1468 1491 1544 1568 eis
1569 1489 1747 1568 statim
1774 1503 1870 1540 an-

286 1559 453 1640 gelus
485 1567 538 1640 in
575 1567 776 1640 caelum
799 1559 1035 1640 ascendit
1067 1560 1259 1640 (ludio.
1291 1559 1429 1640 χιιι).
1478 1559 1544 1613 Ει
1574 1559 1659 1640 hic
1702 1568 1870 1640 terre-

293 1628 420 1694 stris
443 1636 735 1691 lioloeausti
767 1635 899 1701 ignis
921 1633 988 1686 de
1011 1628 1220 1687 terrain
1244 1628 1434 1685 coelum
1458 1630 1752 1701 ascendens
1778 1628 1874 1701 de-

287 1716 717 1772 monstraverat,
755 1698 894 1774 quod
929 1703 1310 1774 perinascituri
1355 1701 1582 1753 hominis
1611 1698 1876 1774 fortitudi-

289 1797 416 1835 nem
451 1781 587 1833 Deus
631 1769 808 1846 populi
840 1769 1205 1846 liberationem
1230 1777 1662 1846 _pr:eparave_rat.
1711 1769 1874 1846 Natus

290 1853 452 1921 igitur
476 1842 734 1921 Samson,
763 1845 1022 1921 jmttaque
1058 1843 1336 1911 imperium
1369 1843 1584 1921 Domini
1611 1842 1838 1921 nutritus
1858 1881 1875 1906 ,

292 1912 579 1977 maximam
618 1912 978 1972 fortitudinem
1011 1915 1062 1967 in
1090 1923 1297 1981 septem
1327 1913 1405 1966 sui
1433 1912 1618 1981 capitis
1643 1912 1878 1965 crinibus

294 1992 497 2048 habuit.
548 1988 698 2056 Quod
727 2001 823 2056 pro
863 1996 1012 2039 certo
1055 1985 1329 2056 probatum
1358 1994 1472 2056 est,
1499 1983 1638 2056 dum
1677 1982 1877 2036 eisdem

298 2063 527 2118 nudatus
561 2052 848 2129 aliquando
875 2055 1034 2129 etiam
1083 2055 1328 2129 virtutem
1359 2055 1556 2129 amisit.
1587 2052 1877 2129 Natn__ct_t_r_n

293 2134 518 2188 Dalilam
548 2131 599 2184 in
643 2121 780 2182 valle
806 2126 1012 2180 Sorecti
1043 2126 1316 2179 mulierem
1354 2124 1420 2177 de
1450 2125 1666 2194 regione
1713 2121 1879 2176 Phili-

297 2204 560 2259 slinorum
592 2200 941 2268 alienigenam
973 2196 1288 2268 adamaretl
1308 2205 1361 2248 et
1402 2195 1488 2248 illa
1536 2194 1811 2268 pecuniam
1835 2207 1880 2268 _a

299 2273 594 2328 Philistinis
639 2263 998 2340 prinEipibus,
1030 2266 1220 2336 quibus
1251 2265 1484 2340 Samson
1534 2263 1694 2340 multa
1744 2263 1882 2340 mala

301 2343 536 2404 fecerat,
569 2334 885 2410 proditionis
910 2338 1026 2406 ejus
1051 2334 1353 2410 mercedem
1399 2335 1724 2410 accepisset,
1771 2334 1885 2403 ipse

302 2413 541 2484 poscenti
570 2407 916 2484 'fortitudinis
945 2423 1056 2484 sua:
1079 2407 1882 2484 _mys_teriuni_in__capillorum

306 2474 523 2540 suorum
553 2481 956 2536 conservatione
980 2478 1093 2532 fieri
1123 2474 1389 2531 indicavit.
1424 2477 1490 2529 Et
1511 2476 1594 2530 illa
1621 2474 1888 2528 dormien-

309 2557 374 2610 tis
401 2555 452 2607 in
476 2555 593 2608 sinu
617 2567 736 2612 suo,
760 2559 947 2604 vocato
977 2564 1184 2612 rasore,
1219 2556 1380 2616 caput
1407 2545 1650 2600 totondit.
1684 2545 1888 2600 Perdu-

305 2636 528 2694 ctusque
553 2624 775 2678 Samson
803 2636 832 2694 a
865 2619 1178 2694 Philistreis,
1197 2617 1380 2694 oculis
1409 2617 1627 2694 orbatus
1647 2657 1660 2680 ,
1687 2616 1884 2694 molam

307 2685 467 2750 manu
497 2696 770 2755 vertebat,
801 2692 972 2744 donec
992 2690 1167 2758 capilli
1197 2689 1334 2742 illius
1363 2687 1429 2741 ad
1461 2687 1690 2758 priorem
1723 2685 1889 2753 longi-

308 2767 545 2820 tudinem
577 2771 877 2818 creverunt.
909 2757 1109 2814 Deinde
1129 2758 1410 2813 Philistaeis
1440 2757 1797 2825 epulantibus,
1831 2762 1891 2807 ut

265 2849 270 2852 ·
310 2837 449 2891 inter
477 2836 659 2904 epulas
688 2835 911 2887 Samson
957 2831 1301 2904 illuderetur,
1351 2828 1664 2904 adducitur;
1695 2836 1748 2879 et
1778 2827 1890 2904 ipse

310 2922 478 2978 puero
506 2897 708 2978 regenti
752 2917 967 2975 gressus
994 2901 1232 2978 dixerat,
1283 2907 1346 2978 ut
1385 2914 1442 2952 se
1481 2897 1705 2978 additas
1743 2897 1891 2978 eolu-

258 3028 260 3030 ,
312 2969 466 3032 innas
514 2969 880 3046 pe'rducer'et,‘
921 2973 1136 3046 quibus
1163 2979 1270 3024 tota
1315 2969 1505 3046 donius
1549 2969 1890 3046 imminebat,

312 3037 578 3118 quatenus
615 3061 776 3113 super
801 3037 963 3097 veluti
992 3041 1290 3118 illaslassus
1309 3037 1895 3118 reclinaretur.‘Quibus

313 3107 570 3173 ambabus
590 3107 810 3186 utraque
831 3129 987 3168 manu
1019 3111 1383 3186 apprehensis,
1408 3110 1650 3186 invocato
1673 3108 1724 3161 in
1745 3107 1897 3160 auxi-

315 3190 443 3244 lium
461 3190 590 3252 Dco,
609 3181 769 3241 totam
788 3186 1002 3239 domum
1027 3181 1313 3236 concussit.
1334 3182 1460 3249 Qua:
1489 3181 1596 3234 cito
1620 3191 1894 3239 corruens,

317 3261 413 3314 tria
447 3259 845 3313 Pliilistinorum
892 3255 1056 3308 millia
1090 3253 1289 3320 pariter
1314 3268 1433 3308 cum
1480 3265 1595 3320 ipso
1639 3251 1898 3320 Samsone

319 3330 602 3400 prostravit
630 3327 767 3400 (.Id.
819 3325 980 3400 xv1_)._
1027 3319 1130 3378 Sed
1173 3332 1396 3400 naturas
1436 3319 1893 3400 investigantibus,

316 3391 678 3468 qua’stionem'
701 3414 805 3450 non
837 3391 1128 3468 minimam
1154 3393 1394 3468 incutit,
1433 3391 1708 3468 quomon
1729 3396 1896 3468 totum

317 3461 570 3525 sensibile
596 3484 789 3538 corpus
834 3467 886 3520 in
916 3464 1205 3538 insensibili
1237 3464 1428 3538 capillo
1455 3461 1652 3515 motum
1686 3461 1897 3513 fortitu-

319 3541 460 3594 dinis
500 3534 715 3605 habuit;
767 3540 918 3606 cujus
945 3537 1194 3589 damnum
1225 3534 1422 3587 doloris
1457 3547 1670 3606 sensum
1704 3545 1901 3600 nequa-

357 3626 478 3663 uam
510 3603 720 3674 intulit,
768 3603 891 3662 cum
940 3606 1086 3659 illum
1129 3614 1314 3674 tonsor
1358 3619 1386 3655 a
1435 3603 1638 3671 reliquo
1675 3614 1901 3674 corpore

344 3671 629 3735 rerramenti
659 3671 845 3733 aculeo
871 3677 1067 3730 divisit.
1117 3675 1190 3729 De
1237 3673 1496 3729 Samsone
1525 3687 1680 3741 ergo,
1730 3671 1904 3739 prius-

360 3767 480 3804 uam
508 3759 846 3812 nasceretur,
900 3764 928 3799 a
959 3745 1184 3800 Domino
1212 3743 1549 3814 praecipitur,
1595 3751 1654 3796 ut
1679 3741 1900 3814 capillus

360 3768 480 3804 uam
508 3768 846 3812 nasceretur,
900 3768 928 3799 a
960 3768 1184 3800 υυιιιιιιυ
1212 3768 1549 3814 praeupuur,
1597 3768 1654 3796 ιιι
1679 3768 1900 3808 capulus

321 3768 465 3876 ﬁlius
492 3836 760 3890 nunquam
805 3818 927 3872 ferri
956 3818 1200 3890 acumine
1224 3813 1564 3890 velalicujus
1587 3813 1902 3890 aculeiton-

324 3892 541 3946 derctur
569 3880 682 3964 (Id.
706 3906 821 3954 xm,
849 3890 923 3957 5).
952 3886 1220 3964 Quamdiu
1262 3886 1422 3964 igitur
1456 3885 1506 3937 in
1539 3882 1771 3964 mandati
1815 3880 1900 3934 di-

325 3965 430 4016 vini
478 3954 718 4017 custodia
763 3954 1144 4029 permanserat,
1184 3955 1435 4029 Spiritus
1463 3954 1629 4008 sancti
1679 3966 1902 4029 munere

325 4033 611 4087 maximam
640 4021 997 4085 fortitudinem
1046 4021 1289 4080 habebat.
1323 4025 1471 4080 Unde
1495 4039 1615 4078 cum
1658 4021 1901 4076 muliebri

333 4103 683 4173 persuasione
715 4099 961 4173 prmcepti
991 4095 1733 4173 dominicitransgressionem
1753 4093 1905 4173 _ad_iu-

329 4163 468 4228 venit
495 4174 697 4238 ;.etiam
716 4163 994 4239 'spirituale
1025 4167 1345 4239 fortitudinis
1365 4163 1560 4239 donum
1582 4205 1597 4230 ,
1626 4165 1767 4239 quod
1811 4163 1902 4216 ha-

289 4247 294 4254 '
327 4235 552 4304 buerat,
607 4235 785 4297 statim
830 4235 1072 4294 recessit.
1103 4236 1216 4290 Non
1248 4237 1368 4306 quia
1400 4237 1449 4290 in
1480 4235 1770 4289 insensibili
1809 4247 1901 4306 ca-

367 4315 458 4368 illo
485 4303 680 4368 ossium
701 4353 716 4378 ,
748 4320 802 4364 et
825 4310 1001 4364 carnis
1020 4350 1033 4370 ,
1063 4317 1116 4362 et
1140 4303 1428 4376 sanginuis.
1458 4307 1546 4376 qui
1575 4307 1701 4378 nihil
1731 4320 1792 4358 ex
1824 4303 1905 4358 his

369 4386 524 4445 abet,
554 4384 719 4436 virtus
764 4383 970 4434 inerat:
1001 4379 1090 4433 sed
1121 4379 1352 4430 mandati
1375 4377 1622 4430 dominici
1651 4377 1903 4430 observa-

330 4456 404 4508 tio
447 4455 646 4508 donum
678 4450 997 4506 fortitudinis
1043 4448 1375 4502 observabat.
1421 4447 1524 4501 Sed
1554 4445 1778 4500 fortasse
1803 4445 1906 4497 ali-

328 4525 450 4594 quis
488 4524 628 4579 dicet
662 4524 878 4590 :Quare
901 4535 1001 4590 ego
1041 4534 1160 4594 eum
1189 4519 1394 4594 capillis
1421 4517 1611 4594 iterum
1638 4515 1906 4594 iertitudo

330 4585 474 4650 illius
503 4585 795 4656 succrevit,
843 4594 885 4646 si
933 4585 1037 4645 non
1065 4590 1116 4642 in
1142 4589 1346 4658 capillis
1372 4588 1532 4641 etiam
1571 4587 1718 4658 prius
1745 4585 1907 4658 robur

331 4664 558 4720 habuit?
605 4655 851 4719 Attamen
898 4662 1056 4715 etiam
1089 4659 1185 4713 hac
1208 4655 1358 4724 vice,
1400 4673 1505 4713 non
1532 4655 1638 4711 tam
1668 4657 1718 4710 in
1750 4655 1908 4724 longo

331 4736 522 4806 capillo
546 4733 1069 4806 amissamgvirtu‘tem
1093 4729 1663 4806 recuperabatntquam
1709 4725 1906 4806 donum

333 4797 606 4874 spirituale
630 4846 644 4868 ,
676 4803 818 4872 quod
848 4802 1115 4874 negligens
1144 4800 1320 4874 amisit
1343 4800 1613 4874 ,_aftlictus
1644 4797 1908 4867 pmniten-

336 4869 404 4930 tia
437 4869 799 4931 crescentibus
837 4869 1040 4942 capillis
1075 4871 1325 4942 paulatim
1373 4869 1717 4942 impetrabat;
1769 4883 1908 4937 prze-

333 4947 516 5001 sertim
548 4963 668 5001 cum
700 4945 750 5000 iu
783 4940 938 5012 hujus
968 4941 1199 4996 mandati
1230 4940 1911 5012 transgressionegexgparte

338 5016 463 5072 licet
489 5018 663 5086 aliqua
691 5008 1067 5086 excusabatur,
1095 5011 1334 5081 quamvis
1360 5008 1470 5086 sua:
1496 5010 1702 5062 virtutis
1732 5008 1910 5062 Dalilae

335 5089 532 5169 petenti
560 5083 867 5169 mysterium
896 5085 1076 5169 dicere
1101 5099 1206 5137 non
1237 5083 1478 5169 negavit,
1512 5095 1615 5162 non
1646 5088 1912 5169 tamenjse

337 5149 682 5227 impetrante,
717 5157 797 5210 vel
828 5155 1180 5220 concedente,
1208 5149 1696 5227 _vel’eonsentientc
1726 5149 1913 5227 tonde-

337 5219 441 5282 tur.
486 5227 639 5284 Unde
664 5219 892 5282 afllictus
935 5235 1116 5295 postea
1147 5219 1183 5295 τι
1207 5224 1314 5278 Deo
1341 5223 1640 5295 impetravit
1669 5219 1907 5295 facilius,

336 5299 477 5369 quod
507 5315 610 5353 non
642 5305 831 5369 spmite
851 5339 864 5359 ,
887 5293 988 5369 sed
1014 5293 1285 5369 dormiens
1309 5293 1560 5369 seductus
1587 5293 1856 5369 amiserat.

370 5361 597 5426 CAPUT
640 5361 748 5424 VII.
777 5399 848 5409 -
875 5367 951 5422 De
978 5381 1098 5420 arca
1117 5363 1323 5430 Domini
1342 5365 1395 5417 in
1421 5373 1552 5416 terra
1575 5361 1873 5416 Philistiim.

409 5439 536 5496 Inde
564 5450 684 5511 post
711 5456 814 5494 non
841 5453 1079 5511 parvum_
1092 5436 1346 5511 temporis
1365 5476 1380 5499 ,
1407 5433 1549 5511 filiis
1571 5433 1730 5511 Israel
1758 5448 1913 5511 man-

337 5505 580 5567 datorum
606 5505 1025 5577 transgressione
1051 5508 1216 5561 Deum
1246 5505 1634 5560 offendentibus
1653 5546 1668 5568 ,
1699 5505 1911 5558 incitata

338 5581 736 5638 Philistinorum
782 5581 988 5650 agmina
1018 5577 1083 5650 ad
1124 5577 1427 5650 bellandum
1458 5585 1639 5650 contra
1667 5591 1760 5629 eos
1785 5591 1913 5629 con-

337 5654 572 5707 veniunt.
607 5652 673 5706 Et
717 5647 997 5706 filii'lsrael
1021 5649 1087 5702 de
1111 5663 1168 5701 se
1194 5647 1323 5701 nihil
1347 5648 1707 5709 confidentes,
1736 5661 1913 5701 aream

339 5725 640 5779 testamenti
670 5723 878 5777 Domini
917 5722 970 5775 in
1007 5720 1238 5775 exercitu
1265 5733 1360 5772 suo
1393 5719 1443 5772 in
1472 5731 1698 5787 pugnam
1727 5726 1912 5772 centra

341 5795 672 5862 pdversat‘ios
691 5794 1014 5858 conducunt.
1042 5791 1148 5856 Sed
1172 5790 1330 5867 Legis
1355 5798 1775 5862 transgressores
1819 5805 1913 5850 ne-

1362 311 1566 369 LIBER
1602 304 1978 368 SECUNDUS.
2006 338 2080 352 —
2103 295 2471 372 APPENDIX.

3405 321 3545 380 2178

1969 443 2230 499 quaquam
2257 431 2412 502 Legis
2437 445 2559 487 arca
2588 437 2793 497 tuetur,
2824 434 2966 488 vlcto
3004 433 3180 503 potius
3201 443 3256 492 et
3279 435 3454 494 deleto
3479 457 3544 499 ex

1971 509 2120 580 parte
2149 505 2374 580 populo,
2419 504 2486 557 ab
2510 503 2820 580 alienigenis
2849 504 2958 571 ipsa
2987 507 3209 574 capitur.
3249 507 3347 575 Qui
3376 511 3544 566 victo-

1971 573 2063 624 ria:
2104 589 2321 627 munere
2361 575 2634 637 I:etantes,
2667 573 2718 626 in
2759 583 2954 628 terram
2995 591 3141 629 suam
3173 573 3412 633 eamdem
3451 598 3544 636 ca—

1969 653 2113 723 ptam
2141 645 2464 723 perducunt,
2493 654 2545 698 et
2571 645 2729 699 veluti
2774 646 3024 723 triumphi
3043 646 3212 723 _h_ujus
3232 659 3509 723 aut-torem
3528 693 3543 717 ,

1967 715 2114 782 juxta
2152 715 2722 788 Dagon‘deumsuum,
2761 730 2937 788 arcam
2968 717 3058 769 Dei
3089 718 3244 772 Israel
3270 721 3319 772 in
3347 715 3543 788 templo

1972 792 2294 840 statuerunt.
2324 785 2426 859 Sed
2457 787 2625 859 primo
2647 785 2732 859 die
2761 787 2936 854 Dagon
2959 801 3135 840 coram
3167 804 3286 843 arca
3315 785 3546 859 prostra-

1974 864 2057 908 tus
2084 866 2325 924 repertus
2346 897 2358 915 .
2381 857 2573 910 iterum
2603 857 2652 909 in
2677 856 2792 909 loco
2821 873 2918 911 suo
2945 860 3254 912 resﬁtuitur.
3301 856 3547 917 Crastino

1974 940 2101 999 vero
2145 926 2293 999 fracti
2319 926 2644 999 adlimenin
2671 938 2880 982 centum
2909 938 3083 996 partes
3103 972 3116 995 ,
3155 932 3325 999 capite
3348 943 3402 986 et
3431 949 3543 986 ma-

1975 998 2129 1080 nibus
2153 1038 2166 1060 ,
2195 998 2342 1080 spina
2370 998 2512 1080 dorsi
2542 998 2655 1080 ejus
2679 1009 2912 1080 truncata
2944 998 3250 1080 reperitur:
3293 1003 3432 1072 quod
3459 1002 3545 1057 fu-

1974 1068 2202 1137 gientem
2228 1068 2560 1129 idololatrize,
2581 1069 2631 1122 in
2662 1069 2888 1122 adventu
2935 1068 3211 1126 doininicm
3237 1068 3399 1138 leg-is,
3431 1075 3547 1128 eul-

1974 1147 2084 1212 t_um
2103 1141 2446 1212 monstrabat.
2465 1140 2564 1208 Qui
2581 1140 2722 1194 enim
2744 1140 2963 1212 fugiunt,
2984 1144 3312 1212 persequenti
3331 1143 3547 1199 dorsum

1976 1209 2121 1264 dant.
2156 1211 2415 1265 Pra'terea
2438 1227 2648 1280 quoque
2678 1220 2784 1264 tota
2812 1209 3074 1265 Philistzea
3099 1209 3233 1267 fuéda
3263 1214 3546 1270 admodum

1976 1285 2127 1354 p'aga
2151 1283 2442 1354 percutitur
2467 1301 2478 1333 :
2511 1297 2637 1354 nam
2662 1290 2715 1334 et
2741 1281 2944 1354 extales
2972 1299 3154 1337 eorum
3197 1284 3335 1338 foras
3358 1287 3548 1354 promi-

1978 1353 2206 1416 nebant,
2247 1362 2299 1405 et
2326 1353 2509 1422 ingens
2537 1353 2766 1406 soricum
2793 1361 2846 1406 et
2885 1352 3114 1410 insolens
3142 1359 3286 1423 copia
3343 1352 3436 1422 per
3465 1365 3548 1410 to-

1981 1433 2085 1477 tam
2133 1424 2455 1492 provinciam
2487 1423 2874 1476 diffundebatur
2905 1423 2945 1493 (I
2979 1424 3099 1494 Reg.
3129 1441 3204 1491 tv,
3236 1428 3312 1492 ν).
3340 1426 3548 1482 Conve-

1978 1496 2188 1548 nienter
2214 1495 2408 1564 quippe
2439 1494 2690 1547 Dominus
2720 1494 2822 1566 illis
2864 1505 3141 1563 utramque
3179 1511 3386 1566 pmnam
3417 1513 3550 1566 prm-

1980 1575 2243 1628 staverat,
2298 1566 2507 1634 qualem
2561 1579 2738 1618 rerum
2788 1564 3018 1632 ipsarum
3063 1564 3386 1620 conveniens
3414 1564 3550 1622 ratio

1980 1637 2220 1703 exigebat
2255 1653 2266 1688 :
2303 1646 2562 1706 quatenus
2583 1635 2670 1704 qui
2700 1635 2890 1689 misera
2917 1636 3163 1690 animalia
3196 1636 3375 1691 divino
3403 1639 3553 1692 cultu

1978 1705 2402 1772 venerabantur,
2459 1721 2552 1774 per
2597 1705 2891 1759 miserrima
2939 1708 3185 1762 animalia
3232 1708 3282 1762 iu
3323 1709 3554 1763 adventu

1980 1778 2259 1832 dominica:
2287 1777 2414 1841 legis
2439 1777 2822 1845 castigarentur
2846 1791 2861 1841 ;
2894 1786 2945 1829 et
2976 1777 3065 1845 qui
3092 1779 3414 1832 tabernaculi
3444 1780 3550 1832 Do-

1982 1849 2108 1902 mini
2139 1849 2387 1902 interiora
2413 1889 2427 1909 .
2460 1848 2511 1900 id
2542 1857 2655 1908 est,
2685 1862 2860 1900 arcam
2890 1856 3036 1901 extra
3059 1848 3251 1903 limites
3271 1863 3394 1901 suos
3426 1865 3550 1915 pro-

1982 1929 2230 1990 traXcre,
2263 1919 2317 1972 hi
2361 1918 2669 1990 interiorum
2712 1932 2925 1990 suorum
2974 1917 3113 1971 foras
3143 1919 3554 1990 prominentium

1985 1990 2123 2044 fmda
2149 1989 2506 2059 amigereutur
2543 1988 3067 2059 cladeaQuapropter
3087 1988 3298 2058 quando
3324 1989 3555 2057 plaustro

1983 2076 2120 2116 novo
2147 2058 2442 2129 impositam
2481 2059 2682 2113 duabus
2713 2058 2830 2113 fetis
2871 2061 3042 2114 vaccis
3082 2060 3371 2114 vehendam
3394 2100 3408 2123 ,
3438 2075 3556 2129 quzc

1979 2133 2160 2202 jugum
2196 2142 2350 2186 antea
2403 2146 2504 2202 non
2548 2138 2913 2202 portaverant,
2971 2132 3166 2184 teneris
3209 2130 3349 2184 domi
3381 2131 3558 2184 vitulis

1985 2200 2361 2270 mugientibus,
2392 2201 2455 2253 ad
2480 2200 2610 2253 fines
2630 2215 2753 2252 suos
2777 2200 2948 2253 redire
2978 2216 3152 2254 arcam
3183 2201 3553 2270 permiserunt,

1986 2269 2218 2342 quinque
2251 2286 2429 2324 mures
2459 2280 2511 2323 et
2541 2270 2754 2323 totidem
2797 2269 2982 2323 anulos
3010 2269 3198 2325 aureos
3221 2271 3420 2342 indices
3443 2272 3558 2340 pla-

1987 2341 2170 2413 garum
2197 2357 2432 2400 suarmn,
2461 2351 2717 2413 quatenus
2743 2356 2808 2392 ne
2835 2356 3185 2413 eamvaeuam
3208 2341 3558 2404 remitterent,

1984 2409 2132 2482 juxta
2164 2429 2280 2468 eam
2307 2414 2357 2464 in
2388 2411 2614 2482 capsella
2639 2421 2924 2482 posuerunt
2946 2409 3056 2478 (Id.
3091 2427 3162 2476 vt,
3196 2412 3280 2482 It),
3315 2412 3422 2480 lt).
3451 2409 3556 2464 Sed

1990 2481 2042 2539 in
2079 2485 2162 2539 his
2211 2481 2478 2550 multiplex
2529 2483 2812 2548 figurarum
2855 2481 3196 2551 intelligentia
3236 2481 3394 2543 latet,
3447 2495 3567 2550 qua:

1989 2551 2670 2627 propriigoperisuindustria
2697 2593 2711 2612 ,
2740 2559 2804 2627 et
2820 2556 3071 2627 temporis
3099 2553 3208 2604 otio
3237 2551 3454 2627 indiget.

2097 2621 2321 2680 CAPUT
2367 2622 2493 2675 VIII.
2509 2651 2578 2662 ——
2599 2621 3028 2744 Dgﬁwlihfr’ugore
3046 2639 3144 2694 quo
3169 2623 3325 2676 territi
3345 2631 3461 2676 sunt

2729 2709 2792 2744 ου
2831 2710 2860 2744 u
2885 2709 2920 2744 t.

2729 2709 2920 2762 opnyu.

2066 2766 2259 2820 Iterum
2286 2780 2494 2833 quoque
2523 2762 2725 2816 infinita
2757 2763 3148 2817 l’hilistinorum
3166 2763 3395 2833 agmina,
3417 2762 3568 2833 quasi

1995 2853 2152 2892 arena
2187 2837 2347 2889 maris
2374 2832 2775 2888 innumerabilia
2800 2875 2812 2891 ,
2849 2849 2944 2902 per
2969 2835 3120 2902 plana
3149 2832 3380 2888 se'terrze
3407 2832 3568 2902 Israel

1995 2908 2320 2968 effuderunt,
2352 2922 2467 2975 quze
2495 2905 2745 2958 Dominus
2770 2901 3015 2975 Samuele
3042 2914 3226 2958 orante
3267 2921 3296 2957 a
3326 2903 3460 2975 faeie
3503 2901 3568 2955 fi-

1998 2980 2187 3033 liorum
2215 2973 2382 3031 Israel
2403 2976 2598 3045 ingenti
2616 2975 2734 3028 caeli
2764 2974 2969 3046 fragore
2997 2976 3327 3046 perterrebat
3347 2973 3455 3044 (Id.
3475 2988 3568 3034 vn,

2000 3048 2088 3118 IO)
2118 3067 2129 3101 :
2163 3055 2420 3118 quatenus
2449 3062 2542 3116 per
2573 3047 2672 3100 hoc
2718 3056 2769 3118 et
2801 3045 2961 3099 Israel
2998 3045 3102 3118 non
3141 3046 3352 3114 propria
3380 3046 3572 3098 virtute

1999 3116 2195 3174 vieisse‘
2219 3118 2610 3185 intelligerent;
2656 3125 2709 3170 et
2739 3116 2918 3169 hostes
2948 3117 3036 3170 Dei
3069 3118 3450 3184 protectionem
3475 3156 3490 3180 ,
3517 3119 3574 3169 et

1999 3190 2249 3244 auxilium
2281 3204 2401 3256 erga
2429 3188 2564 3257 hunc
2591 3189 2838 3257 populum
2864 3201 2982 3240 esse
3013 3189 3226 3240 scirent.

2071 3259 2296 3316 CAPUT
2336 3254 2425 3312 IX.
2448 3255 2609 3311 --De
2629 3254 2827 3311 vocibus
2856 3266 2899 3308 ct
2926 3257 3104 3326 pluviis
3139 3255 3342 3326 quando
3373 3254 3504 3309 Suri!

2604 3328 2859 3380 ordinatus
2883 3335 2974 3380 est.

2075 3403 2258 3456 Itidem
2286 3400 2532 3456 Samuele
2562 3398 2837 3452 invocaute
2871 3397 3170 3458 Dominum,
3207 3412 3326 3450 cum
3352 3397 3575 3466 populus

2003 3473 2102 3529 sibi
2131 3488 2304 3541 regem
2329 3477 2636 3541 peteret,_el
2665 3466 2974 3541 Sai'tl‘filiuiu
3004 3468 3091 3522 (lis
3116 3467 3182 3541 de
3207 3468 3343 3522 tribu
3384 3467 3578 3541 Benja-

2003 3545 2112 3598 min
2143 3537 2310 3596 ἰιῖυθὶ
2333 3537 2528 3594 famine
2559 3539 2740 3607 jussus
2781 3538 3037 3605 Propheta
3065 3537 3368 3600 ordinaret;
3401 3537 3582 3591 Domi-

2004 3630 2107 3668 nus
2138 3629 2232 3681 per
2255 3611 2460 3681 pluvias
2483 3619 2558 3681 Aet
2587 3608 2864 3681 horribiles
2904 3623 3062 3681 voces
3087 3609 3342 3681 intonuit,
3388 3607 3581 3676 quibus

2005 3678 2188 3754 plebs,
2238 3678 2356 3750 qum
2381 3679 2660 3754 audierat,
2693 3693 2750 3732 se
2778 3678 3059 3754 Dominum
3089 3678 3347 3754 repulisse
3397 3691 3463 3729 ne
3489 3693 3578 3754 re-

2003 3747 2193 3824 gnaret
2216 3747 2347 3824 sibi,
2379 3750 2695 3824 inteliigeret
2724 3765 2736 3800 :
2770 3762 2904 3824 quos
2939 3749 3171 3818 fragores
3200 3747 3576 3824 per_Samuelis

2004 3817 2195 3880 iterum
2242 3823 2499 3878 Dominus
2547 3817 2972 3888 deprecationem
3011 3817 3370 3886 eompescnit,
3429 3825 3576 3885 post-

2044 3910 2163 3948 uam
2195 3893 2371 3964 populi
2402 3892 2495 3964 Ade
2522 3890 2628 3964 hac
2673 3904 2731 3944 re
2779 3889 3162 3959 paenitudinem
3209 3889 3346 3942 intus
3373 3889 3580 3958 aspexit

2360 3961 2589 4085 ιενιςθη

2326 4063 2426 4085 .··-
2503 4050 2528 4086 8
2571 4067 2589 4086 ι

2027 4028 2230 4092 IAPUT
2270 4028 2426 4088 X'.-—
2452 4028 2700 4086 De’Saitl
2745 4031 3074 4103 praphetante
3119 4029 3248 4082 inter
3295 4028 3580 4103 prophetas.

2081 4106 2209 4161 Saul
2257 4105 2466 4160 invidim
2493 4103 2706 4156 stimulo
2746 4099 3039 4155 'suSCitatus
3063 4142 3076 4165 ,
3127 4108 3182 4154 et
3210 4099 3348 4152 malo
3394 4099 3583 4169 spiritu

2007 4193 2151 4247 smpe
2177 4189 2453 4243 arreptus,
2499 4189 2619 4247 eum
2669 4171 2838 4247 David
2869 4171 3113 4226 occidere
3141 4169 3356 4247 vellet,_
3377 4179 3431 4224 et
3473 4169 3586 4237 ipse

2010 4238 2176 4304 David
2211 4238 2333 4301 tunc
2358 4260 2477 4300 cum
2513 4243 2759 4298 Samuele
2786 4249 2841 4296 et
2863 4252 3175 4296 caeterorum
3209 4238 3585 4309 prophetarum

2011 4334 2182 4376 cuneo
2205 4317 2578 4386 prophetat?“
2611 4315 2773 4386 misit_
2796 4313 3035 4378 mmtios,
3085 4320 3138 4365 et
3176 4312 3346 4386 ipsum
3379 4311 3586 4386 interii-

2009 4378 2254 4446 cienduin
2283 4378 2349 4441 de
2399 4384 2573 4440 medio
2627 4383 3001 4453 prophetarum
3043 4378 3234 4453 rapere
3271 4381 3441 4453 jubet.
3483 4378 3589 4435 Sed

2011 4461 2168 4524 illos,
2218 4457 2458 4524 protinus
2497 4463 2557 4510 ut
2597 4451 2980 4518 adveniebant,
3009 4452 3226 4522 spiritus
3306 4451 3354 4503 ni
3387 4451 3436 4502 in
3468 4465 3591 4518 pro-

2011 4531 2188 4575 ηιιυιὶς
2213 4529 2555 4575 lnnuehatur.
2586 4525 2894 4575 arrioiehat.
2917 4523 3035 4575 lose
3063 4468 3410 4575 auoauchaiil
3435 4519 3587 4575 quasi

2011 4519 2188 4614 pheti's
2199 4519 2526 4614 loquebatur
2541 4567 2555 4589 ,
2586 4525 2894 4614 arripiehat.
2917 4519 3272 4614 lp‘se'quoqu‘c
3287 4519 3410 4575 Saftl
3435 4519 3587 4601 quasi

2013 4591 2307 4670 injunctum
2331 4597 2540 4670 famulis
2564 4591 2886 4665 epus‘tertiis
2900 4591 3113 4670 acturus
3131 4591 3248 4670 post
3268 4605 3362 4670 eos
3382 4591 3586 4670 exiens,

2011 4659 2132 4726 cum
2164 4670 2302 4724 inter
2343 4659 2626 4735 prophetas
2652 4674 2896 4731 venerat,
2932 4659 3278 4734 prophelabat
3306 4659 3415 4729 (Id.
3457 4677 3542 4735 xix
3569 4701 3586 4725 ,

2011 4741 2102 4806 20,
2134 4738 2290 4810 ειη).
2336 4731 2585 4810 Diximus
2622 4744 2797 4810 autem
2825 4731 2946 4790 cum
2997 4731 3064 4789 de
3104 4735 3315 4810 Balaam
3346 4739 3400 4785 et
3439 4731 3590 4810 asina

2013 4801 2364 4867 disseruimus
2387 4851 2403 4873 ,
2431 4808 2678 4878 quoniam
2704 4806 2933 4874 Spiritus
2953 4807 3117 4878 sancti
3145 4803 3303 4878 verba
3326 4842 3339 4864 ,
3376 4816 3476 4855 non

2015 4883 2248 4938 centium
2277 4873 2467 4933 merito
2516 4873 2806 4948 pensantur
2829 4919 2845 4943 ,
2877 4877 2969 4930 sed
3001 4876 3163 4944 ipsius
3185 4873 3457 4948 voluntate
3480 4873 3594 4926 ubi-

2014 4968 2241 5020 cumque
2269 4950 2498 5004 voluerit
2518 4943 2864 5020 proferuntur
2897 4965 2908 4997 :
2937 4943 3034 5020 per
3059 4943 3200 5015 quod
3247 4953 3422 5020 tamen
3453 4958 3592 5020 _pro-

2019 5013 2300 5078 ferentium
2327 5037 2386 5074 ea
2417 5013 2604 5073 mer-ita
2634 5035 2737 5072 non
2766 5019 2815 5070 iu
2848 5013 3035 5070 melius
3064 5013 3349 5084 augentur.
3373 5015 3423 5084 si
3453 5013 3591 5084 bona

2017 5111 2122 5148 non
2146 5093 2343 5146 habent
2361 5107 2544 5159 Opera,
2575 5091 2710 5143 sicut
2731 5089 2784 5142 in
2804 5088 3042 5159 Balaam,
3066 5093 3121 5159 et
3140 5083 3293 5159 Salii,
3313 5083 3589 5159 et_Caipha

2016 5166 2285 5236 poutitice.
2320 5152 2470 5218 Unde
2500 5152 2651 5236 tales
2667 5158 2936 5236 prephetze
2983 5155 3289 5236 in_ju_dicio,
3333 5152 3518 5208 Nonne
3542 5155 3594 5207 in

2017 5225 2104 5290 tuo
2130 5237 2332 5289 nomine
2359 5225 3069 5304 prophetaeinmsidamnati
3121 5225 3344 5304 Domino
3373 5239 3596 5294 respon-

2018 5307 2220 5362 debunt
2250 5323 2263 5359 :
2295 5297 2368 5360 et'
2392 5297 2564 5357 tamen
2597 5298 2780 5354 a-terni
2808 5297 2941 5362 ignis
2969 5297 3293 5352 consortium
3319 5297 3458 5350 inter
3493 5309 3596 5348 ete-

2019 5387 2163 5433 teros
2185 5377 2375 5446 impios
2388 5373 2646 5446 subibunt
2665 5366 2884 5446 (Matth.
2910 5384 2981 5422 vn
3006 5408 3020 5431 ,
3040 5367 3132 5446 βξ,
3299 5368 3366 5420 At
3394 5380 3522 5446 vero
3541 5376 3596 5418 et

2019 5450 2123 5503 hoc
2161 5435 2278 5502 loco
2308 5445 2519 5515 quidam
2565 5435 2826 5515 aestimant
2851 5481 2866 5505 ,
2913 5440 3053 5508 quod
3078 5435 3236 5515 _S_aiil
3274 5451 3392 5490 non-
3418 5435 3598 5515 divino

2019 5519 2242 5590 spiritu,
2289 5507 2389 5590 sed
2410 5513 2549 5568 malo
2579 5511 2670 5590 illo
2690 5526 2795 5580 quo
2817 5507 2959 5590 strpe
2987 5507 3339 5590 arripiebatpr
3357 5549 3378 5588 ,.
3407 5522 3504 5588 per
3517 5513 3596 5560 to-

2020 5577 2130 5646 tum
2161 5577 2310 5644 illum
2343 5587 2483 5639 diem
2514 5577 3284 5652 proplie‘taret,idOneeDavid
3311 5580 3467 5631 etiam
3493 5577 3594 5652 im-

2020 5663 2228 5718 minens
2257 5657 2441 5711 mortis
2471 5647 2783 5726 periculum,
2813 5653 2926 5726 ipso
2951 5667 3048 5729 suo
3074 5650 3259 5737 spiritu
3283 5655 3525 5719 arreptus
3551 5647 3593 5724 ⁸,

2085 5800 2104 5834 ι
2129 5805 2210 5852 ius.
2237 5789 2378 5853 Aud.,
2402 5792 2612 5860 arrepto.
