4048 6536
489 463 622 536 atat

489 609 678 652 secura
708 601 888 649 mente
909 592 1180 647 Danielem
1209 591 1425 660 reperit.
1450 589 1746 659 lmperante
1765 605 1893 661 ergo
1915 605 2039 661 rege
2055 631 2073 658 ,

485 666 806 736 iamjamque
829 664 1015 736 Daniel
1030 663 1097 716 de
1117 663 1232 736 lacu
1257 663 1469 736 leonum
1485 662 1828 736 abstrahitur,
1845 677 1949 731 quo
1963 677 2077 736 prg-

485 732 686 793 ditores
725 732 864 790 illius
883 735 1126 804 protinus
1148 732 1434 804 devorandi
1467 747 1560 800 pro
1587 747 1652 786 eo
1679 733 1975 786 mittuntur.
2009 733 2076 804 Et

385 856 388 858 .
486 823 621 878 quos
640 808 810 862 inedia
829 802 1058 878 Danielis
1084 804 1378 878 esurientes
1403 802 1618 867 fecerat,
1643 819 1852 878 reorum
1871 803 2078 878 sangui-

487 873 570 932 nis
619 879 761 932 illius
789 875 1074 930 criminosa
1099 874 1533 944 corporaleones
1559 873 1882 942 recipiebant
1911 873 2070 944 (Dan.

487 899 570 932 IIIS
619 899 761 932 unus
789 899 1074 930 Crluullusa
1099 899 1320 940 υυι-μυι-ἀι
1351 899 1533 927 molles
1561 899 1882 942 ιύυψιῦυειιιι
1911 899 2070 944 (uult.

464 899 582 1019 iﬂ).
608 949 663 1003 lu
691 950 791 1002 hoc
815 947 977 1019 etiam
1000 957 1107 1019 tarn
1121 944 1311 1012 insigni
1323 942 1490 1019 facto,
1505 959 1608 1019 non
1631 951 1816 1019 natura
1839 945 1891 996 in
1909 945 2074 998 leoni-

485 1013 588 1075 bus
611 1027 863 1080 mutatur,
889 1015 980 1070 sed
1012 1015 1166 1068 insita
1193 1030 1222 1067 a
1253 1013 1570 1068 conditionis
1597 1013 1742 1067 initio
1765 1023 1948 1081 suapte
1981 1029 2074 1083 per

483 1090 732 1158 angelum
763 1104 792 1140 a
828 1089 934 1140 Dco
958 1086 1304 1158 gubernatur.
1335 1085 1649 1158 Blanditiem
1681 1085 1820 1158 enim
1851 1093 1905 1158 e_t
1935 1085 2072 1158 leui-

483 1154 650 1215 tatem
677 1201 692 1224 ,
723 1173 854 1228 quas
883 1157 1072 1210 catulis
1099 1155 1208 1228 suis
1232 1155 1419 1228 leones
1444 1154 1762 1228 ostendunt,
1795 1155 1846 1206 in
1875 1155 2071 1228 Danie-

483 1229 590 1284 Iem
620 1225 975 1290 exercebant;
999 1237 1052 1280 et
1077 1225 1332 1278 saevitiam
1361 1235 1415 1279 et
1438 1225 1766 1280 ferocitatem
1790 1264 1803 1284 ,
1834 1240 1992 1292 quam
2019 1226 2070 1279 in

523 1299 719 1353 nedam
749 1298 966 1360 faciunt,
997 1298 1049 1349 in
1075 1294 1343 1349 devoratis
1365 1295 1731 1363 peccatoribus
1751 1294 2066 1350 reddebant.

523 1315 719 1353 mtuam
749 1315 966 1360 laetum,
997 1315 1049 1349 lll
1075 1315 1343 1349 GBVOI'BIIS
1365 1315 1731 1363 peccatorluus
1751 1315 2066 1350 ῐθααευθιιι.

483 1315 637 1425 {inde
685 1379 888 1423 certum
938 1375 1018 1420 est
1037 1407 1050 1430 ,
1081 1365 1220 1434 quod
1251 1382 1356 1418 non
1383 1375 1565 1419 contra
1597 1375 1798 1418 naturae
1830 1381 1937 1418 sua:
1967 1376 2071 1420 ter-

481 1439 659 1494 minos
702 1439 861 1492 ullam
900 1445 1198 1492 creaturam
1233 1436 1485 1490 Dominus
1513 1434 1710 1504 aliquid
1740 1435 1912 1490 facere
1931 1477 1946 1502 ,
1976 1437 2070 1490 sed

481 1519 790 1564 naturarum
839 1515 1012 1577 partes
1055 1506 1508 1575 qualitercumque
1550 1519 1768 1560 necesse
1809 1505 2066 1574 habetur,

479 1588 574 1634 aut
607 1583 658 1632 in
687 1577 1050 1634 defensionem
1079 1587 1132 1631 et
1160 1577 1402 1630 solatium
1434 1591 1618 1630 eorum
1649 1591 1782 1643 quos
1811 1577 2069 1647 protegit,

483 1659 573 1704 aut
617 1650 666 1702 in
715 1649 1088 1704 detrimentum
1132 1663 1314 1700 eorum
1350 1662 1484 1716 quos
1513 1647 1737 1716 premit,
1771 1646 2070 1715 gubernare

485 1719 736 1790 disponit.
789 1720 866 1773 De
907 1720 1023 1790 lacu
1066 1732 1193 1790 vero
1214 1718 1435 1790 “iterum
1462 1725 1515 1771 et
1543 1717 1786 1790 llabacuc
1816 1718 2070 1790 translato

481 1789 536 1846 in
567 1787 708 1844 Belis
737 1799 790 1844 et
815 1789 1058 1844 draconis
1085 1787 1298 1853 fabulis,
1327 1787 1520 1841 idcirco
1545 1788 1599 1840 in
1627 1787 1727 1840 hoc
1751 1787 1940 1840 ordine
1961 1803 2068 1842 non

481 1863 729 1930 ponitur,
771 1860 910 1929 quod
959 1861 1009 1913 in
1056 1859 1368 1930 auctoritate
1411 1857 1602 1911 divinae
1647 1857 1933 1926 Scriptura:
1959 1873 2068 1912 non

480 1927 743 1986 habentur
769 1927 880 1994 (Id.
907 1947 992 1984 xw
1013 1971 1027 1992 ,
1054 1929 1122 1982 '50
1143 1971 1156 1994 ,
1187 1927 1318 1998 sqq.)

564 2001 790 2056 CAPUT
821 1999 1057 2054 XXXIII.
1080 2030 1151 2038 —
1175 1997 1261 2052 De
1277 1998 1445 2052 Esdra
1467 2000 1752 2052 restituente
1775 1997 1979 2067 Legem.

553 2072 756 2126 Interea
801 2071 1120 2140 captivitatis
1165 2069 1741 2140 temporercompleto,
1785 2069 1926 2138 quod
1958 2070 2068 2124 Do-

478 2144 656 2212 minus
705 2157 802 2212 per
855 2139 1148 2212 Prophetas
1192 2139 1528 2212 uimplendum
1583 2154 1700 2212 esse
1749 2140 2068 2210 prtedixerat

479 2209 852 2284 (Jeremfxxv,
881 2209 1154 2284 i2i-xxrx,
1183 2211 1209 2284 I_
1216 2211 1282 2274 0;
1315 2209 1452 2284 Dan.
1477 2225 1530 2263 1x
1552 2252 1566 2274 ,
1587 2209 1668 2281 2),
1698 2209 2066 2284 reversionem

479 2279 664 2353 populi
703 2282 784 2337 sui
827 2291 880 2337 et
921 2281 1252 2353 captivitatis
1281 2279 1600 2333 solutionem
1625 2279 1741 2353 '_per
1767 2279 1891 2353 Cylj
1925 2281 2065 2353 regis

477 2349 818 2407 clementiam
845 2349 1336 2421 praeparabatrQuo
1355 2357 1598 2421 tempore
1631 2349 1827 2403 Esdras
1853 2350 1950 2421 Dei
1981 2366 2068 2404 sa-

477 2423 668 2478 cerdos
691 2419 1016 2477 combustam
1041 2437 1068 2474 a
1091 2419 1355 2474 Chaldaeis
1381 2421 1432 2472 in
1458 2419 1685 2473 archivis
1708 2419 1886 2488 templi
1909 2422 2068 2474 resti-

479 2495 576 2548 tuit
613 2493 805 2562 Legem
837 2491 880 2559 (I
907 2489 1064 2544 Esdr.
1092 2505 1176 2562 vi,
1211 2492 1328 2560 vn).
1367 2489 1567 2562 Nempe
1596 2490 1686 2562 qui
1720 2488 1913 2562 eodem
1942 2489 2065 2559 Spi-

476 2565 586 2618 ritu
607 2605 621 2624 .
656 2559 761 2630 quo
785 2571 906 2614 ante
928 2563 1139 2630 scripta,
1155 2559 1322 2630 fuerat
1344 2601 1360 2624 ,
1386 2559 1575 2627 plenus
1601 2560 1776 2614 fuerit.

475 2629 702 2689 CAPUT
739 2631 979 2686 XXXIV.
1010 2629 1080 2670 -ἒ-
1107 2629 1185 2683 De
1221 2629 1362 2682 bellis
1406 2630 1675 2698 praecipuis
1715 2645 1828 2700 quae
1855 2629 2066 2685 Domini

983 2701 1173 2754 auxilio
1199 2709 1401 2770 peracta
1425 2709 1561 2753 sunt.

545 2775 768 2831 Sancta:
785 2772 1073 2840 Scriptura:
1106 2769 1310 2824 Veteris
1337 2769 1666 2824 Testamenti
1686 2811 1700 2834 ,
1727 2769 1885 2839 Legis
1914 2772 2062 2826 scili-

474 2853 562 2901 cet
581 2855 636 2900 et
651 2844 1035 2913 Prophetarum
1059 2840 1380 2913 mirabiliora
1403 2841 1644 2913 ordinem
1671 2841 1722 2893 in
1752 2840 2064 2913 duobushis

473 2915 666 2972 libellis
695 2911 944 2968 historica
972 2911 1306 2980 expositione
1325 2911 1634 2964 summatim
1656 2911 1830 2980 posui.
1856 2912 2060 2976 Quibus

473 2987 522 3042 si
549 2985 678 3056 quid
707 2983 930 3056 alicujus
946 2983 1086 3056 forte
1106 2981 1340 3034 melioris
1368 2981 1563 3047 ingenii
1585 2995 1748 3056 sagax
1777 2982 2064 3056 investiga-

472 3057 550 3112 tio
567 3051 866 3116 addiderit,
895 3053 1068 3108 adhuc
1098 3066 1184 3106 me
1211 3066 1314 3104 non
1351 3066 1542 3105 recuso
1582 3051 1900 3120 discipulum
1923 3051 2059 3106 ﬁeri.

471 3126 744 3196 Praecipua
787 3139 912 3196 vero
951 3123 1088 3196 bella
1125 3130 1326 3196 tantum
1352 3121 1548 3196 auxilio
1575 3121 1782 3196 Domini
1809 3132 2057 3196 peracta,

471 3213 590 3267 qua:
623 3192 1000 3267 textnidivinae
1029 3192 1314 3267 Scriptura:
1353 3192 1552 3267 inserta
1580 3200 1731 3267 sunt,
1765 3193 1942 3267 in_his
1981 3193 2062 3267 id-

473 3261 618 3322 circo
645 3266 920 3320 omisimus
941 3307 954 3330 ,
987 3265 1235 3332 quoniam
1267 3263 1366 3316 etsi
1409 3271 1622 3330 propter
1649 3261 1717 3332 de
1745 3262 1883 3316 caalo
1911 3265 2062 3317 auxi-

475 3338 602 3390 lium
629 3335 978 3390 admiratione
1008 3331 1166 3402 digna
1193 3341 1350 3397 sunt,
1375 3342 1430 3385 et
1457 3331 1660 3401 ﬁgurali
1689 3333 1894 3387 ratione
1925 3347 2057 3387 con-

473 3408 676 3460 tineant
722 3405 886 3459 multa
931 3405 1214 3472 mysteria;
1243 3411 1420 3457 tamen
1467 3403 1520 3456 iu
1565 3417 1744 3472 rerum
1789 3412 2058 3472 gestarum

473 3419 676 3460 tmeant
722 3419 886 3459 multa
931 3420 980 3456 ιιι
1021 3419 1214 3466 eterna;
1243 3419 1420 3457 tamen
1467 3419 1520 3456 ιιι
1565 3419 1744 3456 rerum
1789 3419 2058 3472 gesrarum

472 3475 830 3531 intellectibus
879 3419 1017 3528 nihii
1047 3475 1353 3543 relinquunt
1397 3473 1604 3527 incerti.
1653 3471 1862 3543 Scimus
1911 3476 2058 3542 quod

473 3545 730 3600 Amalech
753 3586 768 3610 ,
793 3555 977 3600 orante
1017 3542 1229 3614 Moyse,
1261 3543 1416 3598 Jesus
1448 3543 1588 3598 filius
1628 3542 1748 3600 Nun
1775 3545 2060 3614 superabat

472 3615 666 3686 (Exod.
703 3631 845 3681 xvu,
870 3613 1176 3686 Ii-Ib);’et
1201 3613 1342 3668 Seon
1381 3629 1560 3686 regem
1587 3613 2053 3686 Amorrhteorum,

470 3685 524 3740 et
549 3686 628 3757 0g
657 3701 834 3755 regem
865 3685 1326 3757 Basan,_procerae
1353 3685 1810 3757 altitudinjisuviros
1832 3686 2058 3757 populus

471 3753 632 3812 Israel
678 3753 1037 3826 interﬁciant
1069 3753 1252 3826 (Num.
1299 3753 1558 3826 “1,24,
1591 3756 1694 3821 55,
1725 3764 1771 3809 et
1798 3753 1943 3822 xxn,
1973 3756 2053 3826 5).

467 3827 662 3882 Balaeh
709 3825 871 3880 ﬁlium
915 3824 1125 3894 SephOr
1167 3841 1344 3894 regem
1391 3825 1632 3892 Madian,
1677 3841 1797 3880 cum
1841 3824 2056 3882 Balaam

467 3898 562 3952 illo
603 3898 870 3966 prmeipuo
912 3895 1211 3966 astrologo,
1241 3895 1470 3950 Phinees
1515 3896 1648 3950 ﬁlius
1689 3897 1908 3950 Eleazar
1933 3913 2054 3952 cum

461 3965 702 4023 exercitu
739 3965 950 4023 occidit.
994 3967 1060 4020 Et
1095 3965 1251 4020 Jesus
1289 3966 1512 4021 Bennun
1560 3981 1720 4020 unum
1749 3977 1804 4022 et
1836 3967 2050 4036 triginta

465 4054 623 4110 reges
689 4036 1081 4110 Chanauitidis,
1136 4036 1316 4110 multis
1380 4035 1712 4110 conflictibus
1769 4035 2055 4110 prostravit

467 4106 652 4178 (Iosue
696 4124 806 4174 xu,
851 4109 926 4176 7).
957 4106 1172 4178 Gedeon
1203 4106 1341 4161 ﬁlius
1382 4107 1506 4162 Joas
1550 4107 1602 4178 in
1647 4109 1897 4178 trecentis
1925 4107 2054 4162 viris

467 4177 746 4233 innumera
775 4177 1180 4232 Madianitarum
1220 4179 1382 4230 millia
1415 4193 1509 4245 per
1529 4177 1684 4231 tubas
1711 4187 1762 4230 et
1804 4177 2050 4233 lucernas

463 4249 661 4322 occidit
683 4249 874 4322 (Judic.
905 4265 1004 4314 vn,
1035 4247 1243 4322 19-25).
1267 4247 1778 4322 IephteGalaadites
1797 4249 2052 4322 populqu

467 4319 535 4375 de
563 4317 810 4376 Gentium
835 4327 1097 4389 potestate
1123 4319 1242 4389 belli
1269 4319 1390 4386 jure
1415 4317 1661 4389 liberavit
1681 4317 1790 4386 (Id.
1822 4317 1904 4380 xi,
1935 4319 2047 4388 52).

467 4389 698 4446 Samson
723 4391 812 4444 ille
839 4388 1163 4446 fortissimus
1191 4388 1532 4442 Hebraeorum
1553 4428 1568 4453 ,
1600 4388 1806 4441 leonem
1833 4389 1932 4442 sibi
1955 4403 2048 4444 oc-

464 4470 767 4518 currentem
805 4461 933 4516 nihil
977 4459 1191 4514 habenti
1233 4459 1286 4512 in
1328 4457 1602 4523 manibus,
1646 4457 1938 4527 confregit;
1977 4459 2046 4514 de

481 4595 1152 4621 ,..____.____..__._

1193 467 1282 528 DE
1311 469 1744 528 MIRABILIBUS
1780 467 2028 528 8Αοἣῶ
2064 457 2494 537 ΒΩΚΙΡἸἪΒΕ,
2535 469 2594 528 δ.
2635 464 2998 529 AUGUSTINI

3619 469 3766 532 219!

2180 591 2333 660 cujus
2357 599 2541 660 postea
2571 604 2666 646 ore
2693 597 2748 646 et
2765 595 2938 660 capite
2963 589 3138 645 favum
3163 589 3338 646 mellis
3358 589 3566 660 accepit
3587 600 3644 647 et
3669 606 3766 649 co-

2181 659 2348 716 medit
2363 659 2372 660 “
2387 660 2586 730 (Judic.
2613 677 2722 728 xiv,
2746 660 2778 715 6
2793 702 2808 726 ,
2832 659 2927 732 ’8),
2945 669 3312 732 trecentasque
3335 659 3524 732 vulpes
3545 661 3766 730 capiens

2181 732 2408 804 igneque
2449 746 2731 804 succensas
2775 731 2824 784 in
2854 730 3271 804 Philistinorum
3313 730 3524 804 segetes
3554 733 3766 788 dimisit

2182 803 2294 873 (Id.
2319 843 2333 864 ,
2365 819 2453 868 xv,
2492 803 2544 866 4,
2581 802 2662 872 5).
2686 803 2760 856 De
2777 803 2969 872 quibus
2987 803 3235 873 ille-mille
3253 802 3403 857 viros
3428 805 3629 872 impetu
3655 819 3768 859 uno

2179 872 2318 928 asini
2343 873 2648 944 mandibula
2675 873 2819 926 solus
2850 872 3184 944 mortiﬁcavit
3217 872 3326 942 (Id.
3357 875 3485 944 15);
3517 883 3572 929 et
3601 873 3764 928 undi-

2179 959 2280 1013 que
2310 943 2616 998 sedentibus
2643 943 2782 996 circa
2808 943 3097 1008 civitatem,
3129 945 3182 996 in
3208 960 3310 1013 qua
3336 943 3720 999 dormitaverat
3743 987 3762 1012 ,

2179 1012 2490 1084 Pliilistzeis,
2522 1014 2895 1084 ambasportae
2921 1015 3060 1068 fores
3099 1012 3238 1068 cum
3261 1017 3412 1069 ostiis
3435 1025 3489 1070 et
3529 1015 3766 1084 superli-

2179 1083 2475 1156 minaribus
2519 1091 2573 1156 et
2619 1083 2753 1138 seris
2797 1094 2850 1156 et
2893 1085 3134 1156 vectibus
3161 1086 3359 1153 pariter
3402 1083 3764 1156 comprehen-

2177 1154 2331 1220 dens,
2362 1156 2416 1208 in
2443 1151 2639 1208 vertice
2668 1154 2862 1208 montis
2890 1154 2978 1222 qui
3001 1151 3216 1222 respicit
3251 1151 3542 1222 Bersabee,
3563 1157 3762 1210 dereli-

2177 1226 2288 1294 quit
2319 1225 2426 1295 (Id.
2469 1239 2594 1290 xvx,
2626 1225 2705 1296 ὅ).
2729 1224 2946 1278 Tribum
2978 1240 3188 1294 quoque
3232 1226 3503 1292 Benjamin
3543 1236 3770 1296 propter

2177 1297 2518 1348 commissum
2543 1295 2803 1363 piaculum
2833 1303 3014 1356 totam,
3049 1296 3285 1364 exceptis
3315 1295 3580 1351 sexcentis
3611 1297 3764 1361 viris,

2177 1367 2351 1420 omnis
2378 1366 2601 1420 ﬁliorum
2633 1364 2794 1418 Israel
2838 1366 3062 1433 populus
3091 1374 3212 1434 post
3255 1367 3353 1420 tria
3396 1367 3531 1421 bella
3565 1367 3764 1420 delevit

2181 1434 2290 1505 (Id.
2319 1453 2404 1490 χιιι
2427 1477 2442 1499 ,
2469 1435 2582 1506 xx).
2625 1435 2881 1506 Ionathas
2925 1435 3064 1488 ﬁlius
3110 1435 3236 1490 Sani
3279 1445 3336 1490 et
3359 1438 3604 1506 armiger
3632 1453 3770 1492 suus

2176 1507 2458 1578 stationem
2519 1505 2922 1578 Philistinorum
2975 1506 3240 1574 percussit
3267 1507 3306 1576 (l
3343 1505 3470 1578 Reg.
3499 1505 3612 1574 xiv,
3643 1509 3760 1574 15).

2177 1575 2338 1630 David
2369 1577 2518 1630 ﬁlius
2562 1576 2713 1631 Jesse
2755 1575 2930 1629 adhuc
2957 1590 3091 1644 puer
3128 1585 3181 1629 et
3205 1585 3386 1645 pastor
3403 1575 3614 1643 ovium,
3647 1579 3764 1632 ursi

2176 1655 2229 1699 et
2261 1647 2429 1702 leonis
2455 1645 2714 1700 interfecti
2741 1645 2810 1700 de
2835 1661 2928 1700 ore
2947 1645 3180 1714 praadam
3209 1648 3440 1714 eripuit,
3469 1655 3524 1702 et
3547 1647 3764 1702 Goliath

2177 1716 2502 1788 Pliilistmmn
2532 1717 2597 1788 de
2630 1715 2900 1788 fundibula
2943 1715 3442 1788 lapiderprostravit
3471 1717 3578 1788 (Id.
3613 1732 3760 1782 xvu,

2176 1787 2277 1852 54,
2308 1787 2420 1854 49).
2454 1787 2551 1852 Qui
2587 1787 3065 1857 postea'patientite
3083 1787 3284 1857 virtute
3309 1787 3434 1842 Sail!
3465 1787 3544 1841 bis
3567 1788 3766 1857 depre-

2177 1857 2344 1912 henso
2387 1858 2602 1911 inimico
2644 1871 2740 1910 suo
2779 1855 3018 1926 pepercit
3047 1855 3156 1926 (Id.
3191 1874 3335 1923 xxiv,
3364 1858 3430 1924 8;
3463 1855 3762 1926 χιινιζίθ,

2177 1927 2289 1998 11).
2327 1929 2390 1982 Ει
2439 1943 2532 1981 rex
2571 1927 2907 1998 postmodum
2951 1926 3156 1992 factus,
3205 1929 3373 1982 tribus
3429 1929 3768 1998 gravissimis

2177 1999 2375 2066 prreliis
2405 2007 2666 2068 prostrata
2699 1997 3094 2052 Philistinorum
3143 1999 3350 2068 agmina
3384 1997 3658 2053 tributaria
3685 1998 3769 2053 fe-

2175 2069 2248 2122 cit
2274 2068 2340 2138 (ll
2370 2069 2496 2137 Reg.
2521 2083 2572 2132 v,
2599 2067 2705 2132 ‘20;
2736 2077 2781 2120 et
2810 2084 2898 2138 vni
2925 2113 2932 2120 .
2962 2069 3036 2136 1).
3065 2067 3226 2122 David
3255 2071 3400 2124 solus
3427 2070 3768 2138 octingentos

2175 2137 2440 2194 interfecit
2468 2140 2663 2209 impetu
2697 2153 2800 2190 uno
2832 2137 2942 2208 (Id.
2969 2154 3098 2192 χχιιι
3119 2181 3133 2204 ,
3158 2139 3234 2209 8).
3263 2139 3443 2193 Abisai
3473 2137 3615 2193 ﬁlius
3633 2139 3768 2194 Sar-

2174 2209 2274 2262 vize
2299 2209 2492 2263 levavit
2521 2208 2724 2260 hastam
2748 2224 2893 2262 suam
2921 2217 3104 2262 contra
3133 2208 3416 2277 trecentos,
3455 2219 3512 2264 et
3535 2209 3762 2264 interfe-

2175 2280 2248 2350 cit
2271 2295 2366 2334 eos
2399 2278 2582 2350 (Ibid.,
2613 2279 2725 2348 18).
2758 2278 2889 2332 Tres
2911 2280 3764 2350 robustissimiiruperuntagmina

2175 2349 2594 2411 Philistinorum,
2620 2358 2677 2402 ut
2703 2359 2882 2415 potum
2900 2349 3094 2420 darent
3115 2350 3226 2420 regi
3251 2351 3414 2405 David
3435 2351 3503 2420 de
3523 2351 3760 2420 cisterna

2175 2420 2516 2492 Bethlchem,
2547 2420 2754 2492 quieuin
2795 2418 3238 2492 medio_hostituu
3269 2430 3382 2492 erat
3409 2418 3760 2492 (Ibiduiiﬁi).

2176 2489 2410 2544 Banaias
2440 2491 2578 2543 ﬁlius
2605 2489 2806 2543 .loiada:
2831 2489 3096 2544 interfecit
3121 2490 3255 2544 duos
3281 2489 3459 2546 leones
3489 2491 3538 2544 in
3571 2489 3758 2555 Moab,

2173 2569 2224 2613 et
2263 2562 2472 2614 leonem
2503 2560 2556 2612 in
2587 2561 2818 2631 cisterna
2843 2561 2892 2613 in
2925 2561 3109 2614 diebus
3137 2561 3272 2614 nivis
3299 2560 3483 2631 (Ibid.,
3506 2561 3611 2626 20,
3637 2560 3758 2631 2i).

2173 2631 2292 2699 Ipse
2315 2645 2526 2754 guoque
2557 2629 2761 2699 virgam
2793 2639 2982 2685 tenens
3007 2647 3188 2694 manu,
3217 2629 3522 2712 digyptium
3543 2629 3760 2699 specta-

2173 2701 2294 2754 culo
2359 2715 2534 2754 mnum
2565 2701 2768 2754 hastam
2793 2701 3077 2754 habentem
3099 2743 3113 2754 .
3147 2702 3358 2754 occudit.
3393 2702 3596 2754 Bellum
3619 2717 3758 2754 uuo—

2172 2701 2294 2756 culo
2318 2701 2534 2770 dignum
2565 2701 2768 2754 hastam
2793 2701 3077 2755 habentem
3099 2743 3114 2766 ,
3147 2701 3358 2756 occidit.
3393 2702 3596 2756 Bellum
3619 2717 3758 2770 quo—

2176 2786 2282 2840 que
2323 2773 2659 2824 robustorum
2691 2772 2741 2824 in
2773 2770 3004 2826 Gabaam
3035 2773 3288 2826 exercitui
3319 2772 3479 2826 David
3505 2771 3675 2827 cessit
3705 2775 3758 2825 in

2172 2855 2488 2912 prosperum
2515 2841 2590 2912 (ll,
2611 2841 2739 2912 Reg.
2767 2842 2976 2908 xxt,15,
2999 2843 3360 2912 sqq.).Pr:eter
3384 2841 3498 2897 hare
3527 2842 3762 2896 maxima

2171 2911 2314 2980 regis
2337 2912 2501 2965 David
2531 2911 2786 2966 adverSus
2825 2912 2876 2966 in
2906 2911 3126 2966 circuitu
3151 2913 3395 2982 regiones
3425 2915 3564 2968 bella
3583 2953 3596 2976 ,
3631 2928 3762 2980 pro-

2171 2997 2326 3049 spere
2357 2982 2564 3036 Domini
2606 2983 2803 3036 auxilio
2843 2981 3050 3037 favente
3069 3023 3082 3044 ,
3112 2981 3230 3036 seni
3253 2999 3346 3052 per
3374 2984 3758 3050 semetipsum,

2169 3067 2262 3106 seu
2293 3068 2386 3120 per
2412 3053 2704 3107 exercitum
2747 3067 2888 3118 saepe
2937 3062 3150 3121 peracta
3189 3062 3329 3108 sunt.
3378 3054 3582 3108 Bellum
3627 3067 3760 3107 vero

2168 3123 2322 3177 civile
2345 3123 2396 3176 iu
2423 3125 2559 3176 saltu
2581 3122 2832 3192 Epitraim
2855 3123 2908 3176 iu
2929 3124 3046 3192 ipso
3073 3124 3234 3178 Israel
3255 3166 3269 3186 ,
3300 3125 3352 3177 in
3379 3133 3758 3183 testamentum

2168 3193 2334 3265 David
2379 3194 2608 3265 restituit
2653 3193 2907 3248 Samaria:
2951 3209 3172 3262 regnum
3220 3193 3329 3265 (Id.
3381 3209 3539 3258 xvtu,
3571 3193 3638 3258 6,
3675 3195 3758 3258 7).

2167 3262 2366 3333 Contra
2393 3263 2557 3332 Syros
2582 3272 2636 3318 et
2675 3279 2827 3333 reges
2875 3265 3149 3330 Damasci,
3179 3262 3319 3319 nunc
3344 3265 3446 3319 huc
3467 3307 3481 3331 ,
3515 3280 3657 3319 nunc
3690 3265 3758 3317 il—

2167 3332 2274 3398 luc,
2306 3335 2514 3388 alterno
2537 3332 2792 3403 proventu
2823 3335 3094 3403 vergentia
3131 3335 3418 3389 certamina
3451 3337 3612 3388 multa
3641 3333 3760 3388 fue-

2167 3413 2310 3458 runt.
2361 3404 2484 3458 Haec
2529 3404 2705 3458 omnia
2749 3413 2964 3474 propter
2981 3405 3048 3458 de
3067 3407 3203 3460 caelo
3229 3406 3420 3459 auxilia
3441 3405 3762 3459 mirabiliter

2165 3483 2314 3543 gesta
2334 3516 2349 3540 ,
2383 3483 2758 3544 provenerunt.
2789 3475 2894 3529 Sed
2925 3475 3002 3528 illi
3031 3477 3181 3545 operi
3212 3485 3396 3529 nostro
3423 3475 3760 3530 conveniens

2166 3545 2584 3599 additamentum
2628 3545 2870 3600 conferre
2911 3561 3017 3600 non
3065 3558 3314 3614 possunt;
3343 3547 3590 3615 quoniam
3623 3545 3760 3600 nihil

2167 3615 2220 3668 in
2259 3615 2618 3684 quotidianam
2663 3631 2840 3670 rerum
2885 3615 3399 3670 administrationem
3433 3616 3752 3670 inusitatum

2165 3685 2487 3750 ostendunt,
2516 3687 2642 3740 dum
2669 3701 2762 3754 per
2793 3686 3063 3741 hominum
3095 3695 3146 3738 et
3173 3687 3407 3756 ipsorum
3438 3687 3601 3740 etiam
3622 3688 3750 3756 Λιι-

2200 3757 2405 3810 elerum
2431 3756 2873 3826 ’dispensationes
2913 3765 2966 3810 et
3005 3756 3336 3811 fortitudines
3377 3757 3564 3811 elI'ecta
3602 3755 3760 3809 fiunt.

2189 3842 2222 3879 n
2257 3825 2676 3898 Machabreorum
2716 3825 3024 3898 libris,etsi
3056 3827 3260 3898 aliquid
3303 3827 3620 3898 mirabilium
3661 3841 3764 3879 nu-

2165 3911 2315 3951 mero
2343 3897 2682 3952 inserendum
2703 3897 3028 3951 conveniens
3049 3896 3213 3951 fuisse
3239 3896 3408 3950 ordini
3429 3896 3760 3963 inveniatur,

2162 3966 2231 4020 de
2262 3968 2363 4022 hoc
2395 3979 2569 4022 tamen
2613 3967 2756 4022 nulla
2795 3983 2922 4021 cura
2971 3966 3305 4037 fatigabimur
3333 3983 3346 4019 :
3378 3968 3498 4036 quia
3547 3976 3760 4020 tantum

2163 4052 2320 4105 agere
2351 4037 2752 4106 proposuimus,
2783 4047 2840 4092 ut
2878 4037 2945 4092 de
2973 4037 3136 4092 divini
3165 4039 3388 4092 canonis
3421 4037 3760 4091 mirabilibus

2161 4108 2443 4178 exiguam,
2473 4109 2714 4178 quamvis
2763 4109 3012 4178 ingenioli
3063 4109 3231 4162 nostri
3277 4108 3548 4163 modulum
3591 4121 3760 4161 exce-

2161 4177 2378 4232 dentem
2410 4177 2714 4233 historicam
2744 4177 3128 4246 expositionem
3156 4192 3222 4232 ex
3257 4187 3408 4248 parte
3441 4178 3615 4248 aliqua
3645 4187 3762 4230 tan-

2161 4262 2428 4316 geremus.
2475 4249 2597 4302 Ideo
2622 4255 2678 4302 et
2708 4263 2941 4316 praesens
2979 4248 3189 4303 libellus
3227 4247 3278 4302 in
3318 4249 3422 4304 hoc
3447 4248 3566 4302 loco
3591 4247 3760 4302 ﬁnem

2163 4333 2316 4388 suum
2361 4319 2660 4388 contingat,
2691 4327 2747 4388 ut
2783 4320 2970 4374 tertius
3003 4319 3072 4374 de
3111 4318 3258 4374 Novo
3298 4318 3642 4373 Testamento
3687 4317 3760 4372 ab

2161 4387 2434 4512 Evangelii
2464 4389 2614 4512 initio
2633 4431 2646 4454 ,
2679 4387 2884 4445 Joanne
2910 4389 3155 4446 videlicet
3179 4397 3234 4444 et
3265 4389 3495 4444 Domino
3519 4389 3754 4458 primor-

2203 4475 2310 4512 ium
2341 4475 2490 4512 suma
2523 4499 2534 4512 .

2203 4468 2310 4513 tum
2341 4468 2534 4514 sumat.

1470 4663 1942 4778 LIBER
2027 4665 2744 4776 TERTIUS.

1826 4859 1897 4901 De
1919 4857 2048 4900 Νονο
2069 4855 2396 4900 Testamento.

1948 4953 2278 5010 «at-<m>;ea
2303 4941 2308 4944 ’

473 5087 700 5147 CAPUT
725 5083 1009 5143 PRIMUM.
1027 5113 1100 5124 -—
1126 5079 1197 5136 De
1217 5079 1403 5135 simne
1437 5077 1701 5132 Zachariae
1730 5086 1776 5132 et
1800 5078 2057 5132 nativitate

1019 5153 1237 5207 Joannis
1262 5149 1531 5221 Baptistae.

537 5228 811 5288 Octaviani
868 5227 1088 5295 Augusti
1141 5219 1386 5295 Qesaris
1428 5219 1829 5295 quadragesimo
1882 5221 2056 5295 primo

417 5321 420 5324 '
467 5317 639 5366 anno,
665 5289 1228 5366 Zacharias'sacerdos
1249 5292 1313 5346 de
1326 5290 1623 5366 _vice_Abia,
1645 5304 1764 5366 cum
1789 5289 2054 5366 in_ot:di_ne

467 5388 566 5428 suo
593 5359 960 5425 holocaustum
983 5366 1039 5420 in
1063 5365 1260 5432 templo
1285 5361 1546 5417 olferebat
1565 5401 1579 5424 ,
1601 5361 1819 5428 angelus
1837 5359 2052 5432 Gabriel

469 5459 604 5498 unus
633 5441 702 5498 de
731 5441 939 5494 illorum
971 5431 1192 5490 numero
1215 5473 1229 5496 ,
1259 5433 1346 5502 qui
1377 5439 1518 5485 stant
1547 5435 1914 5502 inconspectu
1937 5431 2045 5502 Do-

467 5514 633 5576 mini,
665 5511 822 5564 celeri
865 5508 1044 5560 nuntio
1086 5505 1182 5574 ipsi
1229 5499 1488 5576 respousa
1531 5499 1799 5556 deferebat
1824 5501 2052 5576 ;_qui_b_us

459 5569 788 5640 subnectens
808 5622 823 5645 ,
853 5577 1017 5642 Uxor,
1047 5569 1243 5644 inquit,
1271 5569 1675 5645 tuaghuucusque
1712 5571 1912 5645 sterilis
1936 5569 2050 5624 Eli-

465 5655 658 5709 zaoeth
681 5694 695 5719 ,
738 5640 1026 5719 grandrevau
1047 5640 1179 5719 satis
1195 5687 1208 5710 ,
1237 5641 1534 5719 concipiet,
1568 5641 1840 5709 filiumque
1885 5640 2050 5694 Joan-

469 5741 596 5778 nem
630 5715 881 5778 nominc,
925 5716 1183 5770 Altissiuti
1225 5715 1536 5784 prephetam
1577 5721 1631 5766 et
1669 5725 2052 5784 praecursorem

469 5795 566 5847 tibi
614 5793 802 5860 pariet.
855 5787 960 5843 Sed
1003 5781 1275 5860 incredula
1319 5781 1494 5837 mente
1539 5781 1831 5860 ἐπει-ἀρε,
1863 5797 2048 5860 parum

471 5864 556 5918 his
607 5851 762 5915 dictis
808 5861 986 5914 animo
1035 5857 1192 5911 ﬁdem
1244 5853 1683 5916 accommodans,
1729 5851 2047 5921 Quomodo,

463 5931 768 6007 respondit,
797 5931 900 5986 hoc
920 5928 1033 5984 ﬁeri
1059 5925 1288 5998 poterit;
1318 5937 1440 5982 cum
1465 5937 1563 5995 ego
1587 5923 1688 5981 sim
1713 5922 1842 5980 satis
1861 5937 2048 5995 senex,

2167 5085 2222 5152 et
2244 5091 2379 5152 uxor
2409 5092 2526 5133 mea
2559 5077 2663 5133 isto
2695 5077 2872 5136 ofﬁcio
2895 5079 2948 5134 in
2971 5079 3250 5150 iuventute
3275 5081 3480 5152 privata
3503 5126 3519 5152 ,
3551 5085 3608 5140 in
3635 5083 3762 5142 die-

2164 5149 2267 5225 bus
2295 5149 2407 5204 suis
2433 5158 2680 5218 provecta
2701 5155 2856 5225 aetate
2879 5149 3241 5225 processerit?
3263 5149 3514 5225 Attamen
3533 5157 3764 5225 angelus

2161 5218 2218 5274 in
2247 5220 2345 5292 ista
2393 5235 2726 5292 nequaquam
2756 5218 3098 5277 excusatione
3139 5223 3419 5292 repulsus,
3447 5240 3552 5280 non
3593 5218 3766 5282 causa

2162 5289 2398 5365 perfidiae
2430 5291 2652 5365 illatum
2678 5306 2871 5365 munus
2916 5293 3173 5360 retraxit,
3201 5289 3296 5365 sed
3335 5289 3442 5365 quo
3467 5311 3498 5348 a
3525 5296 3764 5352 Domino

2160 5360 2302 5430 quod
2331 5360 2607 5415 dicebatur
2639 5361 2974 5430 impleretur,
3005 5360 3486 5420 convenienti'oris
3515 5367 3600 5419 sui
3627 5367 3756 5420 vin-

2161 5429 2314 5484 dictze
2335 5431 2635 5504 subjectum
2659 5429 2860 5504 mutum
2883 5432 3216 5504 sacerdotem
3235 5433 3518 5504 dereliquit
3543 5453 3556 5488 :
3579 5435 3762 5492 donec

2159 5509 2413 5574 nascente
2433 5502 2772 5574 postmodum
2803 5519 2998 5574 puero,
3032 5503 3205 5572 ligata:
3245 5502 3442 5574 linguai
3473 5505 3754 5568 vinculum

2157 5572 2390 5626 solutum
2415 5579 2530 5636 est,
2558 5573 2642 5627 cui
2673 5588 2864 5628 nomen
2907 5572 3000 5627 ﬁlii
3031 5575 3264 5630 scribere
3311 5572 3549 5639 tentans,
3582 5575 3762 5630 Joan-

2157 5658 2278 5718 nes,
2305 5641 2465 5708 dixit,
2495 5651 2566 5696 est
2595 5659 2773 5718 numen
2795 5642 3077 5718 εῙιιε-(ΙκιισΖ
3107 5661 3158 5704 ι.
3188 5645 3338 5712 5-27,
3363 5645 3584 5718 57-61).
3611 5645 3762 5701 Cou-

2156 5713 2403 5767 veniente
2429 5721 2602 5766 autem
2629 5713 3027 5782 dispensatione
3055 5713 3248 5770 factum
3279 5724 3362 5770 est
3379 5757 3393 5780 ,
3419 5727 3480 5770 ut
3503 5713 3752 5772 Joannes

2157 5785 2244 5852 qui
2275 5793 2456 5857 postea
2484 5783 2788 5857 hominibus
2811 5785 2946 5838 victu
2977 5795 3032 5840 et
3060 5785 3254 5857 vestitu
3281 5795 3336 5840 et
3361 5787 3478 5842 loco
3498 5787 3752 5857 exempla

2157 5854 2482 5927 prenitentia:
2550 5855 2846 5927 praeberet,
2897 5864 2951 5910 et
2997 5855 3362 5925 paenitentiam
3411 5854 3756 5927 praedicans,

2156 5925 2316 5982 etiam
2356 5925 2722 5996 conceptionis
2765 5925 2878 5996 ejus
2923 5935 3162 5998 tempore
3211 5937 3366 5998 pater
3411 5925 3756 6000 pteuitentia?
