4048 6498
477 401 627 462 2199

482 514 595 570 lum
619 511 818 569 dixisse
840 516 1026 582 putent
1044 550 1064 584 ,_
1091 507 1272 562 Anima
1297 505 1437 560 illius
1461 505 1515 557 in
1541 520 1600 584 eo
1625 512 1719 558 est.
1743 502 1847 558 Sed
1884 511 2060 584 tamen

482 585 760 653 Scriptura
798 579 965 644 tacet,
1023 579 1067 633 si
1093 592 1305 653 egressa
1315 585 1429 653 _est
1469 583 1561 628 aut
1600 589 1812 628 reversa
1862 579 2057 653 anima.

481 646 676 709 Caetéri
702 669 826 708 vero
852 668 944 708 sex
968 646 1156 704 mortui
1182 690 1197 712 ,
1221 646 1409 715 quibus
1438 660 1536 698 nec
1564 659 1794 715 egressae
1838 647 2028 698 animae
2046 687 2060 710 ,

488 741 587 779 nec
626 738 855 778 reversa:
901 714 1382 782 nuntiantur,’sine
1427 715 1533 769 ulla
1580 714 1668 769 hic
1719 716 2062 784 ambiguitate

487 803 742 863 praestant
787 790 928 863 quod
1002 789 1196 844 mortui
1245 788 1385 853 sint,
1430 794 1485 841 et
1527 783 1703 858 divina
1755 783 2063 856 operatione

485 862 784 919 resuscitali
809 862 932 915 Sint.

483 934 711 989 CAPUT
749 931 884 986 XIII.
916 961 987 972 -——
1015 929 1091 982 De
1111 929 1231 982 solis
1257 928 1429 998 eclipsi
1475 927 1531 980 in
1568 928 1800 997 passione
1834 927 2059 981 Domini.

559 1004 697 1058 Solis
723 1001 946 1056 del’eetio
961 1001 1109 1070 juxta
1131 1014 1376 1065 carnem,
1396 1013 1529 1070 non
1561 1008 1617 1070 ut
1646 998 1813 1070 solet,
1851 998 2064 1068 quando

490 1075 612 1130 luna
637 1068 974 1136 accenditur,
993 1070 1126 1124 facta
1149 1081 1289 1132 erat;
1319 1068 1412 1122 sed
1443 1068 1493 1122 in
1522 1068 1675 1138 plena
1707 1069 1827 1123 luna
1850 1112 1864 1135 ,
1921 1070 2065 1123 scili-

491 1153 579 1200 cet
625 1141 1054 1213 quintadecima
1098 1140 1183 1193 die
1222 1140 1455 1206 mensis,
1508 1154 1577 1213 ne
1619 1152 1744 1192 casu
1775 1148 2064 1213 (putaretur

486 1209 669 1277 fuisse,
697 1212 835 1282 quod
865 1219 1114 1266 evenerat
1141 1227 1154 1267 :
1185 1218 1240 1264 et
1269 1218 1472 1264 tantum
1513 1209 1683 1264 lucem
1712 1211 1839 1282 solis
1889 1210 2062 1282 inedia

483 1285 572 1338 die
615 1280 848 1338 tenebrae
877 1282 1327 1345 obscuraverunt,
1380 1289 1436 1334 ut
1476 1295 1573 1350 per
1603 1289 1708 1334 tres
1727 1280 1862 1350 illas
1901 1280 2061 1336 horas

486 1353 819 1417 defectionis,
858 1353 1024 1408 stellae
1066 1352 1120 1405 in
1154 1351 1292 1406 cmlo
1336 1351 1462 1406 visae
1503 1350 1608 1404 sint
1665 1349 1841 1422 (Luc.
1896 1367 2059 1419 χχιιι,

482 1424 888 1550 ’ΧΙΨ
917 1522 988 1532 -
1013 1492 1092 1546 De
1145 1491 1436 1562 corporibus
1484 1500 1770 1545 sanctorum
1802 1492 2062 1562 ivenienti-

453 1611 461 1627 ,.
520 1567 611 1619 bus
635 1566 697 1619 de
719 1565 1050 1618 monumentis
1078 1563 1181 1617 suis
1211 1561 1321 1632 post
1347 1563 1755 1616 resurrectionem
1792 1561 2014 1615 Domini.

459 1670 463 1674 -
557 1635 736 1690 Sancti
761 1643 1020 1688 venerunt
1048 1633 1115 1688 de
1167 1633 1526 1686 monumentis
1573 1634 1683 1687 suis
1714 1640 1831 1699 post
1878 1647 2031 1687 resur

482 1707 774 1761 rectionem
799 1704 1005 1758 Domini
1038 1701 1264 1776 (Matth.
1288 1718 1474 1776 xxvu,
1495 1703 1720 1776 52,55)
1755 1720 1766 1755 :
1811 1702 1905 1757 sed
1939 1719 2030 1776 rur

481 1790 602 1830 sum
633 1776 687 1830 in
711 1772 1088 1839 monumenta,
1127 1773 1394 1844 quomodo
1419 1782 1472 1826 et
1500 1772 1566 1827 de
1596 1773 1774 1844 Moyse
1809 1774 2055 1844 memini,

481 1847 885 1910 redintrarunt;
941 1844 1027 1899 ubi
1057 1843 1502 1898 resurrectionem
1540 1843 1778 1896 omnium
1832 1843 2049 1898 novissi-

479 1930 624 1970 mam
655 1924 1000 1983 exSpectant,
1029 1922 1087 1967 ut
1123 1914 1410 1982 Apostolus
1431 1913 1540 1967 ait:
1583 1912 1656 1966 Hi
1707 1929 1877 1968 omnes
1926 1914 2062 1967 testi-

480 1987 654 2040 monio
675 1986 796 2054 fidei
821 1985 1015 2053 probati
1040 1984 1228 2054 inventi
1252 1992 1394 2048 sunt,
1423 2000 1520 2038 non
1551 1993 1846 2054 acceperunt
1890 2001 2063 2054 reprov

482 2053 768 2110 missionem
795 2071 826 2107 (ι
849 2054 954 2108 Deo
984 2070 1075 2124 pro
1116 2053 1257 2106 nobis
1292 2055 1468 2108 melius
1490 2054 1712 2124 "aliquid
1753 2054 2059 2124 providente,

479 2127 558 2196 uti
578 2143 639 2180 ne
667 2127 774 2196 sine
799 2124 939 2178 nobis
964 2123 1430 2196 consummarentur
1456 2123 1638 2193 (Hebr.
1667 2123 1775 2196 ixi,
1805 2125 1873 2178 39
1893 2166 1907 2188 ,
1947 2125 2060 2196 40).

481 2195 539 2249 Si
573 2197 732 2266 igitur
765 2195 852 2249 isti
879 2203 932 2249 et
977 2195 1186 2266 Moyses
1206 2195 1291 2266 bis
1316 2209 1616 2265 resurgere,
1665 2195 1716 2247 in
1745 2194 1846 2249 hae
1875 2194 2060 2248 osten-

480 2263 635 2321 sione
673 2267 872 2334 utique,
907 2273 960 2318 et
993 2263 1382 2317 in'novissima
1452 2263 1764 2318 cunctorum
1821 2280 2064 2320 resurre-

477 2337 681 2401 ctione,
705 2333 955 2391 credendi
989 2343 1130 2401 sunt,
1154 2333 1278 2387 dum
1302 2335 1466 2388 semel
1483 2343 1704 2388 mortem
1725 2334 1824 2389 sibi
1841 2335 2061 2390 inditam

479 2405 613 2459 Adm
640 2406 835 2460 delicto
865 2404 1237 2474 gustaverunt?
1265 2403 1370 2458 Sed
1422 2404 1524 2459 hoc
1563 2405 1703 2458 absit
1743 2420 1772 2457 a
1801 2405 2063 2460 catholica

482 2474 590 2545 Iide
612 2486 670 2530 ut
693 2475 859 2530 semel
889 2474 1204 2528 morientem
1255 2475 1336 2528 his
1363 2475 1545 2528 credat
1593 2476 1711 2545 quis
1759 2490 2057 2545 resurgere.

479 2543 592 2598 Nisi
619 2545 758 2600 forte
786 2546 867 2599 bis
891 2545 1023 2597 mori
1066 2545 1278 2614 Moysen
1309 2551 1363 2598 et
1388 2545 1516 2598 istos
1557 2544 1745 2613 aliquis
1772 2543 1933 2600 dicat.
1958 2545 2064 2600 Sed

474 2631 741 2684 nusquam
773 2615 840 2668 de
861 2614 942 2668 his
965 2614 1232 2680 scribitur,
1261 2615 1348 2682 qui
1373 2615 1449 2667 sic
1475 2624 1854 2682 apparuerunt,
1889 2631 2061 2670 resur-

479 2686 685 2739 rexisse
708 2701 723 2749 ;
753 2684 844 2738 sed
870 2693 962 2754 aut
989 2684 1187 2747 vivere,
1218 2692 1310 2736 aut
1331 2686 1659 2751 apparuisse,
1692 2685 1774 2738 vel
1795 2685 1863 2739 de
1885 2686 2064 2754 sepul-

474 2755 583 2807 cris
611 2755 804 2808 exisse.
837 2753 1040 2807 Nomen
1088 2762 1274 2824 autem
1306 2755 1710 2808 resurrectionis
1741 2755 1792 2807 in
1827 2755 1922 2819 iis,
1949 2753 2064 2824 ’qui

477 2832 598 2892 post
620 2832 842 2878 mortem
873 2824 925 2876 in
949 2823 1053 2876 vita
1086 2823 1186 2877 hac
1215 2822 1511 2877 eomersati
1536 2835 1691 2889 sunt,
1727 2833 1816 2878 aut
1860 2827 1910 2878 in
1953 2822 2062 2879 Do-

476 2893 609 2946 mini
657 2894 860 2964 solius,
916 2902 1006 2964 aut
1060 2893 1113 2946 in
1166 2893 1337 2946 futura
1377 2896 1615 2947 omnium
1676 2896 2062 2951 resurrectione

475 2964 710 3086 Bonitur.
745 2963 887 3016 Talis
905 2963 1084 3018 autem
1106 2964 1368 3032 apparitio
1394 2965 1613 3018 istorum
1639 3005 1654 3030 ,
1685 2979 1784 3018 nec
1801 2966 1869 3019 ad
1899 2966 2060 3021 vitam

519 3048 785 3086 umanam.
817 3049 985 3086 uenue
1006 3032 1073 3086 ad
1094 3035 1536 3086 resurrectionem
1565 3034 1792 3086 futuram
1809 3035 2056 3086 pertinet:

519 3048 785 3105 umanam,
809 3049 985 3105 (neque
1006 3032 1073 3087 ad
1094 3035 1536 3105 resurrectionem
1565 3034 1792 3089 futuram
1809 3035 2056 3105 pertinet;

474 3101 573 3157 sed
599 3102 666 3157 ad
691 3101 1146 3158 confirmationem
1195 3103 1474 3159 dominica:
1514 3101 1952 3168 resurrectionis,
2004 3117 2059 3160 et

475 3173 546 3226 ad
571 3173 938 3228 credulitatem
962 3174 1374 3228 resurrectionis
1403 3176 1698 3229 animarum
1747 3191 1812 3230 ex
1850 3176 2056 3240 inferis,

473 3243 601 3296 talis
647 3244 909 3313 apparitio
951 3245 1159 3297 animos
1208 3252 1404 3300 movet.
1443 3244 1589 3301 Sicut
1617 3246 1676 3312 in
1724 3247 2051 3300 resuscitatis

475 3315 702 3369 mortuis
727 3314 1019 3369 similitudo
1040 3322 1242 3369 tantum
1260 3357 1275 3382 ,
1329 3329 1435 3369 non
1483 3331 1628 3370 mors
1657 3317 1907 3372 continua
1937 3317 2055 3370 liert

1348 389 1440 447 DE
1477 384 2084 446 BENEDICTIONIBUS
2116 384 2329 448 JACOB
2363 387 2857 450 PATRIARCHE.

2172 505 2440 571 cernitur;
2463 507 2534 561 ita
2561 515 2616 563 et
2637 508 2688 562 in
2715 508 2798 564 his
2817 507 3108 566 similitudo
3135 510 3578 578 resurrectionis,
3636 528 3745 569 non

2169 577 2282 644 ipsa
2339 579 2658 633 resurrectio
2711 579 3104 635 ostendebatur.
3157 580 3237 635 De
3292 577 3568 636 continua,
3603 585 3747 639 enim

2167 656 2339 702 morte
2386 648 2583 720 nullus
2607 648 2674 703 ad
2707 650 2867 720 vitam
2917 650 3248 706 indeciduam
3271 693 3286 716 ,
3319 651 3419 706 nisi
3467 654 3745 720 Dominus,

2169 731 2338 786 usque
2365 717 2432 772 ad
2467 719 2811 773 novissimum
2841 719 2982 775 diem
3014 722 3331 786 revertitur;
3381 730 3483 777 eta
3510 738 3637 778 vera
3666 717 3749 780 re;

2167 789 2499 911 surttiectione
2527 804 2796 860 nunquam
2841 791 2894 844 in
2937 802 3166 848 mortem
3217 793 3408 848 iterum
3445 794 3637 864 aliquis
3666 810 3750 850 re-

2191 873 2250 910 τι]
2291 868 2425 911 etur.
3024 902 3038 911 .

2191 868 2425 912 rudetur.

2413 902 2531 984 XV.
2562 960 2634 971 -—-
2670 929 2749 984 De
2783 931 2890 984 cibo
2924 902 3132 986 Domini
3157 942 3269 1002 post
3305 935 3747 989 resurrectionem.

2239 999 2390 1054 Hunc
2405 1009 2591 1073 autem,
2605 1003 2871 1073 carnalem
2898 1003 3075 1057 cibum
3097 999 3325 1073 qualiter
3340 1006 3752 1061 resurrectionis

2167 1083 2291 1124 caro
2329 1071 2656 1142 susceperit,
2688 1070 2830 1126 docti
2868 1070 3167 1142 requirunt,
3209 1074 3334 1128 dum
3383 1084 3751 1130 resurrectura

2146 1156 2388 1212 corpora
2418 1141 2706 1212 spiritualia
2732 1157 2854 1198 esse
2886 1141 3061 1198 cuncti
3087 1143 3272 1199 ﬁdeles
3297 1144 3468 1198 sciunt
3488 1187 3504 1212 ,
3535 1155 3593 1199 ut
3621 1147 3756 1200 dici-

2166 1209 2275 1277 tur,
2315 1209 2563 1281 Resu—rget
2590 1229 2775 1282 corpus
2816 1213 3083 1281 spirituale
3111 1213 3155 1285 (ι
3182 1213 3300 1268 Cor.
3329 1231 3419 1280 xv,
3461 1209 3576 1283 4⁷4).
3602 1214 3752 1282 Qua-

2203 1289 2382 1350 ropter
2411 1291 2686 1352 resurgent
2715 1297 2939 1352 corpora
2966 1299 3070 1338 non
3100 1293 3392 1352 gustatura,
3427 1300 3558 1339 sano
3585 1301 3752 1341 sensu

2203 1295 2382 1350 ropter
2411 1297 2562 1337 resur
2597 1295 2686 1337 ent
2715 1297 2939 1352 corpora
2966 1299 3070 1338 non
3100 1295 3392 1352 gustatura,
3427 1300 3558 1339 sano
3585 1301 3748 1341 sensu

2161 1295 2398 1420 greditur
2417 1299 2820 1422 possibilitatem
2851 1353 3039 1408 edendi
3074 1354 3243 1421 cibos,
3271 1355 3315 1409 si
3342 1370 3563 1410 necesse
3590 1357 3748 1422 foret,

2169 1421 2431 1495 habitura;
2459 1422 2584 1495 Ilaec
2607 1422 2966 1495 Deiexempla
2990 1424 3211 1495 minime
3236 1424 3519 1495 denegant,
3550 1435 3610 1479 ut
3634 1421 3751 1480 An-

2136 1492 2268 1564 Igeli
2291 1493 2440 1562 juxta
2466 1493 2640 1548 ilicem
2674 1493 3101 1567 Mambre__(Gen.
3128 1510 3286 1567 xvnt,
3312 1492 3472 1567 8(9).
3508 1495 3616 1550 Sed
3649 1496 3754 1552 hoc

2132 1571 2271 1616 inon
2315 1572 2373 1616 ut
2415 1578 2510 1618 nos
2550 1563 2843 1618 ruminatos
2885 1563 3034 1619 cibos
3071 1564 3346 1620 stomacho
3379 1563 3442 1621 et
3469 1567 3754 1621 intestinis

2162 1632 2480 1700 conferunt,
2505 1633 2598 1688 sed
2627 1634 2803 1688 statim
2825 1643 2884 1689 ut
2906 1642 3120 1703 accepta
3141 1676 3156 1700 ,
3181 1635 3324 1690 velut
3353 1634 3619 1701 videntur,
3647 1636 3750 1691 de-

2163 1711 2377 1770 gustent
2401 1744 2416 1770 ,
2445 1705 2500 1776 in
2527 1705 2857 1774 spiritualem
2895 1714 3135 1764 naturam
3156 1746 3171 1774 ,
3209 1720 3316 1760 non
3343 1721 3409 1761 ex
3436 1715 3586 1776 parte
3607 1747 3624 1774 ,
3652 1706 3751 1761 sed

2167 1780 2276 1826 tota
2308 1773 2709 1829 transformant.

2270 1843 2494 1916 CAPUT
2531 1844 2688 1916 XVI._
2709 1873 2782 1916 ε
2813 1843 3004 1916 Petrus
3031 1845 3365 1916 paratyticum
3401 1846 3641 1900 restituit.

2233 1911 2616 1986 convenientia
2653 1914 2726 1986 de
2764 1915 2962 1984 Spiritu
3001 1911 3196 1970 sancto
3214 1916 3266 1970 in
3308 1916 3554 1970 columba
3586 1931 3756 1986 super

2165 1981 2458 2051 Christum,
2487 1993 2542 2055 et
2566 1985 2619 2038 in
2650 1985 2770 2055 igne
2795 1981 2956 2054 super
2979 1986 3264 2055 Apostolos
3284 1987 3576 2055 perscripta
3595 1981 3748 2051 sunt,

2165 2063 2220 2108 et
2244 2055 2455 2126 quando
2485 2053 2712 2108 diximus
2737 2054 2805 2110 de
2830 2053 3089 2110 divisione
3131 2053 3423 2126 linguarum
3465 2053 3519 2111 et
3545 2057 3612 2110 de
3635 2058 3752 2111 vir-

2166 2125 2364 2179 tutibus
2391 2125 2765 2193 Apostolorum
2788 2134 2908 2194 post
2931 2135 3204 2194 acceptum
3218 2125 3492 2194 Spiritum,
3515 2127 3568 2180 in
3588 2141 3758 2181 excu-

2167 2195 2371 2267 satione
2391 2195 2746 2267 eleemosynae
2760 2204 2813 2267 et
2829 2196 3153 2265 paupertatis
3174 2196 3756 2267 professione,quando

2167 2263 2357 2318 Petrus
2381 2263 2672 2345 paralytico
2699 2263 2861 2332 dixit,
2894 2263 3061 2336 Sitrge
3086 2275 3132 2319 et
3154 2263 3361 2320 ambula
3389 2266 3526 2390 (Act.
3553 2263 3638 2332 in,
3667 2268 3753 2336 6),

2167 2334 2400 2390 Magistri
2432 2344 2752 2390 praeceptum
2792 2351 3012 2390 servans
3056 2355 3068 2390 :
3112 2334 3285 2390 Nolite
3322 2337 3386 2390 ha
3421 2352 3502 2390 ere
3540 2353 3753 2390 aurum.

2167 2334 2400 2404 Magistri
2432 2334 2752 2404 praeceptum
2792 2334 3015 2391 servans
3056 2355 3068 2390 :
3112 2334 3285 2390 Nolite
3322 2334 3502 2391 habere
3540 2334 3755 2399 aurum.

2168 2421 2327 2476 neque
2355 2414 2616 2476 argentum
2645 2405 2855 2475 (Matth.
2884 2423 2950 2471 ι,
2974 2405 3055 2475 9),
3086 2406 3211 2472 dum
3246 2407 3344 2461 soli
3372 2407 3484 2460 Deo
3512 2407 3760 2462 serviens

2167 2475 2234 2528 de
2260 2475 2442 2546 iniquo
2481 2491 2783 2530 mammona
2811 2477 3087 2545 expeditus
3112 2477 3320 2543 fuerat,
3350 2477 3516 2532 verbo
3542 2476 3760 2546 imperii

2168 2544 2357 2599 morbo
2386 2546 2601 2616 ligatum
2630 2548 2737 2600 cito
2762 2544 3019 2602 solvebat.

2485 2615 2712 2671 CAPUT
2750 2617 2912 2671 XVII.
2945 2647 3014 2656 —
3050 2613 3222 2670 Virtus
3250 2613 3414 2670 Petri.

2239 2686 2377 2764 Ecce
2399 2693 2593 2764 quanta
2605 2695 2702 2764 est
2722 2687 3010 2764 apostolica
3033 2690 3200 2741 virtus
3224 2687 3278 2740 in
3305 2685 3541 2764 Christo,
3562 2700 3758 2764 sanum

2167 2756 2427 2827 Ananiam
2452 2756 2576 2810 dum
2605 2757 2793 2813 Petrus
2817 2760 2992 2827 arguit
3010 2772 3106 2827 per
3131 2756 3394 2827 sermonis
3422 2756 3626 2827 tantum
3654 2758 3761 2812 im-

2167 2773 2427 2809 ananiam
2452 2773 2576 2810 eum
2606 2773 2793 2813 retrus
2817 2773 2878 2812 ar
2916 2773 2992 2812 ιιιι
3010 2773 3106 2827 per
3131 2773 3394 2812 sermonis
3422 2773 3626 2810 tantum
3654 2775 3761 2812 tm-

2167 2826 2394 2898 perium,
2429 2835 2610 2898 morte
2638 2828 2835 2898 ligavit
2878 2773 3013 2898 (Act.
3060 2844 3112 2892 v,
3157 2829 3210 2891 4,
3249 2824 3336 2897 5);
3381 2837 3434 2880 et
3473 2826 3762 2882 Tabitham

2168 2896 2355 2966 mortis
2389 2897 2605 2966 vinculo
2635 2896 2867 2966 ligatam,
2891 2896 3081 2953 eadem
3121 2896 3328 2966 imperii
3353 2907 3617 2965 potestate
3642 2898 3758 2952 dis-

2169 2913 2355 2950 morus
2391 2913 2605 2951 vincuto
2635 2913 2666 2951 ιι
2705 2913 2867 2965 alam,
2894 2913 3081 2953 eadem
3121 2913 3328 2966 imperti
3353 2913 3617 2965 pateState
3642 2913 3758 2952 ais-

2169 2965 2327 3038 solvit
2353 2964 2462 3035 (Id.
2491 2982 2547 3020 ιχ
2567 2913 2726 3038 ,4οῗ.
2761 2967 2989 3037 Ideoque
3015 2968 3162 3037 prius
3189 2967 3423 3022 Ananias
3447 2975 3501 3022 et
3528 2967 3763 3036 Saphira

2173 3037 2226 3090 in
2252 3045 2542 3104 conspectu
2571 3037 2822 3092 Ecclesite
2849 3039 2955 3092 cito
2981 3038 3173 3107 mortui
3200 3045 3343 3101 sunt,
3379 3046 3435 3091 ut
3461 3039 3762 3107 apostolica

2172 3107 2459 3161 auctoritas
2497 3116 2692 3176 quanta
2737 3117 2882 3163 esset
2918 3106 3320 3172 ostenderetur;
3351 3116 3406 3162 et
3445 3106 3602 3176 quam
3639 3123 3766 3162 ma-

2171 3192 2336 3245 gnum
2380 3186 2653 3246 peccatum
2700 3187 2881 3246 esset,
2914 3178 3054 3245 quod
3094 3177 3329 3232 oblatum
3359 3186 3442 3231 est
3469 3179 3661 3232 iterum
3691 3177 3765 3234 ab

2177 3246 2412 3319 Ecclesia
2441 3247 2712 3319 retrahere
2730 3289 2746 3313 ,
2774 3257 3158 3306 monstraretur
3181 3289 3197 3314 ,
3229 3256 3284 3304 et
3305 3248 3486 3303 caeteri
3509 3248 3768 3319 exemplo

2179 3315 2339 3385 hujus
2365 3318 2770 3387 eaStigarentur.

487 3442 3749 3468 Ἥ

1557 3517 2625 3629 ΔυΜθΝιτιο

1604 3715 1710 3776 DE
1760 3714 2150 3790 SEQUENTI
2199 3712 2617 3779 OPUSCULO.

2003 3864 2258 3918 οθΦε-ο-

546 3988 664 4044 Non
691 3986 1012 4059 Augustini,
1040 3985 1135 4042 sed
1170 3985 1377 4040 Alcuini
1410 3991 1493 4039 est
1519 3983 1708 4039 isthaac
1732 3983 1801 4039 de
1831 3983 2294 4039 Benedictionibus
2320 3981 2485 4039 Jacob
2516 3983 2831 4054 patriarcha:
2858 3983 3082 4054 quastio
3108 3981 3480 4053 expositioque
3510 3981 3764 4037 historica

476 4087 534 4136 et
550 4077 852 4149 allegorica,
880 4077 1131 4146 decerpta
1160 4076 1410 4131 nimirum
1440 4090 1506 4129 ex
1546 4074 1712 4143 ipsius
1742 4075 1878 4129 libro
1903 4074 2267 4142 Quaestionum
2300 4075 2355 4128 in
2383 4074 2654 4130 Genesim.
2684 4075 2999 4145 Quanquam
3024 4076 3184 4130 etiam
3213 4074 3353 4144 apud
3380 4073 3764 4144 Hieronymum

476 4170 579 4226 sub
603 4168 789 4223 iisdem
819 4184 881 4222 ac
911 4169 1129 4223 totidem
1159 4167 1270 4223 fere
1299 4166 1474 4221 verbis
1501 4166 1555 4220 in
1582 4167 1839 4236 opusculo
1861 4207 1875 4231 ,
1905 4167 2047 4236 quod
2078 4168 2205 4224 item
2230 4167 2595 4235 Quastionum
2638 4170 2688 4221 in
2718 4167 2967 4222 Genesim
2997 4169 3308 4223 inscribitur
3331 4210 3344 4233 ,
3373 4168 3764 4238 expositionem

477 4261 714 4335 priorem
740 4261 1004 4329 reperias;
1035 4259 1343 4331 posterioris
1369 4271 1499 4313 vero
1522 4258 1868 4328 expositionis
1899 4270 2103 4326 partem
2130 4267 2452 4328 postremam
2487 4259 2629 4328 apud
2659 4259 2976 4329 Gregorium
3005 4260 3058 4314 in
3086 4260 3236 4314 libris
3265 4260 3536 4315 Moralium
3563 4261 3615 4314 iu
3634 4260 3759 4314 Job.

477 4355 595 4410 lmo
621 4363 844 4424 utraque
867 4368 931 4407 ex
956 4355 1182 4424 integro,
1214 4350 1309 4407 sed
1341 4350 1530 4405 ordine
1558 4349 1801 4404 nonnihil
1824 4348 2036 4405 diverso
2053 4392 2067 4415 ,
2098 4357 2257 4420 atque
2283 4350 2480 4420 aliquot
2507 4349 2821 4420 permutatis
2846 4349 3085 4414 vocibus,
3115 4349 3338 4404 habetur
3361 4349 3414 4405 in
3440 4351 3597 4405 tertio
3623 4348 3763 4404 libro

480 4446 994 4503 Commentariorum
1045 4445 1098 4499 in
1137 4443 1412 4510 Genesim,
1447 4444 1541 4513 qui
1583 4441 1848 4497 Eucherio
1889 4441 2230 4512 Lugdunensi
2276 4442 2457 4497 tributi
2507 4441 2636 4497 olim
2682 4440 2814 4498 falso
2863 4441 3030 4506 fuere,
3062 4439 3294 4511 editique
3329 4440 3382 4495 in
3430 4439 3761 4496 Bibliotheca

477 4538 722 4597 Patrum.

1028 4813 1300 4954 DE
1409 4814 1793 4954 BEN
1805 4805 2768 4955 EDICTION
2779 4805 3234 4952 IBUS

1690 5036 1934 5099 JACOB
1985 5032 2543 5096 PATRIARCHE.

1897 5177 2268 5230 ΜΘΝ

552 5316 688 5386 Quid
716 5313 1115 5382 intelligendum
1146 5321 1244 5386 est
1265 5306 2060 5386 deubenedictionibus,quibus

480 5378 646 5445 ιδῶι)
674 5378 969 5456 patriarcha
1005 5381 1272 5456 benedixit
1309 5378 1647 5456 _Iilios_suos_‘.f
1685 5379 2061 5456 _Au'_historice

481 5465 561 5514 vel
592 5447 874 5524 aliegorice
900 5453 1252 5523 intelligendus
1280 5451 1418 5524 sint,
1445 5450 1570 5524 dum
1596 5448 1741 5511 dicit,
1770 5447 2059 5519 Congrega-

483 5531 626 5592 mini,
675 5522 765 5597 filii
799 5525 977 5588 Jacob,
996 5535 1046 5577 ut
1081 5522 1394 5597 annitntiem
1419 5522 1554 5597 vobis
1578 5535 1689 5589 quae
1713 5528 1921 5597 uentura
1944 5528 2062 5573 sunt

493 5606 499 5611 ’
666 5589 843 5650 ἷδςὶηιίς
884 5597 1052 5648 diebus
1085 5593 1237 5664 (Gen.
1278 5608 1400 5645 xux
1426 5633 1440 5657 ,
1469 5590 1524 5661 2)
1560 5609 1570 5644 :
1605 5601 1657 5644 et
1685 5589 1972 5664 si_v_idelur
1996 5605 2062 5664 ex

491 5711 516 5722 ..
698 5675 701 5678 '
823 5685 965 5735 mg.»-
1005 5660 1310 5735 allegoriam
1341 5678 1531 5735 sonare
1556 5677 1714 5730 quam
1741 5660 2062 5735 historiam?

484 5744 648 5808 let-sp.
689 5731 979 5808 Utrumque
1024 5731 1171 5808 vero,
1201 5744 1254 5789 et
1301 5733 1581 5808 historiam
1612 5741 1666 5808 et
1707 5731 2058 5808 allegoriam:

485 5801 762 5868 hiStoriam
791 5808 858 5863 de
886 5801 1144 5862 divisione
1169 5815 1329 5863 terra:
1351 5801 1780 5872 repromissionis
1800 5801 1960 5872 ,qute
1978 5801 2061 5857 di-

2169 5306 2401 5362 visiones
2443 5302 2741 5360 dividenda:
2784 5311 2936 5359 erant
2977 5302 3257 5373 nepotibus
3293 5317 3510 5369 eorum;
3537 5314 3591 5359 et
3619 5306 3762 5361 alle-

2166 5379 2369 5448 goriam
2394 5375 2465 5448 de
2504 5375 2716 5448 Christo
2743 5382 2798 5448 et
2825 5373 2893 5448 de
2919 5373 3179 5448 Ecclesia
3197 5375 3250 5428 in
3281 5375 3590 5448 novissimis
3616 5384 3763 5433 tem-

2169 5444 2386 5518 poribus
2428 5445 2623 5501 l‘utura.
2663 5445 2770 5518 Sed
2806 5445 2952 5518 prius
2984 5444 3230 5518 historiae
3272 5444 3613 5518 fundamenta
3656 5463 3760 5516 po-

2169 5514 2341 5572 nenda
2363 5524 2504 5584 sunt,
2519 5526 2576 5571 ut
2595 5517 2769 5586 aptius
2780 5514 3047 5586 allegoriae
3061 5514 3272 5571 culmen
3291 5515 3453 5584 priori
3474 5514 3762 5573 structurae

2169 5596 2584 5658 superponatur.

2240 5659 2416 5713 Ruben
2456 5659 2816 5729 primogenitus
2856 5674 2994 5712 meus
3014 5700 3032 5724 ,
3062 5667 3115 5711 tu
3156 5658 3398 5729 fortitudo
3427 5674 3540 5712 mea
3562 5699 3578 5725 ,
3607 5659 3758 5728 prin-

2169 5731 2356 5799 cipium
2387 5729 2575 5784 doloris
2601 5731 2698 5783 mei
2737 5747 2755 5782 :
2785 5729 2923 5800 prior
2949 5729 3002 5780 in
3026 5729 3172 5782 donis
3195 5768 3210 5794 ,
3244 5731 3410 5800 major
3433 5730 3488 5784 in
3517 5729 3758 5798 imperio.
3810 5735 3825 5750 “

2169 5801 2379 5868 E/fusus
2408 5816 2459 5856 es
2483 5802 2612 5856 sicut
2640 5799 2811 5870 aqua,
2837 5815 2940 5856 non
2963 5813 3195 5866 cresans;
3221 5799 3340 5868 quia
3367 5799 3634 5860 asceadisti
3655 5814 3760 5854 cu-
