4048 6466
277 447 418 510 2205

275 711 328 764 in
371 706 554 762 Israel.
596 699 724 759 Fiat
747 704 858 757 Dan
886 699 1090 756 coluber
1124 704 1175 754 in
1211 701 1308 760 vin,
1342 708 1556 752 cerastes
1580 699 1631 751 in
1657 701 1856 765 semita,

275 791 330 838 et
359 780 579 857 reliqua.
631 777 824 857 Dicunt
855 769 1584 857 quiitlant‘(o)’Antichristutn
1619 784 1710 838 per
1743 770 1856 857 haec

275 841 434 906 verba
460 839 511 902 et
541 846 750 917 przcdici
779 845 844 899 de
875 839 970 917 ista
1003 839 1140 896 trib'u
1170 841 1398 917 futurum
1421 881 1435 904 ,
1478 853 1576 908 pro
1591 853 1672 917 _co
1709 839 1849 909 quod

272 921 378 976 hoc
421 910 552 974 loco'
585 917 694 971 Dan
725 924 784 970 et‘
821 915 1041 970 coluber
1081 913 1340 967 asseritur
1361 918 1414 964 et
1458 910 1709 964 mordens
1733 951 1747 974 ,
1803 919 1866 966 et

271 990 424 1061 quod
467 991 604 1044 inter
633 988 820 1061 tribus.
843 986 1007 1061 istael
1049 983 1408 1061 priu_t_us__[_)an
1445 980 1511 1061 ad
1556 981 1856 1061 aquilonem

269 1053 676 1136 castrantgtatns
699 1067 782 1112 est
805 1057 990 1136 (illum.
1023 1053 1102 1136 ιι,
1121 1053 1417 1136 25),“illum
1446 1053 1856 1136 signiﬁcansqui

269 1147 330 1186 se
364 1133 413 1185 in
442 1121 693 1192 latEribus
722 1121 984 1192 aqtiilonis
1012 1121 1202 1181 sedere
1227 1123 1383 1180 dicit.
1419 1132 1470 1175 et
1499 1121 1565 1175 de
1589 1137 1694 1190 quo
1722 1121 1844 1191 ﬁgu-

267 1201 454 1256 raliter
479 1200 604 1254 dicit
632 1193 908 1269 propheta,
927 1197 970 1250 Α
991 1195 1108 1269 Dan
1122 1196 1335 1269 auditus
1354 1203 1424 1247 est
1446 1193 1843 1269 fremitusque

267 1275 394 1326 nim
417 1273 528 1338 eius
555 1263 765 1341 (iiii-eui.
793 1285 883 1322 vni
905 1309 918 1332 ,
951 1268 1062 1337 1-6).
1106 1266 1212 1334 Qui.
1249 1279 1352 1318 non
1402 1264 1574 1341 solum
1614 1263 1834 1320 coluber

266 1343 367 1398 sed
399 1335 572 1398 etiam
585 1351 819 1408 cerastes
847 1335 1083 1393 Vocatur.
1130 1345 1324 1408 Κέρατα.
1363 1335 1502 1390 enim
1533 1349 1706 1404 gr:eee
1735 1349 1828 1388 cor

266 1429 374 1467 nua
404 1411 672 1466 dicuntur.
723 1407 958 1478 Serpens
996 1424 1123 1478 ergo
1172 1407 1539 1478 illercornutus
1571 1419 1698 1478 esse
1732 1419 1854 1478 per-

265 1481 483 1537 hibetur
502 1525 516 1548 ,
546 1495 640 1552 per
668 1475 838 1550 quem
857 1477 1012 1548 digne
1039 1475 1393 1532 Antichristus
1419 1475 1701 1552 asseritur,
1723 1476 1850 1552 quia

263 1563 456 1608 contra
485 1544 644 1606 vitam
683 1544 1062 1605 ﬁdelium—cum
1090 1562 1279 1602 morsu
1301 1547 1572 1614 pestifera:-
1592 1544 1851 1614 praedica-

266 1625 434 1680 tionis
457 1623 748 1696 animabitur
773 1622 933 1696 etiam
959 1617 1212 1696 cornibus
1240 1618 1536 1687 potestatis.
1596 1615 1725 1696 Quis
1759 1631 1853 1696 an:

263 1702 374 1761 tem
417 1695 617 1758 nesciat
659 1694 901 1748 semitam
943 1686 1302 1761 angustiorem
1329 1702 1447 1761 esse
1477 1701 1632 1756 quam
1659 1686 1850 1761 _viam?

1706 507 1708 510 τ
1728 436 2094 500 APPENDIX.

274 568 390 640 regi
411 581 520 640 sure
547 547 668 640 fidei
691 559 909 640 donaci
937 569 1155 640 operum
1184 557 1444 639 honorum
1473 554 1853 640 oderensmu-
1891 570 1900 576 ‘

275 627 423 695 ue‘ra.
470 635 586 690 Dan
617 633 866 702 iudicabit
906 627 1149 702 populum
1191 645 1337 702 suum
1379 629 1502 681 sicut
1547 628 1664 702 alite
1701 627 1862 702 tribus

3401 453 3544 517 2206

1962 565 2192 636 cerastes
2222 557 2274 613 in
2305 558 2492 616 semita
2516 601 2532 629 ,
2565 561 2684 636 quia
2715 575 2846 636 quos
2877 559 3060 620 ﬁdeles
3088 561 3310 636 reperit,
3343 577 3395 624 et
3419 583 3542 626 sese

1963 631 2098 684 inter
2112 640 2338 708 angusta
2363 635 2608 708 praecepti
2631 631 2864 708 ctelcstis
2888 637 3073 690 itinera
3094 631 3540 708 constringentes,

1963 717 2070 783 non
2100 702 2270 783 solum
2296 705 2532 772 nequitia-
2565 706 2768 783 callida
2796 709 3152 783 persuasionis
3182 702 3418 783 impetit,
3446 702 3542 783 sed

1962 777 2119 850 etiam
2160 781 2360 827 terrore
2407 777 2684 850 potestatis
2722 779 3046 850 premit;_et
3075 780 3124 832 in
3157 777 3542 850 persecutionis

1963 843 2214 913 languore
2239 885 2253 910 ,
2304 852 2423 912 post
2466 843 2745 900 beneﬁcia"
2771 847 2910 902 ﬁctre‘
2935 843 3276 914 dulcedinis,
3328 859 3544 906 exercet

1961 928 2158 990 cornua
2197 915 2500 990 potestatis.
2539 917 2720 986 Equus
2746 917 2846 990 iste
2878 920 3028 989 cujus
3057 921 3279 990 ungulas
3307 930 3543 979 cerastes

1959 985 2208 1061 mordere
2253 985 2629 1061 dicitur,_ltunc
2687 985 2957 1061 mundum
2998 985 3262 1056 insinuat,
3313 993 3401 1060 qui
3447 1007 3544 1061 per

1961 1057 2242 1132 elation_em
2290 1071 2438 1132 suam
2471 1057 2522 1132 in
2543 1074 2722 1132 _cursu
2755 1060 3040 1115 labentium
3072 1057 3367 1132 temporum
3415 1057 3543 1132 spu-~

1961 1136 2086 1203 mat.
2135 1127 2198 1203 Et
2233 1126 2738 1203 quia‘Antichristus
2776 1133 3010 1203 extrenta
3045 1123 3223 1185 mundi
3255 1131 3413 1201 hujus
3439 1123 3537 1203 ap-

1960 1198 2299 1272 prehendere
2327 1198 2556 1272 nititur_,_
2599 1207 2831 1272 cerastes
2861 1201 2961 1256 iste
2987 1203 3114 1272 equi-
3140 1198 3358 1272 ungulas
3389 1198 3532 1256 mor-

1959 1268 2094 1322 dere-
2133 1268 2471 1342 perhibetur:
2513 1269 2748 1342 Ungulas
2775 1272 2968 1340 quippe
3011 1268 3132 1342 equi
3175 1268 3422 1328 merdere
3457 1281 3540 1328 est

1959 1349 2196 1393 extrema
2231 1339 2408 1392 saeculi
2448 1339 2686 1406 feriendo
2724 1339 3153 1410 contingerert
3180 1344 3327 1400 cadat
3362 1360 3536 1398 ascen-

1959 1425 2042 1461 δον
2064 1411 2168 1478 ejus
2192 1420 2323 1462 retro
2354 1411 2389 1461 ί.
2425 1410 2577 1463 Plebs
2616 1410 2840 1464 infidelis
2869 1411 3046 1466 Judzea
3073 1455 3086 1479 ,
3118 1414 3318 1468 erroris
3346 1414 3424 1467 sui
3453 1415 3533 1468 la-

1956 1481 2106 1604 queis
2129 1487 2301 1548 capta,
2323 1482 2417 1548 pro
2445 1480 2654 1534 Christo
2676 1483 3058 1536 Antichristum
3082 1493 3371 1552 exspectat.
3394 1485 3538 1539 Bene

1987 1550 2120 1604 acob
2161 1550 2346 1604 eodem
2387 1551 2502 1604 loco
2543 1563 2760 1604 repente
2788 1553 2838 1604 in
2867 1555 3164 1604 electorum
3198 1567 3382 1604 vocem
3411 1567 3538 1604 con-

1987 1550 2120 1604 acob
2161 1550 2346 1604 eodem
2387 1551 2502 1604 loco
2543 1563 2760 1618 repente
2788 1553 2838 1607 in
2867 1550 3382 1608 electorum-Vocem
3411 1567 3539 1610 con-

1956 1636 2144 1693 versus
2169 1632 2250 1676 est
2276 1620 2477 1693 dicens,
2512 1622 2754 1676 Salutare
2779 1631 2916 1676 tuum
2941 1625 3255 1693 exspectabo,
3286 1623 3535 1679 Domine:

1957 1689 2008 1764 id
2032 1700 2132 1764 est,
2167 1707 2282 1764 non
2302 1691 2439 1747 sicut
2469 1693 2706 1747 inﬁdeles
2737 1689 3151 1759 Antichristum;
3182 1693 3272 1748 sed
3295 1710 3415 1748 eum
3445 1694 3535 1764 qui

1956 1761 2009 1815 in
2032 1749 2450 1829 redemptionem
2483 1772 2719 1816 nostram
2747 1772 3001 1819 venturus
3027 1749 3344 1831 est,'verum
3373 1749 3536 1819 credo

262 1759 354 1817 Fit
380 1778 506 1831 ergo
541 1756 649 1816 Dan
690 1762 909 1816 coluber
936 1761 986 1814 in
1013 1756 1092 1813 via
1115 1803 1129 1826 ,
1171 1759 1292 1826 quia
1336 1756 1704 1831 inpraesentis
1729 1757 1850 1810 vita:

1955 1831 2185 1887 ﬁdeliter
2211 1832 2503 1886 Christum.
2536 1835 2730 1888 Amen.

261 1828 546 1889 latitudine
575 1847 670 1888 eos
701 1833 974 1888 ambulare
1013 1839 1296 1900 provocat,
1325 1828 1519 1900 quibus
1544 1828 1700 1896 quasi
1724 1839 1848 1900 par-

259 1905 441 1966 cendo
469 1903 736 1960 blanditur
771 1921 783 1955 :
816 1903 990 1958 sed~in~
1013 1895 1097 1955 via
1125 1895 1356 1964 mordet,
1387 1899 1506 1968 quia
1534 1895 1627 1952 eos
1653 1895 1850 1968 quibus

261 1965 561 2030 libertatem
594 1974 811 2040 tribuit,
855 1973 1054 2027 erroris
1082 1971 1162 2025 sui
1199 1965 1420 2026 veneno
1443 1965 1729 2024 consumit.
1763 1965 1850 2021 Fit

323 2103 488 2167 (ιη-ει
511 2105 756 2168 (regerit),-
781 2102 864 2154 lib.
887 2104 963 2152 51.
988 2101 1170 2162 NonL,
1193 2114 1298 2164 cap.
1324 2101 1400 2151 10.

2019 1974 2108 2035 ξω
2158 1978 2240 2035 lus.
2278 1973 2397 2022 Corb
2430 1973 2500 2022 sic
2535 1973 2712 2035 desinit
2746 1987 2758 2022 :
2797 1983 3021 2035 ascensor
3055 1970 3165 2035 equi
3206 1965 3276 2021 es‘l
3326 1969 3538 2035 quisquis

2019 1983 2034 2003 ι
2059 1983 2108 2021 In
2159 1983 2240 2020 us.
2278 1983 2397 2022 corn
2430 1983 2500 2022 ste
2535 1983 2712 2022 (testmt
2746 1987 2758 2022 :
2797 1983 3021 2022 .tscensor
3055 1985 3163 2035 equi
3206 1983 3275 2021 est
3373 1983 3538 2032 usquis

2312 2035 2456 2098 hujus
2487 2033 2658 2084 muniti
2687 2034 2950 2096 extollitur,
2985 2047 3066 2099 qm
3100 2040 3232 2084 retro
3261 1983 3438 2084 cogere
3467 2030 3541 2082 rt!-

290 2224 295 2227 .
372 2222 399 2225 ν.
426 2222 455 2227 Δρ
508 2222 541 2225 ν.
652 2222 655 2223 ν
736 2218 1055 2225 -.-,..._r.-....,-.._
1078 2218 1153 2223 ..Η
1178 2218 1245 2223 ik
1275 2218 1279 2221 λ
1334 2217 1431 2221 ν-η
1524 2216 1587 2219 νγμνκ
1652 2216 1695 2219 νν
1740 2218 1745 2219 γ
1770 2216 1819 2219 --
1966 2214 2065 2220 γν-ν
2088 2214 2597 2221 κυ---ἢνψκν
2628 2216 2695 2221 ⁷-
2720 2215 2829 2221 -.μ
2856 2212 2923 2221 .—
3186 2213 3503 2220 .__._-—.————

310 2252 325 2253 η
376 2252 433 2253 κέ
460 2252 513 2255 vi
546 2252 557 2253 γ
599 2250 667 2255 -,
706 2250 777 2255 ,γκγ
880 2247 1045 2255 Μ-
1096 2246 1199 2253 ._._—.
1224 2245 1623 2249 rrrtrii—iriri-fi‘
1655 2245 1663 2249 -
1772 2246 1833 2247 ir
2024 2244 2063 2247 ι»
2182 2246 2189 2247 κ
2238 2246 2247 2249 ~
2282 2244 2325 2249 μου
2354 2246 2383 2247 γέ
2422 2246 2429 2247 κ
2508 2244 2551 2247 γι
2642 2245 2669 2249 ν.
2704 2244 2743 2247 ει
2770 2246 2809 2247 ire
2840 2244 2847 2247 ι
2882 2243 2893 2247 -
2924 2244 2929 2247 ι
2954 2242 3105 2249 -—--———
3128 2242 3197 2248 -οι
3256 2244 3263 2247 -
3286 2244 3297 2247 ι
3332 2244 3337 2247 ι
3402 2242 3487 2249 --ηηη

270 2477 386 2568 θ’
746 2533 828 2594 IN
862 2531 1162 2596 LIBRUM
1206 2532 1746 2609 QUESTIONUM
1790 2531 2133 2600 VETEBJS
2178 2533 2282 2596 ET
2315 2529 2511 2594 NOVI
2553 2527 3088 2594 TESTAMENTI.

1710 2685 2133 2723 -οεεθθθοο-

330 2805 443 2862 Iloc
470 2820 604 2876 opus
630 2805 926 2876 Augustino
953 2801 1258 2875 abjudicant
1279 2799 1466 2858 eruditi
1499 2802 1711 2873 quique.
1742 2801 1850 2857 Nec
1876 2802 2064 2880 injuria
2091 2817 2218 2857 sane
2236 2844 2250 2867 ,
2278 2799 2701 2873 quandoquidem
2724 2813 2810 2857 res
2836 2801 3077 2874 ratioque
3103 2798 3348 2868 docendi,
3377 2806 3435 2854 ut
3457 2797 3528 2856 de

252 2901 368 2954 stili
399 2901 647 2955 distantia
681 2899 808 2960 nihil
832 2900 1090 2964 dicamus,
1126 2899 1306 2968 procul
1334 2898 1587 2952 abhorret
1614 2912 1642 2950 a
1669 2895 1724 2952 S.
1761 2895 2003 2951 Doctoris
2026 2897 2238 2967 ingenio
2266 2907 2318 2952 et
2349 2897 2470 2952 ﬁde.
2509 2896 2565 2951 In
2588 2895 3130 2968 qmestiOnesecurida
3155 2895 3347 2949 dicitur
3377 2895 3539 2964 Deus,

255 3005 316 3048 ut
345 2995 542 3052 diaboli
573 2995 1044 3064 praesumptionem
1077 3009 1182 3048 non
1212 3001 1472 3063 potestate
1503 2989 1597 3045 sed
1626 2991 1830 3044 ratione
1857 2988 2174 3056 destrueret,
2209 2990 2485 3044 materiam
2511 2989 2844 3052 condidisse,
2877 3004 2995 3059 qua:
3034 2995 3176 3043 esset
3203 3002 3380 3043 rerum
3408 3001 3542 3042 con-

254 3075 420 3151 fusio,
452 3102 518 3141 ex
538 3102 638 3156 qua
670 3086 868 3141 faceret
894 3086 1170 3142 mundum.
1197 3085 1250 3139 ln
1275 3086 1338 3152 Q.
1367 3085 1570 3140 decima
1595 3084 1746 3146 tertia
1772 3083 1998 3137 infantes
2019 3084 2107 3152 qui
2126 3084 2177 3137 in
2201 3082 2446 3139 Sodomis
2466 3099 2584 3138 cum
2607 3083 2913 3154 parentibus
2935 3083 3225 3153 perierunt,
3250 3098 3277 3135 a
3301 3083 3544 3152 gehenna

254 3171 457 3235 liberos
478 3195 618 3246 esse,
637 3182 759 3250 quia
788 3182 838 3235 in
861 3181 1035 3235 aliena
1058 3194 1215 3234 causa
1240 3179 1400 3232 occisi
1431 3186 1572 3242 sunt,
1594 3177 1832 3232 absolute
1854 3177 2245 3246 pronuntiatur.
2272 3177 2386 3245 Quo
2413 3178 2532 3231 loco
2556 3177 2919 3244 Quzestionum
2943 3186 3146 3242 auctor,
3175 3175 3414 3246 quisquis
3438 3183 3538 3240 est,

250 3273 513 3342 originale
542 3283 815 3342 peccatum
837 3273 1059 3328 inﬁciari
1085 3271 1362 3327 videbatur
1380 3270 1719 3325 Belial-mino.
1742 3270 1806 3323 Et
1834 3285 2015 3324 revera
2047 3267 2110 3323 ad
2136 3271 2268 3324 hanc
2295 3271 2459 3339 ipsam
2482 3270 2832 3340 quaestionem
2861 3271 3191 3340 respondens
3212 3269 3466 3325 Alcuinus
3487 3267 3541 3322 in

250 3382 596 3440 operesuper
614 3367 884 3432 Genesim,
905 3368 1161 3436 interrog.
1183 3366 1449 3432 105,cum
1469 3365 1700 3433 alioquin
1733 3359 1941 3429 iisdem,
1961 3380 2080 3433 quae
2121 3362 2207 3417 hic
2252 3363 2516 3435 leguntur,
2547 3364 2723 3419 verbis
2755 3379 2880 3418 usus
2902 3359 3077 3431 fuerit,
3108 3377 3438 3434 nequaquam
3468 3370 3546 3416 ta-

251 3476 390 3525 men.
413 3443 684 3530 originalis
712 3461 913 3529 peccati
942 3469 1148 3514 reatum
1180 3457 1535 3520 dissimulavit
1565 3473 1576 3506 :
1609 3455 1814 3521 Nonne,
1844 3457 1940 3522 ait,
1975 3456 2228 3525 provisum
2255 3466 2327 3511 est
2355 3457 2478 3522 illis,
2511 3475 2572 3511 ne
2600 3457 2689 3511 diu
2723 3458 2934 3511 viventes
2958 3458 3186 3526 exempla
3220 3462 3541 3526 sequerentur

251 3563 493 3624 patrum;
522 3563 637 3607 etut
658 3554 812 3608 levius
832 3555 882 3606 in
901 3556 1070 3624 futuro
1093 3554 1396 3614 crucientur,
1421 3550 1496 3602 vel
1517 3549 1720 3602 onmino
1744 3565 1864 3613 non,
1890 3546 2057 3601 aliena
2079 3565 2232 3602 causa
2261 3549 2456 3603 occisi?
2483 3549 2536 3618 In
2565 3549 2629 3618 Q.
2661 3548 2912 3618 vigesima
2947 3549 3132 3628 prima,
3167 3556 3219 3601 et
3250 3546 3544 3618 quadrage-

250 3646 388 3700 sima
426 3648 631 3716 quinta,
664 3646 936 3701 contendit
963 3629 1180 3709 aueto'r,
1210 3643 1489 3697 mulierem
1517 3657 1621 3696 non
1653 3657 1772 3696 esse
1801 3650 2031 3696 creatam
2059 3643 2123 3696 ad
2154 3643 2436 3712 imaginem
2467 3642 2560 3697 Dei
2593 3660 2606 3696 :
2636 3651 2818 3696 contra
2850 3657 3007 3712 quam
3034 3638 3190 3696 docet
3216 3641 3545 3712 Augustinus

250 3737 306 3791 in
351 3738 441 3792 lib.
478 3739 512 3791 5
539 3739 606 3793 de
631 3737 825 3794 Genesi
858 3737 924 3791 ad
955 3737 1084 3802 litt.,
1114 3751 1230 3805 cap.
1263 3735 1352 3789 22.
1384 3735 1438 3788 In
1468 3735 1532 3802 Q.
1567 3734 1821 3804 vigesima
1849 3734 2002 3790 tertia
2034 3749 2138 3788 non
2168 3735 2364 3804 patitur
2391 3735 2677 3805 quidquam
2718 3734 3068 3800 difﬁcultatis,
3101 3745 3158 3789 ut
3186 3733 3531 3804 Augustinus,

250 3831 394 3886 circa
426 3832 681 3902 originem
713 3830 923 3890 animas.
964 3830 1029 3904 ρ,
1064 3829 1318 3900 vigesima
1349 3829 1571 3898 septima
1615 3843 1718 3881 non
1765 3819 2067 3888 Samuelem
2098 3843 2127 3881 a
2154 3829 2463 3900 pythonissa
2494 3831 2777 3884 excitatum
2797 3871 2810 3893 ,
2853 3829 2944 3884 sed
2979 3829 3094 3899 ejus
3121 3838 3386 3898 spectrum
3427 3829 3542 3884 sive

250 3923 526 3978 diabolum
551 3924 696 3979 Sauli
719 3922 1038 3993 apparuisse.
1054 3922 1131 3978 sic
1159 3921 1368 3987 asserit,
1395 3929 1454 3975 ut
1475 3920 1660 3975 falsam
1681 3929 1744 3976 et
1759 3919 2045 3977 absurdam
2069 3935 2186 3977 esse
2212 3921 2342 3977 velit
2364 3923 2522 3978 aliam
2543 3923 2850 3993 opinionem
2883 3943 2895 3978 :
2928 3939 3084 3994 quam
3113 3933 3287 3979 tamen
3317 3922 3540 3992 pulchre

251 4031 556 4087 congruere
586 4017 753 4070 sacris
793 4016 1084 4085 Scripturis
1111 4014 1344 4069 ostendit
1378 4015 1708 4083 Augustinus
1751 4016 1802 4068 in
1845 4016 1938 4070 lib.
1970 4020 2004 4068 2
2041 4015 2242 4082 Quaest.
2270 4016 2336 4070 ad
2378 4017 2798 4086 Simplicianum.
2841 4019 2905 4085 Q.
2935 4018 3339 4088 quadragesima
3368 4017 3540 4086 prima

251 4111 384 4166 illud
424 4107 695 4168 Geneseds
720 4154 734 4177 ,
767 4112 990 4184 Spiritus
1018 4111 1222 4165 Domini
1249 4109 1499 4180 ferebatur
1527 4127 1679 4182 super
1708 4119 1898 4180 mea,
1934 4119 2133 4180 pugnat
2167 4126 2234 4166 ne
2264 4111 2590 4182 intelligatur
2615 4111 2682 4167 de
2710 4112 2908 4182 Spiritu
2935 4123 3120 4167 sancto
3140 4156 3153 4179 ,
3187 4113 3254 4168 de
3278 4126 3384 4183 quo
3414 4127 3540 4182 pas-

250 4210 356 4264 sim
383 4210 452 4264 ab
480 4209 777 4280 [tegimine
807 4209 1121 4279 explicatur.
1152 4207 1216 4274 ρ.
1245 4206 1662 4278 quadragesima
1681 4207 1836 4261 tertia
1865 4207 2501 4277 vehementer-immiti.
2529 4215 2708 4274 totum
2737 4207 2930 4276 Jephte
2949 4248 2966 4274 ,
2996 4223 3152 4277 quem
3184 4207 3540 4262 facinorosum

249 4303 513 4374 appellat,
544 4303 852 4372 nullumque
880 4300 1104 4370 justitia:
1131 4301 1492 4355 testimonium
1521 4299 1720 4354 habere
1747 4299 1896 4367 dicit,
1925 4315 2046 4354 cum
2074 4301 2118 4355 is
2143 4309 2320 4356 tamen
2350 4301 2490 4356 inter
2520 4301 2751 4372 insignes
2779 4302 2922 4355 viros
2947 4301 3193 4356 laudetur
3221 4302 3272 4355 in
3303 4301 3541 4371 Epistula

249 4396 318 4451 ad
347 4395 509 4451 llebr.
531 4438 546 4462 ,
589 4411 706 4464 cap.
734 4393 824 4451 ll.
863 4393 921 4458 ln
954 4394 1016 4460 Q.
1050 4393 1451 4463 quadragesima
1480 4402 1627 4446 sexta
1669 4401 1791 4446 nota
1825 4393 2135 4464 ignorantia:
2171 4404 2262 4448 aut
2299 4395 2533 4450 stultitia:
2572 4393 2891 4456 condemnat
2933 4412 3024 4451 eos
3051 4437 3065 4463 ,
3099 4398 3188 4466 qui
3219 4397 3400 4450 dicunt
3438 4395 3540 4451 Sa-

249 4491 484 4546 muelem
514 4488 751 4545 functum
777 4488 965 4543 ofﬁcio
986 4486 1314 4551 sacerdotis,
1335 4485 1477 4555 quod
1522 4486 1635 4554 ipse
1673 4498 1794 4542 cum
1825 4487 1944 4540 aliis
1981 4487 2225 4554 plurimis
2256 4488 2418 4542 sentit
2458 4488 2780 4555 Augustinus
2824 4488 2876 4542 in
2908 4488 2998 4543 lib.
3033 4489 3097 4542 17
3127 4488 3192 4544 de
3219 4486 3374 4542 Civit.
3407 4487 3534 4551 Dei,

249 4595 366 4656 cap:
409 4583 460 4640 ἆ.
493 4581 548 4638 In
575 4582 640 4651 ρ.
673 4582 1078 4654 quadragesima
1105 4589 1289 4635 octava
1317 4577 1386 4634 de
1413 4577 1549 4632 Filio
1577 4577 1670 4631 Dei
1703 4578 1937 4647 loquitur
1965 4595 2114 4634 more
2141 4581 2479 4634 Arianorum.
2521 4579 2587 4647 ρ.
2630 4581 3065 4652 quinquagesima
3105 4590 3252 4635 sexta
3283 4579 3412 4634 dicit
3439 4581 3538 4634 im-

249 4678 789 4749 merito-quibusdam
824 4677 992 4732 videri
1025 4676 1043 4746 (
1069 4673 1218 4745 quod
1237 4682 1412 4728 tamen
1455 4672 1747 4742 Augustino
1779 4673 1938 4727 etiam
1966 4675 2137 4727 visum
2175 4670 2293 4746 est)
2327 4673 2526 4744 Joseph
2556 4691 2676 4730 esse
2707 4675 2870 4730 ﬁlium
2903 4676 3019 4730 Heli
3061 4684 3120 4730 et
3152 4673 3346 4739 Jacob,
3379 4674 3534 4727 unius

249 4771 550 4826 secundum
578 4779 852 4836 naturam,
897 4768 1116 4823 alterius
1151 4765 1442 4821 secundum
1483 4765 1698 4835 Legem.
1733 4765 1797 4834 Q.
1829 4767 2264 4837 quinquagesima
2295 4781 2432 4824 nona
2460 4769 2602 4838 quod
2629 4769 2765 4838 apud
2793 4769 3049 4825 Joannem
3079 4768 3212 4823 dixit
3238 4768 3491 4821 Dominus
3515 4808 3529 4834 ,

250 4862 484 4934 Spiritus
505 4864 588 4917 ubi
611 4863 716 4916 vult
746 4863 928 4931 spirat,
958 4860 1070 4914 vult
1097 4858 1166 4914 de
1191 4868 1354 4914 vento
1379 4859 1836 4927 interpretandum
1867 4874 1986 4914 esse
2011 4900 2025 4925 ,
2068 4875 2172 4914 non
2201 4860 2267 4917 de
2295 4859 2495 4930 Spiritu
2524 4872 2706 4918 sancto
2738 4882 2750 4919 :
2784 4880 2901 4918 cum
2931 4863 3254 4933 Augustinus
3277 4862 3430 4916 aliter
3456 4862 3539 4916 in-

250 4965 597 5026 terpretetur.
627 4955 692 5022 ρ.
723 4956 1014 5010 centesima
1039 4960 1224 5007 octava
1253 4952 1433 5006 multis
1461 4952 1714 5006 conviciis
1744 4953 2035 5008 insectatur
2061 4969 2174 5020 eos,
2203 4955 2292 5025 qui
2319 4956 2501 5010 volunt
2528 4953 2780 5012 Hebrmos
2823 4957 2991 5012 dictos
3013 4958 3078 5012 ab
3106 4957 3297 5021 lleber,
3339 4971 3444 5011 non
3472 4957 3540 5012 ab

250 5053 522 5107 Abraham
555 5069 567 5106 :
597 5059 650 5104 at
675 5049 999 5119 Augustinus
1025 5047 1077 5100 in
1107 5047 1200 5101 lib.
1228 5046 1264 5100 2
1305 5046 1563 5112 Retract.,
1593 5062 1711 5117 cap.
1743 5047 1830 5113 l6,
1859 5056 1914 5103 et
1935 5048 2004 5103 de
2027 5047 2252 5104 Clvitate
2279 5049 2372 5104 Dei
2405 5051 2499 5106 lib.
2526 5050 2616 5119 l6,
2653 5067 2774 5122 cap.
2805 5051 2892 5116 ll,
2917 5066 3034 5106 eam
3060 5051 3299 5120 sequitur
3321 5057 3542 5107 senten-

251 5148 405 5200 tiam.
452 5145 518 5213 Q.
547 5143 837 5199 centesima
881 5155 1021 5196 nona
1060 5139 1318 5194 incumbit
1355 5147 1413 5194 ut
1461 5136 1684 5194 suadeat
1717 5139 2111 5196 Melchisedech
2151 5156 2256 5196 non
2299 5141 2568 5196 hominem
2596 5141 2797 5209 fuisse,
2841 5142 2933 5197 sed
2971 5143 3224 5212 Spiritum
3258 5150 3532 5208 sanetum,

251 5239 539 5309 ipsumque
571 5237 622 5291 in
650 5235 919 5291 oblatione
943 5233 1050 5288 dici
1071 5247 1338 5286 summum
1361 5231 1690 5287 sacerdotem
1719 5231 2003 5301 improbat.
2032 5231 2097 5300 Q.
2118 5234 2404 5290 centesima
2433 5233 2638 5290 decima
2668 5235 2850 5304 quinta
2876 5234 3004 5289 dicit
3030 5234 3391 5289 Abrahamum
3415 5248 3538 5288 cum

252 5342 408 5400 patre
443 5347 540 5385 suo
572 5328 711 5382 idola
739 5326 970 5380 coluisse
1003 5342 1016 5377 :
1049 5333 1234 5379 contra
1260 5325 1586 5395 Augustinus
1607 5366 1620 5390 ,
1651 5324 1703 5377 in
1733 5325 1822 5378 lib.
1853 5323 1920 5378 16
1946 5321 2014 5378 de
2041 5323 2192 5379 Civit.
2227 5325 2357 5391 Dei,
2389 5341 2508 5396 cap.
2539 5327 2624 5381 l3.
2659 5326 2712 5380 In
2745 5326 2809 5393 ρ.
2837 5328 3126 5381 centesima
3153 5327 3358 5382 decima
3388 5335 3538 5382 sexta

252 5426 344 5480 ille
365 5424 561 5494 pascha
592 5438 620 5476 a
653 5421 901 5492 passione
925 5459 940 5484 ,
969 5419 1295 5488 Augustinus
1320 5433 1449 5472 vero
1478 5416 1548 5471 ab
1572 5417 1786 5472 hebrtca
1831 5432 1962 5472 voce
2001 5419 2282 5473 transitum
2309 5419 2636 5488 signiﬁcante
2665 5429 2846 5474 censet
2885 5420 3046 5475 fuisse
3086 5419 3437 5489 appellatum,
3483 5421 3539 5475 in

254 5518 428 5588 Epist.
471 5519 542 5573 53
584 5515 648 5570 ad
680 5513 1022 5580 Januarium,
1052 5526 1106 5566 n.
1134 5511 1188 5565 2.
1229 5511 1494 5566 Praaterea
1539 5509 1875 5581 Pelagianam
1921 5509 2169 5564 haeresim
2211 5511 2534 5581 qumstiones
2579 5512 2784 5582 aliquot
2824 5513 3083 5582 resipiant
3126 5512 3534 5567 Lovaniensium

255 5613 649 5682 Theologorum
673 5609 892 5679 judicio,
928 5607 1093 5660 veluti
1123 5607 1323 5674 Quaest.
1362 5605 1750 5675 septuagesima
1771 5620 1933 5672 nona,
1961 5606 2306 5676 octogesima,
2331 5607 2656 5676 octogesima
2680 5608 2858 5673 tertia,
2883 5617 2986 5664 etc.
3011 5607 3298 5678 Perpaucte
3321 5605 3536 5662 demum

252 5714 415 5770 sunt,
444 5720 563 5774 qua:
618 5717 722 5755 non
762 5700 935 5769 aliqua
987 5715 1051 5753 ex
1087 5707 1237 5768 parte
1288 5706 1523 5767 pugnent
1571 5697 1624 5750 in
1653 5697 1936 5768 Augustini
1963 5698 2288 5763 doctrinam;
2323 5708 2378 5752 ut
2405 5699 2731 5770 superﬂuum
2761 5703 2829 5756 sit
2858 5702 2940 5756 his
2965 5703 3181 5768 addere,
3207 5700 3350 5772 quod
3375 5699 3536 5771 hujus

255 5797 438 5866 operis
465 5795 655 5865 prolixi
686 5792 881 5846 nullam
910 5789 968 5847 S.
1003 5790 1198 5846 Doctor
1232 5789 1559 5846 mentionem
1598 5789 1722 5845 facit
1757 5791 1811 5845 in
1851 5787 2000 5846 libris
2043 5791 2495 5849 Retractationum
2517 5831 2536 5862 ,
2559 5807 2682 5848 eum
2719 5794 2830 5852 illis
2848 5795 3129 5867 diligenter
3164 5797 3531 5864 (locutionum

257 5891 426 5950 libros
455 5891 590 5946 alios
609 5892 906 5945 recenseat.
