4048 6470
3401 347 3454 354 -“

513 403 654 461 2207
1355 463 1358 466 ,
1705 401 2066 462 ELENCHUS
2102 399 2593 471 QUJESTIONUM.
3663 413 3814 474 2909

588 516 846 588 Superest
871 523 929 572 ut
951 515 1180 574 examini
1199 514 1506 588 iudicioque
1529 514 1816 572 Lectorum
1863 517 2206 588 subjiciamus
2247 516 2552 587 opinionem
2599 514 2820 572 eruditis
2848 515 3007 575 hodie
3041 517 3450 591 quamplurimis
3471 522 3760 592 probatam
3791 567 3810 596 ,

516 631 636 685 qua:
672 604 832 670 hasce
859 615 1191 683 Quaestiones
1216 614 1388 669 eidem
1416 615 1654 680 auctori,
1696 615 1780 669 cui
1807 614 2236 670 Commentarios
2265 613 2316 667 in
2359 613 2668 682 Apostolum
2698 613 2968 668 Ambrosii
3007 616 3223 670 nomine
3264 617 3507 688 vulgatos
3535 621 3816 678 attribuit.

519 709 724 780 Quippe
750 708 954 762 collatis
984 707 1050 762 ad
1074 708 1299 762 invicem
1331 709 1570 776 utrisque
1595 707 1845 776 operibus
1871 749 1884 774 ,
1917 707 2121 762 scilicet
2147 705 2348 772 Qumst.
2379 706 2637 775 vigesima
2663 714 2849 774 quarta
2873 695 2946 760 ad
2973 705 3280 762 Comment.
3311 709 3366 763 in
3395 708 3416 762 Ι
3447 710 3572 766 Cor.
3605 715 3690 780 11,
3733 715 3770 783 ᾖ
3795 754 3808 768 .

520 803 590 869 li;
622 803 818 871 Quaest.
840 801 1228 874 septuagesima
1253 811 1438 872 quarta
1465 801 1531 856 ad
1560 801 1860 857 Comment.
1891 802 1944 854 in
1977 799 2020 855 Il
2045 799 2166 856 Cor.
2189 800 2244 866 5,
2292 802 2327 868 ᾖ
2352 839 2366 852 .
2396 800 2486 866 21,
2515 809 2569 855 et
2595 800 2647 854 in
2673 799 2789 854 Gal.
2813 801 2867 864 3,
2913 801 2948 869 ᾗ
2972 839 2986 852 .
3019 802 3125 867 15;
3157 802 3358 869 Quaest.
3389 808 3684 862 centesima
3723 821 3812 864 se-

517 896 690 951 cunda
737 895 804 950 ad
857 895 1152 950 Comment.
1199 895 1252 950 in
1283 895 1326 949 ll
1356 894 1588 949 Timoth.
1619 894 1654 946 2
1674 935 1688 958 ,
1733 895 1766 964 ᾗ
1795 930 1812 947 .
1840 893 1946 957 20;
1976 893 2179 962 Quaest.
2207 892 2498 947 centesima
2525 901 2711 947 octava
2740 893 2808 947 ad
2837 892 3140 950 Comment.
3169 896 3224 951 in
3251 897 3480 968 Philipp.
3525 901 3578 960 5.
3625 901 3660 957 Ῡ
3683 940 3700 954 .
3741 903 3810 966 5;

518 989 720 1058 Quaest.
746 991 1036 1045 centesima
1061 990 1266 1045 decima
1293 990 1445 1045 tertia
1473 988 1540 1043 ad
1567 987 1868 1042 Comment.
1907 988 1960 1041 in
1990 987 2191 1056 Ephes.
2221 987 2285 1051 5,
2332 987 2368 1057 ᾗ
2393 1027 2406 1040 .
2437 986 2506 1041 10
2527 1029 2542 1053 ,
2569 996 2699 1054 etc.,
2726 987 3066 1042 concordiam
3099 989 3152 1044 in
3181 991 3367 1057 rebus,
3401 994 3454 1046 in
3496 997 3813 1066 sententiis,

522 1085 580 1139 in
608 1084 782 1139 verbis
811 1085 967 1140 etiam
999 1083 1128 1153 ipsis
1149 1124 1163 1150 ,
1198 1099 1352 1152 quam
1385 1083 1672 1137 maximam
1700 1080 2188 1156 deprehenderunt.
2215 1080 2296 1136 Ad
2341 1080 2456 1136 hazc
2485 1089 2772 1150 utrumque
2799 1097 2936 1151 opus
2965 1083 3156 1138 eodem
3195 1083 3308 1140 fere
3353 1095 3596 1157 tempore
3621 1090 3812 1147 confe-

525 1185 668 1231 ctum
697 1184 888 1246 putant
918 1193 932 1229 :
965 1176 1384 1231 Commentarios
1413 1175 1626 1245 quidem
1648 1190 1770 1230 cum
1803 1175 2059 1229 Damasus
2081 1174 2243 1246 Papa,
2275 1175 2366 1245 qui
2391 1173 2490 1228 sub
2515 1174 2640 1228 anni
2669 1175 2772 1231 584
2813 1174 2973 1229 finem
2998 1176 3150 1244 obiit,
3184 1177 3482 1232 Romanam
3507 1180 3814 1239 Ecclesiam

523 1278 756 1338 regeret,
787 1269 858 1322 uti
887 1269 1196 1323 eorumdem
1225 1276 1409 1322 auctor
1439 1276 1663 1322 testatur
1691 1268 1742 1321 iu
1772 1265 1794 1320 l
1821 1265 2054 1320 Timoth.
2083 1267 2137 1333 3,
2179 1268 2215 1336 7
2241 1306 2254 1320 .
2283 1265 2350 1320 15
2370 1281 2385 1330 ;
2409 1265 2743 1332 Quaestiones
2769 1273 2946 1320 autem
2971 1281 3112 1319 anno
3141 1268 3354 1324 circiter
3381 1270 3486 1325 300
3511 1272 3578 1326 ab
3599 1273 3814 1330 excidio

521 1361 998 1432 Jcrosolymitano,
1032 1377 1095 1416 ex
1129 1361 1328 1428 Quzest.
1359 1359 1758 1429 quadragesima
1785 1368 1972 1428 quarta
2004 1356 2273 1412 Adversus
2297 1356 2532 1420 Judaeos,
2565 1356 2778 1412 tametsi
2807 1371 2912 1410 non
2944 1372 3103 1410 nemo
3133 1358 3203 1412 sit
3230 1360 3318 1428 qui
3349 1360 3490 1415 hunc
3513 1377 3718 1416 annum
3743 1365 3812 1420 ab

519 1454 749 1510 adventu
775 1454 970 1509 Christi
1002 1455 1272 1508 numerari
1302 1453 1607 1508 arbitretur.
1639 1453 1884 1507 Jamvero
1911 1451 2424 1507 Commentariorum
2465 1451 2694 1522 scriptor
2723 1451 2958 1506 creditur
2985 1452 3292 1522 designatus
3317 1455 3385 1508 ab
3413 1457 3718 1524 Augustino
3759 1459 3812 1513 iu

522 1547 616 1603 lib.
642 1547 698 1612 4,
725 1547 800 1624 δά.
822 1547 1170 1612 Bonifacium,
1193 1562 1312 1616 cap.
1340 1545 1404 1612 4,
1433 1546 1520 1600 ubi
1549 1545 1730 1624 llilarii
1755 1545 1968 1599 nomine
1993 1545 2310 1599 sententiam
2337 1543 2556 1613 profert,
2591 1558 2712 1612 qum
2737 1542 2804 1596 ad
2844 1543 3060 1597 verbum
3093 1545 3144 1597 in
3177 1544 3367 1599 iisdem
3393 1544 3813 1605 Commentariis

522 1651 644 1706 sup.
673 1618 830 1693 Rom.
855 1640 908 1704 5,
955 1641 988 1709 ᾖ
1015 1679 1029 1693 .
1061 1641 1149 1705 12,
1181 1640 1482 1695 continetur
1511 1657 1524 1692 :
1551 1618 1718 1708 porro
1743 1647 1920 1692 autem
1947 1653 2068 1692 cum
2095 1639 2162 1692 ab
2189 1637 2372 1692 Hilarii
2400 1637 2634 1706 episcopi
2662 1635 2989 1691 Pictavensis
3011 1637 3136 1692 stilo
3161 1645 3218 1693 et
3245 1637 3484 1693 doctrina
3515 1640 3809 1709 plurimum

519 1728 814 1785 dissideant
839 1731 994 1786 iidem
1020 1733 1421 1800 Commentarii,
1455 1747 1558 1786 non
1589 1731 1726 1785 alius
1751 1745 1870 1786 esse
1891 1731 2260 1786 existimantur
2285 1745 2442 1799 quam
2471 1730 2656 1784 Hilarii
2684 1729 2914 1794 diaconi,
2948 1731 3035 1801 qni
3067 1732 3296 1786 Damaso
3321 1733 3580 1790 Pontifice
3607 1736 3812 1804 pariter

524 1822 756 1888 vivebat,
789 1823 930 1880 illius
953 1825 1200 1879 nimirum
1223 1825 1312 1894 qui
1333 1836 1474 1878 secta
1501 1823 1887 1886 Luciferianus,
1912 1822 2078 1890 patria
2101 1821 2302 1878 Sardus
2329 1821 2542 1876 dicitur.
2579 1822 2677 1876 llic
2714 1837 2834 1885 nos,
2861 1833 2918 1877 ut
2945 1823 3012 1877 de
3039 1823 3556 1881 Commentariorum
3585 1841 3810 1885 auctore

517 1914 649 1969 nihil
675 1918 1074 1986 pronuntiemus
1095 1959 1109 1982 ,
1146 1917 1295 1987 juvat
1333 1917 1387 1971 in
1433 1916 1703 1986 subjectus
1731 1913 2067 1980 Quaestiones
2096 1913 2404 1980 observare,
2448 1913 2934 1983 manuscriptorum
2961 1913 3203 1969 codicum
3231 1931 3348 1970 eam
3371 1931 3400 1970 a
3429 1918 3586 1973 nobis
3614 1919 3810 1990 depre-

515 2007 740 2064 hensam
782 2024 900 2065 esse
943 2011 1250 2065 varietatem
1275 2053 1290 2074 ,
1335 2026 1452 2079 quae
1477 2009 1694 2065 efficere
1727 2009 1934 2079 possit,
1967 2015 2028 2062 ut
2045 2008 2155 2076 jam
2181 2007 2395 2061 demum
2431 2015 2714 2062 revocetur
2735 2046 2752 2072 ,
2780 2015 2939 2076 atque
2977 2007 3269 2063 invalescat
3293 2009 3475 2079 opinio
3499 2011 3716 2066 Erasmi
3753 2023 3810 2068 et

516 2101 761 2169 aliorum,
791 2103 878 2173 qui
909 2104 1134 2172 primum
1165 2102 1571 2173 suspicabantur
1596 2117 1704 2157 non
1729 2101 1886 2155 unius
1916 2099 2148 2155 hominis
2173 2113 2293 2154 esse
2323 2097 2453 2153 illud
2477 2097 2843 2166 Quaestionum
2879 2113 3012 2168 opus
3031 2139 3047 2164 ,
3080 2099 3133 2154 in
3171 2115 3278 2169 quo
3299 2099 3487 2156 eadem
3511 2117 3634 2171 qua;
3661 2103 3806 2159 dicta

514 2203 649 2249 sunt
679 2196 878 2262 iterari,
911 2207 961 2250 et
992 2197 1280 2266 propositis
1305 2196 1470 2250 titulis
1499 2209 1709 2250 rursum
1749 2191 1966 2248 tractari
1991 2190 2232 2248 eamdem
2257 2189 2646 2261 quaestionem;
2679 2198 2790 2244 tum
2815 2189 3076 2246 dissimile
3097 2191 3310 2247 dicendi
3328 2209 3498 2266 genus
3515 2195 3804 2264 adhiberi;

519 2302 624 2345 nec
651 2289 762 2359 ipsa
804 2286 1110 2345 conStanter
1147 2291 1334 2346 eadem
1360 2333 1375 2357 ,
1409 2289 1500 2345 sed
1531 2290 1685 2358 plane
1715 2287 1980 2342 contraria
2020 2286 2268 2356 dogmata
2303 2283 2628 2354 propugnari
2655 2285 2967 2338 cernebant.
3009 2285 3297 2341 Enimvero
3319 2287 3424 2342 duo
3447 2289 3584 2342 sunt'
3613 2305 3806 2344 manu-

517 2382 836 2452 scriptorum
862 2383 1102 2437 codicum
1133 2399 1350 2453 genera.
1375 2383 1598 2452 Quidam
1629 2391 1844 2438 centum
1871 2380 2054 2449 viginti
2077 2389 2281 2448 septem
2309 2378 2428 2432 illas
2455 2393 2574 2447 qute
2601 2378 2774 2446 primo
2795 2379 3021 2447 vulgata:
3049 2378 3282 2446 fuerunt,
3307 2381 3630 2450 qutestiones
3649 2399 3805 2439 com-

514 2473 820 2544 plectuntur
854 2493 866 2528 :
899 2476 1100 2531 scilicet
1126 2476 1474 2546 quadraginta
1504 2484 1707 2544 septem
1747 2491 1814 2530 ex
1857 2474 2034 2527 Veteri
2071 2472 2413 2528 Testamento
2433 2513 2447 2536 ,
2490 2471 2723 2542 reliquas
2750 2487 2938 2527 omnes
2965 2489 3031 2526 ex
3058 2473 3210 2528 Novo
3237 2473 3579 2531 Testamento
3608 2478 3806 2533 inseri-

514 2573 636 2634 ptas
661 2584 676 2632 ;
709 2566 945 2636 nihilque
970 2569 1037 2623 ab
1081 2568 1235 2622 editis
1260 2569 1539 2630 differunt,
1569 2568 1670 2621 nisi
1701 2566 1841 2636 quod
1873 2566 2082 2620 titulum
2112 2565 2318 2620 huncce
2361 2565 2574 2620 tertium
2602 2607 2616 2628 ,
2661 2581 2725 2620 ex
2771 2575 2996 2636 utroque
3024 2567 3228 2622 mixtim
3253 2611 3268 2635 ,
3298 2570 3386 2639 qui
3416 2572 3806 2639 posterioribus

517 2657 730 2726 triginta
753 2659 1134 2728 qumstionibus
1182 2675 1214 2713 a
1266 2659 1605 2730 typographis
1625 2657 1872 2726 prazfixus
1897 2658 2013 2724 fuit,
2037 2672 2297 2727 nusquam
2327 2655 2738 2727 habent.°llujus
2764 2658 2919 2726 primi
2946 2659 3158 2728 generis
3181 2661 3528 2731 manuscripti
3550 2661 3660 2716 duo
3678 2673 3808 2720 sunt

509 2749 567 2806 in
596 2750 920 2806 Bibliotheca
950 2753 1242 2808 Sorbonica
1269 2794 1283 2817 ,
1315 2753 1368 2806 in
1401 2752 1670 2807 Victorina
1701 2750 1924 2807 totidem
1949 2792 1966 2819 ,
2013 2751 2066 2805 in
2095 2749 2400 2806 Colbertina
2433 2767 2570 2806 unus
2611 2751 2878 2820 antiquior
2919 2752 3086 2806 multo
3129 2761 3184 2808 et
3218 2762 3342 2808 ante
3383 2769 3556 2810 annos
3585 2757 3807 2813 circiter

513 2843 620 2898 700
643 2853 911 2898 exaratos.
943 2846 1180 2900 Alterius
1208 2845 1422 2915 generis
1453 2844 1846 2915 manuscriptos
1867 2859 1973 2897 non
2003 2844 2119 2912 plus
2139 2859 2298 2914 quam
2327 2852 2435 2898 tres
2455 2843 2774 2912 reperimus,
2807 2859 2970 2897 unum
3001 2843 3382 2912 Sorbonicum,
3424 2847 3582 2900 alium
3615 2847 3803 2904 Victo-

511 2934 710 2998 rinum,
743 2937 956 2990 tertium
991 2936 1406 2992 Germanensem
1434 2945 1676 2990 nostrum
1699 2977 1715 3000 ,
1744 2935 1836 3006 qui
1875 2936 2000 2991 licet
2027 2943 2242 2990 centum
2269 2935 2647 3004 quinquaginta
2681 2951 2836 2989 unam
2864 2937 3188 3006 qumstiones
3212 2938 3521 2993 contineant
3547 2981 3562 3006 ,
3593 2941 3806 2998 scilicet

512 3025 889 3096 quinquaginta
920 3043 1012 3082 sex
1044 3045 1110 3082 ex
1137 3028 1337 3094 Veteri,
1375 3035 1428 3082 et
1455 3028 1736 3096 nonaginta
1765 3029 2003 3098 quinque
2032 3043 2096 3082 ex
2123 3026 2273 3082 Novo
2302 3027 2666 3090 Testamento,
2698 3027 2936 3098 adeoque
2965 3030 3120 3098 primi
3151 3031 3362 3100 generis
3390 3031 3664 3088 codicibus
3693 3035 3806 3090 sint

509 3117 696 3188 viginti
736 3127 964 3188 quatuor
993 3119 1374 3188 quaestionibus
1404 3120 1690 3181 auctiores.
1727 3134 1830 3173 non
1865 3127 2040 3174 tamen
2073 3117 2272 3173 habent
2297 3126 2554 3173 tractatus
2584 3120 2888 3188 plerosque,
2919 3129 2972 3175 et
2997 3121 3287 3176 conciones
3307 3137 3374 3176 ex
3405 3123 3520 3178 istis
3561 3125 3798 3193 primum

509 3210 751 3284 vulgatae
780 3230 794 3266 :
824 3212 1072 3283 quodque
1102 3213 1170 3267 ad
1199 3229 1312 3268 rem
1341 3212 1484 3274 facit,
1511 3221 1696 3267 carent
1718 3212 2126 3283 quadragesima
2158 3222 2342 3283 quarta
2373 3212 2458 3265 illa
2484 3253 2501 3280 ,
2543 3212 2842 3268 Adversum
2887 3213 3138 3280 Judmos;
3182 3224 3236 3269 et
3273 3217 3562 3271 centesima
3587 3218 3804 3276 decima

509 3304 723 3374 quinta,
763 3305 1058 3362 Adversum
1087 3307 1487 3362 Mathematicos
1515 3307 1812 3376 quaestione
1850 3307 2074 3377 aliisque
2103 3305 2390 3370 nonnullis,
2425 3306 2565 3360 unde
2613 3307 2846 3362 auctoris
2871 3315 3000 3361 aetas
3040 3317 3096 3362 et
3135 3310 3301 3376 patria
3329 3313 3612 3381 comperiri
3641 3328 3805 3382 posse

509 3397 843 3453 credebatur.
887 3399 964 3453 Ex
991 3399 1095 3454 hoc
1122 3399 1359 3454 secundo
1387 3400 1868 3470 manuscriptorum
1897 3414 2091 3468 genere
2111 3399 2251 3454 eruit
2269 3397 2499 3454 Iacobus
2527 3399 2754 3454 Haemer
2773 3401 2995 3455 alteram
3017 3401 3386 3458 collectionem
3416 3406 3799 3476 quaestionum,

515 3505 634 3560 quae
663 3499 784 3560 post
807 3492 1031 3562 vulgata:
1060 3501 1201 3547 sunt.
1231 3493 1428 3548 Damus
1457 3491 1543 3546 hic
1569 3491 1797 3561 denique
1823 3491 2188 3558 Qumstionum
2227 3490 2522 3546 Elenehum
2552 3491 2840 3560 duplicem,
2873 3492 2928 3546 in
2957 3507 3063 3564 quo
3089 3497 3578 3566 manuscriptorum
3613 3499 3802 3556 diver-

509 3582 640 3638 sitas
664 3599 772 3638 uno
795 3595 1082 3656 conspectu
1123 3586 1452 3656 intelligitur.
1483 3583 1816 3652 Quaestiones
1855 3601 1972 3655 qua:
1993 3584 2265 3642 codicibus
2291 3585 2402 3640 sive
2427 3585 2582 3655 primi
2604 3585 2716 3641 sive
2741 3587 2958 3644 secundi
2980 3589 3191 3658 generis
3217 3591 3443 3660 propriae
3465 3599 3626 3658 sunt,
3660 3595 3800 3650 stel-

507 3671 615 3730 lula
644 3673 997 3747 designandas
1024 3676 1349 3733 curavimus.
1399 3733 1404 3742 ,

1002 3877 1934 3990 Ειιιποιισε
2015 3874 3274 4025 ρππεετιοιιτσπι.

1951 4097 2325 4154 We

756 4217 873 4279 EX
905 4213 1481 4279 MANUSCRIPTIS
1523 4210 1932 4274 CODICIBUS
2329 4209 2449 4271 EX
2493 4209 3074 4275 MANUSCRIPTIS
3107 4215 3542 4281 CODICIBUS.

2723 4334 2926 4384 Secundi
2946 4337 3146 4398 generis
3169 4337 3258 4400 (α).

2566 4431 2790 4466 ωνιτυῐιλ
2811 4433 2872 4466 DE
2892 4433 3060 4468 V313!“
3091 4435 3396 4472 ηδτ-Αωτο

2230 4497 2275 4546 1.
2309 4502 2378 4546 De
2398 4503 2500 4547 Deo
2521 4505 2574 4548 et
2593 4498 2657 4548 de
2679 4499 2886 4548 hominis
2907 4499 3065 4550 libero
3086 4503 3301 4552 arbitrio.

2227 4557 2276 4628 g.
2313 4559 2332 4628 ξ
2371 4559 2634 4610 Adversum
2653 4573 2739 4628 eos
2753 4563 2847 4628 qui_
2857 4570 3040 4628 negant
3061 4563 3120 4612 ad
3135 4571 3286 4613 Deum
3307 4565 3488 4628 aliquid
3509 4567 3790 4628 pertinere.

2227 4619 2276 4670 5.
2309 4627 2400 4670 Cur
2421 4627 2550 4672 Deus
2571 4619 2800 4672 mundum
2825 4619 3016 4672 fecerit.

2227 4681 2274 4729 4.
2309 4682 2425 4750 Quid
2449 4697 2572 4744 opus
2595 4691 2699 4750 erat
2722 4697 2810 4745 per
2831 4691 3024 4750 Moysen
3045 4693 3213 4747 postea
3248 4695 3301 4738 et
3333 4699 3428 4736 non
3473 4695 3608 4750 ante,
3635 4702 3794 4740 exor-

2379 4743 2508 4791 dium
2530 4746 2694 4794 mundi
2720 4743 2771 4794 et
2793 4743 3015 4810 ordinem
3037 4743 3274 4810 creatura:
3297 4762 3568 4810 exponere.

2224 4805 2272 4869 5.
2306 4813 2659 4869 Qttare_t.ege_m
2683 4809 2851 4869 nonin
2876 4809 3132 4869 primordio
3154 4809 3302 4860 dedit.

2225 4867 2272 4916 6.
2309 4867 2478 4929 etquid
2501 4867 2620 4916 Abel
2641 4867 2923 4918 sacriﬁcium
2959 4877 3258 4932 acceptatum
3293 4877 3387 4932 est,
3409 4873 3522 4922 cain
3553 4874 3790 4937 repudia-

2381 4937 2498 4978 tum.

2225 4992 2274 5055 ἶ.
2307 4991 2350 5040 Si
2375 4991 2574 5055 Lamech
2596 4991 2768 5041 occidit
2787 4994 2915 5054 Cain,
2939 4993 3064 5055 sicut
3082 5001 3293 5055 putatur.

2224 5053 2272 5101 8.
2306 5061 2418 5111 Qum
2441 5051 2614 5102 decem
2639 5055 2788 5102 verba
2813 5055 2860 5102 in
2883 5051 3061 5103 tabulis
3081 5051 3194 5105 data
3215 5063 3345 5105 sunt.

2225 5115 2276 5164 9.
2311 5113 2478 5177 tuquid
2503 5121 2685 5177 hioyses
2706 5115 3012 5164 descendens
3033 5116 3095 5164 de
3119 5125 3302 5176 monte,
3327 5123 3422 5167 etc.

2195 5177 2271 5239 10.
2305 5176 2348 5224 si
2372 5177 2528 5224 omnia
2547 5176 2676 5239 Deus
2697 5177 2822 5239 bona
2849 5177 2977 5236 fecit,
3002 5179 3115 5239 quid
3143 5186 3235 5236 est,
3261 5185 3354 5227 etc.

512 3789 3802 3818 MM

1055 4339 1196 4388 Primi
1219 4337 1420 4400 generis
1442 4334 1532 4398 (ιι).

872 4437 1171 4480 ουλε-ηομες
1192 4435 1388 4473 νετειιιε
1412 4429 1720 4469 τεετωιιιτι.

504 4509 525 4556 Ι
572 4504 690 4564 Quid
710 4509 786 4555 est
806 4511 950 4554 Deus.

505 4571 557 4618 u.
591 4574 683 4618 Cur
704 4575 832 4616 Deus
862 4566 1091 4615 mundum
1113 4564 1302 4616 fecerit.

503 4635 574 4680 ιιι.
608 4629 723 4688 Quid
760 4643 883 4691 opus
921 4635 1027 4677 erat
1067 4640 1154 4688 per
1189 4633 1396 4690 Moysen,
1441 4629 1492 4674 et
1529 4636 1624 4673 non
1666 4627 1800 4681 ante,
1839 4619 2093 4671 exordium

630 4691 792 4740 mundi
818 4697 870 4740 et
889 4691 1107 4738 ordinem
1129 4694 1364 4738 creatum
1389 4697 1660 4740 exponere.

503 4759 572 4802 ιν.
607 4759 761 4814 Quare
783 4759 960 4814 Legem
977 4751 1147 4814 nonin
1170 4749 1426 4810 primordio
1446 4747 1598 4796 dedit.

503 4821 556 4864 v.
593 4805 763 4876 utquid
800 4805 918 4863 Αιῖρι
955 4805 1237 4862 sacriﬁcium
1271 4815 1572 4872 acceptatum
1605 4814 1699 4870 est,
1736 4813 1788 4858 et
1818 4807 1930 4856 eain
1959 4805 2095 4856 refu-

631 4883 782 4925 tatum
789 4913 799 4924 .

505 4943 574 4986 γι.
610 4937 654 4986 si
677 4937 878 4986 Lamech
900 4935 1071 4986 occidit
1102 4934 1228 4990 Cain,
1259 4935 1384 4983 sicut
1405 4939 1618 4990 putatur.

504 5005 590 5048 νιι.
625 5006 738 5058 Qua:
760 4999 932 5048 decem
953 4999 1103 5048 verba
1127 4997 1176 5044 in
1195 4994 1499 5058 tabulisgdata
1524 5001 1652 5052 sunt,
1679 5000 1776 5058 etc.

503 5065 610 5110 thl.
641 5051 1021 5123 btquidhtoyses
1041 5057 1348 5107 descendens
1365 5055 1428 5106 de
1468 5051 1644 5104 monte
1664 5053 1852 5103 vultum
1874 5051 2089 5115 splendi-

627 5122 742 5171 dum
759 5122 940 5171 habuit.

501 5189 576 5235 ιιι.
615 5185 658 5232 si
692 5185 848 5232 omnia
873 5191 1002 5232 Deus
1021 5182 1143 5230 bona
1181 5179 1310 5236 fecit,
1345 5178 1460 5241 quid
1487 5185 1562 5227 est
1593 5183 1648 5226 ut
1670 5177 1797 5226 dicat
1817 5175 1875 5225 ad
1899 5185 1995 5226 Noe
2025 5177 2088 5227 de

626 5245 819 5294 mundis
843 5251 894 5293 et
917 5242 1170 5292 immundis
1194 5257 1205 5290 :
1243 5241 1390 5292 Indue
1411 5246 1581 5296 tecum,
1609 5246 1702 5289 etc.

503 5305 559 5357 Χ.
595 5313 711 5356 Cum
731 5313 860 5368 Deus
883 5306 1010 5355 dicat
1029 5304 1158 5368 quod
1176 5311 1344 5365 quarta
1359 5301 1594 5368 progenie
1620 5299 1796 5368 egrituri
1815 5307 1984 5350 essent
2004 5299 2087 5368 filii

629 5367 775 5432 ωε]
795 5367 859 5417 de
876 5363 1095 5432 .AEgyptb,
1119 5363 1206 5414 cur
1229 5363 1410 5429 Moyses
1430 5363 1614 5427 quinta,
1652 5363 1824 5424 inquit,
1853 5363 2087 5424 progenie

629 5431 872 5480 exierunt.

503 5494 582 5540 XI.
617 5492 662 5540 si
697 5492 790 5542 viri
820 5492 938 5553 justi
955 5497 1192 5553 .voluntas
1221 5490 1344 5539 bona
1369 5493 1462 5553 est,
1482 5498 1639 5553 _quare
1679 5491 1805 5553 Isaae
1825 5499 1942 5553 _non
1967 5491 2088 5536 Esau

625 5565 776 5617 quem
797 5545 965 5617 v'olait,
989 5551 1240 5617 sed_J_aeob
1261 5545 1521 5617 benedixit
1537 5559 1686 5617 quem
1707 5545 1876 5617 noluit.

503 5617 595 5664 xu.
629 5609 784 5675 Quare
807 5609 1038 5664 Abraham
1070 5613 1181 5663 ﬁdei
1205 5625 1306 5664 sua:
1329 5614 1522 5676 signum
1555 5609 1972 5660 circumcisionem
2001 5620 2084 5660 ac-

625 5679 776 5742 cepit.

501 5778 641 5916 aag)
661 5787 755 5832 uae
775 5781 908 5834 serie
944 5779 1254 5836 continentur
1276 5789 1448 5830 omnes
1467 5775 1764 5842 quaestiones
1785 5775 1939 5838 primo
1977 5777 2082 5827 νιιι.

2195 5238 2269 5286 11.
2303 5245 2417 5287 Cum
2439 5237 2720 5305 Deus_dieat_
2739 5237 3052 5305 ad_Abrahar'n
3074 5239 3137 5288 de
3161 5240 3272 5288 filiis
3293 5239 3440 5290 Israel
3459 5241 3588 5304 quod
3609 5249 3788 5305 quarta

2380 5301 2616 5362 progenie
2643 5301 2820 5362 exituri
2845 5307 3029 5362 essent,
3056 5307 3149 5350 etc.

2193 5359 2268 5424 l2.
2302 5361 2346 5409 si
2381 5359 2602 5424 viri’justi
2626 5360 2846 5424 voluntas
2867 5361 2989 5424 bona
3014 5370 3105 5422 est,
3131 5363 3246 5424 quid
3271 5371 3348 5413 est
3369 5371 3422 5414 ut
3443 5371 3578 5424 Fsau,
3605 5372 3700 5416 etc.

2191 5423 2268 5474 l5.
2301 5430 2412 5493 Qua_
2421 5423 2609 5493 ratione
2629 5423 2776 5493 _David
2795 5423 2924 5493 saul,
2952 5423 3210 5493 postquam
3233 5431 3362 5476 Deus
3395 5427 3456 5475 ab
3480 5423 3788 5493 eoreeess-it,

2373 5484 2604 5534 Christum
2627 5485 2808 5534 Domini
2835 5484 2988 5534 vomt.

2192 5546 2267 5596 14.
2300 5553 2454 5608 Quare
2479 5545 2708 5594 Abraham
2733 5545 2844 5594 fidei
2867 5559 2970 5596 suae
2991 5547 3200 5608 signum,
3227 5555 3322 5598 etc.

2191 5609 2266 5658 15.
2301 5609 2344 5658 si
2369 5607 2601 5719 33ἱὲιοὶυὲ
2643 5609 2729 5657 Dei
2759 5609 2944 5671 justum
2988 5607 3081 5668 est,
3106 5607 3256 5672 quare
3297 5609 3508 5662 infantes
3545 5613 3594 5662 in
3631 5612 3780 5664 Sodo-

2373 5684 2386 5718 l
2509 5683 2540 5719 e
2591 5706 2603 5718 .

2373 5677 2480 5726 mlS.
2509 5677 2603 5721 etc.

2188 5775 2324 5899 ea$2?)
2346 5783 2440 5828 Hac
2459 5778 2592 5829 serie
2615 5777 2742 5828 inter
2761 5775 2882 5829 alias
2899 5779 3207 5832 continentur
3227 5782 3523 5844 quatientis
3543 5787 3654 5846 post
3665 5781 3788 5836 vul—
