4012 6498
514 495 656 561 2215

515 625 691 672 autem
733 615 787 666 et
821 602 1130 674 Serapbim,
1159 613 1276 724 (Eun
1304 597 1553 680 potentia;
1577 595 1731 666 juxta
1763 595 1924 650 Deum
1965 605 2087 648 esse

517 688 781 724 dimmtnr-
824 677 1022 724 maiora
1061 672 1127 724 de
1211 684 1275 724 eo
1315 675 1574 724 sentiunt.
1605 682 1708 720 non
1740 675 1910 719 tamen
1942 677 2087 718 com-

517 669 783 746 dicuntur,
824 669 1022 746 majora
1061 672 1127 726 de
1166 669 1275 746 Deo
1301 669 1574 746 _sentiunt,
1604 682 1708 746 non
1740 675 1910 719 tamen
1942 677 2088 746 corn:-

517 736 1093 824 Drebeudttl!‘_l’:§!'.i."‘s
1134 740 1440 824 αυίάπέθυε
1483 739 1570 819 Sit:
1598 736 1915 824 mliti“???

518 804 738 883 iisiiss
776 804 1096 886 nisi'Filius,
1127 804 1235 886 nec
1255 809 1444 864 Filium
1481 808 1599 886 quis
1629 808 1773 886 novit
1801 805 1899 886 nisi
1931 804 2088 886 Pater

519 877 735 963 “ludit.
764 888 980 963 xt,_27).
1011 885 1170 954 Igitur
1209 883 1343 963 Deus
1373 887 1482 963 est,
1515 879 1650 959 sicut
1669 877 1978 963 hominibus
2003 877 2085 963 vi-

519 945 709 1026 ligni},
727 945 955 1030 spiritus
971 945 1160 1030 natura
1185 948 1429 1030 sintpicit,
1460 949 1548 1002 lux
1570 945 2086 1030 iliaccessibilis,“in-:

523 1014 782 1096 visibilis:
814 1022 1224 1084 inaestimabilis,
1257 1014 1524 1096 iulinitus,
1561 1017 1857 1096 perfectus,
1895 1014 2088 1094 nullius

519 1085 982 1176 egens,a:ternus,
1017 1091 1327 1176 immortalis
1365 1085 2090 1176 omnimoddhgaquoomnia

521 1155 1040 1230 iiiiiiiumconsecuta
1079 1172 1222 1227 sunt,
1253 1157 1603 1230 venerandus,
1633 1155 1948 1225 diligendus,
1981 1169 2092 1230 me—

523 1225 773 1308 tuendus,
799 1247 944 1295 extra
971 1249 1126 1305 quem
1151 1225 1280 1286 nihil
1306 1239 1404 1308 est,
1430 1230 1539 1282 imo
1565 1229 1615 1280 in
1647 1243 1750 1295 quo
1771 1234 1898 1308 sunt
1913 1225 2092 1306 omnia

523 1300 912 1385 quchue'suut
962 1300 1168 1385 sursum
1211 1310 1266 1355 et
1303 1300 1571 1380 deorsum,
1603 1311 1809 1385 summa
1853 1305 1905 1348 et
1929 1300 2089 1385 lima;

525 1365 878 1452 ὄέὴὴῖῥιὶιείιε,
929 1375 1283 1452 omnitenens,
1335 1385 1458 1450 vere
1493 1369 1564 1452 ‘in
1613 1367 1856 1452 omnibus
1921 1365 2090 1446 dives,

525 1437 646 1526 (liii:
669 1437 794 1508 ᾖίὶιίι
821 1437 902 1505 εει
927 1446 1064 1517 quod
1081 1443 1207 1526 eius
1231 1456 1337 1526 non
1367 1439 1464 1526 si};
1493 1438 1683 1501 bonus.
1708 1437 2094 1526 jufgus.31i§¢_aj

527 1511 695 1582 ricors
727 1541 740 1576 :
775 1511 964 1582 bonus,
1007 1511 1134 1585 quia
1173 1512 1304 1586 fecit
1334 1511 1561 1586 existere
1601 1523 1719 1586 quae
1763 1519 1866 1586 non
1907 1514 2091 1586 erant;

523 1579 716 1666 justus,
741 1579 1239 1666 quiaqumcumque
1279 1579 1486 1666 fecit‘ut
1504 1579 2102 1666 proﬁcientipropri:

527 1655 784 1721 libertatis
813 1655 1030 1714 arbitrio
1066 1655 1281 1708 dimissa
1313 1659 1470 1721 sunt;
1495 1655 1616 1716 quia
1649 1655 2094 1721 tamcn_non_tam

532 1715 781 1806 perlecta
808 1739 930 1784 sunt
973 1737 1026 1780 ut
1071 1725 1168 1778 labi
1198 1737 1304 1776 non
1336 1715 1556 1789 possint,
1599 1715 1798 1797 semina
1841 1715 1922 1770 his
1969 1715 2097 1837 legis

532 1807 706 1837 nam...
735 1799 960 1837 ιιοοπ-..υῑι
1004 1793 1328 1837 naturaliter-
1359 1789 1557 1837 addens
1587 1787 1838 1837 atmhum
1875 1801 2013 1837 mam
2039 1799 2097 1837 e-

531 1787 967 1862 iiiéséedecmn
1003 1787 1557 1865 naturaliter,'addens
1587 1787 1838 1865 auxilium
1871 1787 2098 1865 _manife-

531 1855 860 1942 ὲῖιίῐιὶεἰέέίε,
891 1877 947 1922 ut
973 1863 1258 1920 auctoritas
1285 1861 1398 1940 ejus
1435 1857 1664 1942 perfect?!
1695 1855 2098 1942 θξεειλξιοῐξιίρξξ

531 1924 1001 2001 misericors
1045 1949 1200 1996 vero,
1243 1924 1362 2000 quia
1409 1924 1746 2001 peccantibus
1763 1939 1898 2001 __non
1950 1924 2101 1978 facile

531 1996 725 2078 reddit,
746 2011 838 2066 sed
860 2008 1084 2064 sustinet
1107 2013 1173 2078 ut_
1187 1996 1457 2078 conversis
1485 2000 1738 2078 ignoscat.
1763 1996 1856 2078 Est
1875 2003 1929 2048 et
1951 2009 2104 2050 seve-

529 2068 642 2152 rus,
673 2068 730 2138 ut
759 2091 960 2135 terrore
985 2091 1103 2152 quae
1129 2073 1194 2152 ab
1219 2087 1282 2126 eo
1318 2071 1451 2152 bene
1488 2068 1698 2152 condita
1733 2075 2100 2152 suntconse'r:

529 2135 740 2219 ventur,
779 2167 846 2206 ne
882 2135 1194 2219 negligentia
1239 2149 1447 2210 pareret
1479 2136 2009 2219 vitae__pra:cipi_tium.
2035 2135 2105 2219 Et

532 2209 602 2280 ne
637 2209 776 2295 quod
812 2209 1174 2276 admirabilius
1212 2209 1294 2266 est
1329 2209 1819 2295 prattermittamhus,
1853 2215 1995 2295 tanta
2023 2215 2106 2295 est

531 2275 975 2366 ejus‘cleinentia,
1001 2297 1060 2340 ut
1086 2275 1434 2366 contumelias
1463 2293 1647 2366 passus
1669 2275 1736 2330 ab
1763 2275 2002 2366 hiskquos
2025 2275 2103 2366 fe;

531 2344 646 2430 ἑῖῐζ
669 2344 916 2424 suil'erat,
948 2344 1000 2430 et
1031 2355 1174 2430 prior
1202 2360 1354 2404 vocet
1387 2344 1480 2403 eos
1508 2349 1574 2401 ad
1605 2344 2104 2430 pacemLNumquid

533 2415 640 2489 {aliti
670 2415 886 2499 majoris
905 2415 1123 2480 'virtutis
1151 2422 1252 2475 hoc
1279 2430 1576 2499 est,_quam
1606 2415 2104 2499 condidisse‘creaf

536 2483 801 2558 ﬁliisﬁliis
817 2483 921 2569 quo
942 2499 984 2569 si
1005 2483 1516 2569 permaneretniniia
1533 2487 1740 2569 bonitas
1757 2483 2108 2569 ejusmbesset

535 2555 816 2629 cibatum.
835 2555 1305 2632 Unde-aliquando
1329 2559 1504 2628 diligi,
1534 2555 1817 2632 aliquando
1845 2556 2016 2632 timeri
2047 2569 2108 2610 se

535 2625 754 2708 vult,ine
769 2641 1074 2693 aberrantes
1097 2625 1172 2708 ab
1188 2647 1252 2684 eo
1276 2625 1582 2708 depereant.
1607 2627 1842 2706 Hincest
1860 2625 2020 2708 unde,
2042 2640 2109 2708 ne

533 2694 786 2784 patientia
817 2710 943 2784 ejus.
963 2723 1065 2760 non
1103 2703 1282 2784 utique
1316 2694 1395 2784 ad.
1418 2698 1666 2784 damnum
1699 2696 1889 2784 ipsius,
1913 2694 2015 2784 sed
2042 2695 2109 2774 ad

533 2763 779 2838 {uastius
805 2763 1020 2833 ofnnino
1045 2763 1430 2828 contemnenda
1457 2774 1750 2838 putaretur,
1769 2766 1850 2838 _ait
1875 2783 1886 2816 :
1913 2763 2109 2838 chut';

535 2835 780 2924 sublesta
809 2864 1002 2924 semper
1031 2844 1203 2924 tacebq
1228 2838 1404 2924 (χερί.
1439 2835 1959 2924 ἱειιημίξξξξιηςιιε
1975 2836 2112 2924 Deus

535 2905 728 2988 beatis,
753 2931 804 2976 et
829 2905 1003 2973 om'nia
1032 2929 1149 2988 qua:
1181 2905 1304 2988 fecit
1331 2910 1468 2963 bona
1495 2915 1639 2988 sunt:
1666 2905 1820 2988 U_nde_
1841 2919 1966 2988 ungo
1995 2920 2110 2988 mat

535 2974 642 3047 iniit
656 2974 836 3046 {Nihil
859 2996 939 3042 est
963 2974 1159 3040 malum
1191 2981 1290 3035 nisi
1317 2977 1677 3049 praevaricatio
1700 2976 1846 3055 boni,
1876 2974 1999 3055 dum
2022 2984 2114 3055 aut

535 3045 847 3118 inconcessa
899 3045 1332 3128 pratsumuntur,‘
1367 3057 1758 3128 autuconcessa
1813 3045 2111 3128 inordinate

539 3115 805 3187 fiuntiiiut
852 3115 976 3182 alibi
1028 3123 1356 3184 mandatum,
1407 3119 1528 3172 alibi
1579 3124 1851 3197 peccatum
1903 3115 2012 3197 ﬁat:
2045 3115 2114 3170 Ut

536 3202 749 3273 quando
769 3200 906 3273 quod
931 3199 981 3252 in
995 3205 1498 3273 _ttxoreconcessum
1521 3197 1621 3273 est,
1647 3187 1704 3273 fit
1725 3187 1775 3239 in
1799 3187 2109 3273 meretrice;

538 3255 924 3342 ἓίᾘιὶδίῡεο
953 3263 1280 3342 οίῖῖῖΐθηάυηι
1325 3267 1440 3342 em!
1461 3299 1477 3326 ’
1497 3257 1738 3342 "offertur
1772 3255 1990 3342 rqiabom
2018 3273 2031 3308 ζ
2061 3263 2115 3310 ει

539 3327 668 3396 cum.
691 3342 808 3410 quis
833 3353 940 3410 non
955 3336 1105 3410 _tollit
1135 3346 1288 3386 suum
1306 3369 1320 3392 ,
1345 3329 1438 3410 sed
1463 3327 1726 3408 alienum;
1759 3334 1814 3380 et
1837 3341 1956 3410 cum
1979 3341 2116 3407 pra;-

538 3395 800 3464 varica'tor
823 3406 988 3461 occidi
1015 3405 1226 3468 debeat,
1249 3399 1508 3468 occiditur
1535 3399 1807 3450 innocens.
1836 3395 1992 3450 Nulla
2019 3396 2115 3468 igi-

541 3490 628 3534 tur
653 3489 835 3534 natura
859 3476 1112 3548 probatur
1139 3472 1356 3526 malum.
1385 3467 1638 3548 Voluntas
1665 3475 1840 3548 autem
1863 3475 1944 3519 est
1969 3467 2114 3548 acci-

541 3551 674 3604 dens
695 3537 912 3610 naturat,
938 3553 1192 3611 concepta
1219 3557 1282 3595 ex
1303 3539 1496 3601 causis,
1520 3553 1639 3606 quae
1660 3537 1796 3592 male
1815 3547 2113 3604 moventur,

540 3621 666 3675 dum
705 3616 912 3674 excedit
955 3614 1190 3677 modum,
1223 3619 1280 3664 ut
1317 3611 1401 3662 illa
1440 3617 1588 3678 gerat
1610 3623 1744 3678 tunc
1781 3615 1982 3678 natura:
2003 3622 2118 3662 suae

543 3705 646 3745 n0n
692 3699 834 3744 sunt.
867 3686 1050 3741 Causae
1077 3676 1253 3737 autem
1293 3676 1743 3749 praevaricationis
1779 3676 2023 3749 oriuntur
2051 3693 2118 3732 ex

545 3761 810 3825 sensibus,
837 3756 1049 3826 quando
1078 3751 1272 3826 aliquid
1297 3747 1437 3826 male
1471 3749 1711 3826 videmus
1737 3756 1827 3800 aut
1852 3747 2114 3826 audimus.

543 3831 712 3898 Quem
734 3818 970 3883 errorem
994 3825 1108 3878 hazc
1127 3818 1213 3876 res
1239 3819 1381 3885 facit,
1405 3818 1525 3898 quia
1547 3819 1717 3898 homo
1730 3832 1832 3898 non
1847 3825 1940 3898 _est
1960 3819 2115 3898 Deus,

545 3887 634 3969 qui
665 3901 808 3954 solus
839 3911 1018 3969 errare
1047 3909 1164 3969 non
1187 3889 1612 3969 potest._.Na_tura
1653 3889 1812 3969 igitur
1847 3887 2117 3969 hominum

545 3959 760 4040 proprio
788 3967 1006 4040 arbitrio
1035 3959 1254 4040 remissa
1287 3967 1342 4013 et
1370 3959 1586 4040 dimissa
1624 3969 1724 4020 est,
1759 3965 1815 4012 ut
1845 3959 2008 4026 possit
2030 3959 2119 4040 _fa-

543 4029 667 4095 cere
709 4039 850 4108 quod
889 4036 1132 4108 vult:_ut_
1160 4033 1204 4086 si
1233 4033 1428 4108 bonum
1469 4039 1671 4108 natura:
1689 4029 2120 4108 nsumgcaercitio

545 4098 808 4172 Inelior'et,
841 4103 1200 4158 bonorabilior
1226 4103 1321 4165 sit;
1349 4103 1593 4172 siautem
1627 4098 1858 4172 infirmet
1885 4099 2119 4172 vigorem

548 4193 726 4240 suum,
754 4167 1068 4230 contumelia
1107 4171 1597 4240 dignusibabeatur
1633 4167 2123 4240 bujusmodi._Facit

549 4248 692 4300 enim
716 4237 854 4314 quod
881 4252 1062 4314 contra
1083 4257 1146 4314 se
1168 4237 1260 4294 sit.
1285 4239 1398 4292 Non
1428 4247 1508 4291 est
1531 4238 1805 4314 minimum
1827 4237 1965 4314 quod
1991 4253 2122 4314 con-

548 4307 758 4370 cessum
785 4323 864 4368 est
895 4313 1118 4374 homini,
1143 4319 1201 4364 ut
1230 4325 1350 4362 cum
1375 4317 1514 4362 recta
1547 4307 1803 4376 sequitur,
1825 4307 2050 4374 gaudeat
2069 4309 2122 4362 in

549 4400 669 4440 sese
693 4399 789 4454 per
826 4383 877 4437 id
905 4383 1248 4454 quoddopere
1290 4395 1386 4432 suo
1425 4377 1568 4454 videt
1615 4392 1673 4430 sc
1713 4377 1982 4454 meliorem
2005 4387 2128 4443 ;aut

519 4467 524 4470 ·
552 4446 709 4510 εει-ιε’
727 4446 949 4524 imputet
975 4452 1096 4524 sibi,
1119 4446 1206 4524 qui
1234 4465 1352 4524 cum
1383 4448 1570 4524 potuit,
1603 4461 1704 4499 non
1736 4446 1881 4500 dedit
1909 4465 2124 4524 operata

551 4535 612 4580 ut
635 4518 938 4582 melioraret
961 4537 1019 4576 se
1052 4518 1222 4575 bouis.
1249 4521 1302 4574 Si
1334 4530 1507 4572 autem
1537 4518 1698 4570 homo
1718 4519 1994 4586 potestatis
2017 4534 2128 4573 sua:

549 4612 656 4652 non
685 4605 848 4656 esset,
877 4593 1144 4661 subjectus
1172 4593 1338 4644 luerat
1367 4588 1685 4661 necessitati,
1721 4598 1777 4641 ut
1804 4602 1978 4661 neque
2005 4590 2126 4644 boni

552 4667 731 4735 operis
757 4659 986 4719 haberet
999 4663 1241 4735 gloriam,
1276 4675 1447 4735 neque
1465 4659 1599 4735 _mali
1623 4673 1854 4735 pinnam,
1879 4659 1973 4713 sed
2000 4661 2132 4714 fuis-

549 4727 632 4792 set
675 4751 840 4790 unum
869 4749 933 4788 ex
976 4727 1272 4801 pecoribus.
1310 4727 1731 4801 Quoniatnergo
1751 4727 1814 4782 ad
1853 4740 2132 4801 utrumque

548 4805 676 4862 facti
705 4819 887 4861 sumus
919 4799 1218 4872 possibiles,
1241 4809 1304 4872 ut
1333 4816 1426 4870 per
1453 4799 1824 4872 negligentiam
1849 4799 2128 4870 delinqua—

549 4893 693 4942 mus,
729 4877 774 4930 si
805 4869 946 4944 quod
985 4873 1122 4927 bene
1151 4869 1416 4944 audire’et
1445 4869 1623 4923 videre
1662 4869 1938 4944 debemus,
1971 4869 2128 4944 male,

552 4948 606 5002 id
632 4939 732 5007 est,
756 4939 906 4999 extra
933 4959 1173 4998 normam
1199 4942 1214 4970 ¹
1243 4949 1296 4994 ct
1321 4942 1578 4996 rationein
1605 4939 1912 5010 audiamus;
1937 4955 2032 5010 per
2059 4942 2134 4994 vi-

553 5017 821 5087 gilantiam
851 5025 1024 5068 autem
1054 5023 1255 5066 natura:
1287 5013 1481 5064 bonum
1513 5009 1868 5087 custodiamus
1891 5009 2134 5087 :_et_c.auti

555 5081 676 5142 csse
725 5099 936 5154 semper
991 5100 1095 5137 non
1153 5081 1660 5154 possuntnstquia,
1697 5081 1833 5134 sicut
1885 5081 2014 5144 dixi,
2068 5081 2134 5134 ad

557 5151 858 5222 utrumque
879 5155 1000 5208 facti
1047 5167 1228 5206 smnus
1269 5153 1585 5222 possibiles;
1619 5151 1664 5204 si
1697 5165 1997 5218 peccamus,
2029 5167 2133 5205 non

551 5228 660 5297 jam
679 5221 1114 5297 condemnamur,
1132 5223 1232 5276 nisi
1251 5221 1442 5297 iterum
1461 5221 1847 5297 delinquemus,
1861 5222 1970 5290 jam
1988 5223 2137 5291 quasi

561 5293 891 5366 proditores._
910 5295 1009 5361 Qui
1051 5297 1190 5347 enim
1233 5293 1395 5347 semel
1432 5293 1751 5366 peccaverit,
1787 5307 2041 5366 reparare
2080 5309 2138 5348 se

557 5361 716 5421 debet
757 5381 822 5422 ne
861 5364 1038 5419 denuo
1077 5371 1289 5433 peccet,
1322 5379 1389 5418 nc
1416 5377 1512 5434 par
1539 5361 1609 5434 sit
1633 5362 1682 5414 ei
1709 5362 1801 5434 _qui
1829 5377 1887 5416 se
1915 5362 2134 5434 vicerat,

559 5445 618 5490 ut
645 5438 838 5491 iterum
869 5437 911 5488 si
937 5450 1042 5489 non
1067 5431 1272 5504 peccet,
1298 5434 1404 5503 jam
1418 5431 1678 5504 superior
1698 5431 1980 5504 habeatur.
2005 5433 2140 5500 Quia

561 5509 726 5562 semel
752 5507 914 5562 elisus
938 5506 1020 5560 bis
1049 5501 1410 5572 ti-iti'mphabit.
1435 5503 1558 5558 Haec
1583 5502 1784 5571 iustitia
1812 5512 1912 5568 est,
1941 5515 1997 5557 ut
2017 5504 2138 5572 quia

559 5579 861 5632 colluctatio
890 5585 973 5630 est
1011 5576 1062 5628 in
1102 5575 1318 5640 mundo,
1354 5576 1442 5643 qui
1481 5572 1794 5643 propensior
1821 5575 1886 5627 ad
1915 5587 2142 5642 peccan-

559 5648 686 5702 dum
714 5657 817 5715 est,
845 5648 898 5701 in
939 5661 1044 5700 non
1085 5646 1356 5716 peccando
1373 5641 1705 5716 coronetur,
1737 5641 1876 5698 Nihil
1916 5641 2047 5716 ergo
2088 5645 2143 5699 in

564 5718 659 5774 Dei
687 5714 849 5784 opere
873 5717 1068 5772 malum
1087 5714 1198 5771 est.
1225 5718 1296 5770 At
1332 5716 1376 5770 si
1416 5732 1446 5770 a
1483 5714 1796 5784 quibusdam
1833 5715 1971 5768 mala
1999 5730 2144 5784 quac-

561 5787 683 5840 dam
704 5785 970 5852 dicantur,
993 5797 1050 5842 ut
1067 5801 1351 5856 venenum,
1374 5796 1465 5842 aut
1494 5785 1751 5850 tenebrat,
1773 5785 1894 5856 quia
1919 5799 2144 5856 corpora

625 5921 645 5953 ι
667 5920 802 5986 In“
819 5923 1059 5972 malum.

1411 473 1862 550 QUESTIONES
1897 476 1996 535 EX
2030 475 2291 534 VETERI
2327 469 2804 536 TESTAMENTO.

3618 479 3762 537 2216

2191 601 2372 666 nostra
2400 593 2506 666 vim
2530 593 2718 650 veneni
2747 593 2885 650 ferre
2911 609 3014 650 non
3043 600 3301 666 possunt;
3342 595 3542 650 malum
3583 595 3764 654 dicant

2191 662 2350 736 etiam
2397 665 2570 734 ignem
2611 673 2702 720 aut
2747 681 2936 734 aquam
2971 684 2982 719 :
3016 662 3069 720 et
3102 666 3298 720 ferrum
3336 667 3420 720 vel
3467 668 3764 736 plumbum,

2195 733 2318 802 quia
2343 733 2567 790 multum
2590 736 2658 790 ab
2682 733 2812 790 auro
2837 736 3016 798 distat,
3043 737 3237 790 malum
3268 733 3493 790 dicatur.
3517 737 3600 791 Ad
3622 733 3768 792 com;

2195 806 2520 872 parationem
2565 807 2706 862 enim
2762 807 2892 860 lucis
2939 807 3182 860 tenebras
3228 807 3604 870 condemnant,
3650 825 3765 862 cum

2193 875 2360 928 sciant
2389 891 2486 944 pro
2517 877 2631 930 loco
2669 891 2765 930 suo
2801 878 3125 931 necessarias
3154 891 3293 942 esse,
3324 877 3458 930 sicut
3488 878 3766 946 plumbum

2193 952 2286 1016 aut
2315 953 2522 1000 testam.
2550 947 2679 1000 Nam
2709 948 2886 1016 utique
2925 948 3160 1016 requiem
3191 947 3317 1001 dant
3347 957 3464 1016 post
3507 949 3766 1003 laborem.

2196 1013 2358 1082 Igitur
2377 1017 2548 1070 omnis
2568 1018 2654 1086 qui
2680 1013 3066 1071 colluctaturin
3093 1018 3309 1081 mundo,
3333 1013 3410 1071 sic
3433 1019 3562 1072 eniti
3587 1019 3768 1084 debet,

2196 1099 2264 1138 ne
2297 1087 2351 1158 _in
2390 1103 2444 1140 re
2480 1102 2664 1158 aspera
2691 1087 2861 1141 victus
2887 1088 3154 1158 abscedat,
3189 1097 3242 1142 et
3271 1089 3360 1140 liat
3389 1103 3531 1154 reus,
3565 1090 3654 1142 vix
3683 1099 3774 1143 aut

2199 1154 2344 1208 tarde
2365 1171 2423 1210 se
2443 1154 2713 1224 reparans,
2741 1167 2795 1212 et
2821 1159 2954 1212 forte
2980 1159 3114 1211 inter
3140 1157 3252 1210 lucc
3277 1158 3552 1226 proveniat
3573 1161 3766 1224 exitus,

2197 1233 2251 1278 et
2279 1236 2434 1296 exeat
2457 1226 2581 1282 hinc
2608 1243 2724 1281 cum
2749 1238 2982 1296 peccato.
3007 1227 3108 1293 Qui
3135 1229 3276 1281 enim’
3303 1229 3447 1281 (mini
3469 1229 3672 1282 virtute
3693 1246 3772 1283 re-

2199 1295 2406 1362 nititur,
2432 1298 2476 1350 si
2507 1297 2666 1350 elisus
2691 1295 2826 1353 forte
2853 1297 3028 1360 fuerit,
3057 1299 3206 1366 qUuSi
3235 1299 3314 1352 vir
3337 1299 3494 1360 cadit,
3527 1314 3628 1353 nec
3654 1315 3774 1353 suc-

2198 1375 2380 1419 censet
2400 1368 2449 1419 ei
2471 1370 2767 1435 quisquam,
2792 1368 2883 1420 sed
2913 1369 3122 1421 hortatu
3145 1369 3371 1436 quodam
3394 1373 3634 1422 animum
3663 1369 3774 1434 ejus

2199 1443 2426 1506 reparat.
2470 1437 2620 1491 Videt
2658 1438 2799 1492 enim
2837 1453 2956 1492 eum
3002 1439 3326 1506 propositum
3370 1439 3624 1493 habuisse
3661 1440 3775 1492 vin-

2199 1505 2372 1571 cendi,
2403 1515 2457 1560 et
2495 1516 2674 1576 sperat
2715 1508 2870 1562 talem
2913 1505 3066 1577 posse
3095 1505 3350 1576 proﬁcere
3375 1507 3440 1562 ad
3471 1509 3772 1574 victoriam,

2199 1589 2357 1647 quem
2389 1591 2492 1630 non
2523 1579 2638 1632 sine
2667 1577 2970 1647 fatigatione
3005 1579 3084 1632 sui
3116 1579 3282 1632 hostis
3310 1579 3465 1633 elisit.
3499 1578 3603 1644 Qui
3634 1578 3776 1633 enim

2201 1645 2352 1700 facile
2392 1649 2646 1714 vincitur,
2689 1645 2794 1702 non
2838 1649 2995 1700 habet
3039 1649 3272 1701 animqu
3316 1649 3643 1713 resistendi;
3683 1663 3779 1702 nec

2201 1714 2446 1781 vincitur,
2483 1717 2575 1773 sed
2613 1719 2895 1772 consentit.
2931 1719 3028 1772 Hic
3061 1718 3304 1773 acerbius
3341 1728 3546 1787 peccat.
3579 1719 3777 1786 Hujus-

2203 1787 2344 1857 modi
2370 1787 2455 1840 vix
2476 1788 2493 1818 ¹
2515 1787 2580 1840 ad
2609 1790 2816 1842 veniam
2845 1787 3200 1841 admittendus
3229 1796 3330 1854 est,
3357 1789 3444 1857 qui
3472 1799 3658 1842 votum
3691 1789 3780 1840 ha-

2202 1854 2295 1927 bet
2335 1857 2692 1926 delinquendi.
2723 1857 2820 1926 Qui
2863 1860 3002 1912 enim
3049 1859 3098 1910 id
3141 1854 3422 1911 meditatur
3463 1874 3528 1912 ne
3573 1867 3776 1927 peccet,

2205 1926 2362 1997 etiam
2399 1928 2443 1981 si
2475 1931 2794 1996 peccaverit,
2827 1943 2930 1981 non
2963 1943 3148 1996 aspere
3189 1939 3388 1996 peccat.
3423 1926 3782 1997 Diligentiori-

2204 1995 2304 2050 bus
2319 1997 2459 2050 enim
2479 1995 2758 2066 aliquando
2784 1999 2990 2052 minora
3011 1995 3222 2066 peccata
3245 1995 3555 2068 subrepunt.
3572 1998 3782 2065 Quanto

2205 2076 2378 2120 autem
2424 2069 2626 2122 minora
2665 2077 2806 2130 sunt,
2837 2077 2988 2122 tanto
3018 2069 3287 2122 subtiliora
3312 2087 3326 2132 ;
3355 2079 3408 2122 et
3435 2070 3562 2122 dum
3593 2079 3780 2122 conte-

2207 2146 2478 2208 mnuntur,
2507 2154 2612 2192 non
2645 2139 2892 2192 vitantur.
2921 2138 3118 2207 Majora
3146 2139 3287 2192 enim
3319 2140 3471 2208 longe
3501 2147 3780 2206 apparent.

2210 2207 2284 2260 Ac
2313 2223 2406 2276 per
2436 2209 2535 2262 hoc
2561 2209 2650 2278 qui
2683 2209 2733 2262 in
2763 2209 3054 2276 majoribus
3096 2217 3296 2278 peccat,
3337 2207 3626 2263 voluntatis
3673 2209 3784 2276 ejus

2207 2285 2290 2348 est
2317 2280 2542 2333 crimen.
2563 2281 2702 2334 Sane
2729 2282 2976 2348 quoniam
3007 2281 3252 2348 superius
3277 2289 3488 2348 peccata
3517 2293 3582 2333 ex
3613 2280 3784 2332 sensi-

2209 2346 2308 2419 bus
2345 2359 2522 2402 ortum
2567 2346 2760 2418 capere
2798 2349 3054 2414 diximus,
3075 2346 3216 2402 dum
3248 2346 3428 2402 contra
3459 2350 3590 2419 legis
3621 2349 3788 2418 impec

2209 2417 2345 2470 rium
2371 2420 2450 2471 vel
2485 2417 2763 2482 rationem,
2791 2419 2986 2488 aliquid
3015 2419 3300 2489 aspicimus
3329 2429 3416 2472 aut
3443 2417 3711 2484 audimus,
3733 2419 3786 2473 id

2211 2497 2313 2552 est,
2337 2489 2380 2541 si
2410 2490 2575 2542 solem
2605 2490 2842 2544 videntes
2871 2489 3198 2543 adorandum
3226 2504 3345 2542 eum
3377 2499 3623 2558 putemus
3659 2503 3786 2558 pro-

2211 2565 2328 2625 pter
2349 2559 2790 2626 pulchritudinem
2813 2560 2947 2628 ejus,
2973 2567 3097 2613 tunc
3121 2560 3256 2613 male
3279 2560 3517 2614 videmus
3542 2578 3554 2612 :
3579 2561 3702 2627 quia
3723 2558 3790 2614 ad

2211 2629 2456 2694 iniuriam
2499 2631 2726 2699 pertinet
2761 2629 3030 2684 Creatoris
3071 2631 3390 2692 communis,
3431 2639 3488 2682 ut
3525 2629 3670 2698 quod
3713 2629 3791 2682 illi

2211 2699 2308 2752 soli
2340 2699 2572 2753 debitum
2603 2709 2705 2765 est,
2734 2699 3016 2768 deputetur
3043 2709 3322 2754 creaturae.
3343 2699 3547 2768 Quippe
3571 2715 3695 2753 etim
3725 2699 3791 2753 ab

2211 2783 2278 2824 eo
2309 2768 2626 2837 prohibitum
2657 2771 2726 2823 sit
2755 2785 2847 2837 per
2881 2771 3070 2838 legem.
3099 2771 3204 2822 Aut
3230 2785 3350 2823 cum
3387 2783 3614 2837 corpora
3656 2769 3792 2838 bene

2214 2841 2506 2910 composita
2535 2850 2585 2893 ει
2611 2839 2800 2893 decora
2831 2837 3094 2904 videmus,
3125 2849 3215 2910 aut
3241 2839 3436 2907 aliquid
3468 2837 3791 2910 provimi,_si

2214 2908 2668 2977 concupiscamus,
2692 2919 2745 2963 et
2768 2910 2922 2963 aliter
2948 2925 3008 2962 ea
3035 2909 3374 2978 aspiciamus,
3398 2925 3556 2978 quam
3579 2908 3796 2962 mandat

2215 2979 2503 3050 lexrtuuc
2532 2979 2774 3050 facimus
2794 2988 3082 3050 peccatum
3128 2979 3267 3048 quod
3306 2989 3526 3050 vocatur
3571 2979 3790 3050 malum.

2216 3049 2320 3104 Sed
2349 3049 2484 3103 forte
2512 3049 2734 3115 dicatur,
2763 3047 2901 3103 Nihil
2933 3050 3094 3120 igitur
3123 3047 3412 3104 formosum
3443 3049 3626 3102 debuit
3657 3047 3790 3120 fieri,

2216 3135 2284 3174 ne
2310 3133 2407 3173 nos
2435 3135 2796 3188 peccaremus,
2834 3129 2890 3174 ut
2935 3117 3096 3173 tutela
3127 3129 3304 3174 nostra
3344 3136 3406 3174 ex
3447 3120 3674 3173 aliorum
3703 3117 3794 3172 de-

2216 3190 2483 3245 formitate
2511 3199 2800 3244 constaret.
2829 3189 2982 3256 Quod
3010 3191 3054 3243 si
3081 3198 3244 3256 esset,
3275 3204 3374 3244 nec
3401 3189 3598 3244 ferrum
3629 3197 3791 3254 esset,

2217 3277 2285 3315 ne
2308 3260 2375 3314 de
2403 3275 2468 3315 eo
2495 3259 2686 3315 fierent
2711 3261 3012 3314 homicidia.
3043 3259 3224 3315 Neaue
3253 3260 3470 3313 lucerna
3497 3264 3551 3312 in
3581 3273 3684 3313 usu
3713 3273 3795 3314 es-

2217 3342 2318 3396 set,
2349 3345 2414 3384 ne
2442 3333 2582 3384 fures
2610 3332 2809 3386 lumine
2837 3331 2952 3399 ejus
2980 3329 3046 3383 ad
3073 3329 3458 3399 ell'ringendum
3493 3337 3794 3393 uterentur,

2218 3411 2276 3454 ut
2299 3400 2436 3470 quod
2461 3415 2780 3470 magnopere
2799 3400 3044 3470 omnibus
3065 3400 3192 3454 utile
3217 3413 3318 3464 est,
3346 3400 3556 3453 deesset
3579 3409 3798 3468 pmpter

2218 3469 2570 3540 quorumdam
2619 3472 2939 3540 vaniloquia.
2985 3469 3118 3525 Cum
3173 3479 3380 3525 constet
3433 3485 3531 3523 nos
3587 3483 3798 3540 semper

2219 3539 2396 3596 Omnia
2433 3542 2689 3610 aspicere,
2731 3539 2830 3595 nec
2872 3550 3046 3595 tamen
3071 3555 3302 3610 semper
3331 3540 3506 3594 omnia
3541 3539 3798 3608 coneupi-

2219 3627 2400 3676 scere;
2429 3609 2552 3680 quia
2582 3627 2686 3666 non
2717 3612 2928 3666 illorum
2949 3611 3156 3675 vitium,
3181 3609 3274 3664 sed
3300 3618 3541 3680 nostrum
3569 3619 3654 3664 est
3677 3623 3798 3680 cum

2221 3697 2403 3735 sumus
2431 3679 2756 3750 negligentes
2779 3698 2791 3734 :
2816 3681 2958 3750 quod
2983 3689 3192 3736 constat
3213 3696 3278 3733 ex
3301 3679 3584 3734 intervallo
3602 3679 3796 3750 creari,

2223 3753 2344 3820 quia
2373 3766 2476 3806 non
2506 3749 2690 3806 sumus
2726 3749 2866 3821 quod
2902 3752 3042 3805 Deus
3069 3759 3170 3806 est.
3199 3749 3286 3806 Sic
3314 3759 3493 3804 autem
3535 3749 3678 3804 male
3703 3765 3800 3803 au-

2221 3822 2416 3886 dimus,
2457 3822 2500 3874 si
2544 3822 2818 3876 audientes
2865 3821 3001 3875 idola
3041 3823 3170 3876 deos
3212 3835 3352 3885 esse,
3381 3822 3798 3884 consentiamus,

2221 3901 2314 3946 aut
2341 3893 2384 3945 si
2403 3894 2572 3960 turpia
2586 3893 2921 3946 cantantibus
2936 3907 3117 3946 aurem
3131 3889 3618 3945 accommodemus.
3652 3890 3800 3960 Tunc

2223 3971 2398 4016 autem
2453 3959 2587 4016 bene
2636 3962 2920 4028 audimus,
2970 3963 3014 4016 si
3063 3961 3336 4017 audientes
3389 3962 3457 4016 de
3501 3961 3610 4015 Deo
3659 3959 3803 4030 quod

2226 4048 2362 4086 unus
2401 4033 2499 4092 sit,
2543 4032 2890 4102 oblectemur.
2935 4031 2990 4087 Si
3030 4033 3147 4102 quis
3187 4040 3362 4087 autem
3398 4039 3600 4102 contra
3627 4031 3802 4102 legem

2225 4102 2420 4182 aliquid
2462 4101 2682 4156 audiens
2729 4103 3016 4169 assentiat,
3050 4101 3245 4172 peccat
3273 4119 3286 4154 :
3317 4111 3370 4157 et
3397 4101 3499 4158 hoc
3527 4101 3632 4156 erit
3665 4101 3804 4155 male

2225 4187 2426 4226 auatre.

2299 4241 2359 4295 ll.
2383 4273 2452 4282 ——
2471 4243 2576 4296 Cur
2601 4243 2739 4296 Deus
2764 4243 3015 4298 mundum
3037 4241 3258 4298 fecerit?

2299 4313 2466 4378 Fecit,
2489 4313 2609 4381 quia
2639 4321 2724 4368 est
2747 4315 2926 4383 opifex
2949 4331 2963 4378 ;
2990 4323 3082 4368 aut
3112 4321 3350 4382 negetur,
3374 4313 3418 4367 si
3438 4328 3547 4367 non
3575 4319 3679 4366 est.
3699 4310 3804 4383 Sed

2229 4399 2369 4450 esse,
2400 4384 2508 4452 ipsa
2531 4397 2692 4454 opera
2719 4382 3078 4439 manifestam.
3101 4383 3250 4437 Fecit
3268 4398 3394 4454 ergo
3419 4393 3475 4438 ut
3501 4391 3644 4437 esset
3663 4382 3805 4451 quod

2231 4467 2352 4508 ante
2383 4469 2486 4507 non
2509 4463 2644 4517 erat,
2675 4455 2797 4523 quia
2822 4456 2936 4509 sine
2965 4454 3127 4508 dubio
3151 4455 3338 4508 melius
3368 4464 3447 4508 est
3472 4469 3613 4516 esse,
3645 4469 3804 4522 quam

2230 4541 2336 4579 non
2361 4539 2500 4578 esse.
2531 4525 2585 4577 Si
2616 4524 2840 4588 dicatur,
2881 4523 3143 4594 Numquid
3175 4523 3332 4594 inane
3373 4525 3470 4578 fuit
3495 4523 3695 4594 aliquid
3721 4523 3808 4577 ubi

2237 4596 2458 4658 faceret,
2488 4603 2578 4647 aut
2605 4594 2728 4662 quid
2777 4595 2919 4662 prius
2966 4593 3081 4649 erat
3119 4595 3211 4648 ubi
3237 4593 3395 4648 fecit?
3421 4595 3534 4648 [loc
3565 4593 3676 4646 Vas
3701 4595 3810 4648 ele-

2233 4665 2424 4720 Ctionis
2459 4664 2639 4732 paucis
2664 4665 2908 4718 absolvit.
2951 4664 3042 4718 Ait
3067 4665 3208 4718 enim
3247 4679 3367 4718 cum
3411 4665 3480 4719 de
3531 4665 3640 4717 Deo
3669 4673 3810 4718 esset

2235 4733 2526 4804 scrutan
2557 4735 2676 4804 ipso
2719 4734 2926 4788 vivimus
2961 4743 3008 4788 et
3058 4751 3330 4796 movemur.
3380 4743 3424 4788 et
3468 4751 3644 4788 sumus
3677 4735 3808 4804 (Act.

2235 4821 2364 4870 xvn,
2393 4803 2483 4873 9.8)
2511 4821 2538 4874 :7
2557 4803 2659 4856 hoc
2682 4814 2784 4872 est,
2815 4805 2994 4858 omnia
3021 4806 3071 4858 in
3101 4805 3232 4872 Deo,
3259 4805 3382 4874 quia
3409 4805 3605 4872 ubique
3629 4815 3732 4870 est,
3761 4811 3814 4858 et

2237 4885 2359 4927 ante
2399 4873 2574 4928 omnia
2617 4875 2762 4928 solus
2791 4890 2854 4929 ac
2883 4884 3134 4938 aeternus,
3165 4873 3444 4930 invisibilis
3473 4874 3620 4927 omni
3659 4889 3810 4928 crea-

2241 4953 2388 4997 turre.
2419 4945 2486 4998 Et
2523 4960 2590 4998 ne
2627 4945 2939 5015 mysterium
2967 4945 3372 5013 praetermisisse
3401 4943 3696 5008 videamur,
3727 4952 3816 4996 aut

2241 5015 2411 5084 putius
2441 5017 2711 5084 ignorasse
2735 5031 2830 5069 cur
2855 5016 3080 5070 mundus
3107 5015 3276 5072 factus
3305 5017 3402 5080 sit;
3435 5015 3665 5070 dicimus
3697 5015 3812 5068 dia-

2240 5085 2344 5138 boli
2374 5087 2688 5154 apostasiam
2723 5086 2916 5140 multos
2941 5087 3178 5156 angelos,
3207 5087 3260 5140 id
3285 5097 3366 5141 est
3393 5085 3698 5156 spirituales
3723 5100 3818 5154 po-

2242 5156 2452 5218 tentias,
2483 5171 2662 5210 secum
2691 5157 2741 5210 in
2783 5155 3265 5225 przevaritiationem
3293 5157 3537 5221 traxisse,
3569 5155 3696 5210 dum
3723 5171 3820 5208 vo-

2243 5225 2486 5296 luitisibi
2541 5241 2764 5296 regnum
2802 5227 2976 5296 impia
3025 5228 3434 5296 pnesumptione
3482 5225 3820 5280 defendere:

2243 5295 2384 5364 quod
2416 5295 2668 5366 prepbeta
2711 5295 2874 5351 Isaias
2896 5295 3183 5366 isignilicat,
3211 5295 3414 5360 dicens,
3445 5297 3710 5362 Quomodo
3741 5313 3822 5348 ce-

2245 5365 2498 5436 cidisti'de
2520 5365 2681 5432 c0310,
2711 5367 2934 5436 Luciier,
2958 5365 3046 5436 qui
3075 5384 3220 5421 "tunc
3245 5368 3486 5421 oriebaris
3527 5366 3680 5436 (lsai.
3711 5381 3821 5428 xlv,

2247 5435 2336 5506 12)
2353 5435 2456 5508 Ἱίίᾱ
2484 5447 2586 5502 εει,
2611 5437 2699 5506 qui
2728 5435 2937 5491 caneris
2957 5435 3182 5493 lucidior
3201 5438 3514 5508 apparebas.
3535 5435 3666 5491 Erat
3685 5437 3824 5490 enim

2247 5507 2396 5576 quasi
2425 5508 2670 5577 princeps
2706 5509 3015 5572 multorum,
3045 5509 3183 5563 inter
3211 5523 3345 5577 quos
3383 5508 3580 5562 clarior
3607 5517 3744 5570 erat,
3777 5514 3823 5559 ει

2248 5591 2368 5630 cum
2403 5591 2634 5648 quorum
2675 5578 2926 5648 societate
2971 5578 3037 5632 ad
3083 5579 3300 5646 impium
3331 5577 3612 5632 descendit
3652 5585 3826 5631 certa-

2249 5662 2392 5701 men.
2431 5647 2626 5702 Videas
2653 5649 2795 5703 enim
2833 5647 2966 5702 infra
2997 5663 3055 5702 se
3094 5650 3284 5702 multas
3311 5649 3616 5716 spirituales
3645 5657 3804 5716 poteu

2250 5718 2350 5790 tias
2368 5735 2385 5790 ;
2414 5719 2608 5789 quippe
2628 5734 2748 5790 cum
2760 5719 2822 5790 in
2837 5719 3080 5788 paradiso
3099 5718 3196 5774 Dei
3221 5721 3560 5790 praestantior
3580 5729 3718 5773 esset
3743 5734 3814 5772 co-

2250 5788 2774 5859 gnitione’mysterii
2827 5789 3095 5855 ccelestis,
3149 5788 3264 5860 ipsa
3315 5791 3540 5848 elatione
3595 5790 3826 5846 inﬂatus.

2319 5923 3064 5991 ‘Nss.secundtgeneris.m.
