4048 6470
279 500 441 555 unius
467 495 722 553 momenti
751 491 1040 550 cruciatum
1066 489 1133 545 ad
1158 488 1310 545 multi
1346 483 1600 554 temporis
1622 494 1858 554 poenam.

278 570 558 626 Arbitrare
582 567 744 623 etiam
774 563 971 620 multos
999 562 1261 627 laborare,
1293 568 1347 615 et
1371 558 1493 628 quia
1522 566 1863 628 perseverare

234 687 249 709 ,
278 620 783 710 Hda'sb'ssmiig’nop
800 636 972 710 solum
998 620 1459 710 eﬁectum'laboris
1478 620 1740 710 amittere,
1769 620 1862 710 sed

230 692 249 741 θ’
276 692 347 769 δῖ
356 692 530 782 iiii];
547 692 784 764 multari.
813 706 962 782 Adde
987 705 1167 782 etiam,
1201 703 1323 782 quia
1347 698 1568 782 difﬁcile
1604 696 1672 782 de
1711 692 1862 782 malis

218 778 223 783 ’
279 774 416 850 naii,
445 791 500 838 et
518 782 655 837 inter
683 774 1262 850 nequissimoseducati
1279 774 1362 828 vel
1375 774 1695 850 conversati,
1713 779 1865 850 men-

282 836 569 909 {em'suam
602 836 899 920 temperant
924 845 1347 921 ad‘disciplinam
1375 841 1469 897 Dei
1515 836 1858 921 sequendam.

277 923 419 981 Vide
441 940 589 994 ergo,
621 922 666 978 si
694 910 802 977 non
818 920 987 990 magis
1002 917 1140 974 bene
1150 910 1329 972 actum
1355 922 1436 969 est
1459 926 1579 968 cum
1607 910 1729 964 ﬁliis
1745 923 1864 978 per-

270 995 532 1052 (litorum.

352 1066 496 1122 XIV.
516 1093 588 1108 -—-
613 1062 751 1131 Quid
779 1073 883 1137 est
901 1070 959 1117 ut
981 1061 1143 1137 Deus,
1169 1059 1258 1130 qui
1301 1050 1858 1137 justushprmdica‘tur,

277 1145 498 1207 peccata
543 1128 751 1206 patrum
795 1133 917 1207 ﬁliis
950 1128 1201 1207 reddere
1228 1128 1533 1207 promiserit
1568 1128 1620 1178 in
1654 1128 1861 1177 tertiam

276 1198 335 1264 et
361 1198 601 1279 quartam
636 1205 940 1279 progeniem
956 1201 1166 1279 A(Ea:od.
1198 1198 1415 1279 xit,-_5)?
1573 1267 1584 1279 ι
1634 1264 1648 1279 ¹
1690 1265 1703 1279 _
1726 1264 1738 1276 ,

400 1224 601 1262 uartam
636 1224 940 1276 progeniem
975 1224 1166 1275 μιεωα.
1199 1224 1287 1265 xx,
1314 1224 1368 1270 ὓ)
1397 1224 1410 1252 z
1726 1264 1738 1276 .

353 1224 496 1333 ﬁihil
532 1277 726 1348 injuste
760 1277 923 1348 Deum
950 1275 1120 1348 facere
1152 1281 1243 1348 aut
1271 1270 1467 1348 dicere,
1498 1267 1587 1337 qui
1609 1264 1820 1348 .duhttat
1841 1303 1857 1327 ,

278 1349 502 1407 insanus
520 1342 622 1404 est.
649 1347 825 1418 Itaque
840 1347 883 1418 si
909 1345 1064 1418 verba
1087 1342 1293 1398 Domini
1317 1356 1420 1418 non
1443 1342 1858 1418 supprimantur,

278 1419 376 1476 sed
418 1420 594 1474 omnia
638 1413 756 1489 quaS
800 1417 865 1489 ad
903 1414 1145 1489 eamdem
1173 1413 1519 1489 quaestionem
1563 1413 1857 1489 pertinent,

280 1481 683 1562 proponantur;
710 1487 911 1562 lucebit
925 1485 1067 1562 quod
1087 1481 1371 1562 obscurum
1394 1481 1697 1562 videturAet
1718 1481 1859 1559 pium

278 1549 629 1635 Eestimabitur
655 1549 807 1635 quod
846 1549 1082 1635 minime
1092 1558 1291 1635 justum
1319 1561 1559 1635 putatur.
1591 1549 1859 1635 Qui‘euim

279 1631 444 1688 verba
487 1625 769 1702 supprimit
809 1625 1145 1702 quaestionis,
1188 1633 1280 1702 aut
1318 1625 1591 1702 imperitus
1629 1628 1740 1684 est,
1772 1628 1863 1702 aut

282 1689 678 1774 tergiversatur,
706 1703 794 1772 qui
823 1689 1099 1756 calumnire
1132 1689 1307 1774 magis
1345 1689 1733 1774 studeatquam
1761 1689 1860 1744 do-

279 1762 489 1829 ctrinae.
526 1762 695 1828 Porro
723 1762 910 1828 autem
956 1762 1260 1844 repromisit
1304 1764 1515 1844 quidem
1538 1762 1818 1844 _Dominus
1841 1802 1857 1827 ,

280 1844 509 1914 reddere
532 1859 590 1899 se
612 1852 825 1914 peccata
855 1836 1062 1914 patrum
1081 1839 1228 1914 ﬁliis,
1254 1836 1349 1914 sed
1373 1838 1459 1908 qui
1486 1836 1695 1914 oderint
1713 1846 1857 1914 eunt,

281 1913 388 1970 hoc
407 1924 508 1980 est,
535 1902 627 1984 qui
655 1915 706 1968 in
733 1902 964 1985 paternis
989 1910 1142 1985 malis
1160 1910 1353 1985 versati
1379 1902 1662 1985 servierint}
1682 1902 1857 1985 idolis,

280 1986 423 2040 sicut
465 1975 519 2040 et
546 1975 1128 2056 patres'illorum._llle
1167 1982 1307 2056 enim
1336 1978 1580 2035 inimicus
1618 1975 1857 2056 Deiﬂest,

280 2058 376 2126 qui
414 2044 671 2110 honorem
701 2053 1091 2126 gnominisfejus
1132 2051 1673 2126 vindieat‘creaturze.
1713 2044 1863 2100 Sicut

281 2121 428 2181 enim
455 2121 723 2195 iustorum
745 2125 836 2180 ﬁlii
866 2134 921 2179 et
954 2121 1052 2193 ipsi
1074 2122 1203 2192 justi
1228 2121 1506 2195 nobilitant
1534 2121 1671 2195 i_n__se
1695 2130 1861 2184 genus

277 2188 501 2266 justitia:
518 2236 535 2263 ,
562 2197 701 2269 dum,
716 2206 771 2252 et
796 2188 999 2267 patrum
1028 2188 1091 2269 et
1117 2190 1450 2269 sua‘justitia
1476 2188 1860 2269 sublimantur;

285 2261 360 2322 ita
389 2276 446 2339 et
471 2261 938 2339 nequissimorum,
972 2274 1024 2339 et
1044 2264 1143 2333 ipsi
1168 2261 1260 2339 ﬁiii
1286 2261 1594 2339 nequissimi
1621 2272 1864 2339 cremen-

286 2347 399 2392 tum
422 2332 619 2393 faciunt
642 2338 872 2401 malitiae,
902 2336 1022 2406 quia
1044 2332 1373 2406 etmalorum
1392 2332 1491 2406 lilii
1517 2337 1660 2395 sunt,
1691 2336 1865 2406 et_ne-

284 2409 508 2479 quitiam
545 2410 755 2463 illorum
792 2399 1160 2478 exemplarunt
1185 2403 1639 2479 ad_perditi_onemr
1664 2399 1862 2479 multo-

285 2468 431 2534 rum.
458 2479 589 2535 Cum
619 2468 967 2551 terroreergo
992 2478 1210 2551 locutus
1226 2468 1434 2551 videtur
1453 2474 1592 2551 Deus
1617 2470 1639 2524 :'
1654 2468 1749 2524 sed
1771 2485 1865 2551 ve:

285 2564 408 2604 rum
434 2558 533 2614 est,
557 2560 610 2605 et
635 2550 735 2605 hoc
760 2541 929 2604 habet'
940 2550 1094 2604 ratio:
1117 2547 1245 2616 Quis
1268 2545 1408 2600 enim
1437 2543 1632 2597 malum
1661 2551 1715 2595 et
1738 2541 1863 2595 mali

286 2619 522 2675 hominis
550 2620 715 2675 ﬁlium
744 2636 850 2675 non
881 2619 1075 2687 duplici
1119 2631 1331 2689 genere
1349 2621 1686 2689 exsecretur;
1729 2626 1863 2681 quo-

286 2691 449 2745 modo
473 2691 670 2747 bonum
695 2702 751 2746 et
778 2692 899 2746 boni
936 2684 1099 2745 ﬁlium
1123 2684 1336 2759 'duplici
1376 2684 1649 2759 mercede‘
1680 2691 1865 2738 censet

284 2760 702 2817 honorandum?
740 2762 940 2817 Idcirco
974 2770 1151 2815 autem
1189 2757 1241 2814 in
1284 2757 1490 2813 tertiam
1529 2764 1585 2810 et
1623 2762 1862 2826 quartam

325 2834 597 2902 rogeniem
625 2833 847 2888 reddere
864 2848 925 2887 se
955 2831 1216 2902 promisit,
1238 2838 1296 2883 ut
1317 2828 1361 2883 si
1383 2834 1503 2902 post
1524 2836 1726 2895 patrem
1752 2839 1864 2878 ma-

311 2898 413 2979 um:
424 2903 690 2979 ﬁlius__no_n
717 2898 967 2979 sequatur
983 2900 1267 2979 perﬁdiam
1288 2898 1469 2968 patris,
1500 2911 1666 2979 nepos
1687 2903 1863 2950 autem

285 2973 372 3026 avi
394 2973 448 3027 in
476 2974 628 3029 malis
654 2971 887 3029 imitator
914 2971 1168 3036 existens,
1196 2971 1328 3025 sciat
1350 2983 1410 3025 se
1437 2983 1540 3022 non
1571 2971 1861 3021 immunem

284 3040 522 3118 futurum
552 3059 582 3098 a
611 3043 1190 3118 severitateisententize
1210 3056 1235 3118 ;_
1256 3040 1419 3118 a_ut_si
1443 3048 1498 3109 et
1524 3052 1691 3107 nepos
1728 3037 1865 3118 forte

288 3127 396 3186 non
423 3115 530 3186 avi,
559 3115 652 3169 sed
681 3116 847 3186 patris
866 3123 1080 3170 secutus
1105 3112 1322 3186 vestigia
1354 3110 1749 3164 Testamentum
1778 3107 1863 3186 di-

287 3183 416 3253 ligat
438 3178 557 3250 Dei,
587 3178 701 3240 tion-
719 3185 925 3255 ignoret
951 3198 1213 3255 pronepos
1233 3178 1298 3255 ad
1318 3196 1379 3236 se
1402 3195 1567 3255 usque
1589 3178 1865 3255 pervenire

286 3250 637 3322 sententiam,
676 3256 721 3309 si
742 3250 972 3310 aemulus
996 3254 1066 3309 sit
1092 3250 1273 3323 proavi
1303 3250 1554 3323 perﬁdiae.
1595 3250 1706 3304 Hac
1734 3250 1866 3319 legis

288 3321 715 3380 manifestatiOne
735 3325 990 3380 deterreri
1014 3321 1180 3378 voluit
1205 3321 1347 3378 Deus
1372 3321 1562 3390 impios
1585 3328 1787 3391 patres,
1810 3326 1866 3374 ut

286 3404 636 3463 agnoscentes
655 3404 906 3465 quantum
924 3395 1047 3450 mali
1067 3402 1274 3464 pareret
1292 3393 1511 3465 sectatio
1530 3390 1861 3465 idololatriae,

292 3462 378 3520 vel
393 3465 587 3521 affectu
606 3462 833 3520 ﬁliorum
854 3462 1229 3521 revocarentur
1245 3463 1311 3518 ad
1331 3463 1686 3517 reverentiam
1708 3462 1867 3516 Crea-

291 3536 456 3601 toris;
475 3546 566 3591 aut
584 3536 674 3590 ﬁlii
698 3536 944 3597 timentes
961 3553 1028 3591 ne
1048 3536 1379 3589 incurrerent
1400 3542 1612 3601 peccata
1634 3540 1862 3601 patrum,

291 3548 456 3601 toris;
475 3548 566 3591 aut
584 3548 674 3590 titu
698 3548 944 3597 umentes
961 3553 1028 3591 ne
1048 3548 1379 3589 Incurrerent
1400 3548 1862 3657 peccatadpatrum,

291 3604 386 3677 Dei
416 3606 518 3677 legi
541 3607 981 3676 obtemperarent.
1010 3606 1089 3677 llli
1112 3615 1286 3659 autem
1307 3604 1561 3660 addentes
1584 3619 1611 3656 a
1677 3602 1864 3677 n_cqui-

290 3675 442 3742 tiam,
464 3671 617 3733 aliter
637 3671 739 3733 hoc
758 3676 1089 3748 interpretari
1108 3684 1380 3748 creperum
1404 3671 1867 3748 dicentes,‘i_’atres

290 3748 450 3801 nostri
478 3743 1075 3803 manducaveruat'uvam
1098 3743 1347 3813 acerbam,
1376 3756 1422 3800 et
1446 3747 1615 3801 dentes
1644 3743 1867 3812 ﬁliorum

284 3817 651 3888 obstupuerunt
681 3834 700 3872 :
730 3827 787 3874 ut
818 3819 991 3873 securi
1019 3817 1086 3874 de
1113 3816 1453 3887 impunitate,
1485 3814 1714 3888 ecquod
1747 3814 1867 3868 ﬁliis

291 3886 531 3960 ipsorum
561 3889 913 3960 redderentur
941 3898 1153 3960 peccata
1174 3886 1203 3952 ,ί
1232 3903 1409 3960 neque
1442 3886 1658 3960 spiritus
1696 3900 1868 3960 neque

290 3955 471 4013 carnis
491 3958 747 4015 baberent
765 3955 1033 4029 pietatem.
1056 3958 1191 4013 Hinc
1213 3955 1515 4029 diciiureis,
1538 3956 1652 4029 Non
1674 3955 1868 4029 morie-

294 4035 380 4082 tur
404 4029 542 4084 lilius
563 4046 658 4100 pro
683 4025 852 4100 patre,
879 4045 1051 4101 neque
1078 4038 1228 4101 pater
1253 4044 1350 4101 pro
1380 4027 1527 4101 ﬁlio;
1556 4025 1669 4101 sed,
1690 4027 1869 4101 anima

291 4114 407 4167 qtae
425 4096 662 4170 peccavit,
683 4096 799 4172 ipsa
825 4096 1061 4155 morietur
1072 4096 1293 4226 EEzech.
1319 4114 1470 4165 xvnt,
1501 4098 1556 4164 2,
1588 4096 1667 4167 4).
1690 4096 1759 4152 Ut
1777 4096 1867 4151 ad-

292 4169 561 4226 discerent
580 4187 685 4226 non
713 4173 927 4226 imnune
952 4166 1050 4226 sibi
1095 4179 1325 4226 uturum.
1355 4170 1447 4224 sed
1472 4169 1548 4224 sic
1569 4167 1716 4223 reddi
1745 4183 1867 4226 uec-

292 4166 561 4227 discerent
580 4166 685 4227 non
707 4166 927 4242 impune
952 4166 1050 4226 sibi
1072 4166 1325 4242 futurum,
1355 4170 1447 4224 sed
1472 4169 1548 4224 sic
1569 4166 1716 4223 reddi
1743 4183 1870 4242 pee-

292 4250 413 4312 cata
431 4251 639 4311 patrum
659 4238 805 4309 ﬁliis,
827 4253 884 4296 ut
898 4242 1018 4312 quia
1039 4241 1361 4311 impietatem
1384 4248 1659 4312 parentum
1679 4238 1868 4306 secuti,

293 4310 454 4382 mala,
486 4327 605 4382 qua:
633 4310 982 4367 oblitteranda
1012 4310 1193 4377 erant,
1231 4310 1678 4382 exemplaverint,
1724 4324 1872 4382 acer-

297 4380 415 4435 bius
438 4380 738 4450 puniantur.
766 4383 1051 4452 Postquam
1073 4382 1302 4436 ostendit
1328 4382 1467 4452 Deus
1486 4381 1607 4451 quid
1635 4381 1758 4434 mali
1782 4396 1872 4451 pa-

296 4452 401 4506 riat
421 4452 736 4521 idololatria,
766 4451 967 4508 addidit
994 4454 1171 4508 statim
1197 4467 1314 4521 qua:
1342 4451 1476 4506 bona
1506 4452 1785 4521 diligentes
1813 4467 1873 4506 se

295 4534 615 4595 sequantur,
642 4523 854 4589 dicens,
880 4522 949 4577 Et
987 4524 1177 4595 faciens
1211 4522 1605 4595 misericordiam
1630 4523 1683 4574 in
1712 4521 1873 4575 millia

298 4592 513 4664 millium
533 4595 614 4661 iis,
639 4595 726 4664 qui
750 4595 962 4664 diligunt
987 4592 1085 4660 ine,
1107 4603 1153 4648 et
1175 4592 1459 4647 custodiunt
1486 4604 1739 4664 praecepta
1764 4609 1873 4645 mea

298 4663 494 4734 (Exod.
524 4681 612 4733 xx,
637 4663 692 4736 6)
717 4682 731 4719 :
760 4675 815 4720 ut
842 4663 1039 4719 bonum
1064 4664 1253 4736 patris,
1278 4679 1382 4718 non
1408 4678 1574 4736 usque
1596 4663 1872 4736 adprehe-

298 4733 500 4816 potem,
531 4736 628 4791 sed
656 4733 820 4818 usque
849 4735 915 4818 ad
941 4734 1351 4818 mi‘lli‘a‘mil‘liu‘m
1389 4733 1594 4789 reddat.
1631 4733 1699 4789 Ut
1727 4742 1870 4818 puta,

298 4806 343 4858 si
377 4806 497 4875 quis
524 4820 590 4861 ex
625 4805 827 4861 semine
860 4806 1021 4860 David
1050 4805 1235 4875 diligat
1263 4805 1461 4871 Deum,
1486 4819 1644 4875 quem
1667 4812 1877 4860 constat

300 4875 482 4955 utique
508 4891 667 4955 porro
694 4887 817 4955 ante
836 4877 978 4955 mille
998 4891 1167 4955 annos
1188 4875 1374 4955 fuisse:
1401 4876 1523 4955 huic
1548 4875 1759 4955 additur
1777 4876 1878 4955 mi-

301 4945 586 5017 sericordia
619 4947 734 5012 Dei,
767 4956 823 5001 ut
849 4947 902 5000 in
932 4947 1247 5003 necessitate
1265 4986 1281 5011 ,
1307 4945 1512 5000 duabus
1541 4946 1876 5017 suifraganti-

301 5015 399 5069 bus
441 5017 650 5083 causis,
685 5017 1100 5072 misericordiam
1140 5017 1395 5087 accipere,
1424 5015 1725 5083 mereatur;
1754 5018 1877 5087 quia

301 5098 355 5141 et
379 5088 494 5156 ipse
522 5089 612 5142 Dei
641 5089 814 5143 cultor
829 5097 930 5153 est,
960 5097 1013 5142 et
1032 5103 1095 5143 ex
1127 5087 1241 5157 ejus
1268 5086 1474 5143 semine
1492 5097 1594 5158 est,
1619 5088 1707 5158 qui
1731 5086 1879 5143 ama-

303 5159 437 5212 verit
468 5160 653 5214 Deum.
680 5159 747 5214 Et
775 5158 828 5212 in
849 5159 950 5213 hoc
972 5158 1251 5213 clementia
1271 5158 1368 5211 Dei
1391 5157 1671 5214 laudabilis
1694 5167 1793 5225 est,
1822 5168 1881 5214 ut

302 5229 428 5310 odio
459 5228 775 5310 habentibus
801 5242 859 5310 se
884 5244 1054 5310 usque
1081 5229 1368 5310 intertiam
1394 5238 1449 5284 et
1485 5240 1725 5310 quartam
1753 5229 1878 5310 red-

303 5297 394 5355 dat
418 5304 744 5369 progeniem,
765 5308 940 5354 etnon
963 5297 1015 5353 in
1036 5299 1204 5370 millia
1224 5299 1447 5353 millium
1477 5297 1570 5354 :‘ut
1590 5300 1633 5355 si
1654 5301 1706 5354 in
1728 5299 1883 5370 quin-

306 5368 751 5440 tam'progeniem
797 5379 1021 5424 tractum
1071 5368 1230 5424 fuerit
1267 5370 1462 5424 malum
1486 5412 1499 5435 ,
1541 5370 1663 5425 inde
1691 5368 1881 5425 iterum

304 5451 462 5509 caput
490 5440 687 5496 habere
729 5440 974 5510 incipiat,
1000 5449 1059 5495 ut
1094 5455 1158 5495 ex
1189 5454 1254 5495 eo
1281 5450 1587 5495 numeretur
1623 5456 1792 5511 usque
1815 5440 1882 5496 ad

306 5511 512 5565 tertiam
540 5519 595 5566 et
610 5523 850 5581 quartam
873 5512 1197 5635 progeniem.
1226 5511 1332 5565 Sed
1352 5511 1491 5567 dicet
1510 5511 1629 5581 quis
1651 5531 1663 5567 :
1686 5515 1883 5567 Aucto-

306 5581 354 5635 ri
401 5582 569 5635 magis
614 5583 840 5635 amplius
868 5581 961 5635 red
1004 5581 1199 5635 endum
1246 5581 1441 5635 iustum
1469 5581 1694 5635 videtur.
1725 5598 1883 5635 quam

306 5581 354 5653 ri
401 5582 569 5653 magis
614 5583 840 5651 amplius
868 5581 1199 5637 reddendum
1240 5581 1441 5653 justum
1469 5581 1694 5653 videtur,
1725 5598 1883 5653 quam

308 5652 579 5707 imitatori.
626 5653 685 5707 ln
731 5662 1003 5708 auctorem
1037 5667 1270 5723 congrue
1294 5652 1447 5707 datur
1474 5652 1732 5720 vindicta;
1764 5653 1887 5723 ﬁliis

307 5733 487 5779 autem
509 5723 652 5796 quod
677 5723 798 5797 plus
819 5723 951 5779 dicit
977 5722 1163 5793 reddi,
1190 5737 1348 5795 ptena
1372 5730 1455 5779 est
1484 5731 1714 5795 patrum.
1744 5722 1813 5781 Et
1838 5724 1886 5781 si

373 5835 1179 5904 'usecundigenerismerito.

1739 358 2097 421 APPENDIX.
2132 440 2142 452 .

3412 367 3556 429 2226

1969 492 2183 551 causam
2224 494 2430 551 quaeras
2452 520 2468 551 ,
2499 492 2718 534 accessu
2748 478 2906 551 Legis
2931 493 3238 551 peccatores
3273 481 3389 551 plus
3420 484 3557 541 ﬁunt

1967 549 2067 613 rei,
2097 550 2233 607 sicut
2259 550 2487 605 Lamech
2516 560 2569 605 et
2597 559 2718 618 post
2745 550 2997 605 Lamech.
3025 549 3348 617 Quibusdam
3375 562 3555 611 tamen

1968 619 2198 682 videtur,
2227 621 2305 675 sic
2325 621 2528 675 reddita
2548 636 2668 676 esse
2689 630 2904 690 peccata
2926 630 3135 690 patrum
3163 622 3215 675 in
3240 623 3395 689 ﬁlios,
3422 624 3551 681 dum

1968 690 2021 762 in
2051 692 2406 758 captivitatem
2437 692 2579 746 ducti
2626 700 2747 746 sunt
2787 706 2945 745 causa
2973 700 3214 762 patrum,
3254 702 3309 747 et
3336 693 3551 751 fuerunt

1967 760 2039 817 ibi
2083 776 2250 831 usque
2275 762 2341 816 ad
2369 772 2608 832 quartam
2631 760 3053 832 generationem.
3083 762 3234 831 Quod
3270 765 3313 818 si
3356 780 3546 821 verum

1968 841 2083 901 est,
2124 848 2228 885 non
2252 831 2588 906 solumodio
2628 831 2944 906 habentibus
2982 848 3040 887 se
3072 834 3302 888 reddidit
3331 846 3549 906 peccata

1968 912 2213 975 patrum,
2229 902 2324 958 sed
2343 910 2396 958 et
2420 902 2757 973 diligentibus
2780 918 2973 957 nomen
2997 918 3149 975 suum
3179 923 3192 958 :
3220 902 3347 975 quia
3363 916 3419 963 et
3443 908 3550 963 Da—

1969 974 2073 1027 niel
2116 973 2371 1028 abductus
2399 984 2513 1037 est,
2545 984 2598 1028 et
2631 984 2738 1028 tres
2766 974 2946 1044 pueri,
2975 984 3031 1028 et
3053 973 3290 1043 Baruch,
3317 986 3368 1031 et
3410 978 3545 1034 Eze-

1967 1044 2104 1119 chiel
2130 1086 2145 1111 ,
2176 1053 2229 1099 et
2274 1045 2465 1119 Esdras
2502 1044 2572 1098 ibi
2614 1054 2767 1119 natus
2795 1054 2894 1100 est.
2926 1044 3150 1119 Liquido
3174 1059 3550 1119 ergo‘apparet

2145 1117 2429 1171 convenire
2486 1116 2772 1185 propositae
2812 1116 3092 1186 quaestioni
3137 1158 3153 1185 ,
3183 1114 3323 1188 quod
3362 1114 3546 1190 supra

2006 1201 2220 1240 mmus.

2006 1201 2220 1241 IlellS.

2036 1255 2153 1310 XV.
2182 1257 2409 1312 —Cum
2463 1256 2658 1326 justum
2697 1257 2809 1311 Lex
2865 1257 3133 1326 prmdicet,
3172 1268 3226 1313 et
3272 1258 3360 1314 hic
3417 1276 3546 1316 vere

1960 1326 2135 1399 justus
2168 1329 2255 1395 sit,
2286 1325 2614 1399 quiipl’enam
2637 1327 2794 1382 habet
2815 1325 3092 1395 justitiam,
3123 1329 3390 1399 quomodo
3413 1346 3547 1387 con-

1968 1408 2046 1451 tra
2072 1397 2341 1533 Sitalgnon,
2369 1397 2513 1465 Noli,
2551 1398 2739 1467 inquit,
2772 1413 2878 1452 esse
2908 1397 3304 1469 justusntultum
3344 1399 3545 1473 (Eccle.

1968 1484 2058 1533 vn,
2128 1485 2143 1521 ι

1964 1484 2058 1533 vn,
2082 1484 2143 1523 λιι

2035 1539 2207 1611 Nimia
2243 1538 2444 1609 justitia
2489 1540 2708 1611 incurrit
2734 1548 3045 1610 peccatum,
3094 1549 3387 1611 temperata
3417 1559 3547 1599 vero

1960 1608 2163 1685 justitia
2187 1608 2312 1664 faeit
2331 1608 2760 1685 iperfcctos._Non
2786 1611 3072 1685 enirn__sine
3098 1608 3298 1685 maiitia
3326 1621 3429 1680 est,
3454 1616 3547 1685 qui

1965 1681 2186 1753 multum
2216 1690 2299 1736 est
2320 1684 2520 1753 justus;
2541 1681 2683 1753 quia
2698 1681 3036 1752 peccantibus
3062 1681 3129 1753 ad
3153 1684 3359 1753 singula
3385 1685 3429 1738 si
3455 1681 3546 1740 re-

1965 1750 2264 1824 spondeas,
2282 1765 2386 1805 non
2408 1751 2579 1824 deerit
2603 1750 2921 1824 tibijpeoees‘.
2953 1751 3188 1824 Denique
3213 1750 3308 1824 Dei
3337 1761 3543 1824 tempe-

1964 1820 2078 1893 rata
2099 1820 2298 1891 justitia
2328 1833 2428 1876 est.
2461 1822 2809 1893 Peccantibus
2826 1822 2968 1893 enim
2983 1820 3273 1893 aliquando
3298 1820 3542 1893 ignoscit,

1964 1892 2246 1965 aliquando
2271 1892 2532 1965 irascitur,
2548 1892 2842 1965 aliquando
2868 1892 3041 1965 reddit
3060 1908 3167 1965 non
3187 1892 3440 1965 quantum
3463 1892 3549 1950 di-

1963 1963 2052 2031 gni
2077 1972 2239 2034 sunt:
2271 1963 2457 2017 suffert
2475 1963 2616 2019 enim
2641 1963 2754 2028 eos,
2784 1973 2842 2017 ut
2864 1964 2970 2019 sint
2988 1964 3079 2033 qui
3105 1963 3402 2034 proﬁciant.
3432 1965 3541 2021 Lex

1965 2034 2107 2087 enim
2138 2033 2259 2103 quia
2289 2034 2516 2102 seipsam
2546 2033 2755 2088 mollire
2789 2049 2894 2088 non
2922 2033 3125 2103 potest,
3158 2050 3186 2088 a
3219 2035 3370 2089 nobis
3395 2036 3543 2090 miti-

1964 2103 2134 2176 ganda
2162 2113 2275 2171 est,
2307 2112 2364 2157 ut
2402 2106 2567 2173 possit
2598 2103 2856 2176 prodesse
2894 2105 3082 2176 suhse
3118 2105 3414 2176 agentibus.
3445 2106 3544 2161 llic

1966 2173 1995 2228 ε
2061 2189 2092 2225 ο
2121 2173 2287 2228 'ustus
2316 2189 2421 2228 non
2452 2182 2534 2229 est
2554 2175 2797 2241 multum,
2820 2176 2907 2255 qui
2930 2175 3021 2229 Dei
3047 2173 3279 2230 imitator
3296 2174 3400 2231 est.

1998 2190 2177 2298 finit.
2207 2274 2280 2284 -—
2303 2243 2476 2298 Ouare
2513 2245 2730 2298 angelus
2768 2260 2859 2298 aut
2893 2244 3104 2298 volebat
3135 2246 3188 2298 in
3215 2247 3299 2298 via
3329 2246 3400 2298 Mc

2136 2242 2177 2298 l.
2207 2274 2280 2284 -—
2303 2243 2476 2312 Quare
2513 2245 2730 2313 angelus
2768 2242 2859 2367 qui
2893 2244 3104 2300 volebat
3135 2246 3188 2300 in
3215 2247 3299 2300 via
3329 2246 3544 2318 Moysen

2136 2330 2210 2367 ere
2230 2355 2244 2367 .
2289 2314 2692 2367 circumcisione
2717 2315 2770 2367 in
2796 2314 2934 2367 antis
2959 2315 3196 2367 placatus
3220 2325 3302 2367 est
3330 2317 3345 2367 l
3358 2315 3527 2367 Exod.

2756 2330 2806 2367 lli

1966 2314 2210 2453 occigdffe
2230 2355 2244 2378 ,
2289 2314 2692 2370 circumcisione
2717 2314 2934 2369 infantis
2959 2315 3196 2384 placatus
3220 2325 3302 2371 est
3330 2314 3527 2386 (Euod.

1967 2400 2040 2451 IV,

1967 2400 2040 2451 IV,

1940 2466 1943 2471 '
2037 2454 2189 2522 Quod
2214 2456 2328 2510 sine
2347 2455 2569 2510 consilio
2594 2453 2802 2525 Moyses
2825 2453 3041 2520 fecerat,
3068 2456 3373 2525 apparentia
3396 2470 3545 2510 com-

1968 2525 2218 2581 minantis
2238 2526 2411 2595 angeli
2439 2524 2759 2581 emendavit.
2788 2525 3026 2595 Denique
3046 2524 3232 2579 videns
3248 2525 3382 2592 ﬁeri,
3403 2526 3545 2596 quod

2037 2613 2063 2650 r
2079 2596 2449 2666 negligentiam
2466 2595 2636 2666 fuerat
2658 2596 3091 2665 praetermissum,
3108 2597 3335 2666 cessavit
3357 2595 3543 2651 ab’ira.

1992 2665 2169 2722 dcirco
2197 2681 2324 2736 ergo
2350 2667 2427 2737 sic
2450 2665 2698 2737 infestum
2727 2665 2982 2737 angelum
2998 2666 3050 2737 in
3077 2680 3137 2720 se
3157 2665 3284 2720 vidit
3311 2667 3541 2737 Moyses,

1966 2747 2021 2791 et
2060 2735 2300 2806 paratum
2335 2736 2400 2790 ad
2429 2736 2712 2790 vindictam
2733 2776 2746 2799 ,
2776 2736 2897 2806 quia
2934 2735 3036 2790 viri
3076 2737 3317 2791 sublimis
3344 2735 3541 2806 culpa,

1966 2805 2127 2877 grave
2150 2815 2418 2876 peccatum
2449 2814 2547 2861 est.
2574 2806 2782 2873 Quanto
2805 2806 2948 2877 enim
2978 2821 3202 2877 persona
3230 2809 3343 2877 ejus
3373 2805 3544 2877 subli-

1967 2875 2069 2931 mis
2098 2875 2195 2941 est,
2226 2886 2372 2931 tanto
2410 2876 2576 2946 magis
2600 2890 2760 2947 grave
2786 2875 3036 2931 delictum
3063 2875 3198 2947 ejus.
3239 2875 3388 2943 Quod
3415 2891 3543 2947 ergo

1967 2961 1997 3000 a
2027 2962 2234 3002 summo
2263 2947 2396 3014 viro,
2421 2945 2660 3016 utpotea
2684 2946 2903 3001 ductore
2926 2946 3133 3016 populi,
3151 2945 3227 3011 ﬁt,
3260 2945 3543 3016 acerbissi-

1968 3033 2116 3098 mum
2143 3028 2224 3073 est
2242 3027 2548 3098 peccatum:
2577 3016 2833 3098 Pergehat
2862 3015 3141 3098 itaqueJad
3181 3015 3507 3098 lilios_lsrael
3526 3057 3542 3081 ,

1907 3110 1914 3116 ·
1968 3089 2161 3142 missus
2184 3104 2215 3142 a
2242 3086 2350 3142 Deo
2376 3086 2621 3151 Abrahae,
2642 3086 2697 3141 et
2714 3086 2921 3156 signum
2943 3086 3161 3156 justitia:
3184 3086 3412 3141 Abrahae
3436 3103 3545 3141 non

1967 3157 2192 3226 ferebat,
2222 3160 2276 3213 in
2305 3173 2412 3227 quo
2440 3156 2651 3226 gloriari
2690 3155 2892 3213 sciebat
2929 3155 3173 3227 Judaeos,
3216 3164 3273 3210 ut
3313 3166 3403 3210 aut
3431 3157 3548 3226 ipso

1969 3228 2279 3284 sollicitator
2316 3226 2603 3293 diceretur,
2627 3236 2716 3280 aut
2744 3241 2848 3281 non
2872 3227 2940 3280 ab
2962 3226 3152 3281 eodem
3181 3228 3291 3282 Deo
3313 3227 3505 3281 missus
3525 3268 3543 3293 ,

1968 3299 2059 3368 qui
2086 3299 2348 3353 Abraham
2378 3297 2714 3368 elegerat._ln
2741 3295 2948 3350 Madian
2968 3297 3110 3368 enim
3140 3296 3383 3351 habitans
3408 3295 3546 3368 ﬁlios

1969 3365 2095 3423 suos
2125 3369 2341 3424 minime
2365 3365 2696 3422 circumcidit
2723 3383 2735 3417 :
2769 3381 2902 3437 quos
2931 3375 3024 3421 aut
3045 3366 3243 3437 ducere
3270 3380 3450 3421 secum
3478 3365 3548 3421 ad

1969 3439 2254 3510 IEgyptum
2284 3455 2388 3510 non
2414 3437 2613 3510 debuit,
2645 3439 2733 3507 qui
2758 3435 2979 3492 cieteros
3004 3437 3112 3491 ibat
3138 3435 3261 3491 inde
3288 3436 3545 3502 educere;

1970 3520 2060 3563 aut
2080 3508 2243 3563 certe
2279 3508 2622 3563 circumcisos
2650 3521 2923 3561 assumere
2942 3547 2955 3570 ,
3004 3515 3219 3576 propter
3242 3523 3359 3576 qua:
3386 3520 3549 3575 supra

1971 3579 2484 3660 diximus._Seph_ora
2514 3592 2640 3647 ergo
2661 3592 2793 3659 uaor
2827 3575 3026 3648 Moysi,
3053 3575 3197 3646 quod
3233 3575 3549 3659 compendio

1971 3650 2200 3719 loquitur
2224 3648 2492 3716 Scriptura
2510 3663 2661 3719 ,non
2704 3648 2951 3719 ignorans
2979 3661 3082 3714 qua
3107 3661 3266 3701 causa
3293 3648 3407 3719 viro
3448 3660 3549 3700 suo

1970 3716 2190 3774 infestus
2217 3719 2433 3789 angelus
2460 3718 2755 3782 videbatur,
2772 3717 3048 3789 accipiens
3070 3726 3292 3789 petram,
3316 3716 3548 3789 circum-

1971 3789 2100 3845 cidit
2124 3785 2479 3851 ﬁlium‘suum,
2510 3799 2563 3842 et
2590 3787 2809 3843 recessit
2836 3786 3073 3855 angelus.
3108 3786 3183 3840 Ea
3211 3786 3350 3840 enim
3381 3785 3548 3840 ratio-

1971 3876 2060 3937 ne,
2087 3860 2424 3937 mitigataest
2443 3859 2539 3937 ira,
2566 3873 2672 3937 qua
2691 3857 2862 3937 fuerat
2885 3870 3127 3910 accensa.
3155 3855 3284 3937 liam
3306 3856 3549 3937 aliquan-

1971 3929 2042 3984 do
2062 3926 2375 3997 compendio
2398 3926 2625 3997 loquitur
2640 3928 2931 3996 Scriptura,
2958 3942 3075 3997 quae
3099 3926 3418 3997 subintelligi
3438 3927 3552 3997 vult

1973 4016 2039 4054 ex
2065 3995 2329 4070 proposita
2354 3995 2559 4070 ratione
2580 4015 2600 4070 Ξ
2626 3999 2761 4070 sicut
2782 4008 2836 4052 et
2857 3995 3006 4070 illud,
3033 3996 3174 4066 quod
3200 3995 3443 4051 Salvator
3465 3996 3550 4070 di-

1972 4066 2227 4125 cit'inler
2250 4078 2441 4123 caetera
2471 4067 2535 4122 ad
2573 4067 2822 4131 Judzeos,
2867 4066 3037 4130 Quare
3083 4076 3129 4120 et
3164 4082 3250 4121 uos
3289 4066 3553 4136 praeteritis

1972 4140 2268 4195 mandatum
2296 4139 2409 4203 Dei,
2443 4148 2498 4191 ut
2533 4138 2851 4190 traditionem
2876 4144 3088 4190 vestram
3114 4133 3383 4191 statuatis?
3411 4133 3554 4189 Nam

1977 4211 2113 4265 Deus
2150 4211 2276 4263 dixit
2297 4252 2312 4275 ,
2349 4208 2557 4263 Honora
2593 4218 2785 4279 patrem
2812 4216 2947 4260 tuum
2985 4215 3031 4260 et
3072 4215 3314 4279 matrem;
3340 4215 3420 4270 et,
3456 4204 3556 4270 Qui

1974 4281 2288 4335 maledixerit
2318 4280 2451 4350 patri
2478 4288 2564 4350 aut
2585 4275 2750 4350 matri,
2783 4286 2941 4350 morte
2967 4278 3231 4350 moriatur:
3265 4275 3364 4329 Vos
3386 4284 3557 4328 autem

1976 4352 2159 4413 dicitis,
2194 4345 2504 4419 Quicumque
2527 4349 2708 4403 dixerit
2736 4348 2867 4419 patri
2886 4356 2973 4400 aut
2992 4347 3165 4419 matri,
3193 4345 3557 4419 Omnemunus

1975 4423 2322 4493 quodcumque
2351 4416 2501 4492 fuerit
2526 4436 2589 4472 ea:
2616 4435 2693 4472 me
2714 4416 2846 4483 ,tibi
2874 4417 3112 4493 proderit,
3140 4427 3188 4471 et
3217 4434 3315 4493 non
3331 4416 3556 4493 [immori-

1981 4484 2148 4561 iicabit
2171 4484 2363 4562 paireni
2384 4500 2472 4543 aut
2492 4484 3106 4562 matremsuantiMajtli.
3140 4502 3227 4552 xv,
3259 4484 3400 4556 5-6).
3429 4486 3558 4562 Sine

1978 4556 2139 4617 dubio
2170 4556 2262 4631 per
2299 4558 2673 4631 compendium
2697 4557 2830 4631 dixit
2858 4556 2959 4611 huc
2980 4556 3254 4631 Salvator,
3286 4564 3344 4631 ut
3368 4556 3556 4631 subin-

1981 4624 2285 4702 telligantur
2301 4624 2603 4685 sacerdotes
2618 4628 2945 4702 Judteorum,
2962 4627 3086 4702 dum
3116 4626 3349 4702 avaritim
3374 4624 3558 4702 stude-

1980 4694 2122 4769 rent:
2148 4702 2241 4756 Dei
2266 4702 2460 4771 Legem
2488 4699 2771 4771 sprevisse.
2805 4696 2968 4771 Impia
2992 4697 3138 4771 enim
3167 4694 3561 4771 conspiratione

1980 4766 2261 4828 consilium
2285 4766 2547 4826 dederunt
2576 4769 2720 4831 ﬁliis,
2752 4776 2809 4822 ut
2834 4766 3434 4836 maledicentes'patrem
3466 4774 3562 4819 aut

1981 4856 2228 4907 matrem,
2251 4841 2622 4912 quodcumque
2650 4838 2905 4912 offerrent
2930 4838 3078 4912 quasi
3100 4837 3295 4891 donum
3315 4836 3446 4912 Deo,
3466 4850 3564 4905 per

1982 4914 2124 4985 quod
2137 4905 2551 4985 data'sententia'
2570 4912 2623 4964 in
2645 4908 2931 4985 maledicos
2948 4905 3244 4962 solveretur
3268 4924 3292 4984 ς.
3309 4905 3450 4985 unde
3472 4920 3563 4985 sef

1983 4977 2097 5039 euri
2126 4983 2249 5038 facti
2293 4981 2417 5046 lilii,
2448 4991 2632 5037 contra
2662 4980 2755 5034 Dei
2785 4986 3111 5049 praeceptum
3153 4977 3566 5049 contemnebant

1983 5064 2251 5126 parentes.
2282 5054 2365 5126 lta
2377 5061 2435 5108 et
2457 5051 2666 5124 Moyses
2685 5047 2805 5106 cuni
2830 5048 3081 5126 infestum
3107 5048 3210 5126 sibi
3236 5047 3443 5102 videret
3467 5062 3566 5126 an:

1984 5117 2181 5197 gelum,
2208 5124 2505 5197 intelligens
2532 5117 2767 5197 causam,
2795 5117 2920 5197 quid
2952 5118 3067 5173 ﬁeri
3089 5117 3309 5197 deberet
3335 5117 3569 5197 ostendit

1986 5187 2138 5250 uxori
2168 5187 2237 5250 ‘ut
2263 5187 2537 5250 recederet
2574 5193 2642 5247 ab
2666 5207 2731 5246 eo
2754 5187 2972 5259 angelus
2993 5230 3008 5255 ,
3036 5190 3123 5259 qui
3148 5204 3270 5243 eum
3296 5187 3570 5259 quaerebat

1938 5312 1941 5313 ν
1988 5265 2251 5321 occidere.
2274 5265 2387 5319 Hec
2410 5263 2817 5333 subintelligitur
2829 5256 2898 5314 ἰη
2925 5259 3027 5333 hac
3052 5256 3234 5327 causa,
3266 5256 3403 5315 sicut
3421 5265 3477 5313 et
3504 5256 3571 5311 il-

1988 5336 2077 5391 lud
2107 5337 2247 5403 quod
2272 5350 2431 5405 supra
2451 5329 2753 5389 diximus‘in
2779 5329 3103 5405 sacerdotes.

1990 5428 1997 5451 ι
2060 5400 2474 5473 XVll.—Quid
2532 5413 2613 5459 est
2664 5410 2720 5457 ut
2766 5401 3077 5473 maledictos
3118 5401 3258 5473 dicat
3306 5400 3436 5465 Lex,
3481 5400 3573 5469 qui

1990 5492 2171 5533 semen
2220 5492 2327 5530 non
2367 5471 2683 5543 reliquerint
2725 5474 2777 5528 in
2801 5471 2998 5538 Israel;
3024 5488 3119 5541 per
3161 5472 3348 5527 Isaiam
3387 5481 3570 5528 autem

1992 5549 2129 5603 nihil
2159 5547 2348 5602 obesse
2372 5546 2578 5600 dicatur
2609 5543 2967 5614 spadonibus,
3003 5543 3145 5614 quia
3168 5556 3425 5614 generare
3467 5556 3574 5597 non

2031 5627 2217 5673 essunt
2241 5615 2432 5690 (Exod.
2459 5612 2753 5681 xxruﬁﬁ;
2780 5612 2935 5667 Deut.
2966 5629 3058 5681 vn,
3092 5612 3193 5680 14,
3227 5621 3272 5667 et
3296 5612 3423 5666 Isai.
3455 5626 3571 5678 tm,

2035 5690 2118 5745 -5i
2139 5690 2163 5745 ?

2066 5692 2325 5830 5(l)u?t)niam
2347 5759 2500 5814 aliter
2518 5772 2675 5828 quam
2695 5756 2896 5830 dictum
2910 5764 3046 5824 erat,
3067 5756 3289 5827 intelligi
3309 5761 3574 5830 eruperat;

1999 5823 2199 5893 idcirco
2223 5830 2387 5887 Isaias
2407 5823 2665 5907 propheta
2694 5826 2926 5886 ostendit
2948 5823 3155 5901 postea,
3183 5823 3289 5903 quo
3311 5839 3475 5894 sensu
3489 5823 3580 5900 di«_
