4048 6508
439 381 575 444 2231

506 498 786 570 Indignum
817 495 1018 577 [acinus
1043 495 1247 551 :estimo
1274 496 1340 577 siA
1345 494 1632 577 secundum
1661 493 1821 577 verba
1849 494 2015 577 histo-

434 571 532 626 ria:
569 565 969 626 commendetur
1008 582 1271 622 assensus.
1301 565 1576 633 Quomodo
1602 566 1741 620 enim
1773 565 1886 619 ﬁeri
1917 581 2015 634 po-

433 651 595 707 terat,
637 651 697 695 ut
739 648 852 694 arte
888 639 1088 707 magica
1132 637 1486 692 attraheretur
1519 637 1619 702 vir,
1653 645 1708 690 et
1747 635 2014 690 nativitale

436 722 670 777 sanctus,
703 720 755 764 et
783 711 902 764 vita:
925 708 1176 778 Operibus
1200 708 1376 776 justus
1391 707 1420 778 Τί
1441 716 1535 778 aut
1556 708 1600 760 si
1631 721 1736 760 non
1762 715 2014 778 attractus

437 793 540 850 est,
571 777 1059 850 consensitlQuod
1087 787 1368 850 utrumque
1394 777 1461 850 de
1485 777 1605 850 viro
1629 779 1774 846 justo
1797 777 2014 850 credere

434 847 720 908 absurdum
749 859 848 906 est.
883 849 940 905 Si
980 849 1120 903 enim
1163 847 1362 902 invitus
1400 847 1656 902 adductus
1681 859 1781 912 est,
1812 848 2014 902 nullum

435 923 740 994 sull'ragium
770 919 1151 994 habetjusdtia
1163 935 1177 982 ;
1203 919 1248 974 si
1273 927 1448 994 antem
1470 918 1823 994 voluntarius,
1841 919 2016 972 amisit

433 989 680 1048 meritum
703 992 994 1059 Spirituale,
1015 989 1152 1059 quod
1179 990 1379 1058 positus
1403 989 1454 1042 in
1473 1005 1641 1059 carne
1661 989 1975 1057 quaesiverat
1997 1007 2010 1042 :

433 1065 576 1133 quod
597 1058 746 1133 valde
767 1058 1054 1133 absurdum
1076 1069 1188 1124 est;
1215 1059 1333 1129 quia
1355 1061 1442 1133 qui
1465 1058 1590 1112 hinc
1605 1059 1776 1133 justus
1793 1059 2011 1133 recedit,

363 1135 370 1154 ⁵
433 1130 916 1203 permanetjustus.
951 1131 1315 1203 Porro_a_utem
1353 1131 1453 1203 hoc
1477 1137 1560 1203 est
1575 1130 1900 1203 ,prrestigium
1932 1143 2016 1182 sa-

433 1199 604 1279 tana},
623 1199 737 1273 quo
755 1211 810 1255 ut
838 1202 1089 1279 plurimos
1111 1201 1277 1279 fallat,
1306 1201 1468 1279 etiam
1488 1200 1655 1279 bonos
1681 1199 1732 1253 in
1759 1207 2016 1279 potestate

433 1289 494 1329 se
522 1270 717 1328 habere
745 1272 1012 1340 contingit.
1043 1271 1196 1336 Quod
1225 1270 1510 1340 Apostolus
1537 1270 1675 1340 inter
1698 1279 1888 1340 caatera
1918 1270 2011 1336 ait,

431 1343 556 1420 Ipse
572 1353 784 1420 satanas
806 1338 1129 1420 trartSﬁgurqt
1158 1358 1210 1394 se
1234 1338 1290 1394 iri
1307 1341 1538 1420 angelum
1565 1339 1688 1420 lucis
1708 1339 1772 1409 (Il
1791 1338 1904 1420 ρος.
1937 1355 2011 1404 x1,

433 1409 804 1490 1'4)._Ut_en_im
829 1409 1062 1490 errorem
1092 1411 1306 1490 faceret,
1331 1409 1398 1490 in:
1409 1426 1513 1481 quo
1539 1418 1594 1466 et
1621 1411 1734 1490 ipse
1757 1409 2016 1490 gloriaref

433 1481 541 1548 tur,
561 1486 612 1538 in
648 1484 830 1538 habitu
871 1485 970 1538 viri
1003 1483 1132 1552 justi
1171 1491 1226 1537 et
1261 1483 1473 1537 nomine
1499 1497 1556 1536 se
1581 1481 1926 1552 subornavit:
1957 1489 2016 1534 ut

431 1555 566 1610 nihil
592 1556 846 1624 prolicere
866 1550 1018 1624 spem
1037 1568 1154 1624 qua:
1178 1553 1563 1624 praedicabatur
1587 1550 2012 1624 Deicultoribus,

431 1621 779 1690 mentiretur;
808 1621 1017 1694 quando
1042 1621 1446 1694 hinc'exeuntes
1468 1623 1640 1690 justos
1667 1621 1815 1694 ﬁnxit
1839 1623 1891 1675 in
1921 1637 2014 1674 sua

432 1712 554 1752 esse
581 1692 863 1766 potestate.
892 1695 997 1750 Sed
1025 1695 1126 1749 hoc
1146 1693 1401 1764 quosdam
1425 1692 1576 1766 l‘allit,
1594 1692 1737 1766 quod
1756 1692 1823 1747 de
1845 1701 2016 1746 morte

431 1763 642 1843 Sani—et
670 1767 898 1843 filiorum
919 1766 1032 1843 ejus
1053 1763 1252 1819 non’sit
1281 1765 1566 1818 mentitus:
1591 1763 1740 1843 quasi
1766 1778 2014 1843 magnum

429 1839 505 1892 sit
534 1837 768 1914 diabolo,
809 1845 932 1914 ante
949 1833 1098 1914 diem
1139 1851 1384 1914 occasum
1429 1833 1667 1914 corporis
1698 1833 2010 1914 praevidere,

432 1923 556 1962 cum
581 1907 984 1984 signa_qua:dam
1007 1907 1213 1984 soleant
1227 1920 1482 1984 apparere
1501 1903 1770 1984 morituris
1789 1920 1802 1968 ;
1823 1903 2016 1984 quippe

429 1993 462 2030 a
490 1971 678 2047 quiblis
721 1971 814 2032 Dei
859 1977 1114 2047 proiectio
1142 1971 1316 2030 amota
1353 1971 1821 2047 V'Idcllli‘.__QlliltlIO
1842 1971 2015 2047 inagis

431 2043 677 2125 diabolus
701 2043 872 2125 queui
887 2045 1124 2125 angelica
1165 2047 1441 2125 majestate
1470 2045 1749 2125 sublimem
1780 2043 2013 2125 prophe-

429 2119 536 2174 tica
573 2113 784 2174 oracula
829 2113 991 2172 fuisse
1028 2113 1318 2181 testantur;
1363 2116 1428 2170 de
1467 2115 1618 2184 cujus
1657 2113 2016 2184 magnitudine

428 2188 719 2257 Apostolus
747 2189 849 2251 ait,
885 2191 964 2240 An
991 2187 1233 2258 ignoratis
1261 2183 1574 2240 altitudinem
1599 2183 1790 2238 solante
1817 2183 1926 2253 (Id.
1953 2201 2012 2252 ιι,

431 2257 575 2336 II)?_
592 2259 728 2326 Quid
759 2259 950 2336 mirum
980 2257 1105 2326 ergo
1119 2258 1178 2336 _si
1205 2257 1763 2336 imminenteiqpmpe
1789 2264 2012 2336 mortem

428 2325 603 2398 potuit
620 2325 939 2398 ’prievidere,
969 2325 1090 2398 cum
1119 2327 1220 2398 hoc
1242 2328 1312 2381 sit
1337 2325 1476 2398 unde
1501 2325 1739 2398 fallit,__et
1762 2340 1822 2398 se
1843 2325 1896 2378 in
1923 2325 2013 2378 Dei

429 2395 694 2470 potestate
717 2399 828 2470 vult
849 2397 1054 2470 adorari
1071 2397 1263 2470 ?_Nam_
1283 2405 1424 2470 tanta
1450 2395 1769 2470 hebetudine
1793 2395 2014 2470 demens

431 2465 762 2538 eﬂ'ectus‘est
789 2468 945 2533 Saﬁl,
975 2474 1031 2520 ut
1053 2466 1120 2520 ad
1161 2467 1523 2538 pythonissam
1551 2465 1874 2538 confugeret.
1907 2465 2012 2518 De-

429 2533 682 2610 pravatus
705 2539 858 2610 αηίιη
881 2551 1038 2610 causa
1070 2533 1292 2610 peccati,
1324 2537 1390 2591 ad
1409 2535 1544 2610 haec
1569 2550 1627 2610 se
1652 2533 1870 2590 contulit
1896 2551 2014 2604 qua:

429 2605 796 2664 damnaverat.
828 2607 932 2664 Sed
959 2608 1000 2660 si
1028 2608 1146 2676 quis
1169 2615 1386 2678 propter
1408 2605 1702 2678 historiam,
1731 2615 1784 2658 et
1809 2621 1870 2678 c_a
1898 2621 2015 2674 qua:

427 2679 609 2734 verbis
644 2693 896 2748 expressa
925 2674 1062 2748 sunt—
1093 2674 1238 2745 putet
1273 2674 1379 2748 non
1422 2674 1894 2748 prieterinittenda,
1947 2691 2015 2729 ne

426 2750 567 2826 ratio
595 2744 829 2826 historia;
851 2747 1020 2826 inanis
1045 2744 1146 2826 sit;
1169 2755 1314 2826 recte
1333 2744 1489 2826 faciet
1508 2744 1742 2826 quidem,
1766 2746 1808 2826 si
1838 2754 2012 2826 tamen

427 2819 652 2874 minime
679 2818 820 2873 istud
860 2817 926 2871 ad
965 2817 1072 2872 veri
1103 2818 1273 2885 rapiat
1305 2814 1585 2882 rationem,
1618 2814 1712 2869 sed
1741 2814 1806 2868 ad
1841 2814 2012 2869 visum

429 2897 488 2944 et
510 2890 855 2946 intellectum.
883 2887 1007 2942 Saul
1031 2902 1260 2956 namque
1288 2887 1545 2956 reprobus
1571 2885 1757 2948 factus,
1773 2901 1890 2956 non
1916 2901 2012 2956 po-

427 2961 781 3036 terat_bonuin
793 2959 1128 3036 intellectum
1146 2955 1363 3036 habere;
1379 2956 1669 3036 Historians
1699 2955 1840 3010 enim
1867 2955 2015 3036 men-

427 3039 537 3090 tem
568 3030 694 3086 Saﬁl
719 3039 774 3086 et
793 3029 1028 3082 habitum
1047 3029 1308 3083 Samuelis
1333 3027 1631 3095 descripsit,
1654 3041 1716 3081 ea
1733 3041 1852 3095 quae
1872 3027 2014 3082 dicta

428 3121 485 3178 et
531 3123 642 3178 Visa
687 3101 1180 3178 suntexprimens;
1211 3098 1675 3178 praetermittens,
1771 3111 1916 3178 'vcra
1946 3114 2012 3178 an

425 3177 559 3248 falsa
581 3177 705 3232 sint.
737 3167 1428 3248 Quid_énim_ait?lA'udiens
1455 3172 1506 3228 in
1533 3185 1635 3248 quo
1663 3167 1840 3226 habitu
1872 3177 2014 3248 esset

427 3247 709 3313 excitatus,
738 3239 1016 3311 I'ntellexit,
1041 3245 1228 3315 inquit,
1258 3246 1388 3298 hunc
1409 3261 1513 3298 esse
1543 3239 1850 3315 Samuetem.
1875 3239 2012 3312 Quid

427 3317 753 3374 intellexerit
777 3317 974 3382 retulit,
1000 3325 1055 3370 et
1083 3314 1203 3385 quia
1231 3331 1334 3370 non
1365 3315 1502 3370 bene
1527 3314 1801 3378 intellexit,
1830 3323 2012 3368 contra

427 3388 756 3456 Scripturam
783 3388 941 3442 alium
969 3385 1211 3456 adoravit
1231 3401 1388 3456 quam
1415 3387 1611 3456 Deum;
1634 3395 1686 3456 et
1713 3395 1900 3456 putans
1919 3386 2015 3440 Sa-

427 3453 690 3524 muelem,
722 3457 962 3512 adoravit
989 3453 1291 3522 diabolum,
1321 3465 1380 3510 ut
1407 3455 1631 3510 fructum
1657 3453 1878 3509 fallaciae
1903 3471 2014 3510 sua:

428 3527 656 3584 haberet
681 3537 910 3584 satanas.
943 3525 1055 3582 lloc
1083 3527 1223 3582 enim
1253 3527 1468 3588 nititur,
1499 3534 1558 3580 ut
1585 3525 1836 3580 adoretur
1864 3527 2012 3595 quasi

429 3597 593 3655 Deus.
626 3599 682 3654 Si
711 3598 851 3652 enim
879 3612 1006 3653 vere
1030 3597 1242 3651 Samuel
1281 3595 1359 3651 illi
1396 3596 1747 3665 apparuisset,
1781 3611 1884 3650 non
1913 3599 2015 3650 uti-

429 3684 534 3740 que
557 3669 638 3724 vir
653 3669 828 3740 justus
851 3668 1253 3740 permisissetse
1268 3667 1474 3740 adorari
1495 3710 1508 3732 ,
1529 3667 1616 3736 qui
1637 3666 2015 3740 praedicaverat

429 3735 596 3794 Deum
625 3735 794 3795 solum
822 3735 942 3793 esse
969 3737 1314 3793 adorandum.
1339 3738 1406 3790 Et
1429 3735 1693 3806 quomodo
1715 3736 1874 3790 homo
1899 3737 2010 3802 Dei,

429 3811 518 3878 qui
545 3825 662 3866 cum
685 3809 954 3864 Abraham
979 3811 1032 3862 in
1062 3807 1338 3878 refrigerio
1363 3818 1496 3873 erat,
1525 3806 1734 3878 dicebat
1751 3807 1816 3860 ad
1841 3809 2012 3861 virum

451 3875 766 3950 iestilentiae,
791 3880 1005 3950 dignum
1025 3875 1215 3950 ardore
1233 3879 1508 3950 gehenngn,
1526 3875 1651 3950 Cras
1668 3893 1860 3930 mecum
1881 3878 2014 3950 eris?

482 3951 527 4005 is
555 3950 760 4005 duobus
789 3947 956 4003 titulis
993 3947 1336 4003 subtilitatem
1368 3947 1590 4002 fallacia:
1633 3962 1742 4002 sua:
1785 3948 2014 4016 prodidit

428 4021 758 4087 improvidus
785 4029 997 4074 satanas
1019 4059 1035 4085 ,
1066 4019 1186 4089 quia
1226 4028 1279 4074 et
1312 4017 1519 4089 adorari
1560 4032 1619 4072 se
1648 4017 1891 4086 permisit
1913 4019 2014 4072 sub
2043 4021 2048 4024 ’

432 4089 635 4156 habitu,
661 4101 715 4146 et
731 4091 944 4144 nomine
971 4088 1231 4144 Samuelis
1259 4097 1442 4158 contra
1481 4088 1706 4158 Legem;
1751 4099 1805 4144 et
1843 4089 2012 4143 virum

429 4161 662 4241 peccatis
683 4175 942 4241 pressum,
970 4175 1090 4241 eum
1121 4175 1308 4241 magna
1331 4157 1587 4241 distantia
1604 4167 1938 4241 peccatorum
1957 4169 2016 4241 et

428 4227 700 4298 iustorum
718 4231 807 4294 sit,
831 4245 948 4284 cum
975 4227 1232 4284 Samuele
1246 4229 1541 4298 justissimo
1563 4227 1798 4282 futurum
1825 4230 2014 4284 menti-

431 4309 518 4354 tus
553 4309 654 4354 est.
689 4300 878 4354 Verum
909 4309 1082 4369 potest
1113 4301 1278 4354 videri
1321 4300 1364 4352 si
1403 4298 1471 4352 de
1512 4298 1773 4352 Samuelis
1802 4299 2015 4354 nomine

431 4379 688 4436 taceatur,
716 4371 835 4440 quia
864 4369 986 4424 Saitl
1013 4386 1140 4434 cum,
1163 4369 1373 4440 diabolo
1401 4369 1604 4440 futurus
1614 4375 1757 4440 erat.
1782 4369 1863 4422 Ad
1891 4385 2012 4423 eum

431 4441 574 4495 enim
624 4437 1054 4509 trarismigravit,
1102 4455 1258 4510 quem
1311 4439 1564 4510 adoravit.
1607 4437 1830 4510 semper
1871 4441 2012 4494 enim

431 4511 673 4566 diabolus
700 4513 798 4566 sub
820 4507 1081 4566 velamine
1107 4507 1299 4576 latens,
1329 4509 1505 4580 prodit
1533 4524 1610 4576 se,
1640 4507 1764 4562 dum
1791 4525 1853 4580 ea
1883 4525 2012 4563 con-

430 4582 580 4650 lingit
609 4598 727 4652 qua:
765 4582 1088 4637 abhorreant
1127 4597 1157 4636 a
1200 4579 1478 4651 personis,
1525 4595 1618 4649 per
1661 4593 1794 4650 quas
1833 4579 2015 4636 fallere

429 4653 633 4707 nititur.

503 4721 735 4778 XXVIII.
779 4723 914 4789 Quid
952 4721 1416 4778 contradicendum
1444 4721 1510 4775 iis
1534 4721 1622 4784 sit,
1652 4720 1742 4790 qni
1761 4721 2015 4776 mundum

429 4794 590 4848 istum
607 4793 675 4848 ab
703 4803 903 4848 artemo
920 4793 1229 4848 naturaliter
1249 4792 1448 4847 moveri
1471 4791 1735 4862 inquiunt,
1753 4807 1924 4862 neque
1946 4793 2018 4846 in-

429 4865 546 4930 itio,
579 4879 749 4934 neque
779 4865 1047 4918 abolitioni
1075 4863 1401 4918 obnoxium?

505 4932 754 4992 Mundam
777 4934 844 4988 ab
871 4947 1071 4988 :eterno
1100 4944 1344 4987 constare
1369 4941 1425 4988 et
1457 4933 1586 4986 nulli
1614 4932 1809 4987 debere
1837 4933 2016 5002 subje-

429 5006 687 5068 ctionem,
717 5005 1065 5074 improbabile
1091 5013 1147 5058 et
1173 5003 1501 5073 impossibile
1527 5012 1608 5057 est
1631 5023 1644 5058 ε
1671 5019 1826 5071 quem
1865 5003 2016 5057 vide-

429 5093 549 5131 mus
591 5084 732 5130 tanta
783 5077 1084 5130 diversitate
1122 5082 1330 5129 exstare
1373 5087 1682 5142 corporum;
1727 5089 1847 5128 cum
1889 5074 2018 5128 nihil

431 5148 666 5202 divinum
693 5155 746 5202 et
774 5155 1030 5200 aeternum
1059 5147 1226 5214 possit
1249 5159 1368 5199 esse
1408 5143 1508 5196 nisi
1542 5145 1797 5214 simplex,
1829 5145 1882 5198 in
1911 5161 2018 5213 quo

431 5218 577 5273 nulla
603 5218 882 5272 diversitas
914 5213 1178 5279 videatur,
1207 5215 1298 5270 sed
1317 5216 1386 5268 sit
1411 5215 1604 5267 unitas.
1631 5213 1761 5268 Nam
1793 5223 1845 5268 ct
1871 5216 2016 5270 vices

431 5288 575 5359 ipsas
597 5299 891 5359 temporum
921 5303 1022 5340 non
1050 5293 1326 5359 scrvat,ut
1355 5301 1460 5339 non
1485 5285 1654 5359 solum
1688 5286 1737 5336 in
1763 5287 2016 5359 tempori:

431 5355 530 5413 bus
557 5355 732 5413 varius
759 5361 845 5420 sit,
884 5369 974 5412 aut
1012 5357 1292 5410 contrariis
1333 5365 1540 5411 constet
1569 5355 1893 5416 substantiis,
1924 5356 2016 5410 sed

433 5439 488 5486 et
515 5431 564 5482 in
597 5430 725 5498 ipsis
745 5429 950 5484 vicibus
979 5435 1274 5496 temporum
1303 5447 1314 5480 :
1348 5443 1466 5481 cum
1504 5441 1592 5480 res
1615 5435 1810 5498 aiterna
1839 5428 2016 5480 diver-

433 5496 646 5556 sitatem
673 5501 976 5562 abhorreat,
1007 5507 1060 5551 et
1084 5499 1152 5552 sit
1177 5513 1272 5552 nec
1303 5507 1442 5552 tactu
1474 5513 1570 5550 nec
1601 5496 1714 5550 visu
1737 5498 2010 5566 capienda,

433 5581 616 5640 utpote
647 5571 993 5639 incorporalis
1018 5588 1030 5624 :
1055 5570 1140 5624 hic
1164 5579 1337 5622 autem
1369 5569 1598 5638 paSsioni
1633 5568 1888 5640 obnoxius
1914 5579 2014 5636 est,

435 5639 556 5712 quia
586 5651 638 5696 et
665 5659 798 5710 aqua
831 5649 1084 5711 repugnat
1110 5641 1248 5710 igni;
1279 5649 1332 5694 et
1355 5641 1488 5709 ignis
1517 5641 1559 5694 si
1587 5639 2013 5712 ampliusfuerit,

435 5709 852 5782 superataquam
877 5730 889 5774 ;
919 5709 1262 5766 etiterra’cum
1281 5712 1546 5764 sitnalura
1567 5711 1710 5782 arida
1735 5717 1788 5764 et
1809 5709 2014 5782 frigida,

435 5785 634 5856 patitur
661 5780 984 5856 inecndium,
1009 5783 1157 5852 quasi
1185 5799 1271 5836 res
1293 5781 1604 5856 corporalis.
1629 5780 1809 5850 Itaque
1830 5781 2016 5856 incon-

432 5853 656 5912 veniens
679 5863 762 5912 est
799 5854 1054 5918 mundum
1083 5862 1340 5909 :eternum
1367 5853 1545 5908 dicere
1567 5893 1580 5920 ,
1609 5867 1768 5924 quem
1793 5866 1912 5909 cum
1937 5853 2016 5908 vi-

1375 381 1821 451 QU/ESTIONES
1851 379 1947 435 EX
1977 379 2232 438 VETERI
2261 381 2746 442 TESTAMEN'I‘O.

3229 309 3246 316 η.
3257 300 3298 317 .'..'.
3311 309 3322 315 -

3551 392 3694 450 2252

2121 492 2306 572 demus
2341 495 2570 572 passioni
2605 497 2920 572 subjectum,
2962 509 3019 572 et
3055 517 3152 572 per
3193 502 3386 558 saecula
3429 515 3702 562 senectute

2119 564 2366 642 deiicere,
2395 567 2658 642 credimus
2685 564 2740 623 et
2761 570 2922 624 ﬁniri.
2945 564 3078 638 Quid
3111 583 3359 628 censetur
3377 574 3444 628 de
3460 575 3700 642 homine,

2120 636 2208 704 qui
2255 638 2506 715 mundum
2547 649 2806 715 internum
2850 636 3032 715 putat?
3063 642 3219 715 Certe
3237 643 3409 715 homo
3449 648 3614 715 erepit
3650 636 3702 700 in

2119 707 2316 782 mundo
2349 726 2362 760 :
2391 708 2506 763 sine
2547 709 2760 782 homine
2788 707 2914 782 ergo
2949 713 3032 765 cui
3067 713 3374 782 proﬁciebat
3413 707 3588 770 annua
3621 716 3702 771 fe-

2119 776 2360 855 cunditas
2403 779 2618 855 mundi?
2661 781 2738 833 An
2769 776 2885 834 sine
2913 776 3088 851 aliqua
3121 785 3450 852 providentia
3479 802 3706 855 genera-

2119 845 2242 900 bat?
2281 849 2347 923 Et
2385 849 2648 923 quomodo
2683 859 2912 905 aeternus
2951 845 3312 923 corruptibilia
3355 866 3408 910 et
3451 845 3702 911 mortalia

2118 919 2422 984 generabat,
2465 936 2582 973 cum
2612 921 2676 974 de
2701 931 2901 976 :elerno
2931 919 3398 980 debeat—aeternum
3427 928 3704 981 existere?

2120 987 2186 1066 Et
2209 989 2347 1057 quod
2377 991 2580 1045 visibile
2607 1000 2692 1045 est
2718 993 3026 1066 et_sentitur
3047 1003 3100 1066 et
3124 999 3374 1066 tangitur,
3405 1012 3506 1066 qua
3533 998 3705 1052 auda-

2119 1059 2198 1136 cia
2227 1067 2444 1136 vocatur
2471 1062 2760 1136 aeternum?
2783 1063 2846 1116 Et
2875 1063 3012 1132 quod
3035 1059 3242 1136 vicibus
3266 1059 3570 1136 temporum
3601 1069 3708 1120 mi-

2119 1129 2370 1204 nistratur
2389 1172 2403 1197 ,
2433 1131 2500 1184 ita
2533 1143 2588 1185 ut
2613 1132 2724 1204 ipsa
2765 1129 3000 1201 tempora
3031 1135 3316 1204 aliquando
3349 1129 3454 1192 n'on
3484 1148 3709 1192 servent

2119 1197 2290 1279 officia
2317 1214 2430 1268 sua,
2452 1197 2719 1279 quomodo
2757 1197 3052 1279 appellatur
3075 1197 3368 1260 aeternum?
3403 1206 3708 1264 Eternitas

2117 1273 2390 1344 enimnon
2419 1273 2794 1344 corrumpitur,
2823 1289 2920 1328 nec
2949 1275 3274 1344 immutatur.

2189 1339 2380 1394 XXIX.
2399 1369 2469 1380 ——
2499 1339 2674 1408 Quare
2699 1353 2886 1399 octavo
2913 1344 3000 1399 die
3027 1341 3334 1402 mandatum
3359 1357 3442 1403 est
3467 1348 3706 1404 circum-

2117 1409 2225 1484 cidi
2251 1408 2402 1479 (Gen.
2433 1429 2562 1484 gtvn,
2596 1413 2722 1484 l2)?

2189 1481 2392 1560 Octavo
2417 1482 2503 1560 die
2529 1499 2558 1536 a
2583 1481 2858 1560 nativitate
2898 1485 3096 1541 idcirco
3129 1497 3453 1560 praeceptum
3492 1498 3578 1560 est
3605 1489 3706 1544 cir-

2118 1551 2378 1616 cumcidi,
2411 1554 2530 1622 quia
2576 1553 2728 1621 juxta
2769 1571 3048 1610 numerum
3095 1551 3150 1612 ei.
3195 1551 3454 1612 curricula
3493 1559 3706 1615 dierum

2117 1630 2342 1698 septem,
2368 1623 2479 1698 ipse
2505 1639 2713 1678 rursum
2743 1627 2944 1698 primus
2969 1627 3232 1682 invenitur
3256 1633 3406 1698 quasi
3431 1639 3552 1698 post
3576 1631 3706 1684 sab-

2119 1691 2318 1768 batum,
2343 1691 2403 1768 ui
2414 1693 2522 1768 jam
2544 1709 2648 1747 non
2665 1691 2880 1768 oet—avus
2901 1697 3174 1762 habeatur,
3200 1691 3294 1753 sed
3325 1691 3544 1768 primus.
3568 1701 3708 1768 Quia

2118 1765 2261 1838 enim
2289 1764 2432 1838 salus
2461 1763 2768 1838 futurapier
2811 1766 3080 1838 Christum
3127 1769 3180 1822 in
3222 1763 3398 1838 primo
3445 1769 3534 1824 die
3582 1763 3708 1824 erat

2119 1832 2492 1908 pr:edestina_ta
2535 1835 2554 1904 (
2565 1836 2656 1908 qui
2675 1832 2999 1908 :Dominicus
3025 1837 3144 1893 ideo
3167 1832 3382 1902 dicitur,
3407 1841 3527 1908 quia
3559 1841 3610 1894 in
3637 1855 3708 1895 eo

2119 1905 2410 1980 resurrexit
2429 1905 2726 1980 Dominus),
2746 1909 2834 1980 qui
2851 1917 2932 1962 est
2955 1917 3072 1980 post
3087 1909 3360 1980 sabbatum
3380 1925 3395 1974 ;
3420 1905 3705 1980 propterea

2118 1973 2302 2026 salutis
2323 1973 2478 2049 hujus
2503 1975 2666 2049 ﬁgura
2690 1973 2744 2049 in
2763 1973 3175 2049 icircunicisione
3197 1978 3318 2034 data
3346 1973 3446 2045 est,
3475 1973 3534 2034 ni
3551 1981 3706 2049 quasi

2119 2043 2390 2120 renovatio
2414 2043 2663 2120 l‘utmiain
2694 2047 3112 2120 circumcisionis
3139 2049 3254 2118 lege
3279 2043 3704 2120 dignosceretur.

2119 2111 2195 2189 Et
2227 2114 2362 2189 quia
2397 2129 2490 2183 per
2535 2115 2704 2189 ﬁdem,
2739 2117 2932 2189 salvari
2979 2111 3235 2189 haberent
3278 2111 3540 2183 homines,
3581 2131 3707 2189 qua:

2118 2182 2289 2305 primo
2313 2182 2410 2239 diei
2429 2188 2832 2242 resurrectionis
2870 2189 3079 2242 Domini
3121 2187 3329 2244 ﬁrmata
3369 2199 3486 2256 est;
3529 2182 3706 2260 'ﬁg'ura

2137 2253 2274 2305 tuius
2303 2255 2379 2305 rei
2407 2256 2458 2305 in
2486 2256 2884 2305 circumcisione
2923 2259 3096 2305 nrimn
3135 2259 3222 2305 die.
3267 2260 3387 2305 data
3427 2270 3542 2305 est-
3581 2277 3706 2305 nium.

2137 2253 2274 2329 iujus
2303 2255 2379 2309 rei
2407 2256 2458 2308 in
2486 2256 2884 2329 circumcisione
2923 2259 3096 2329 primo
3135 2259 3222 2314 die
3267 2260 3388 2315 data
3427 2253 3544 2326 est,
3573 2253 3707 2328 quae

2117 2325 2276 2376 etiam
2307 2335 2447 2401 esset
2476 2325 2684 2395 signum
2715 2327 2836 2382 ﬁdei
2867 2325 3113 2401 Abrahze.
3149 2330 3356 2401 Integra
3383 2346 3510 2400 ergo
3532 2325 3704 2385 causa

2118 2402 2216 2472 est,
2241 2395 2610 2472 quia_si_gnum
2647 2401 2929 2472 prmia-ita:
2955 2398 3076 2472 ﬁdei
3113 2395 3290 2468 primo
3326 2401 3412 2472 die
3446 2395 3702 2472 signate,

2119 2463 2414 2536 {igurajuit
2437 2465 2623 2536 futura!
2647 2463 2768 2521 ﬁdei
2801 2469 2972 2536 primo
2997 2469 3082 2524 die
3101 2463 3472 2526 constabilitae.

2191 2532 2543 2608 X_XX._—ln_
2571 2532 2888 2603 Proverbiis,
2917 2537 3143 2608 justus,
3189 2541 3578 2608 ait,accusator
3629 2550 3708 2596 est

2117 2603 2197 2682 sui
2223 2603 2274 2656 in
2303 2605 2577 2682 primordio
2605 2608 2845 2682 sermonis
2871 2606 3062 2680 (Prov.
3095 2603 3258 2678 xvut,
3278 2603 3376 2681 17)
3399 2629 3413 2664 :
3435 2613 3708 2682 quomodo

2111 2673 2311 2744 justus,
2339 2676 2384 2729 si
2415 2676 2696 2744 peccator?

2187 2743 2370 2823 omnis
2393 2743 2589 2800 veritas
2610 2747 2812 2823 justitia
2834 2757 2935 2804 est.
2957 2751 3086 2823 Quia
3099 2765 3236 2823 ergo
3255 2752 3540 2807 confitetur
3557 2752 3706 2822 quod

2117 2824 2218 2878 est,
2243 2814 2537 2892 justus__est
2565 2833 2578 2868 :
2611 2814 2888 2892 veritatem
2926 2814 3358 2892 enimloq'uitur;
3397 2814 3706 2892 peccat-ores

2117 2839 2418 2882 C3l,]llb'll15
2455 2839 2578 2870 εδις
2613 2839 2888 2875 veritatem
2926 2839 3080 2876 enim.
3099 2839 3150 2875 to
3191 2839 3358 2886 uitur;
3397 2839 3704 2892 peccatores

2116 2885 2648 2962 antem_vindicantes
2667 2905 2766 2962 sua
2787 2889 2998 2962 delicta,
3019 2839 3300 2960 justigcari
3321 2907 3426 2947 non
3457 2903 3704 2962 possunt.

2119 2953 2270 3032 [inde
2299 2954 2602 3026 hujusmodi
2649 2957 2806 3028 digne
2843 2953 3239 3029 justu's'dieitur
3261 3003 3277 3028 ,
3309 2963 3431 3031 quia
3457 2953 3710 3032 'pronun-

2117 3025 2255 3104 tians
2281 3025 2748 3104 peceatuinsuuni,
2775 3025 2974 3104 remitti
3001 3032 3100 3104 sibi
3126 3025 3304 3104 utique
3322 3025 3574 3104 postulat,
3603 3034 3708 3088 mi-

2116 3095 2457 3172 sericordiam
2491 3097 2580 3150 Dei
2607 3099 2908 3168 implorans.
2931 3101 3043 3155 Scit
3071 3095 3437 3172 enimidic'tum
3463 3105 3516 3157 in
3537 3095 3706 3172 Lege,
3732 3135 3739 3140 -

2119 3163 2368 3248 Quintilem
2413 3163 2730 3248 peccata-nia
2751 3211 2777 3248 ,_
2797 3180 2850 3223 ut
2867 3172 3159 3248 justiﬁceris
3189 3163 3342 3248 (Iani.
3379 3189 3510 3248 mu
3529 3219 3542 3236 .
3573 3163 3704 3248 iii):

2117 3236 2252 3307 Quid
2279 3247 2360 3294 est
2389 3248 2588 3314 autent,
2620 3241 2670 3292 in
2699 3236 2974 3313 primordio
2995 3236 3254 3300 sermonis
3283 3247 3557 3314 conﬁteri;
3601 3236 3708 3303 nisi

2117 3325 2222 3385 non
2251 3322 2490 3368 coactum
2514 3313 2685 3378 fateri,
2707 3315 2800 3370 sed
2825 3317 3176 3372 voluntarium
3191 3318 3214 3370 ?
3229 3317 3360 3385 Quis
3377 3320 3519 3372 enim
3541 3313 3706 3372 etiam

2119 3383 2309 3459 timens
2339 3385 2520 3448 Deum,
2548 3385 2662 3459 sine
2691 3395 2912 3459 peccato
2933 3397 3043 3451 est;
3076 3403 3196 3442 cum
3222 3383 3276 3442 et
3303 3389 3354 3442 in
3379 3389 3710 3459 cogitatione

2115 3452 2506 3526 admisceantur
2531 3452 2722 3526 delicta
2742 3495 2757 3521 ,
2789 3465 2842 3526 et
2871 3458 3148 3526 aliquoties
3183 3452 3474 3526 peccemus
3501 3459 3702 3513 inviti?

2116 3521 2298 3578 Potest
2322 3535 2496 3598 tamen
2537 3533 2592 3580 et
2618 3525 2684 3580 de
2713 3525 2908 3598 codici
2944 3521 3029 3598 vel
3067 3521 3280 3598 sentiri,
3319 3529 3408 3598 qui
3449 3529 3708 3584 catechu-

2116 3607 2304 3668 menus
2329 3594 2540 3668 dicitur,
2568 3603 2628 3649 ut
2647 3595 2906 3668 accedens
2931 3597 2996 3668 ad
3025 3597 3182 3652 ﬁdem
3204 3594 3540 3668 justiiicetur.
3562 3599 3708 3654 Cum

2117 3663 2258 3740 enim
2281 3665 2696 3740 petitimrnutari
2718 3681 2794 3731 se,
2819 3667 2934 3722 sine
2954 3667 3114 3724 dubio
3136 3663 3470 3740 peccatorem
3491 3683 3550 3724 se
3568 3683 3710 3724 con-

2117 3733 2295 3805 ﬁtetur
2321 3745 2378 3788 ut
2401 3735 2736 3805 justiﬁcetur.

2188 3803 2379 3859 XXXI.
2399 3803 2472 3845 '—
2495 3807 2574 3879 An
2601 3823 2721 3879 cum
2747 3807 2988 3874 muliere,
3014 3819 3200 3863 natura
3227 3825 3448 3879 serpens
3488 3809 3705 3865 locutus

2204 3885 2471 4016 ainalcltu
2603 3876 2774 3932 dictus
2810 3893 3030 3948 serpens
3055 3879 3296 3960 diabolus
3317 3875 3444 3935 eam
3471 3880 3706 3938 seduxe-

2117 3955 2186 3998 rit
2207 3955 2358 4010 (Gen.
2381 3963 2456 4010 tu,
2488 3955 2540 4010 1)
2557 3955 2580 3999 '!
3191 3957 3196 3960 ’

2188 4017 2545 4091 Quantum-ad
2576 4018 2847 4091 historiam
2877 4022 3124 4088 pertinet,
3151 4035 3372 4091 serpens
3399 4029 3584 4076 natura
3613 4021 3703 4076 di-

2117 4095 2234 4140 ctus
2260 4095 2360 4161 est,
2387 4088 2475 4161 qui
2505 4089 2793 4161 sapientior
2818 4099 2961 4144 esset
2985 4092 3192 4146 caneris
3219 4088 3425 4157 bestiis,
3453 4107 3585 4161 quas
3615 4091 3698 4146 fc-

2117 4167 2265 4231 cerat
2278 4157 2542 4231 Dominus
2569 4157 2706 4213 Deus
2727 4170 3120 4231 super_terram.
3153 4162 3388 4231 Denique
3411 4157 3706 4218 et-senten-

2121 4227 2246 4300 tiam
2276 4227 2414 4300 Deus
2443 4227 2494 4300 in
2527 4227 2839 4300 serpentem
2869 4229 3032 4284 dedit.
3079 4231 3210 4285 Nam
3253 4227 3379 4300 quid
3417 4233 3606 4286 mirum
3655 4234 3704 4286 si

2117 4296 2356 4372 diabolus
2381 4296 2668 4372 sapientior
2689 4309 2804 4354 erat
2828 4299 3031 4372 bestiis,
3054 4301 3120 4356 de
3139 4318 3244 4371 quo
3263 4296 3390 4356 dicit
3411 4303 3703 4372 Apostolus

2119 4365 2264 4444 inter
2279 4365 2472 4444 caetera
2493 4409 2508 4434 ,
2539 4369 2886 4444 An_ignoratis
2917 4365 3232 4425 altitudinem
3260 4365 3488 4444 satana}
3503 4371 3546 4426 II
3571 4371 3696 4444 cor.

2119 4451 2176 4503 ιι,
2209 4435 2296 4506 Η)
2313 4437 2336 4490 ?
2354 4437 2540 4513 iisque
2567 4435 2700 4494 adeo
2725 4451 2902 4494 autem
2927 4449 3112 4496 natura
3137 4457 3361 4513 serpens
3387 4435 3502 4509 fuit,
3531 4452 3587 4497 ut
3612 4443 3702 4498 di-

2117 4517 2329 4584 ceretur
2353 4509 2448 4573 illi,
2473 4507 2648 4584 Supra
2671 4519 2840 4584 pectus
2865 4522 2921 4584 et,
2939 4507 3316 4584 venti-enituit":
3335 4507 3497 4584 reptas,
3527 4524 3574 4567 et
3599 4525 3704 4568 ter-

2119 4594 2230 4654 ram
2259 4577 2373 4633 edes
2415 4577 2848 4654 onmibushtlt'ebus
2877 4583 2990 4635 vita:
3014 4593 3114 4636 tute
3147 4582 3298 4654 (Gen.
3325 4577 3400 4647 in,
3429 4577 3538 4654 14).
3571 4583 3704 4640 Haec

2121 4647 2278 4718 longe
2316 4659 2440 4702 sunt
2467 4665 2496 4702 a
2525 4650 2825 4724 conditione
2863 4660 3100 4724 satana};
3135 4647 3274 4724 quia
3305 4669 3473 4723 neque
3497 4647 3707 4724 'corpo-

2121 4728 2368 4793 rensest,
2403 4735 2576 4788 neque
2612 4721 2868 4793 mortalis.
2910 4723 3064 4793 Etsi
3103 4721 3348 4793 proprius
3388 4721 3705 4793 aspiciafur,

2119 4787 2381 4864 videbitur
2423 4787 2680 4864 sententia
2722 4791 2842 4846 «lata
2888 4791 3018 4864 nihil
3047 4787 3283 4848 obfuisse
3311 4787 3542 4864 serpenti
3567 4813 3580 4848 :
3605 4787 3706 4851 sed

2123 4858 2174 4912 in
2195 4873 2282 4934 _eo
2321 4859 2374 4934 in
2413 4875 2518 4934 quo
2557 4859 2723 4934 factus
2749 4871 2862 4928 est,
2890 4862 3069 4931 jussus
3093 4873 3176 4918 est
3205 4858 3536 4933 permanere.
3569 4865 3712 4934 Quia

2122 4929 2264 5005 enim
2307 4929 2545 5005 minister
2585 4930 2754 5005 factus
2791 4942 2873 4986 est
2896 4929 3104 5005 satana:
3129 4929 3492 4990 ad'hominem
3517 4929 3710 5005 subju—

2113 5000 2383 5068 'gandum,
2413 5001 2495 5054 cui
2523 5002 2698 5055 omnia
2729 5003 2866 5056 Deus
2893 5003 3225 5071 subjecerat;
3255 5006 3454 5060 idcirco
3483 5000 3634 5061 Deus
3657 5009 3712 5062 in

2123 5085 2185 5147 ea
2215 5071 2540 5147 subiectione
2567 5087 2670 5141 qua
2701 5075 2879 5147 omnia
2905 5073 3102 5128 homini
3134 5075 3454 5144 subjecerat,
3485 5093 3710 5147 repres-

2125 5141 2193 5193 sit
2229 5141 2534 5214 elationem
2561 5145 2823 5211 serpentis
2869 5159 2968 5214 qua
3017 5141 3254 5214 coeperat
3301 5141 3566 5202 miniSter'
3588 5163 3716 5204 esse

2125 5210 2407 5279 superbia).
2445 5210 2728 5268 Videbatur
2753 5210 2900 5287 enini
2923 5215 3081 5269 homo
3107 5210 3280 5271 Iactus
3306 5216 3406 5272 sub
3435 5228 3711 5287 serpente,

2125 5295 2219 5357 per
2248 5297 2402 5357 quem
2426 5325 2440 5348 ,
2471 5293 2688 5352 accepto
2713 5286 2936 5339 consilio
2961 5287 3130 5356 legem
3163 5288 3338 5341 datam
3365 5286 3712 5357 contempsit.

2125 5352 2382 5426 Quoniam
2411 5364 2582 5426 autem
2615 5365 2890 5426 serpentes
2919 5352 3204 5426 prudentes
3237 5367 3391 5424 sunt,
3424 5352 3717 5414 conﬁrmat

2126 5421 2177 5499 in
2190 5421 2757 5499 _Evangelitii)01niitus
2781 5421 2983 5499 dicetis,
3009 5427 3181 5482 Estole
3199 5429 3352 5482 astuti
3378 5421 3434 5482 iu
3457 5441 3716 5499 serpentes

2127 5492 2334 5561 (Matth.
2371 5511 2421 5556 κ,
2455 5493 2563 5564 16).
2599 5495 2762 5568 Igitur
2791 5498 2908 5566 quia
2938 5492 3128 5553 claruit
3149 5515 3276 5554 vere
3301 5492 3604 5568 serpentem
3633 5500 3716 5552 lo-

2124 5575 2302 5616 cutum
2347 5579 2464 5638 esse
2499 5581 2618 5618 eum
2651 5567 2794 5632 Eva;
2828 5568 2955 5624 illud
2984 5579 3228 5638 superest
3255 5579 3315 5624 ut
3342 5567 3716 5638 discernatur,

2124 5649 2192 5686 an
2225 5637 2450 5708 poluerit
2472 5646 2576 5708 tam
2599 5638 2827 5706 prudens
2855 5653 2972 5694 esse
2997 5637 3296 5708 et’astutus,
3323 5649 3379 5694 ut
3405 5641 3530 5696 dolo
3558 5637 3721 5696 falle?-

2123 5713 2208 5760 ret
2231 5721 2366 5760 eam.
2400 5706 2456 5761 Si
2481 5707 2624 5762 enim
2649 5710 2854 5768 CtClCl'IS
2895 5709 3078 5768 bestiis
3105 5706 3413 5786 prudentior
3437 5721 3572 5780 erat,
3599 5725 3718 5767 non

2191 5863 2263 5930 (a)
2287 5871 2443 5928 Forte,
2470 5871 2593 5918 astu.
