4048 6474
277 382 420 445 2233

276 512 457 559 tamen
476 495 811 573 hominibus;
828 494 1023 565 quippe
1040 507 1158 547 cum
1173 492 1372 547 nullum
1389 490 1582 573 animal
1599 488 1858 573 rationale

275 572 373 638 sit,
416 569 519 625 nisi
551 570 731 623 homo.
764 564 944 638 Itaque
958 576 1280 638 serpentem
1321 564 1663 638 subtilitatem
1703 564 1857 638 istam

272 633 642 713 composuisse
680 633 1005 713 impossibile
1042 645 1124 690 est
1153 653 1165 688 :
1194 635 1602 713 quamvisenim
1627 633 1858 713 prudeits

274 703 504 778 dicatur,
533 709 625 765 sed
654 703 919 763 non'ultra
950 717 1188 761 naturam
1214 703 1390 760 suam.
1414 705 1523 778 Nec
1543 705 1703 778 enim
1715 703 1859 778 deli-

206 832 220 843 .
275 784 431 862 berat
446 774 832 862 autexcogitat,
851 787 943 833 aut
965 778 1245 862 consilium
1261 778 1419 862 capit.
1450 777 1648 858 Idcirco
1674 774 1859 862 diabo-

271 856 385 910 lum
407 854 589 917 fuisse,
619 848 707 921 qui
738 866 833 927 per
854 860 1157 927 serpentem
1183 848 1462 927 mulierem
1490 848 1854 927 circumvenit,

271 926 493 981 dubium
517 939 624 997 non
638 919 754 976 'est.
788 920 1104 974 Admiscens
1123 921 1262 974 enim
1280 934 1348 997 se_
1358 919 1615 997 serpenti,
1754 932 1858 997 per

269 998 421 1051 illum
449 995 599 1065 quasi
627 1007 721 1065 per
740 1006 1017 1065 organum,
1048 1000 1105 1044 ut
1125 1005 1223 1065 nec
1243 990 1431 1043 mulier
1447 989 1637 1043 occulti
1663 988 1857 1042 diaboli

270 1060 592 1135 intelligeret
613 1060 821 1128 dolum,
844 1062 1017 1135 sciens
1045 1060 1357 1135 prudentem
1387 1076 1505 1135 esse
1532 1070 1852 1135 serpentem.

269 1140 352 1193 Ae
378 1130 475 1208 per
513 1137 612 1189 hoc
646 1134 995 1208 corporaliter
1024 1133 1143 1185 data
1186 1132 1481 1208 sententia,
1516 1130 1858 1208 spiritualiter

269 1209 326 1263 in
358 1200 591 1261 Satanam
623 1200 842 1260 cecidit:
884 1203 1006 1273 quia
1044 1203 1305 1257 sententia
1346 1216 1495 1257 reum
1539 1210 1701 1255 tenet.
1739 1200 1854 1254 Non

268 1280 416 1333 enim
442 1279 508 1331 ab
554 1275 768 1330 homine
815 1273 934 1328 data
982 1273 1240 1328 sententia
1273 1281 1373 1337 est,
1421 1283 1477 1327 ut
1518 1273 1854 1326 innocentem

266 1349 409 1404 forte
446 1348 733 1425 perimeret
766 1360 857 1425 per
882 1359 1119 1399 errorem
1148 1353 1241 1425 aut
1277 1343 1734 1425 malevolentiam;
1762 1341 1855 1425 sed

266 1435 299 1473 a
328 1416 555 1497 Deo'qui
590 1417 695 1497 falli
726 1416 905 1488 utique
938 1430 1044 1497 non
1076 1423 1287 1487 potest,
1311 1426 1401 1497 Aut
1435 1416 1699 1497 sententia
1740 1416 1855 1497 ejus

267 1506 392 1566 cum
414 1490 611 1566 “solum
638 1487 861 1566 teneat,
891 1489 980 1566 qui
1021 1504 1144 1545 reus
1170 1487 1437 1566 est._Quia
1465 1489 1605 1566 enim
1635 1501 1755 1541 cum
1788 1487 1857 1566 sit

264 1560 550 1620 invisibilis
575 1570 807 1626 satanas,
830 1556 1008 1614 dolum
1036 1561 1382 1627 corporaliter
1406 1559 1532 1626 egit,
1565 1556 1855 1626 corporalis

264 1637 481 1689 videtur
506 1633 627 1687 data
657 1631 917 1686 sententia
943 1673 957 1697 ,
988 1639 1047 1685 ut
1076 1631 1222 1684 illum
1264 1630 1606 1700 spiritualiter
1646 1636 1852 1691 teneat,

263 1706 421 1775 cujus
455 1706 649 1781 factum
692 1701 1017 1781 elicuitdari
1044 1702 1383 1781 sententiam.
1426 1700 1555 1781 Nam
1588 1700 1854 1781 projectus

265 1771 349 1831 de'
380 1773 754 1830 sacratissimis
805 1773 1062 1826 etnlorum
1107 1772 1324 1826 sedibus
1367 1771 1854 1841 impudentissimus

262 1857 483 1901 satanas
513 1846 564 1898 in
597 1852 735 1898 terra
763 1844 1029 1897 volutatur
1056 1857 1276 1913 gemens
1311 1840 1543 1912 semper.
1582 1841 1686 1896 Sed
1718 1840 1855 1913 forte

263 1917 494 1982 dicatur,
523 1915 579 1969 ln
606 1930 707 1984 qua
730 1957 742 1975 ,
772 1925 923 1984 putas
943 1954 957 1979 ,
989 1910 1161 1983 lingua
1188 1928 1410 1982 serpens
1433 1910 1655 1967 locutus
1682 1921 1763 1967 est
1788 1910 1853 1965 ad

262 1986 585 2042 mulierem?
624 1984 896 2053 Serpentis
930 1989 1110 2054 utique
1139 2000 1251 2039 ore.
1284 1985 1337 2039 Si
1364 1985 1504 2040 enim
1547 1984 1705 2038 hodie
1747 1997 1852 2037 non

262 2059 499 2125 desunt,
543 2057 633 2127 qui
674 2056 919 2110 latratum
948 2071 1138 2127 canum
1166 2056 1485 2125 intelligant,
1524 2064 1578 2110 et
1606 2057 1852 2127 luporum

262 2124 524 2184 ululatum
543 2124 645 2193 [et
672 2127 925 2181 barritum
956 2124 1379 2196 elephantorum,
1422 2135 1473 2180 et
1502 2135 1714 2180 cantum
1744 2124 1854 2195 gal-

261 2200 475 2264 lorum;
504 2214 667 2268 quare
688 2213 792 2251 non
824 2197 991 2265 magis
1018 2198 1162 2251 rudis
1188 2197 1361 2251 adhuc
1380 2197 1572 2251 mulier
1599 2197 1735 2251 scire
1752 2211 1856 2268 po-

263 2272 368 2324 tuit
406 2280 459 2323 et
504 2265 798 2338 intelligere
844 2269 1055 2322 sibilum
1104 2276 1446 2335 serpentum,
1491 2282 1611 2321 cum
1657 2265 1852 2321 multos

262 2341 497 2396 sciamus
523 2340 698 2394 avium
730 2354 888 2393 voces
915 2338 1218 2393 discernere
1251 2338 1369 2408 (a)?
1398 2338 1526 2391 Nam
1564 2348 1617 2391 et
1647 2346 1854 2392 constat

260 2412 534 2465 diabolum
564 2411 680 2478 ejus
712 2410 887 2479 lingua
914 2410 1009 2476 uti,
1032 2410 1184 2477 cujus
1207 2423 1398 2477 corpus
1420 2409 1694 2463 intraverit
1717 2426 1729 2460 :
1754 2422 1854 2463 nec

259 2482 422 2536 aliter
448 2482 659 2535 falleret
678 2481 976 2535 mulierem.
1007 2482 1085 2534 Ac
1114 2495 1205 2549 per
1231 2479 1333 2535 hoc
1360 2481 1627 2549 serpentis
1650 2495 1742 2538 ore
1769 2480 1851 2533 lo-

258 2562 421 2607 cutus
449 2561 531 2607 est
556 2567 653 2622 per
680 2561 1001 2620 serpentem.

334 2621 667 2678 ΧΧΧΙΙζ-
702 2623 948 2692 Legimus
993 2621 1129 2693 apud
1178 2621 1516 2693 Salomonem
1547 2662 1561 2685 ,
1613 2621 1765 2693 Dives
1803 2631 1852 2677 et

258 2711 457 2763 pauper
507 2690 824 2748 obviaueruiit
871 2693 995 2757 sibi;
1026 2690 1159 2762 'fecit
1210 2702 1376 2746 autem
1402 2692 1571 2747 ambos
1603 2690 1850 2747 Dominus

258 2764 447 2837 (Prov.
480 2781 608 2833 χιιι,
638 2765 705 2837 2)
738 2782 749 2816 :
774 2763 1040 2837 quomodo
1085 2779 1213 2835 ergo
1239 2778 1585 2834 personarum
1614 2767 1850 2833 acceptio

257 2835 369 2890 non
401 2846 483 2890 est
512 2836 650 2905 apud
676 2835 882 2891 Deum?

332 2907 516 2976 Longe
546 2904 704 2962 ’absit
742 2920 772 2960 a
823 2904 1055 2960 fidelium
1100 2905 1370 2961 mentibus
1413 2906 1527 2961 haec
1564 2906 1849 2975 impietatis

254 2978 507 3032 assertio.
536 2976 669 3031 Nam
695 2976 968 3045 Scriptura
992 2992 1059 3047 ne
1088 2992 1375 3047 pauperem
1402 2979 1848 3033 contemnendum

252 3048 501 3112 doceret,
526 3057 579 3103 ct
604 3048 819 3102 divitem
838 3046 1312 3113 honorilicandum,
1328 3048 1560 3102 ostendit
1574 3049 1849 3103 amborum

254 3119 507 3201 opificem
536 3134 655 3201 esse
680 3119 846 3172 Deum
872 3135 885 3172 :
920 3133 1025 3201 non
1054 3118 1237 3201 utique
1263 3118 1317 3200 in
1344 3127 1735 3201 paupertatem
1764 3121 1848 3201 di_-

251 3187 401 3244 vitiis
422 3231 437 3252 ,
483 3187 577 3244 sed
613 3190 667 3243 in
706 3204 771 3243 eo
800 3189 942 3259 quod
972 3201 1114 3243 sunt.
1148 3187 1203 3244 Si
1234 3190 1375 3243 enim
1414 3188 1751 3246 facultatibus
1780 3192 1847 3246 ab

252 3261 488 3315 invicem
533 3260 876 3330 discrepant,
931 3275 1035 3312 non
1085 3268 1258 3314 tamen
1301 3269 1503 3314 natura:
1531 3261 1845 3316 substantia.

250 3330 370 3385 Nec
399 3332 541 3385 enim
569 3330 691 3400 quia
720 3331 1031 3401 occasiones
1056 3340 1344 3399 proventus
1364 3331 1620 3401 quosdam
1648 3331 1850 3387 faciunt

252 3402 317 3455 in
340 3402 560 3467 mundo,
591 3411 681 3455 aut
712 3415 994 3470 prosperos
1022 3400 1075 3454 in
1101 3401 1330 3466 divitiis,
1368 3411 1457 3455 aut
1490 3402 1749 3457 infaustos
1794 3404 1845 3458 in

296 3482 572 3541 aupertate
597 3514 611 3537 ,
660 3472 859 3525 idcirco
890 3471 1216 3540 despiciendi
1246 3483 1370 3527 sunt
1395 3486 1530 3541 quos
1558 3474 1698 3528 Deus
1740 3491 1845 3529 non

296 3488 572 3541 aupertate
597 3514 611 3537 ,
660 3488 859 3525 idcirco
890 3488 1216 3540 aesptmenal
1246 3488 1370 3527 sunt
1395 3488 1530 3541 quos
1558 3488 1698 3528 ueus
1740 3491 1841 3529 non

251 3488 594 3608 Euntiliavit,
625 3551 714 3596 aut
740 3542 1061 3611 suspiciendi
1107 3542 1297 3612 quibus
1330 3546 1523 3598 veritas
1550 3561 1653 3598 non
1700 3545 1841 3601 dedit

250 3614 643 3668 testimonium.
672 3612 1236 3685 Contemnendi‘plane
1262 3624 1414 3679 sunt,
1447 3615 1537 3669 sed
1564 3626 1845 3685 corrupto-

249 3700 351 3740 res
379 3700 586 3739 morum
609 3693 660 3737 et
699 3684 937 3753 sacrilegi
980 3685 1031 3737 in
1068 3683 1209 3753 Lege
1237 3685 1361 3749 Dei;
1394 3685 1686 3741 honorandi
1716 3683 1846 3742 vero

250 3756 542 3825 diligentes
561 3755 723 3809 Deum
743 3755 1104 3826 etdisciplinaa
1129 3755 1378 3810 cultores.
1398 3755 1461 3809 Hi
1482 3758 1622 3811 enim
1654 3758 1847 3814 divites

249 3827 401 3895 apud
430 3827 597 3880 Deum
628 3826 909 3892 habentur,
942 3825 1031 3894 qui
1057 3825 1211 3880 bonze
1239 3829 1657 3883 conversationis
1678 3839 1803 3884 sunt
1828 3848 1841 3882 :

251 3906 316 3951 et
358 3907 556 3966 quanto
599 3896 893 3967 inmundo
932 3896 1439 3966 contemptibiliores
1486 3909 1648 3967 sunt,
1698 3913 1845 3960 tanto

251 3968 430 4040 inagis
452 3966 947 4040 honoriﬁcentiores
974 3976 1097 4040 sunt
1128 3968 1369 4040 inctelo.
1401 3969 1531 4040 Nam
1561 3966 1649 4040 qui
1678 3973 1844 4031 bene-

251 4036 441 4092 ﬁcium
474 4038 729 4108 temporis
766 4037 963 4112 habent
987 4038 1051 4112 in
1061 4039 1379 4112 ampliandis
1406 4036 1765 4112 facultatibus,
1799 4047 1845 4102 si

254 4123 321 4162 se
349 4117 704 4184 cognoscant,
725 4118 793 4184 et_
808 4108 903 4162 Dei
929 4108 1223 4184 intelligant
1251 4112 1597 4178 voluntatem,
1616 4116 1702 4184 qui
1735 4108 1843 4172 ter-

249 4178 662 4255 ram_omnib_us_
671 4178 839 4255 dedit,
873 4188 926 4234 et
941 4180 1109 4255 s_olem
1127 4195 1280 4255 suum
1301 4184 1507 4255 cunctis
1524 4178 1649 4255 oriri
1672 4186 1839 4255 jubet,

249 4260 311 4305 et
339 4250 547 4319 pluvias
577 4249 886 4327 indiscretus
914 4249 1135 4327 elfupdit
1162 4251 1375 4327 (Matth.
1411 4269 1465 4327 ν,
1498 4253 1620 4327 45);
1656 4249 1847 4327 iniqui-

250 4328 341 4374 tas
370 4330 549 4375 autem
581 4321 855 4390 temporis,
884 4330 976 4374 aut
1017 4320 1248 4376 fortuitae
1293 4320 1606 4389 occasionis,
1642 4320 1844 4384 autin-

251 4390 491 4467 digentia
522 4391 840 4467 quihusdam
862 4392 1224 4467 abnegatAquze
1250 4393 1385 4467 Deu_s
1411 4396 1660 4467 omnibus
1678 4399 1841 4467 dedit;

250 4461 363 4531 ipsi
406 4462 707 4536 ministrant
742 4463 850 4536 eis,_
882 4471 936 4515 ut
982 4462 1331 4536 perficientes
1348 4465 1449 4536 Dei
1472 4467 1796 4524 voluntatem

251 4548 365 4586 non
396 4533 568 4604 solum
602 4533 651 4586 in
693 4533 888 4587 mundo
909 4573 922 4595 ,
953 4532 1045 4587 sed
1074 4542 1127 4604 et
1156 4536 1208 4586 in
1235 4534 1373 4588 caalo
1402 4535 1590 4590 divites
1625 4540 1750 4604 sint,
1779 4532 1846 4596 ne

250 4603 413 4673 pauci
441 4604 693 4673 temporis
734 4603 930 4657 divitia:
975 4603 1263 4658 excludant
1305 4614 1551 4660 mternas.
1600 4608 1675 4662 Illi
1719 4603 1846 4665 vero

296 4689 395 4728 uos
418 4674 738 4744 paupertatis
759 4689 916 4729 causa
938 4673 1306 4743 despiciendus
1322 4685 1527 4744 putant.
1548 4678 1589 4731 si
1614 4678 1846 4735 futurum

339 4744 354 4797 i
414 4745 682 4816 judicium
716 4746 1183 4816 contemplemur,
1238 4747 1346 4800 illic
1397 4763 1610 4816 semper
1658 4750 1847 4807 divites

252 4825 437 4881 erunt,
470 4817 555 4869 ubi
583 4815 775 4891 divites
801 4814 981 4870 surculi
1012 4816 1261 4885 egebunt,
1292 4814 1612 4887 poenitentes
1636 4836 1693 4877 se
1714 4837 1845 4891 pan-

252 4900 419 4956 peres
449 4902 553 4939 non
582 4888 763 4940 fuisse.

332 4956 575 5031 XXXI“;
601 4988 672 4997 —
695 4957 968 5031 Salomon,
1016 4955 1181 5031 Anni,
1212 4957 1401 5027 inquit,
1450 4961 1720 5031 impiorum
1754 4967 1849 5018 mi-

252 5037 479 5108 nuentur
512 5026 693 5110 (Pi-ou.
713 5044 769 5092 χ,
797 5029 886 5110 9-7)
914 5028 1213 5110 :quomodo
1236 5026 1371 5110 ergo
1398 5041 1480 5085 est
1503 5026 1641 5102 quod
1672 5034 1849 5090 videa-

251 5113 381 5154 mus
411 5098 599 5168 impios
628 5098 924 5169 aliquantOs
953 5099 1258 5169 longaevos?

333 5171 559 5241 Dignum
586 5180 702 5225 erat
727 5170 939 5240 quidem
971 5185 1158 5224 omnes
1184 5172 1396 5241 impios,
1438 5188 1545 5227 non
1574 5176 1743 5229 solum
1771 5178 1848 5231 ci-

254 5242 366 5294 tius
400 5240 495 5295 hac
524 5242 638 5295 luce
666 5256 869 5305 carere,
895 5256 1079 5294 verum
1107 5240 1271 5295 etiam
1289 5258 1385 5297 nec
1411 5246 1568 5299 unius
1597 5250 1849 5303 momenti

256 5312 518 5380 temporis
546 5312 649 5365 vita
679 5312 813 5375 frui,
849 5313 936 5381 qui
985 5312 1286 5384 Conditoris
1332 5316 1411 5368 sui
1460 5317 1802 5374 immemores
1831 5360 1847 5384 ,

254 5384 383 5435 vita:
412 5384 572 5436 totius
597 5384 966 5436 auctoritatem
999 5383 1259 5451 imputant
1279 5395 1553 5440 creatura).
1579 5386 1682 5441 Sed
1709 5383 1850 5444 Scri-

257 5462 417 5523 ptura
460 5452 559 5507 hos
590 5454 782 5522 impios
811 5454 1131 5532 _alloqu_itu_r_,
1153 5457 1252 5532 qui
1283 5471 1404 5509 cum
1448 5458 1548 5532 sub
1580 5459 1669 5512 Dei
1708 5460 1849 5532 Lege

256 5533 524 5593 agerent,
573 5526 949 5604 propensiores
967 5526 1031 5604 _in
1062 5524 1218 5579 idolis
1237 5536 1413 5604 erant.
1450 5528 1666 5598 Pejorcs
1707 5524 1849 5587 eniin

259 5603 385 5649 sunt
415 5595 621 5648 caeteris
651 5595 827 5665 impiis
860 5613 873 5648 :
906 5596 1134 5651 scientes
1164 5596 1305 5650 enim
1337 5598 1502 5653 Deum
1522 5595 1533 5598 ⁷
1557 5612 1611 5655 et
1665 5614 1848 5657 conte-

264 5675 512 5738 mnentes
543 5667 1072 5735 eum,obtemperant
1100 5669 1285 5722 servis.
1323 5670 1545 5738 thuod
1566 5672 1632 5727 de
1659 5673 1742 5726 his
1766 5675 1849 5728 di-

259 5746 407 5791 ctum
433 5736 521 5803 sit,
551 5738 738 5807 probat
758 5739 1044 5810 Apostolus
1069 5737 1269 5802 dicens,
1303 5736 1507 5796 Scimus
1526 5754 1692 5799 autem
1718 5762 1847 5815 quo-

329 5874 404 5938 (a)
426 5876 673 5943 Reliquum
695 5881 837 5933 abest
858 5894 888 5933 a
906 5888 1013 5934 uss.
1036 5885 1236 5936 secundi
1258 5898 1475 5949 generis.

1732 370 2096 429 APPENDIX.

3415 385 3561 445 2254

1970 489 2120 573 niani
2149 506 2471 573 quoa-rumque
2515 492 2621 573 Leo;
2657 493 2907 573 loquitur,
2950 495 3027 549 his
3054 498 3141 567 qui
3176 499 3230 553 in
3263 499 3397 573 Lege
3435 514 3555 560 sunt

1968 560 2229 640 loquitari
2241 560 2396 640 Romi
2416 581 2492 631 ιιι,
2528 567 2639 637 19).
2673 560 2909 622 Gentiles
2942 560 3118 623 autem
3154 586 3257 627 non
3286 560 3549 631 habentur

1968 645 2021 685 tn
2054 648 2273 687 numero
2301 650 2563 691 ιἰνοῐυιη.

2037 701 2277 786 Χ-ΧΧιν.
2295 736 2361 786 ——_
2378 707 2654 786 Quomodo
2679 710 2817 786 idem
2846 708 3117 786 Salomon,
3140 711 3300 786 ρεαδ,
3348 714 3552 786 inquit,

1966 781 2172 854 mortem
2199 792 2299 829 non
2328 780 2443 845 fecit
2473 794 2491 831 :
2520 793 2638 832 cum
2669 780 2774 854 alio
2799 780 2918 837 loco
2943 782 3117 854 dicat,
3160 782 3304 837 Bona
3326 794 3370 839 et
3396 780 3552 854 n'tala,

1964 844 2063 929 uita
2088 855 2141 929 ονε
2164 844 2335 929 altera,
2358 861 2627 929 paupertas
2652 861 2694 905 et
2730 852 2959 908 honestas
2984 870 3015 906 a
3045 844 3152 909 Deo
3176 865 3291 910 sunt
3322 857 3478 929 (Sap.
3508 844 3548 929 ι,

1964 913 2063 976 15;
2092 914 2253 969 Eccli.
2286 913 2367 981 ιιι,
2394 913 2518 981 l4)?

2034 984 2172 1041 Nulli
2220 988 2436 1065 dubium
2460 984 2740 1065 'est_bona
2771 995 2948 1049 omnia
2987 1010 3016 1049 a
3057 996 3166 1051 Deo
3200 1012 3355 1065 esse,
3408 1001 3547 1055 mala

1961 1065 2140 1131 autem
2169 1075 2286 1131 quso
2315 1059 2481 1127 dixit,
2515 1062 2685 1116 solum
2722 1066 2859 1118 mala
2898 1074 3054 1131 sunt,
3083 1067 3209 1123 dum
3248 1059 3550 1127 vindicatur

1962 1126 2029 1209 de
2060 1126 2231 1182 nobis.
2262 1126 2591 1209 Paenaenim
2607 1136 2846 1209 quamvis
2860 1126 3294 1206 justeinferatur,
3320 1142 3541 1209 patienti

1964 1205 2139 1281 tamen
2180 1201 2575 1281 mala_videttlr.
2622 1201 2752 1281 Nam
2782 1215 2836 1261 et
2861 1201 2957 1281 per
2980 1201 3295 1281 prophetam
3322 1201 3387 1265 ad
3418 1226 3548 1281 pec-

1961 1276 2170 1324 catores
2198 1271 2427 1345 loquitur
2455 1274 2593 1329 Deus
2621 1274 2802 1331 dicens
2822 1318 2836 1342 ,
2862 1271 3261 1335 'Faci'am'vobis
3288 1271 3458 1345 mala',
3494 1282 3545 1337 id

1962 1350 2062 1406 est,
2095 1344 2269 1412 pmnis
2297 1359 2392 1399 vos
2420 1359 2593 1412 agam.
2642 1345 2754 1403 Vita
2795 1356 2969 1405 autem
3010 1358 3063 1403 et
3092 1366 3238 1405 mors
3272 1352 3349 1407 sic
3378 1368 3408 1405 a
3437 1344 3546 1407 Deo

1962 1421 2063 1493 est,
2086 1415 2217 1493 quia
2248 1414 2415 1485 legem
2442 1414 2608 1493 dedit,
2640 1434 2759 1488 qua:
2783 1419 3116 1478 servantibus
3145 1436 3204 1478 se
3226 1422 3384 1477 vitam
3408 1439 3546 1493 pro-

1961 1484 2629 1565 mittit,_con_temptor_'ibus
2658 1484 2796 1565 vero
2834 1500 3084 1559 mortem,
3125 1494 3220 1549 sed
3253 1484 3545 1565 illam-quae.

1961 1555 2193 1634 secunda
2236 1556 2448 1634 dicitur.
2485 1558 2617 1634 Dum
2648 1561 2789 1615 enim
2820 1555 3249 1634 unumquemque
3277 1555 3546 1634 adjudicat

1960 1624 2086 1705 quid
2117 1636 2370 1693 meretur,
2390 1630 2469 1705 _ab
2502 1629 2615 1698 ipso
2645 1634 2906 1705 est,_sive
2937 1624 3200 1701 absolutio
3228 1636 3293 1691 ad
3328 1624 3491 1691 vitam
3525 1679 3541 1705 ,

1960 1695 2073 1751 sive
2119 1709 2296 1772 reatus
2323 1699 2404 1772 ad
2445 1695 2691 1772 mortem.
2739 1695 2853 1757 Non
2893 1700 3020 1772 ergo
3065 1707 3309 1761 inventor
3357 1695 3545 1762 mortis

1960 1776 2061 1846 est,
2093 1767 2199 1846 sed.
2240 1769 2441 1846 judex,
2470 1771 2592 1839 quia
2645 1774 2830 1846 mortis
2885 1767 3069 1829 auctor
3119 1789 3393 1846 peccatum
3440 1788 3541 1832 est.

1960 1836 2552 1918 QuomodofrgoDc'us
2580 1853 2783 1918 poterat
2810 1845 2981 1918 facere
3000 1836 3352 1918 mortem,qui
3375 1850 3545 1903 nescit

1960 1910 2219 1989 peccare?
2244 1911 2347 1965 Sed
2378 1912 2500 1967 dum
2544 1914 2779 1982 peccatis
2823 1916 3098 1989 retribuit,
3144 1920 3211 1972 ab
3235 1910 3368 1989 ipso
3403 1919 3541 1974 dicta

1959 1988 2041 2032 est
2078 1994 2195 2059 esse
2233 1997 2379 2059 mprs
2419 1999 2539 2037 cum
2567 2000 2675 2059 non
2715 2001 2780 2040 ex
2822 1985 2938 2058 ipso
2967 1988 3055 2055 sit,
3086 1988 3178 2044 sed
3207 1985 3286 2045 ex'
3312 1989 3413 2044 hoc
3450 1990 3540 2059 qui

1958 2053 2225 2127 peccavit.
2251 2053 2460 2127 Eadem
2498 2057 2701 2127 ratione
2738 2053 3109 2127 paupertas'et
3148 2060 3344 2115 divitire
3370 2076 3400 2115 a
3431 2053 3541 2115 Deo

1958 2130 2098 2174 sunt.
2128 2120 2353 2198 Quidam
2372 2144 2373 2147 η
2393 2127 2533 2181 enim
2564 2120 2820 2182 habentes
2846 2120 3091 2184 limorem
3125 2130 3248 2198 Dei,
3278 2131 3537 2186 luxuriam

1958 2203 2248 2270 spernunt,_
2268 2196 2428 2249 vitam
2462 2198 2730 2267 prodigam
2760 2198 2984 2269 fugiunt,
3015 2201 3083 2254 ab
3106 2196 3275 2270 egeno
3313 2210 3367 2256 et
3409 2216 3541 2270 pau-

1962 2278 2085 2339 perc
2133 2265 2343 2339 oculum
2395 2265 3169 2339 nonhavertunt?hujusmodi
3208 2265 3540 2327 crementum

1960 2332 2159 2407 faciunt
2187 2334 2466 2390 bonorum.
2497 2337 2762 2405 Scriptum
2801 2350 2882 2394 est
2920 2332 3062 2395 enim
3096 2343 3148 2396 in
3190 2343 3490 2397 Proverbiis
3522 2386 3536 2407 ,

1964 2400 2403 2484 Paupertatemet
2441 2400 3009 2484 ig_nobiiitatem_aufert
3058 2411 3329 2484 disciplina
3355 2400 3536 2484 (Prov;

1956 2473 2213 2548 χιιι,“18).
2238 2479 2305 2530 At
2332 2477 2383 2530 hi
2411 2473 2499 2548 qui
2534 2480 2777 2534 timorem
2808 2481 2899 2535 Dei
2913 2473 3032 2535 'non
3064 2473 3281 2547 habent,
3315 2473 3541 2539 solutius

1956 2546 2195 2623 viventes
2217 2557 2270 2602 et
2295 2546 2518 2617 egenum
2547 2550 2921 2621 despicientcs,
2950 2551 3089 2607 sicut
3130 2546 3387 2623 scriptum
3417 2562 3497 2608 est
3522 2596 3537 2617 .

1956 2615 2008 2693 in
2040 2617 2213 2687 inopia
2243 2615 2433 2685 eru'nt;
2478 2636 2581 2693 non
2617 2615 2788 2676 solum
2831 2623 3157 2693 negligentes
3178 2615 3540 2693 et'improvidi

1954 2686 2097 2763 circa
2123 2704 2426 2763 se,_ve_rum
2453 2692 2612 2745 etiam
2637 2686 3033 2763 contemptores
3062 2693 3199 2748 data:
3237 2686 3388 2763 legis.
3426 2694 3539 2750 Hoc

1954 2757 2115 2832 modo
2143 2759 2262 2832 fecit
2294 2760 2431 2815 Deus
2462 2777 2724 2832 pauperes
2752 2778 2817 2818 ac
2844 2757 3035 2819 divites
3069 2783 3081 2818 :
3111 2766 3233 2832 quia
3279 2757 3405 2819 dum
3453 2765 3537 2818 of-

1954 2827 2123 2901 l’ensio
2152 2829 2281 2899 legis
2306 2832 2441 2899 parit
2462 2827 2771 2901 egestatem,
2795 2850 2826 2888 a
2852 2835 2963 2890 Deo
2981 2836 3091 2890 fieri
3109 2827 3301 2890 dicitur
3319 2845 3538 2891 auctore

1955 2897 2119 2978 legis;
2150 2897 2347 2978 ethum
2387 2897 2545 2972 aliqui
2586 2897 2792 2978 terrore
2827 2905 3161 2978 disciplinam
3193 2906 3324 2978 legis
3352 2916 3534 2962 custo-

1953 2968 2321 3045 diunt_._a__Deo
2347 2968 2562 3045 auctore
2590 2974 2721 3045 legis
2745 2976 2935 3031 divites
2963 2968 3113 3031 iiunt.

2026 3039 2242 3095 XXXV.
2264 3074 2336 3117 —_
2357 3043 2480 3117 Qua
2502 3039 2706 3117 ratione
2734 3047 2898 3100 David
2925 3047 3071 3115 Saul,
3090 3056 3371 3117 postquam
3395 3046 3535 3103 Deus

1953 3110 2114 3185 a_b_eo
2145 3114 2392 3185 recessit,
2436 3115 2692 3170 chi-istum
2726 3118 2930 3172 Domini
2960 3110 3115 3185 voe'a't
3144 3161 3158 3185 ,
3192 3110 3245 3174 ct
3275 3117 3534 3174 honorem

1953 3181 2123 3260 defert
2149 3184 2197 3238 ei
2229 3184 2414 3260 (Ιῌεςιἶ
2442 3202 2584 3260 xxvi,
2609 3188 2704 3260 it},
2738 3190 2823 3255 18,
2851 3190 3025 3260 sqq.)?

2022 3252 2138 3307 Non
2164 3252 2375 3309 nescius
2403 3257 2563 3313 David
2590 3252 2821 3313 divinam
2852 3252 2979 3315 esse
2998 3260 3333 3315 traditionem
3363 3260 3415 3313 in
3449 3259 3534 3314 of-

1954 3321 2084 3399 ﬁcio
2111 3324 2311 3399 ordinis
2358 3328 2594 3399 gregalis,
2643 3328 2838 3399 idcirco
2880 3330 3009 3385 Saul
3054 3333 3106 3385 in
3145 3331 3332 3385 eadem
3360 3330 3535 3386 adhuc

1954 3394 2235 3475 traditione
2258 3394 2484 3475 posituin
2505 3395 2847 3475 honorilicat,
2868 3417 2933 3455 ne
2960 3402 3070 3456 Deo
3092 3402 3344 3475 injuriarp
3363 3402 3535 3475 facere

1951 3464 2363 3537 videretur,‘qui
2396 3468 2477 3523 his
2519 3470 2793 3525 ordinibus
2836 3473 3094 3527 honorem
3137 3464 3391 3527 decreiit.
3443 3472 3533 3526 Dei

1951 3537 2093 3613 enim
2126 3537 2405 3613 imaginem
2446 3538 2604 3594 habet
2624 3557 2736 3613 rex,
2758 3543 2893 3596 sicut
2923 3552 2976 3597 et
3005 3542 3531 3613 episcopusChristi.

1950 3605 2212 3680 Quamdiu
2239 3605 2366 3678 ergo
2391 3609 2443 3662 in
2471 3626 2531 3663 ea
2563 3611 2845 3666 traditione
2885 3623 2986 3680 est,
3035 3605 3377 3668 honorandus
3407 3621 3486 3666 est
3516 3656 3532 3679 ,

1950 3678 1995 3753 si
2026 3692 2131 3753 non
2164 3690 2378 3753 propter
2402 3694 2479 3743 se,
2505 3682 2584 3734 vel
2609 3693 2821 3750 propter
2844 3678 3105 3738 ordinem.
3138 3684 3286 3739 Unde
3307 3678 3536 3753 Aposto4

1950 3746 2035 3803 lus
2060 3748 2247 3817 inquit,
2265 3746 2986 3808 Potestatibus'sublimioribus
3003 3755 3189 3808 subditi
3214 3746 3383 3807 estote.
3410 3752 3533 3808 Non

1950 3826 2021 3872 est
2052 3828 2267 3893 potestas
2296 3821 2391 3874 nisi
2416 3838 2447 3872 a
2477 3820 2579 3876 Deo
2600 3839 2617 3875 :
2638 3840 2747 3893 qua:
2773 3826 2903 3878 enim
2926 3836 3061 3887 sunt,
3090 3842 3121 3877 a
3150 3825 3258 3877 Deo
3287 3824 3534 3877 ordinata:

1949 3898 2064 3942 sunt
2098 3889 2269 3966 (Rom.
2305 3907 2415 3955 xm,
2450 3894 2525 3966 l_).
2561 3889 2691 3947 llinc
2719 3905 2799 3949 est
2821 3906 2875 3949 ut
2899 3897 3247 3966 gentilem,in
3272 3903 3532 3966 potestate

1951 3969 2128 4036 tamen
2146 3962 2423 4036 positum,
2471 3962 2924 4032 honorificemus,
2964 3968 3087 4021 licet
3134 3967 3247 4036 ipse
3273 3962 3533 4035 indignus

1950 4030 2038 4093 sit,
2071 4030 2160 4100 qui
2190 4032 2282 4107 Dei
2312 4032 2552 4107 ordinem
2582 4044 2768 4107 tenens
2796 4030 2992 4106 gratias
3018 4037 3125 4107 agit
3155 4030 3533 4107 diabolofPo-

1950 4108 2117 4173 testas
2143 4104 2281 4173 enim
2311 4105 2491 4172 exigit,
2525 4106 2645 4173 quia
2677 4104 2910 4162 meretur
2939 4104 3218 4162 honorem.
3252 4105 3380 4166 Nam
3413 4107 3534 4161 ideo

1952 4170 2439 4245 Pharaonifuturm
2471 4170 2621 4229 lamis
2648 4178 2910 4231 somnium
2939 4180 3227 4233 revelatum
3271 4185 3353 4231 est
3379 4176 3535 4245 (Gen.

1950 4257 2058 4315 xu,
2094 4242 2248 4315 1-57)
2279 4260 2292 4298 :
2325 4254 2379 4298 et
2404 4244 2890 4302 Nabuchodonosor
2914 4250 3030 4303 aliis
3058 4264 3241 4304 secum
3280 4242 3536 4303 assisten-

1951 4313 2092 4389 tibus
2122 4313 2266 4368 solus
2291 4315 2450 4389 lilium
2486 4316 2578 4389 Dei
2614 4317 2744 4371 vidit
2772 4319 2823 4372 in
2856 4320 3064 4373 camino
3090 4319 3224 4389 ignis
3251 4316 3411 4389 (Dan.
3441 4335 3533 4385 ιιι,

1951 4382 2199 4459 92),_non
2232 4386 2411 4459 utique
2446 4387 2637 4459 merito
2666 4404 2765 4442 suo
2785 4431 2798 4452 ,
2840 4392 2928 4459 qui
2960 4390 3011 4444 in
3056 4382 3197 4445 idolo
3226 4382 3285 4444 se
3324 4382 3534 4446 adorari

1949 4456 2444 4529 voluit.__s_e_mcrito
2468 4457 2667 4512 ordinis
2696 4456 2907 4529 regalis.

2023 4525 2261 4601 XXXV}.
2290 4558 2359 4566 —
2384 4528 2437 4581 Si
2464 4529 2638 4601 anima
2686 4525 2805 4601 quae
2858 4531 3174 4599 peccaverit,
3225 4532 3535 4601 ipsamorie-

1952 4604 2064 4658 tnr,
2097 4596 2221 4670 quid
2271 4606 2351 4670 est
2383 4606 2458 4670 ut
2508 4596 2879 4655 Achar—filius
2923 4601 3139 4656 Charmi
3195 4596 3530 4670 peccaverit,

1950 4676 2021 4790 gi
2044 4666 2256 4790 tgigjnta
2296 4668 2394 4721 viri
2427 4669 2444 4698 ¹
2470 4669 2631 4724 occisi
2656 4679 2774 4724 sunt
2804 4672 2856 4726 in
2878 4687 3039 4728 causa
3069 4666 3393 4742 ejus'(Josue
3418 4689 3489 4729 vn
3514 4666 3529 4742 ,

2027 4738 2157 4807 ,5)?

2026 4807 2145 4884 Alio
2183 4823 2341 4884 sensu
2384 4809 2655 4884 Scriptura
2698 4812 2871 4867 locuta
2911 4822 2990 4868 est
3015 4828 3172 4883 quam
3204 4816 3533 4884 propositum

1953 4886 2056 4933 est.
2085 4876 2202 4957 Non
2231 4880 2464 4957 enim__de
2496 4876 2594 4935 hac
2624 4893 2811 4957 morte
2845 4899 2963 4953 quae
3009 4876 3319 4939 communis
3350 4888 3535 4957 utique

1953 4950 2201 5023 omnibus
2226 4959 2327 5023 est,
2352 4950 2515 5016 dixit;
2546 4952 2639 5007 sed
2666 4954 2731 5009 de
2760 4955 2847 5007 illa
2864 4950 2990 5023 qua:
3016 4957 3309 5023 appellatur
3338 4950 3534 5012 secun-

1953 5019 2041 5074 da.
2075 5020 2199 5074 llaec
2224 5022 2363 5097 enim
2390 5033 2697 5092 peccatores
2726 5019 2945 5094 suscipit
2978 5042 2989 5076 :
3022 5019 3124 5079 illis
3154 5036 3330 5081 autem
3361 5029 3449 5097 qui
3482 5030 3535 5084 in

1954 5105 2127 5161 pugna
2169 5091 2368 5165 mortui
2394 5091 2535 5165 sunt,
2584 5109 2687 5148 non
2727 5091 3002 5165 peccatum
3042 5096 3219 5151 Achar
3269 5091 3536 5155 redditum

1955 5162 2199 5240 est;_sed
2228 5162 2396 5240 obluit
2438 5164 2559 5240 illis,
2608 5162 2753 5240 ne_in
2794 5167 3123 5240 protectione
3165 5168 3340 5240 divina
3372 5170 3537 5240 adjuti

1956 5232 2339 5288 invalescerent
2370 5235 2623 5289 hostibus.
2650 5236 2759 5290 Nec
2786 5232 2925 5291 enim
2971 5254 3129 5293 causa
3167 5239 3344 5295 Achar
3390 5232 3539 5297 inlir-

1956 5304 2081 5377 mati
2131 5315 2283 5377 sunt,
2329 5306 2421 5359 sed
2462 5307 2553 5361 Dei
2605 5308 2802 5362 auxilio
2840 5308 3056 5363 minime
3082 5311 3294 5377 muniti,
3326 5321 3381 5366 ut
3410 5312 3537 5369 dum

1957 5373 2162 5454 fortiter
2208 5376 2383 5431 facere
2431 5387 2731 5454 nequeunt,
2777 5373 3342 5454 occiderenturrNam
3383 5386 3539 5454 pauci

1958 5445 2169 5521 [uerunt
2209 5456 2395 5521 contra
2441 5445 2669 5517 multos,
2718 5449 2856 5504 unde
2882 5459 2934 5504 et
2960 5453 3192 5521 superati
3220 5445 3535 5510 noscuhtur.

1956 5515 2104 5595 Nulla
2131 5533 2263 5595 ergo
2286 5519 2537 5595 injustitia
2560 5521 2611 5575 in
2634 5515 2910 5595 voluntate
2935 5515 3157 5595 Dei'est.
3190 5523 3246 5577 In
3274 5534 3539 5595 potestate

1957 5589 2095 5642 enim
2130 5588 2317 5655 habet,
2340 5588 2392 5643 isi
2423 5591 2672 5659 adjuvare
2701 5594 2814 5646 vult
2845 5609 2856 5645 :
2888 5602 2944 5646 ut
2985 5593 3029 5646 si
3069 5588 3299 5659 alTuerit',
3334 5596 3540 5649 miseri-

1957 5674 2079 5731 cors
2106 5660 2202 5723 sit;
2234 5662 2277 5714 si
2307 5662 2553 5723 noluerit,
2582 5663 2756 5731 justus
2787 5682 2798 5715 :
2833 5679 2931 5718 nec
2957 5665 3098 5717 enim
3130 5667 3183 5717 in
3216 5666 3408 5719 talibus
3438 5667 3537 5721 de-

1956 5729 2097 5803 bitor
2122 5740 2225 5797 est,
2258 5742 2313 5785 ut
2343 5729 2595 5787 teneatur"
2611 5734 2894 5788 obnoxius.
2937 5734 3070 5788 Hinc
3097 5744 3178 5787 est
3205 5735 3347 5803 quod
3384 5736 3539 5794 Jesus

1955 5800 2101 5857 Nave
2144 5804 2483 5858 eontristatus
2529 5805 2685 5859 scidit
2729 5807 3044 5861 vestimenta
3092 5820 3185 5858 sua
3208 5800 3381 5875 (Ibid.
3440 5808 3533 5879 6),

2045 5894 2170 5945 ’Mss.
2190 5894 2387 5948 secundi
2410 5899 2625 5961 generis,
2651 5898 2845 5961 triginta
2866 5910 2953 5950 aea:
2976 5895 3082 5950 viri.
3106 5904 3160 5949 Et
3176 5902 3356 5951 verius.
3422 5908 3479 5951 It.
