4012 6460
195 435 290 492 224
300 431 334 489 5

190 558 300 603 tum
339 540 690 607 sacerdotem,
731 547 783 596 et
809 532 1152 595 nihilominus
1182 533 1478 593 sacerdotio
1511 535 1655 591 illum
1686 553 1772 592 as-

190 627 376 673 serunt
428 615 683 669 functum.
742 611 941 679 Quibus
991 612 1135 680 prius
1193 607 1617 679 respomlendum
1673 617 1771 663 est.

190 689 350 758 Pejus
379 687 520 742 enim
552 694 632 738 est
660 700 852 753 negare
875 681 1383 758 Samuelemuiatum
1415 681 1573 734 fuisse
1595 695 1772 734 sacer-

191 749 392 823 dotem,
425 765 480 812 et
520 767 693 810 tamen
732 749 979 823 asserere
1008 752 1150 804 illum
1184 749 1417 823 itmctum
1449 767 1566 805 esse
1594 766 1773 823 sacer-

189 830 358 898 dotio,
381 821 549 898 quam
579 825 761 898 dicere
797 822 1125 898 sacerdotem
1169 822 1312 898 illum
1344 821 1610 898 fuisseex
1647 822 1773 898 liliis

189 891 539 956 Aaronfﬂic
569 897 710 951 enim
755 894 1046 964 ignorantia
1077 900 1175 956 est,
1212 892 1314 944 illic
1352 891 1589 964 stultitia.
1640 892 1771 946 Cum

189 972 331 1027 enim
359 968 658 1032 didicerint,
676 965 764 1036 qui
786 963 933 1018 illum
948 971 1129 1036 putant
1151 970 1325 1016 natum
1341 963 1688 1036 sacerdotem,
1708 979 1772 1018 ex

187 1041 310 1097 ﬁliis
353 1041 530 1095 Aaron
585 1031 708 1091 non-
747 1051 898 1098 esse;
949 1031 1286 1088 manifestum
1352 1032 1617 1088 habebunt
1668 1051 1771 1087 non

188 1112 337 1166 illum
365 1109 528 1164 fuisse
557 1109 885 1162 sacerdotem
919 1123 930 1159 :
961 1103 1125 1174 ignari
1167 1105 1285 1172 quia
1314 1120 1417 1157 non
1446 1105 1589 1157 licuit
1615 1120 1773 1174 agere

185 1181 345 1236 alicui
370 1179 748 1242 sacerdotium,
778 1176 877 1230 nisi
905 1177 953 1229 ei
981 1175 1066 1244 qui
1099 1184 1237 1228 esset
1259 1190 1321 1228 ex
1345 1175 1546 1230 semine
1575 1176 1768 1229 Aaron.

186 1251 535 1322 Compertum
566 1250 704 1304 enim
731 1247 924 1301 habent
949 1264 960 1310 ;
990 1246 1324 1322 iuauil‘estum
1345 1256 1424 1298 est
1445 1249 1607 1322 enim,
1631 1245 1772 1322 quod

185 1316 365 1377 Cltore
414 1338 535 1375 cum
587 1335 691 1372 non
736 1327 877 1372 esset
907 1333 970 1371 ex
1020 1316 1138 1369 ﬁliis
1181 1318 1378 1383 Aaron,
1425 1323 1476 1370 et
1519 1316 1774 1370 voluisset

186 1408 348 1462 super
373 1394 539 1446 altare
566 1391 839 1462 imponere
868 1387 1166 1462 incensum,
1199 1385 1342 1462 hiatu
1369 1388 1772 1462 lerrmnabsum-

186 1456 308 1533 plus
333 1472 417 1517 est
447 1478 567 1516 cum
613 1456 770 1533 sociis
800 1459 908 1512 suis
944 1457 1125 1532 (Num.
1165 1474 1272 1533 xvl,
1308 1456 1476 1533 1-54).
1526 1458 1590 1512 Et
1619 1457 1770 1533 O_zias

185 1529 302 1598 rex,
335 1548 457 1587 cum
490 1549 592 1586 non
625 1531 803 1599 utique
834 1529 974 1583 esset
1016 1546 1078 1582 ex
1111 1529 1313 1583 semine
1353 1531 1549 1599 Aaron,
1581 1529 1673 1582 scd
1705 1544 1770 1583 ex

185 1606 327 1659 tribu
347 1601 520 1670 Judre,
541 1612 590 1657 et
619 1598 1038 1672 praisumpsisset
1059 1615 1213 1672 agere
1229 1598 1605 1672 sacerdotium,
1625 1607 1770 1672 stans

184 1687 311 1729 ante
337 1675 524 1742 altare,
555 1669 997 1742 percussuslepra
1022 1669 1072 1742 in
1102 1671 1272 1742 l'route
1303 1678 1471 1735 est,et
1492 1671 1569 1724 sic
1592 1670 1769 1742 esspi7

182 1747 320 1799 ravit
350 1753 366 1815 t
391 1745 431 1799 ll
465 1737 642 1797 Paral.
685 1741 835 1805 xxvi,
881 1737 1035 1794 lli~2l
1059 1742 1095 1811 ).
1141 1739 1218 1815 lll_i
1246 1750 1442 1804 autem,
1473 1742 1567 1815 qui
1590 1737 1772 1815 dicunt

183 1811 490 1871 Samueletn
533 1831 637 1868 non
671 1823 848 1866 natum
880 1828 997 1866 esse
1024 1811 1374 1876 sacerdotem,
1406 1819 1459 1864 et
1500 1811 1771 1865 nihilomiw

182 1902 285 1942 nus
316 1888 488 1954 egisse
518 1885 664 1938 illum
693 1892 938 1937 asserunt
977 1881 1352 1954 sacerdotium,
1380 1882 1522 1954 satis
1552 1881 1769 1936 stultum

183 1969 266 2012 est
297 1949 438 2026 qtiod
469 1957 690 2026 dicunt:
723 1966 775 2026 et
801 1953 960 2026 stulto
989 1949 1226 2026 suadere
1255 1952 1392 2026 quod
1424 1951 1618 2026 bonum
1646 1965 1725 2006 est
1751 1994 1766 2018 ,

182 2021 382 2082 laboris
408 2037 490 2081 est
527 2023 761 2079 maximi.
807 2023 1009 2090 Quanta
1041 2024 1179 2076 enim
1214 2021 1532 2076 hebetudine
1571 2023 1771 2077 ducun-

185 2108 294 2162 tur,
326 2107 384 2151 ut
423 2097 535 2151 sole
563 2104 852 2168 apparentc
881 2110 1039 2164 super
1068 2093 1487 2168 terrai‘n,_dicant
1518 2096 1636 2162 quia
1664 2110 1770 2168 uox

183 2169 304 2224 est?
333 2168 468 2223 Cum
509 2163 648 2221 enim
695 2168 887 2234 legant,
922 2163 974 2219 et
1007 2180 1106 2218 non
1139 2178 1264 2234 uno,
1287 2164 1403 2218 loco
1435 2163 1636 2233 legant,
1672 2165 1770 2217 hoc

181 2255 213 2294 a
241 2240 353 2292 Deo
399 2254 516 2293 esse
547 2233 840 2302 deoretum,
887 2248 941 2288 ut
980 2250 1136 2289 nemo
1167 2233 1384 2287 auderet
1412 2235 1769 2289 sacerdotium

180 2325 342 2380 agere
373 2321 569 2378 printer
607 2309 782 2380 Aaron
823 2315 876 2360 et
918 2305 1053 2380 lilios
1098 2307 1231 2380 ejus,
1283 2305 1541 2380 obstinata
1592 2314 1770 2380 mente

181 2373 535 2443 contendunt,
568 2378 900 2432 sacerdotem
933 2377 1092 2434 fuisse
1118 2373 1416 2429 Samuelem
1450 2396 1462 2429 :
1495 2393 1598 2429 non
1627 2377 1770 2430 enim

182 2451 508 2518 intelligunt,
537 2450 657 2518 quia
683 2455 727 2502 si
767 2455 919 2501 natus
945 2446 1192 2518 sacerdos
1222 2461 1324 2498 non
1351 2456 1441 2518 est
1459 2448 1690 2508 Samuel,
1717 2457 1770 2500 et

179 2515 538 2582 sacerdotium
556 2515 681 2589 egit,
715 2527 1068 2589 pra-sumptor
1091 2516 1284 2570 dicitur
1314 2534 1324 2568 :
1356 2515 1476 2589 quia
1507 2518 1770 2589 bocADeus

179 2593 391 2655 statuit,
425 2601 483 2643 ut
507 2587 872 2653 nascerentur,
904 2604 1008 2641 non
1041 2589 1225 2641 tierent
1255 2588 1574 2640 sacerdotes.
1611 2587 1674 2640 Et
1703 2589 1769 2641 de

178 2661 432 2715 Samuele
460 2661 557 2714 hoc
598 2662 796 2714 sentire
842 2671 966 2727 puto
997 2667 1164 2711 tutum
1196 2673 1298 2710 non
1329 2673 1464 2711 esse.
1495 2658 1771 2725 Quomodo

178 2733 326 2786 enim
364 2742 540 2800 posset
573 2731 704 2795 lieri,
738 2740 791 2784 ut
821 2731 900 2782 vir
939 2727 1218 2800 laudabilis
1262 2737 1311 2780 et
1343 2728 1433 2780 Dei
1471 2729 1770 2782 testimonio

176 2799 589 2856 Commendatus
616 2801 715 2855 hoc
736 2810 936 2870 ageret,
960 2799 1100 2869 quod
1133 2799 1500 2870 inconcessum
1531 2800 1770 2854 sciebat?

175 2872 344 2942 Cujus
374 2875 534 2926 etiam
578 2868 1000 2942 prmsrrriiptionis
1028 2868 1311 2942 vindictam
1356 2869 1769 2942 proicertolia-

175 2939 341 2998 bebat
369 2944 536 2998 semel
563 2939 616 2996 et
636 2939 825 2995 iterum
850 2939 1056 2994 laetam.
1090 2939 1271 3009 Neque
1291 2940 1431 3009 enim
1459 2940 1547 2993 Dei
1573 2940 1771 3005 judicio

174 3014 355 3084 potuit
381 3014 447 3067 ad
493 3015 591 3084 hoc
620 3014 1073 3084 aspirare,rquem
1119 3007 1498 3084 immutabilem
1529 3010 1767 3084 sciebat:

173 3081 200 3138 a
231 3100 364 3154 quo,
401 3087 445 3137 si
484 3083 618 3154 forte
647 3083 744 3154 hoc
782 3082 1034 3146 audisset,
1072 3082 1260 3154 tentari
1300 3095 1357 3135 se
1390 3081 1562 3154 potius
1601 3082 1772 3136 credi-

171 3152 364 3217 dis'set,
419 3153 635 3208 sciendo
680 3153 845 3208 Deum
888 3153 1031 3207 nullo
1075 3152 1234 3206 niodo
1273 3152 1589 3206 sententiam
1621 3167 1771 3208 suam

173 3241 339 3296 posse
370 3223 696 3296 rescindere.
726 3225 930 3296 Posset
965 3223 1106 3278 enim
1152 3223 1317 3292 magis
1348 3222 1445 3277 sub
1494 3224 1581 3296 Dei
1611 3239 1771 3292 appa-

171 3294 350 3352 rentia
379 3306 436 3350 et
481 3295 695 3348 nomine
723 3295 771 3347 id
798 3294 879 3364 agi
909 3309 1086 3348 secum
1116 3295 1355 3359 credere,
1386 3303 1444 3347 ut
1472 3295 1769 3349 circumve-

171 3371 390 3422 niretur
421 3381 447 3418 a
479 3375 626 3433 parte
655 3364 895 3428 adversa,
935 3381 1089 3433 quam
1129 3364 1382 3433 judicium
1416 3381 1566 3418 suum
1606 3366 1771 3420 Deum

171 3454 339 3508 posse
364 3446 589 3490 mutare.
624 3436 857 3508 Denique
881 3452 1000 3490 cum
1028 3436 1237 3492 Balaam
1264 3434 1562 3508 prohibitus
1587 3435 1772 3491 fuisset

170 3506 198 3562 a
232 3511 374 3571 Deo,
409 3522 473 3560 ne
504 3508 603 3560 iret
632 3506 695 3559 ad
741 3507 954 3570 Balacii,
987 3516 1038 3562 et
1084 3518 1265 3574 postea
1297 3506 1486 3560 iterum
1517 3507 1772 3575 requisis-

171 3588 281 3642 set,
317 3595 386 3632 an
417 3578 552 3639 iret;
581 3576 882 3645 indignatus
921 3578 968 3630 ei
1000 3577 1155 3641 Deus,
1188 3592 1254 3630 ex
1283 3592 1375 3630 ore
1418 3577 1579 3629 asiuze
1607 3579 1772 3632 corri-

171 3651 293 3720 puit
339 3663 463 3721 eum
491 3665 503 3699 :
531 3650 652 3716 quia
679 3647 1058 3721 prohibentem
1078 3648 1332 3721 _a_ngelum
1375 3647 1729 3721 videns‘asina
1753 3689 1768 3714 ,

171 3716 420 3788 Emptum
444 3719 542 3772 iter
566 3720 781 3785 implere
811 3718 1020 3771 nolebat
1043 3716 1226 3785 (Num.
1254 3733 1381 3788 xxii,
1412 3717 1524 3787 “28).
1557 3717 1767 3773 Balaam

171 3787 334 3854 vero,
371 3789 685 3858 prohibente
719 3790 828 3858 Deo
861 3805 925 3842 ne
955 3789 1071 3852 iret,
1105 3788 1292 3842 iterum
1325 3787 1675 3856 interrogans,
1705 3805 1771 3843 an

174 3863 256 3917 ire
281 3857 438 3913 illum
460 3860 616 3914 vellet
640 3876 652 3922 ;
683 3860 758 3913 sic
786 3857 851 3912 de
878 3859 983 3913 Deo
1003 3861 1150 3927 quasi
1175 3861 1238 3912 de
1263 3857 1766 3927 hominejmlicavit,

172 3933 266 4002 qui
315 3948 423 4002 per
441 3929 490 4002 id
532 3929 671 4002 quod
713 3930 1037 4002 imprae-scius
1065 3939 1166 3993 est,
1206 3931 1392 4002 varius
1422 3938 1474 3982 et
1501 3930 1770 4002 mutabilis

172 3999 280 4059 est.
320 4001 430 4057 Sed
459 4001 668 4054 Balaam
700 4000 844 4053 nullo
889 4000 1066 4053 divino
1099 3999 1398 4054 testimonio
1435 4000 1774 4054 commenda-

175 4086 304 4138 tur;
339 4082 456 4128 erat
486 4072 625 4124 enim
659 4070 912 4124 hariolus.
946 4071 1156 4125 Samuel
1187 4080 1361 4125 autem
1395 4070 1472 4123 vir
1500 4071 1608 4124 Deo
1647 4072 1775 4124 cha-

172 4162 294 4207 rus,
325 4153 379 4198 et
403 4142 722 4210 judiciorum
752 4141 866 4210 ejus
896 4142 1069 4195 sciens
1101 4142 1256 4194 lixam
1287 4156 1404 4196 esse
1432 4143 1770 4208 sententiam,

173 4213 459 4283 quomodo
483 4212 622 4266 aliud
653 4211 766 4266 ﬁeri
808 4211 1288 4283 deberecrederet,
1325 4228 1482 4282 quam
1521 4213 1720 4267 sciebat
1743 4229 1774 4268 a

176 4282 294 4341 Deo
324 4300 442 4338 esse
469 4283 848 4339 constitutum?
878 4282 980 4336 Sed
1011 4282 1146 4347 llcli,
1175 4283 1436 4351 inquiunt,
1464 4293 1692 4348 mortuo,
1721 4293 1774 4338 et

174 4358 310 4412 ﬁliis
339 4355 458 4425 ejus
484 4354 866 4425 sacerdotibus,
894 4353 1117 4425 Samuel
1147 4353 1313 4425 εαξρίιῄ
1335 4369 1490 4425 agere
1521 4355 1770 4410 sacerdo-

176 4430 339 4482 tium.
373 4423 538 4491 Quod
566 4440 664 4478 nec
691 4425 848 4478 lectio
874 4423 1046 4487 docet,
1077 4438 1177 4477 nec
1218 4423 1352 4476 ratio
1379 4424 1627 4478 admittit.
1664 4425 1775 4481 Hoc

177 4500 332 4553 enim
363 4497 620 4559 dicentes,
669 4496 869 4548 nullum
902 4502 1083 4562 putant
1123 4504 1245 4566 tunc
1271 4495 1569 4566 fuissetqui
1596 4505 1777 4564 ageret

176 4568 573 4630 sacerdotium,
602 4576 661 4620 ut
703 4565 783 4620 his
814 4566 981 4619 tribus
1023 4565 1264 4628 mortuis,
1311 4565 1410 4618 nisi
1440 4565 1651 4618 Samuel
1685 4582 1777 4634 po-

177 4641 298 4709 puli
342 4654 564 4692 munera
622 4637 946 4709 obtulisset,
981 4636 1335 4709 sacerdotium
1384 4637 1465 4709 agi
1509 4636 1772 4709 desiisset.

177 4705 320 4780 Quae.
343 4708 669 4780 asseveratio
695 4717 777 4760 est
808 4707 899 4780 Dei
939 4707 1168 4780 inimica.
1219 4705 1310 4760 llis
1332 4707 1476 4780 enim
1508 4707 1647 4780 Deus
1673 4708 1774 4780 im:

179 4776 447 4852 providus
469 4779 731 4847 iudicatur
757 4778 903 4852 quasi
931 4778 1167 4852 nescius,
1187 4791 1304 4852 cum
1331 4776 1378 4830 id
1407 4779 1608 4852 statuit,
1633 4777 1776 4847 quod

179 4847 510 4928 permanere
553 4861 656 4904 non
703 4850 884 4928 possit.
931 4848 1121 4916 thuid
1162 4847 1301 4902 enim
1334 4849 1464 4928 nulli
1502 4850 1587 4901 alii
1618 4862 1775 4928 quam

180 4919 317 4978 liliis
361 4923 540 4976 Aaron
590 4920 942 4974 sacerdotium
992 4934 1150 4986 agere
1209 4933 1374 4987 usque
1419 4919 1470 4971 in
1524 4921 1774 4973 saeculum

179 4994 399 5061 statuit,
429 4991 530 5047 hoc
559 5001 661 5054 est,
695 5006 858 5060 usque
893 4989 959 5043 ad
991 4999 1225 5058 tempora
1273 4989 1526 5043 adventus
1557 4989 1772 5061 Christi,

180 5067 225 5119 si
247 5065 359 5119 hoc
382 5060 612 5119 deﬁcere
633 5061 876 5116 sciebat?
907 5061 959 5113 Si
991 5070 1164 5113 autem
1186 5060 1425 5124 nescivit,
1457 5060 1593 5129 quod
1617 5061 1773 5125 absit,

181 5135 525 5206 improvidus
555 5133 649 5206 luit
674 5151 692 5206 _:
731 5131 945 5206 etvideo
975 5132 1084 5185 lieri
1115 5131 1313 5206 potuit,
1349 5139 1404 5183 ut
1430 5147 1527 5185 nec
1567 5132 1778 5206 Samuel

181 5200 374 5270 fuerit,
404 5205 507 5260 illis
535 5203 916 5263 deﬁcientibus,
941 5202 1211 5256 sacerdos.
1245 5200 1299 5256 Si
1327 5211 1504 5256 autem
1535 5202 1780 5269 providus

179 5288 239 5333 et
274 5277 537 5346 praescius
575 5276 715 5346 Deus
743 5281 844 5338 est,
891 5273 1179 5346 permansit
1208 5273 1353 5346 quod
1393 5275 1615 5346 statuit:
1646 5282 1699 5346 et
1735 5274 1780 5328 si

181 5342 491 5419 permansit
519 5345 658 5416 quod
683 5346 897 5419 statuit,
917 5342 1383 5419 Samuelnonegit
1406 5344 1776 5419 sacerdotium,

225 5419 288 5473 ui
322 5418 420 5471 Dei
444 5414 550 5470 non
574 5426 688 5472 erat
715 5415 986 5471 sacerdos.
1018 5414 1077 5484 in
1106 5414 1278 5468 Veteri
1301 5415 1440 5467 enim
1467 5414 1608 5484 Lege
1635 5415 1780 5469 nasci

225 5437 288 5473 ιιι
323 5437 420 5471 υει
444 5437 548 5470 non
574 5437 688 5472 erat
715 5437 986 5471 δυωτυυδ.
1018 5437 1074 5470 ιιι
1115 5437 1278 5468 νδιυιί
1301 5437 1440 5467 UIIIIII
1467 5437 1608 5484 L688
1635 5437 1780 5469 IIHSCI

181 5437 442 5547 decrevit
468 5488 606 5542 Deus
629 5487 950 5548 sacerdotes,
977 5484 1028 5538 in
1058 5483 1203 5539 Nova
1232 5499 1358 5538 vero
1389 5485 1500 5538 ﬁeri
1533 5487 1782 5540 Dominus

179 5560 357 5633 jussit
386 5558 722 5633 sacerdotes;
740 5558 951 5633 Eligant
989 5571 1127 5610 nunc
1157 5572 1316 5633 unum
1346 5573 1374 5608 e
1401 5555 1606 5633 duobus
1631 5573 1646 5620 ;
1690 5565 1783 5610 aut

184 5626 389 5689 iratum
422 5629 651 5698 probent
691 5626 993 5683 Samuelem
1033 5626 1383 5692 sacerdotem,
1427 5635 1519 5680 aut
1563 5627 1779 5682 factum.

185 5703 310 5761 Sed
353 5701 691 5754 consentiunt
737 5715 839 5753 non
873 5699 1016 5752 illum
1058 5708 1234 5751 natum
1263 5712 1381 5751 esse
1406 5698 1734 5752 sacerdotem
1764 5739 1778 5764 ,

184 5776 326 5848 quia
352 5773 527 5827 sciunt
552 5773 696 5826 illum
719 5785 824 5848 non
846 5785 967 5848 esse
992 5786 1057 5848 ert
1085 5770 1204 5848 ﬁliis
1232 5770 1428 5822 Aaron.
1457 5768 1511 5823 Si
1527 5783 1667 5848 ergo
1685 5786 1780 5848 ua_-

187 5841 287 5903 t'us
329 5860 433 5898 non
460 5852 544 5901 est
568 5841 816 5898 sacerdos
843 5842 1074 5904 Samuel,
1107 5841 1271 5894 lactus
1300 5850 1474 5894 autem
1510 5857 1615 5894 non
1655 5842 1787 5911 legi-

187 5928 311 5990 tur,
341 5938 440 5975 nec
481 5921 752 5992 probatur,
797 5923 920 5991 quia
957 5931 1054 5975 nec
1081 5921 1340 5973 statuerat
1384 5913 1520 5970 Deus
1553 5914 1669 5970 ﬁeri
1698 5931 1780 5972 sa-

1648 407 2010 479 APPENDIX.

3319 419 3460 489 29.18

1883 536 2160 601 cerdcites;
2190 535 2242 591 in
2286 535 2530 592 absoluto
2571 544 2672 605 est,
2703 539 3005 596 Samuelem
3036 535 3252 600 minime
3297 545 3460 605 l’u’i'sse

1883 607 2378 682 sacerdotchScd
2407 609 2820 682 contradictores
2845 613 3034 668 clausis
3073 615 3258 679 oculis,
3290 615 3342 670 Si
3371 631 3459 674 sa-

1881 677 2090 754 cerdos,
2119 679 2654 754 inquiunt,_nonfuit,
2680 679 2845 754 vicem
2875 691 3047 738 tamen
3073 686 3177 754 egit
3200 677 3455 741 sacerdo-

1883 749 1946 802 tis
1968 765 1988 822 Δ;
2021 750 2266 818 quoniam
2297 751 2484 820 legitur
2515 753 2620 804 Deo
2650 753 2963 807 sacrillcium
3007 749 3279 811 obtulisse.
3331 758 3459 822 Quis

1880 819 2070 900 audeat
2099 835 2291 900 negare
2291 819 2453 900 “quod
2485 825 2739 900 scriptum
2765 824 3014 900 puobatui-
3037 825 3080 894 (ἰ
3100 825 3224 900 Reg.
3245 819 3460 900 vnfﬂ)?

1881 888 2078 944 Obtulit
2121 888 2258 944 enim
2291 888 2400 944 Deo
2447 888 3159 961 sacrificium-Samuel,'sed
3175 888 3301 952 "non
3325 888 3458 956 inde

1881 961 2047 1035 vicem
2089 962 2384 1035 sacerdotis
2409 963 2580 1035 egisse
2611 967 2963 1034 cognoscitur.
3002 967 3114 1035 Ipse
3143 968 3284 1023 enim
3315 984 3456 1025 scm-

1880 1047 1974 1110 por
2000 1031 2192 1110 dicitur
2218 1033 2425 1110 ollerrc,
2461 1034 2610 1110 cujus
2640 1031 3104 1110 OlliutllllllZSﬁll-Ill,
3136 1054 3267 1110 quas
3297 1055 3457 1110 super

1878 1103 2042 1156 altare
2092 1102 2311 1180 imponit
2357 1105 2623 1180 sacerdos.
2659 1105 2724 1159 Et
2760 1104 2882 1180 Sadl
2913 1107 3101 1162 obtulit
3133 1102 3234 1163 lioc
3276 1102 3456 1180 utique

1878 1188 2092 1249 genere,
2109 1172 2168 1249 _id
2185 1183 2416 1249 _est,_per
2443 1175 2794 1249 sucerdotein,
2819 1177 2953 1230 sicut
2979 1187 3031 1231 et
3058 1193 3193 1234 nunc
3215 1172 3454 1249 olfertur;

1877 1251 1928 1298 et
1965 1242 2121 1296 David
2150 1244 2357 1307 obtulit,
2392 1252 2445 1299 et
2471 1244 2720 1300 Salomon
2749 1247 2952 1310 obtulit,
2984 1257 3036 1302 et
3060 1251 3236 1305 cfeteri
3265 1242 3453 1307 simili;

1878 1321 1960 1368 ter
2019 1313 2321 1368 obtulerunt
2367 1332 2380 1366 :
2429 1316 2680 1384 numquid
2738 1332 2931 1382 omnes
2976 1321 3145 1374 vicem
3195 1323 3456 1378 sacedotis

1877 1384 2421 1462 egerunt‘i__Quatnvis
2463 1388 2604 1462 cuitu
2652 1390 2864 1462 proprio
2910 1390 3156 1446 sacerdos
3206 1391 3452 1462 fungatur

1875 1455 2070 1534 ol‘lieio.
2122 1455 2212 1534 ille
2241 1467 2420 1534 ta_mcn_
2445 1456 2636 1534 oll‘erre
2666 1455 2875 1524 dicitur,
2908 1462 3058 1534 cujus
3102 1455 3327 1517 nomine
3345 1464 3453 1534 agit

1876 1525 2167 1598 sacerdos:
2195 1525 2477 1598 lpsienim
2529 1529 2833 1598 imputatur,
2879 1525 3027 1598 cujus
3067 1547 3288 1587 munera
3325 1525 3456 1589 olle-

1876 1605 2082 1649 runtur.
2129 1596 2194 1650 Et
2237 1596 2324 1666 qui
2376 1596 3232 1674 non_l'uitlsaeerdos,:quomodo
3283 1605 3453 1658 vicem

1874 1679 2030 1750 agere
2075 1677 2282 1736 poterat
2323 1669 2655 1750 sacerdotis?
2697 1670 2957 1750 [Sunuquid
2989 1669 3240 1750 diaconus
3281 1683 3456 1744 potest

1874 1739 2040 1791 vicem
2085 1754 2271 1814 gerere
2315 1739 2647 1814 sacerdotis?
2707 1741 2989 1796 Phr-lectus
3031 1745 3229 1798 etenim
3282 1739 3456 1814 potest

1874 1823 2030 1876 agere
2059 1809 2224 1862 vicem
2258 1811 2504 1879 prreleeti,
2534 1821 2597 1864 et'
2616 1819 2808 1880 pra-tor
2838 1815 3110 1880 prartoris;
3147 1829 3247 1868 non
3277 1809 3451 1870 tamen

1875 1880 2108 1955 privatus
2133 1889 2300 1955 potest
2317 1896 2478 1955 agere
2501 1881 2665 1936 vicem
2691 1884 2962 1951 potestatis
2980 1886 3199 1954 alicujus
3222 1903 3232 1937 :
3257 1894 3455 1955 quanto

1873 1951 2358 2024 magis_s:ict~rilotis
2390 1953 2554 2024 vicem
2581 1967 2736 2022 agere
2766 1967 2868 2024 non
2905 1951 3217 2024 potest,'qui
3244 1951 3347 2010 n'ou
3371 1964 3455 2011 est

1874 2021 2166 2095 sacerdos?
2193 2021 2309 2095 Quo
2347 2021 2738 2095 enimcons‘ilio
2764 2024 2828 2077 ad
2857 2021 2955 2079 hoc
2981 2021 3215 2095 aspirare
3241 2027 3451 2093 audeat,

1873 2090 2012 2214 quod
2045 2090 2144 2144 sibi
2189 2094 2288 2145 scit
2340 2109 2442 2145 non
2476 2093 2670 2147 licere?
2700 2094 2828 2147 Nam
2879 2096 2922 2148 si
2964 2090 3213 2152 sacerdos
3259 2090 3454 2152 alicubi

1912 2161 2031 2214 esit.
2063 2170 2236 2214 potest
2266 2163 2480 2214 alterius
2509 2164 2606 2214 loci
2639 2165 2888 2214 sacerdos
2927 2179 3140 2214 rogatus
3176 2169 3371 2214 venire-
3403 2177 3454 2214 nl

1912 2161 2031 2235 esit,
2063 2170 2236 2235 potest
2266 2163 2480 2217 alterius
2509 2164 2606 2218 loci
2639 2165 2902 2235 sacerdos
2927 2179 3140 2235 rogatus
3176 2169 3373 2234 venire,
3403 2177 3456 2222 et

1873 2233 2045 2308 vicem
2068 2232 2185 2308 ejus
2206 2248 2396 2301 agere;
2426 2251 2529 2288 non
2557 2245 2732 2290 tamen
2763 2232 3037 2308 propheta,
3069 2240 3310 2308 quamvis
3334 2232 3457 2292 san-

1874 2310 1972 2355 cta:
1999 2303 2118 2354 vitae
2146 2305 2232 2369 sit,
2264 2319 2421 2372 agere
2459 2314 2634 2375 potest
2669 2303 2806 2374 quod
2837 2303 2934 2359 scit
2963 2308 3059 2361 sibi
3086 2303 3308 2362 iniuime
3339 2323 3456 2363 esse

1874 2387 2211 2447 concessum.
2246 2375 2394 2428 Aliud
2426 2377 2565 2428 enim
2598 2385 2679 2429 est
2716 2375 2848 2431 bene
2874 2377 3069 2447 vivere,
3101 2388 3152 2432 et
3181 2379 3322 2432 aliud
3365 2393 3457 2447 po-

1877 2452 2117 2518 testatem
2149 2444 2369 2510 alicujus
2418 2447 2575 2499 ol’ticii
2607 2449 2869 2516 accipere.
2911 2445 3057 2501 Sicut
3087 2450 3225 2503 enim
3257 2450 3345 2518 qui
3365 2444 3459 2503 sa-

1875 2515 2063 2568 cerdos
2115 2527 2216 2579 est,
2270 2533 2371 2568 non
2413 2532 2478 2570 ex
2522 2532 2585 2570 eo
2635 2515 2796 2571 vitam
2841 2532 2989 2570 suam
3035 2515 3457 2575 commendatam

1877 2595 2060 2652 putare
2091 2585 2245 2656 debet
2271 2603 2283 2649 ;
2313 2587 2381 2639 ita
2407 2595 2459 2640 et
2481 2589 2567 2656 qui
2597 2600 2792 2642 sanetae
2818 2590 3233 2643 conversationis
3263 2601 3316 2644 et
3334 2592 3456 2644 Viue

1875 2664 1974 2718 est,
2025 2671 2127 2706 non
2151 2655 2259 2722 jam
2289 2672 2348 2708 ex
2380 2672 2445 2709 eo
2474 2655 2570 2710 sibi
2614 2659 2966 2711 sacerdotium
3002 2659 3267 2714 vindicare
3294 2661 3457 2715 debe-

1875 2723 1972 2776 bit.
2027 2727 2274 2789 Quamvis
2317 2727 2458 2778 enim
2502 2727 2692 2781 bonum
2746 2727 2816 2781 sit
2863 2730 3235 2794 sacerdotium,
3285 2740 3458 2785 tamen

1875 2795 2070 2871 malum
2098 2796 2198 2848 erit
2225 2797 2292 2871 ei,
2338 2797 2420 2849 cui
2451 2813 2761 2871 concessum
2809 2815 2912 2852 non
2943 2803 3043 2862 est,
3067 2809 3130 2871 let
3158 2804 3450 2871 prmsumit.

1876 2865 2002 2918 Nam
2031 2867 2070 2918 si
2103 2867 2445 2937 reqiiriamus
2475 2868 2612 2935 quod
2656 2868 2908 2937 scriptum
2941 2882 3016 2924 e5!
3049 2870 3114 2925 de
3140 2865 3322 2925 sancto
3359 2872 3458 2925 Sa-

1879 2937 2069 3011 qucle,
2099 2936 2393 3011 videbimus
2415 2940 2566 3006 quale
2592 2936 2947 2992 testiumnium
2962 2939 3061 3011 det
3086 2944 3133 2994 ei
3161 2941 3454 3011 Scriptura,

1875 3006 2077 3064 dicens.
2110 3008 2168 3058 Iit
2187 3010 2417 3082 innotuit,
2443 3011 2627 3082 inquit,
2654 3013 2787 3062 omni
2810 3009 3020 3082 populo,
3039 3006 3460 3082 quoniam-ﬁdelis

1877 3088 1944 3154 est
1985 3079 2213 3154 Samuel
2251 3081 2511 3154 prop/telo
2559 3079 2775 3154 ﬂumina
3000 3079 3076 3145 tu,
3121 3082 3240 3154 ΞΟ).
3289 3079 3354 3136 Et
3406 3085 3458 3137 in

1877 3148 2129 3220 Psalmot
2148 3147 2322 3220 Fiant,
2348 3147 2556 3218 inquit,
2593 3150 2791 3220 Moyses
2830 3147 2875 3203 et
2904 3153 3072 3206 Aaron
3100 3153 3150 3206 in
3181 3147 3460 3208 sacerdotes

1876 3219 2004 3287 ejus,
2032 3229 2075 3271 et
2098 3217 2457 3294 Saiuuel‘intcr
2489 3238 2573 3294 eos
2596 3217 2927 3290 qui'iut'ocant
2955 3239 3132 3276 nomen
3159 3225 3264 3293 ejus
3287 3224 3455 3294 (Psal.

1879 3305 2062 3354 XtIVIIl,
2096 3291 2172 3359 6).
2217 3291 2346 3356 Quis
2378 3307 2479 3344 non
2511 3289 2748 3344 advertat
2786 3309 2850 3345 ex
2882 3294 2977 3347 hac
3004 3289 3340 3350 distinctione
3384 3295 3463 3349 di-

1877 3360 2016 3437 visas
2054 3375 2172 3415 esse
2205 3375 2459 3437 personas
2495 3363 2805 3437 dignitatum
2847 3379 3026 3437 causa,
3071 3373 3125 3437 ut
3163 3364 3368 3437 Moyses
3409 3375 3463 3420 et

1876 3431 2500 3504 Aaromsaccrdotalem
2551 3434 2854 3501 dignitatem
2910 3435 3084 3504 adepti
3136 3431 3458 3502 noscantur;

1835 3545 1842 3554 .
1877 3499 2092 3574 Samuel
2123 3517 2270 3574 vero,
2300 3504 2437 3555 inter
2472 3499 2765 3574 prophetas
2814 3504 2922 3574 Deo
2968 3499 3158 3574 dignus
3196 3499 3463 3563 exstitisse

1877 3570 2153 3645 habeatur,
2186 3573 2290 3645 qui
2323 3570 2565 3640 precibus
2614 3575 2774 3645 Detnn
2819 3570 3137 3645 invocabant
3178 3577 3243 3629 ad
3286 3587 3462 3645 prote-

1876 3641 2104 3710 gendum
2138 3644 2387 3712 populum
2420 3658 2594 3708 suum,
2628 3644 2765 3696 sicut
2806 3645 3030 3712 legitur?
3059 3644 3112 3698 In
3143 3641 3340 3699 tantum
3369 3663 3462 3701 au-

1877 3720 1983 3764 tem
2028 3713 2331 3784 sacerdotes
2363 3714 2577 3784 minime
2608 3715 2839 3784 defuisse
2868 3715 3177 3784 probantur,
3224 3727 3278 3769 ut
3308 3733 3460 3770 revo-

1876 3790 1993 3853 cata
2018 3797 2138 3835 arca
2166 3782 2232 3835 ab
2251 3783 2567 3853 Allophylis,
2594 3784 2782 3851 bajulis
2805 3782 3018 3850 Levitis,
3045 3786 3139 3839 viri
3162 3786 3460 3842 Bethsamis

1877 3851 2166 3926 obtulerint
2184 3853 2288 3926 Deo
2307 3851 2563 3926 suci-ilicia
2591 3855 2808 3908 abSente
2826 3857 3089 3926 Samuele.
3123 3856 3265 3926 Rege
3282 3869 3457 3912 autent

1877 3921 2016 3995 facto
2047 3923 2224 3987 Saule,
2257 3923 2679 3995 Achimaaserat
2711 3940 2971 3995 pronepos
2999 3925 3112 3980 Heli
3145 3921 3454 3994 Sacerdotis,

1877 3994 1968 4062 qui
2009 3995 2254 4065 portabat
2296 3994 2489 4064 ephod.
2536 3994 2641 4049 Sed
2683 3995 2823 4062 hinc,
2858 3994 3115 4065 inquiunt,
3146 3998 3350 4052 videtur
3379 4015 3462 4052 sa-

1878 4065 2068 4138 cerdos
2097 4064 2258 4138 luisse
2276 4065 2509 4138 Samuel,
2539 4067 2671 4138 quia
2693 4067 2908 4138 vestitus
2934 4064 3046 4121 erat
3067 4068 3259 4138 ephod.
3293 4069 3455 4137 Quasi

1879 4150 1983 4209 ριν]
2009 4136 2165 4209 hodie
2182 4135 2387 4209 diaconi
2411 4136 2705 4209 daluiaticis
2727 4137 3032 4204 induantur,
3049 4135 3184 4192 sicut
3204 4135 3459 4209 episcopi.

1879 4204 2066 4278 Epliod
2099 4217 2273 4278 autem
2300 4207 2651 4278 etiam_[)avid
2686 4208 2904 4278 legimus
2933 4209 3092 4264 fuisse
3124 4204 3464 4275 indutum-et

1881 4275 2332 4345 dupliccmephod
2357 4279 2372 4348 (
2393 4276 2433 4330 ll
2457 4275 2582 4346 Reg.
2614 4294 2683 4342 vr,
2712 4275 2773 4331 ll
2795 4282 2835 4348 ).
2865 4279 3075 4334 Samuel
3098 4290 3270 4336 autem
3291 4283 3463 4337 adhuc

1883 4348 2154 4422 puerulus,
2182 4349 2610 4422 succimrtuserat
2635 4348 2805 4417 ephod
2836 4349 2878 4418 (Ι
2906 4348 3032 4421 Reg.
3060 4367 3113 4415 n,
3149 4352 3232 4422 l8)
3266 4371 3280 4422 _:
3313 4370 3463 4407 umn-

1885 4419 2008 4485 quid
2035 4419 2288 4490 puerulus
2306 4419 2470 4490 potuit
2490 4420 2596 4472 Deo
2617 4435 2834 4473 numera
2860 4419 3037 4490 populi
3056 4419 3279 4476 oll‘errb?
3309 4424 3464 4478 Vides

1886 4502 2032 4556 ergo,
2062 4490 2182 4557 quia
2208 4488 2379 4557 epbod
2411 4505 2568 4541 unum
2615 4489 2824 4557 quidem
2863 4488 3062 4544 nomen
3093 4501 3194 4556 est,
3238 4492 3328 4545 sed
3358 4509 3463 4548 non

1888 4573 2046 4632 unam
2086 4574 2195 4611 rem
2228 4574 2437 4632 semper
2463 4559 2738 4632 signiﬁcat.
2771 4561 3086 4632 Sacerdotes
3118 4563 3254 4615 enim
3283 4574 3462 4632 porta-

1886 4628 2032 4702 bant,
2068 4643 2168 4702 uou
2208 4630 2566 4702 vestiebantur
2606 4627 2824 4702 ephod;
2866 4648 3019 4702 reges
3063 4649 3185 4685 vero
3226 4627 3461 4687 et'levita

1888 4699 2122 4771 Samuel
2145 4699 2494 4771 induebamur
2536 4699 2730 4768 ephod.
2781 4699 3077 4771 Aliquando
3107 4718 3232 4771 ergo
3263 4705 3422 4757 vestis
3445 4748 3458 4771 ,

1883 4770 2162 4842 aliquando
2188 4770 2334 4838 quasi
2375 4771 2714 4842 armariolmn
2748 4772 2785 4836 ¹,
2814 4770 2952 4842 quod
2985 4770 3262 4842 portabant
3291 4770 3466 4829 sach

1884 4839 2032 4913 dotes
2059 4839 2122 4893 ad
2141 4840 2567 4913 interrogandum
2598 4839 3246 4913 Dominum,xsignilieatur
3265 4845 3458 4913 ephod.

1883 4911 2142 4978 Quantum
2173 4905 2407 4979 apparet,
2454 4912 2732 4979 probatum
2774 4921 2852 4967 est
2887 4905 3196 4968 'Sainuelem
3240 4905 3341 4968 non
3375 4932 3462 4970 sa-

1885 4927 2142 4978 Quantum
2173 4927 2407 4979 apparet,
2492 4927 2732 4966 rouatum
2774 4927 2852 4967 est
2899 4927 3196 4968 Samuctem
3240 4931 3341 4968 non
3375 4932 3460 4970 sa-

1885 4981 2170 5056 Cerilotem,
2202 4980 2292 5056 sed
2319 4927 2628 5052 propiietam
2663 4982 2822 5056 fuisse
2853 5001 2864 5034 :
2897 4999 3034 5056 nunc
3056 4983 3138 5039 his
3168 4986 3460 5056 responde-

1885 5066 2022 5117 mus,
2069 5051 2158 5121 qui
2208 5051 2507 5120 ignorantes
2549 5055 2667 5122 quia
2717 5054 2930 5108 Samuel
2974 5070 3079 5109 non
3115 5063 3198 5109 est
3241 5051 3307 5111 de
3343 5057 3464 5112 ﬁliis

1885 5123 2060 5176 Aaron
2088 5122 2398 5193 sacerdotis,
2442 5124 2704 5177 arstiuiant
2733 5125 2877 5177 illum
2905 5125 3232 5180 sacerdotem
3265 5128 3460 5193 fuisse;

1886 5208 1984 5247 nec
2010 5193 2152 5248 enim
2186 5192 2262 5246 las
2307 5203 2438 5257 erat,
2471 5204 2529 5246 ut
2555 5196 2619 5249 de
2663 5196 2862 5263 origine
2893 5196 3065 5250 Aaron
3093 5192 3462 5264 descendens,

1885 5265 2135 5338 sacerdos
2175 5279 2285 5338 non
2309 5275 2469 5319 esset.
2511 5267 2654 5332 Quos
2683 5269 2908 5338 primum
2949 5267 3073 5338 volo
3101 5283 3422 5338 cognoscere
3448 5311 3464 5336 ,

1886 5337 2004 5405 quia
2033 5336 2077 5389 si
2107 5335 2353 5391 sacerdos
2393 5345 2506 5390 erat
2546 5337 2778 5399 Samuel,
2809 5339 2921 5392 sine
2956 5337 3114 5393 dubio
3145 5335 3196 5392 et
3237 5338 3465 5395 Helcana

1889 5416 2040 5482 pater
2067 5407 2180 5482 ejus
2211 5407 2457 5482 sacerdos
2483 5405 2939 5482 fllll‘bcong'l‘lllllll
2968 5423 3177 5482 quoque
3220 5409 3389 5482 fuerat
3414 5421 3467 5465 et

1886 5475 2025 5529 ﬁlios
2067 5478 2181 5546 ejus
2221 5477 2528 5549 sacerdotes
2575 5475 2778 5532 fuisse}
2812 5495 2962 5548 quos,
2984 5475 3116 5549 quia
3163 5481 3466 5536 Sacerdotes

1888 5562 1990 5624 non
2015 5545 2184 5624 erant,
2209 5548 2412 5624 judiecs
2438 5547 2554 5624 illos
2584 5545 2857 5624 constit_uit
2883 5545 3182 5624 llliis’lsrael
3209 5551 3460 5624 (Iduvm,

1890 5617 1974 5688 1),
2018 5619 2168 5694 siculi
2201 5629 2252 5694 et
2275 5619 2432 5694 idem
2465 5619 2575 5694 ipse
2605 5627 2719 5694 eruit
2760 5620 2993 5694 Samuel.
3041 5620 3130 5677 Sic
3159 5617 3298 5676 enim
3331 5617 3465 5694 legi¥

1889 5704 2024 5765 r_nus,
2057 5691 2178 5765 quia
2201 5689 2451 5758 judicavit
2475 5689 2612 5765 ﬁlios
2652 5689 2828 5765 Israel.
2862 5693 3086 5747 llclcaua
3115 5705 3288 5765 autem
3314 5689 3467 5765 pater

1889 5758 2169 5828 Samuelis,
2194 5770 2409 5830 propter
2428 5761 2569 5830 quod
2590 5763 2837 5818 sacerdos
2859 5779 2961 5820 non
2979 5773 3112 5832 erat,
3136 5758 3464 5833 Asceudebat,

1957 5922 1974 5953 ι
1999 5928 2078 5974 Ms.
2104 5909 2333 5986 ColberL,
2349 5919 2654 5998 ωνηὶιὶοιωῃι
