4012 6474
507 435 645 494 ωσι

512 553 705 628 inquit,
730 567 792 606 ea:
814 547 986 628 diebus
1007 544 1186 628 in_dies
1209 541 1270 595 de
1289 531 2087 628 civitateosuaLRamatnuimaoo:

509 607 1006 690 ragevet'sacriﬁcare
1035 610 1497 690 Deoomnipotenti
1513 681 1524 690 _
1543 608 1752 662 sabaoth
1775 613 1857 690 :et
1885 607 1959 690 ibi
1985 608 2091 690 orat

513 674 704 752 iiiis}:
880 691 974 760 ﬁlii
997 688 1125 760 ejus,
1149 674 1322 760 Qphni
1342 691 1389 736 et
1423 680 1640 734 Phinees
1669 674 2090 760 sacerdotes.on

513 745 699 838 iiiiiii
733 745 924 838 Regi,
967 745 1044 829 '5):
1093 745 1228 823 Quid
1273 763 1378 808 tam
1403 745 2093 838 apertum,quia-veniebat

513 822 742 894 Helcana
768 822 960 889 oﬁ‘erre
987 822 1205 883 munera
1228 840 1323 879 sua
1347 833 1470 878 ante
1493 823 1887 894 Dominumper
1913 831 2090 870 sacer-

512 889 926 973 d—ot—esrtempore
947 897 1287 973 competenti,
1319 893 1622 973 secundqu
1652 889 1792 973 quod
1835 895 2091 973 statuerat

513 961 742 1047 biovses,
771 961 828 1028 ιιί
848 961 1372 1047 tribu_s_t§niporibus
1397 964 1521 1047 anni
1543 961 1794 1047 offerrent
1808 966 2093 1047 mnnera‘e‘t

513 1027 748 1106 ἦιξὶῖὖῖἇέ
771 1027 915 1108 suas,
944 1041 1034 1096 ubi
1065 1027 1249 1093 fuisset
1273 1051 1406 1108 arca
1421 1033 1628 1108 Domini
1664 1041 1718 1086 et
1741 1027 2091 1086 sacerdotes?

512 1104 878 1188 Quippercnm
902 1104 964 1169 et
1005 1110 1138 1165 duas
1164 1121 1367 1188 uxores“
1393 1104 1636 1188 habuﬂerit
1677 1111 2118 1188 temporepno,

512 1169 679 1261 ᾧὶόἱιτ
695 1169 935 1261 illicitum
973 1190 1058 1237 est
1090 1177 1473 1261 sacerdotibus.
1508 1174 1638 1261 Erat
1663 1169 2092 1261 cunnilingum

513 1245 582 1316 ἐκ
629 1257 844 1318 Levitis,
875 1255 1014 1310 sicut
1054 1249 1454 1321 generationum
1484 1245 1716 1321 ordo_se
1749 1245 1987 1321 continet
2020 1245 2091 1321 _in

514 1313 654 1386 libro
681 1313 1146 1396 Paralipomenon
1170 1319 1546 1396 (Paralip._.vr,
1589 1315 1704 1384 35).
1737 1313 1922 1396 Adhuc
1951 1313 2091 1393 enim

513 1401 712 1457 Levita:
749 1387 1036 1453 non'erant
1061 1387 1320 1466 habentes
1347 1387 1586 1466 ordinem
1616 1387 1957 1466 constitutum
1988 1387 2090 1465 mi-

514 1453 716 1528 nisterii
743 1469 882 1524 circa
909 1463 1213 1522 sacerdotes
1228 1469 1282 1514 et
1299 1474 1477 1514 arcam
1496 1455 1724 1528 Domini.
1757 1453 1921 1528 David
1947 1456 2091 1528 enim

518 1525 773 1612 iniregno
789 1553 888 1612 suo
929 1534 1189 1612 disposuit
1214 1531 1359 1588 vices
1384 1525 1749 1612 sacerdotibus
1774 1532 1830 1580 et
1856 1525 2088 1612 Levitis,

514 1621 575 1669 ut
600 1628 630 1666 a
656 1599 861 1680 Viginti
885 1599 1038 1662 annis
1065 1613 1118 1660 et
1157 1617 1338 1680 supra,
1372 1601 1434 1680 in
1479 1599 1618 1680 Lege
1647 1605 1822 1680 autem
1851 1611 1880 1649 a
1909 1599 2092 1680 viginti

553 1667 759 1752 uirique
773 1679 934 1752 annis
964 1685 1019 1733 et
1059 1667 1240 1752 supra;
1285 1667 1851 1752 incipereiit_eitltibere
1879 1667 2092 1752 servitia

553 1699 746 1752 umque
773 1699 926 1735 annis
964 1699 1019 1733 et.
1059 1699 1239 1744 supra,
1285 1699 1576 1740 "supcqu
1601 1699 1851 1749 (Ξιυιιυῦιῠ
1879 1699 1955 1748 ουτ
1976 1699 2092 1720 ηιμ.

515 1699 796 1810 dominicis
814 1746 1154 1811 caerimoniis,
1183 1752 1239 1798 ut
1261 1749 1441 1798 essent
1470 1740 1536 1794 de
1559 1739 1682 1811 filns
1707 1738 1905 1801 Aaron,
1927 1737 1989 1811 _td
2012 1745 2095 1791 est

514 1806 837 1880 dei’hinees
881 1829 936 1874 et
981 1806 1212 1889 Thamar
1255 1811 1490 1876 traduce,
1523 1810 1720 1889 classes
1757 1806 2091 1889 sacerdotum

516 1893 699 1963 viginti
723 1898 970 1963 quatuor,
1000 1902 1118 1957 qua:
1144 1886 1286 1939 vices
1311 1897 1436 1963 suas
1462 1888 1679 1963 agerent
1701 1886 1863 1963 certis
1890 1888 2093 1963 tempo-

515 1953 681 2020 ribus.
729 1953 924 2031 Levita;
952 1953 1127 2012 autem
1169 1953 1622 2031 con_st_itnti__sunt,
1661 1953 1751 2031 qui
1790 1956 1968 2031 essent
2011 1956 2092 2031 ta:

516 2031 784 2090 hernaculi
811 2029 1086 2100 janitores,
1115 2034 1169 2080 et
1195 2026 1284 2094 qui
1315 2022 1475 2100 bajuli
1501 2037 1638 2076 arere
1667 2021 1894 2100 Domini,
1921 2026 1976 2100 et
1995 2021 2092 2100 _qui

515 2089 764 2160 excubias
784 2089 1142 2162 observarent,
1173 2089 1231 2150 et
1251 2095 1338 2165 qui
1355 2089 1600 2165 vasorum
1627 2097 1806 2146 essent
1803 2089 2090 2165 _custodes,

514 2159 572 2230 et
597 2175 686 2244 qui
715 2171 1046 2244 promiscuas
1073 2159 1403 2244 susciperent
1442 2163 1756 2244 oblationes.
1799 2159 1864 2244 Et
1907 2161 2093 2244 viginti

516 2230 742 2316 quatuor
778 2242 985 2316 classes
1011 2230 1263 2293 instituta:
1291 2244 1414 2316 sunt
1440 2233 1762 2316 cantantium]
1786 2241 1848 2316 et
1873 2230 2091 2316 citli'ari:

516 2301 747 2369 iantium
774 2321 828 2367 et
851 2311 1175 2383 musicorum
1205 2315 1541 2383 cmterorum,
1570 2303 1643 2356 ita
1665 2302 1908 2382 utetiam
1941 2302 2012 2362 hi,
2041 2301 2092 2383 id

517 2393 620 2450 est,
667 2396 852 2440 omnes
896 2379 1092 2434 Levitae
1134 2378 1392 2450 haberent
1429 2384 1720 2450 iemporum
1751 2378 1893 2450 vices
1925 2388 1936 2424 :
1971 2378 2093 2441 quia

517 2441 737 2510 necesse
778 2459 893 2508 erat
937 2464 1030 2506 eos
1059 2455 1114 2502 et
1151 2448 1315 2502 otium
1362 2441 1577 2507 habere,
1625 2453 1682 2496 ut
1721 2450 1774 2496 et
1814 2441 2093 2496 domorum

519 2537 738 2578 suarum
763 2526 978 2592 agerent
1005 2532 1207 2592 curam.
1239 2516 1308 2570 Et
1334 2531 1437 2568 non
1464 2514 1646 2592 solum
1673 2511 1786 2565 haec
1802 2510 2096 2592 proficiunt

517 2594 585 2648 ad
614 2583 827 2648 causam
858 2605 1018 2659 supra
1057 2589 1272 2659 dictam,
1317 2583 1817 2659 quonia_m__S_amuel
1862 2597 1964 2659 non
1999 2583 2096 2659 fuit

517 2663 586 2718 de
614 2663 732 2717 filiis
771 2654 983 2725 Aaron;
1013 2659 1106 2714 sed
1141 2668 1194 2712 et
1223 2654 1348 2710 illud
1378 2655 1514 2724 quod
1543 2655 1668 2708 dicit
1693 2663 1858 2708 mater
1889 2654 2004 2722 ejus
2028 2654 2094 2707 ad

519 2734 824 2794 Dominum,
863 2731 982 2800 quia
1014 2729 1074 2785 Si
1098 2729 1243 2792 mihi,
1274 2727 1460 2800 inquit,
1501 2725 1696 2800 dederis
1728 2725 1915 2800 ﬁlium,
1959 2740 2097 2800 com-

517 2803 664 2858 modo
674 2819 787 2856 eum
801 2793 1020 2855 Domino
1039 2800 1267 2854 omnibus
1287 2793 1458 2849 diebus
1469 2795 1582 2849 vita:
1598 2811 1704 2849 sua:
1719 2793 1760 2866 (1
1779 2795 1902 2864 Reg.
1929 2810 1963 2859 ι,
1981 2795 2002 2848 1
2017 2796 2036 2848 1
2052 2795 2091 2865 ).

520 2873 634 2928 Νοιι
666 2874 768 2928 hoc
807 2872 1027 2934 diceret,
1070 2870 1114 2924 si
1145 2876 1300 2922 natus
1337 2877 1478 2921 esset
1520 2865 1788 2929 sacculus,
1818 2865 2097 2934 oportebat

519 2944 661 2999 enim
709 2944 854 2997 illum
893 2940 1092 2996 servire
1133 2938 1322 3003 altari;
1350 2937 1444 2992 sed
1489 2937 1608 3007 quia
1653 2936 1833 2990 Levita
1863 2945 1997 3007 erat,
2041 2943 2096 2991 et

518 3014 694 3068 adhuc
734 3014 819 3068 lex
862 3010 1059 3066 Levitis
1096 3025 1200 3064 non
1227 3018 1342 3063 erat
1380 3005 1569 3076 posita,
1602 3007 1692 3061 sed
1737 3005 2096 3076 unusquisque

517 3099 616 3154 pro
659 3084 929 3138 voluntate
972 3096 1068 3154 sua
1112 3079 1320 3154 agebat,
1363 3075 1534 3154 itanut
1576 3075 2094 3154 oberrantesillicua

519 3145 1194 3237 prmsnmerent.llonatlia
1239 3149 1378 3237 enini
1430 3148 1587 3237 filius)
1610 3147 1698 3237 filii
1747 3145 1930 3237 biovsi,
1959 3162 2094 3237 eum

519 3217 657 3279 inter
676 3224 888 3279 Levitas
913 3221 1195 3290 deputatus
1219 3226 1383 3290 esset,
1407 3217 1933 3290 sacerdotiumragere
1959 3232 2096 3290 pne-

519 3295 746 3364 sumpsit
771 3293 924 3364 tribui
954 3286 1084 3344 Dan.
1107 3292 1206 3364 ‘Ac
1250 3305 1342 3364 per
1369 3287 1472 3364 hoc
1512 3288 1735 3364 legimus
1761 3289 1821 3364 in
1842 3286 1974 3364 libro
1996 3287 2096 3364 _.iu-

520 3357 717 3426 dicunt,
753 3362 884 3430 Quia
901 3357 1261 3430 unusquisque,
1291 3359 1476 3430 inquit,
1507 3357 1692 3430 placita
1727 3358 1830 3430 sibi
1858 3357 2090 3430 [ru-iebat,

522 3450 579 3488 eo
612 3426 874 3514 quodnon
889 3440 1016 3514 esset
1045 3426 1197 3514 venia
1218 3426 1379 3514 Israpl
1399 3427 1755 3514 (Judickxvn,
1785 3427 1861 3497 6).
1896 3426 2096 3482 Idcirco

521 3497 667 3558 vovit
691 3505 843 3558 Anna
871 3501 1073 3562 dicens,
1105 3497 1379 3554 Commodo
1409 3497 1532 3551 eum
1571 3497 1788 3551 Domino
1811 3514 1831 3550 :
1866 3512 1932 3550 ne
1973 3513 2094 3552 cum

521 3575 729 3629 creteris
751 3571 1043 3626 oberraret.
1072 3570 1139 3624 Et
1162 3580 1216 3624 ut
1239 3569 1440 3639 plenius
1459 3569 1680 3637 quaestio
1701 3569 1886 3639 discuti
1907 3570 2091 3636 possit,

521 3645 679 3699 etiam
710 3641 839 3697 illud
880 3649 1188 3706 tractemus,
1217 3639 1355 3709 quod
1385 3639 1579 3709 dictum
1623 3647 1704 3693 est
1731 3638 1796 3692 de
1825 3639 2052 3694 llelcana
2075 3680 2091 3704 ,

560 3715 642 3769 uia
667 3711 888 3768 veniebat
921 3727 984 3766 ea:
1023 3711 1194 3764 diebus
1222 3708 1276 3763 in
1313 3709 1417 3762 dies
1455 3708 1635 3775 o/ferre
1663 3725 1870 3762 munera
1903 3727 2014 3772 sua,
2049 3719 2096 3762 et

558 3785 740 3838 ecimas
767 3799 786 3837 :
809 3783 1072 3852 quomodo
1096 3781 1328 3836 decimas
1353 3780 1628 3844 offerebat,
1652 3780 1739 3850 qui
1769 3779 1898 3834 nihil
1928 3781 2096 3852 possi-

522 3854 718 3910 debat?
762 3851 959 3908 Levitae
1000 3852 1141 3907 enim
1183 3867 1287 3905 non
1314 3859 1633 3918 acceperunt
1658 3865 1812 3920 agros
1837 3867 1851 3915 ;
1881 3852 2000 3921 quia
2029 3851 2095 3905 de

519 3924 759 3989 decimis,
783 3938 900 3994 quat
925 3937 954 3975 a
984 3923 1138 3994 plebe
1163 3922 1372 3994 dantur,
1389 3924 1604 3994 victum
1630 3921 2095 3994 quzerehant.,Sed

521 4004 696 4066 potest
737 3991 870 4066 fieri,
916 4002 967 4047 et
992 3991 1249 4066 sicdatur
1278 3991 1514 4060 intelligi,
1555 3992 1676 4061 quia
1709 3993 1875 4066 potuit
1903 3993 2096 4066 habere

521 4063 910 4134 possessionem
943 4063 1123 4118 uxoris
1149 4077 1280 4125 sua},
1307 4070 1398 4115 aut
1437 4071 1665 4134 emptam
1697 4080 1710 4116 :
1738 4063 1856 4134 quia
1886 4064 1950 4116 de
1979 4063 2097 4134 aliis

523 4131 762 4189 tribubus
807 4133 1135 4203 accipiebant
1177 4146 1387 4195 uxores,
1420 4146 1523 4203 non
1569 4131 1741 4203 solum
1788 4133 1861 4203 hi,
1908 4133 2000 4187 sed
2041 4141 2097 4188 et

521 4206 700 4259 caueri
726 4221 739 4269 ;
771 4205 843 4257 ita
869 4201 1007 4257 utet
1033 4202 1335 4257 sacerdotes
1360 4201 1660 4268 acciperent
1687 4201 1754 4256 de
1782 4202 1898 4257 aliis
1927 4203 2094 4257 tribu-

523 4273 623 4329 bus
667 4288 877 4328 uxores.
918 4271 1050 4326 Nam
1097 4271 1282 4326 Joiade
1325 4271 1572 4325 sacerdos
1613 4286 1832 4340 magnus
1875 4289 2094 4328 uxorem

521 4343 672 4399 duxit
688 4343 792 4469 iriie)
827 4341 965 4396 tribu
1016 4341 1148 4395 Juda
1195 4341 1353 4395 filiam
1393 4341 1532 4410 regis
1576 4339 1752 4396 Jorain
1802 4341 1884 4412 (ll
1915 4341 2093 4398 Paral.

523 4430 655 4469 χιιι.
801 4452 812 4465 .

523 4430 655 4478 xxn,
688 4430 744 4469 ιι
775 4430 812 4478 ).

593 4413 905 4554 iiLVlRia).
925 4513 1003 4554 7—
1027 4480 1302 4549 Quomodo
1330 4479 1433 4554 hoc
1457 4481 1597 4551 quod
1624 4482 1674 4536 in
1703 4482 1833 4554 Isaia
1879 4483 2091 4550 dicitur,

525 4554 592 4609 Et
644 4552 1018 4629 apprehendent
1050 4561 1234 4629 septeni
1280 4553 1541 4629 nutlieres,
1572 4562 1675 4609 etc.
1705 4552 1871 4629 Δ(Ῑδαὶ.
1920 4571 1990 4621 tv,
2018 4554 2094 4629 1'),

522 4623 724 4695 septeni
754 4625 1004 4680 Ecclesiae
1030 4624 1298 4678 catholica)
1325 4623 1728 4692 signiﬁcentur?

595 4695 664 4750 Et
693 4695 1105 4767 apprehendent,
1131 4695 1333 4763 inquit,
1363 4703 1546 4763 septem
1571 4695 1800 4767 mulieres
1829 4712 1983 4750 unum
2007 4697 2098 4753 lio-

520 4764 736 4834 minem,
767 4764 1025 4831 dicentes,
1067 4764 1262 4818 Panem
1304 4773 1526 4817 nostrum
1571 4766 2000 4833 manducabimus,
2051 4778 2097 4823 et

520 4838 820 4892 vestimentis
861 4837 1043 4891 nostris
1087 4835 1366 4905 aperientur
1394 4852 1412 4886 :
1457 4845 1795 4890 verumtamen
1846 4838 2097 4893 invocetur

523 4925 675 4980 super
698 4925 787 4962 nos
825 4923 1003 4961 nomen
1029 4916 1170 4960 tuum
1189 4947 1204 4971 ,
1236 4908 1382 4976 aufer
1409 4907 1736 4980 opprobrium
1763 4920 2007 4980 nostrum.
2040 4909 2100 4965 In

524 4976 763 5037 absoluto
796 4987 912 5042 est,
939 4991 1037 5046 per
1074 4984 1275 5046 septem
1321 4976 1572 5046 mulieres
1601 4984 1802 5046 septem
1833 4977 2100 5035 Ecclesias

525 5064 642 5107 esse
683 5045 1039 5119 significatas:
1085 5045 1324 5116 quamvis
1362 5045 1506 5100 enim
1537 5062 1636 5100 una
1664 5045 1903 5119 sit,_sed
1933 5051 2097 5118 septi-

526 5119 708 5176 formis
738 5117 958 5185 dicitur,
991 5126 1048 5172 ut
1083 5133 1275 5187 corpus
1313 5131 1477 5170 unum
1519 5117 1844 5186 septemplici
1873 5117 2100 5174 numero

525 5198 730 5247 constet
771 5190 1132 5245 membrorum
1172 5206 1185 5241 :
1220 5203 1326 5243 non
1375 5187 1544 5241 solum
1585 5188 1724 5241 enim
1756 5203 1887 5255 nos,
1926 5190 2019 5244 sed
2047 5199 2102 5245 ct

527 5262 737 5330 Superni
779 5261 920 5315 cives
968 5258 1217 5314 Ecclesiae
1263 5257 1501 5330 membra
1547 5266 1700 5330 sunt,
1751 5259 1902 5328 cujus
1942 5269 2101 5330 caput

530 5327 762 5390 Christus
805 5339 887 5387 est
931 5330 1147 5401 (Ephes.
1187 5346 1256 5396 v,
1305 5327 1418 5400 25).
1446 5329 1568 5401 Sive
1607 5329 1764 5398 igitur
1799 5327 1901 5401 una
1925 5371 1941 5398 ,
1988 5327 2101 5388 sive

527 5409 725 5471 septem
768 5399 1014 5457 dicantur
1034 5401 1310 5466 Ecclesiae,
1343 5415 1446 5455 non
1490 5399 1774 5468 discrepat.
1806 5399 1918 5471 Una
1957 5403 2100 5458 enim

522 5470 749 5540 dicitur,
791 5473 913 5541 quia
950 5487 1112 5527 unum
1140 5471 1297 5526 habet
1323 5479 1512 5541 caput,
1541 5473 1678 5541 quod
1706 5479 1786 5524 est
1814 5470 2098 5541 Christus;

521 5555 728 5615 septem
751 5553 927 5599 autem
958 5543 1097 5615 ideo,
1130 5544 1248 5612 quia
1277 5543 1413 5615 sicut
1439 5543 1674 5596 membra
1701 5541 1909 5597 diversa
1937 5552 2099 5615 sunt;

521 5613 602 5668 ita
621 5623 678 5670 et
711 5617 960 5686 potentiae
1004 5613 1303 5686 spirituales
1323 5654 1338 5680 ,
1372 5613 1512 5668 inter
1541 5628 1673 5683 quas
1714 5621 1900 5686 etgnos
1929 5613 2100 5684 depu-

521 5684 728 5755 tamur,
747 5685 971 5742 diversae
996 5692 1122 5740 sunt
1147 5685 1387 5753 virtutes,
1409 5694 1625 5756 propter
1653 5684 1793 5756 quod
1822 5693 1876 5740 et
1901 5687 2062 5742 aeriae
2081 5687 2100 5720 ⁸

587 5871 607 5936 ξ
631 5875 716 5936 με.
739 5870 966 5933 oolbert.,
990 5883 1147 5936 egere.

584 5928 662 5997 (tl)
681 5939 792 5985 nec
809 5928 1177 5998 quaestio'deest
1197 5945 1248 5984 ιιι
1266 5937 1373 5984 Mss.
1396 5930 1597 5984 secundi
1619 5933 1834 5997 generis.

1422 415 1867 492 QUAESTIONES
1905 413 1999 472 EX
2035 406 2291 470 YETERI
2329 403 2806 462 TESTAMENTO.

3647 402 3794 459 2248

2206 524 2471 578 dicuntur.
2525 519 2728 576 Idcirco
2768 520 2908 575 enim
2951 517 3174 574 diversa:
3203 522 3358 582 sttnt,
3384 524 3444 571 nt
3471 531 3575 573 non
3610 522 3795 577 omnia

2199 595 2419 664 singulm
2441 591 2665 662 possint,
2694 591 2788 645 sed
2813 589 2976 664 simul,
2995 604 3180 664 omnes
3206 603 3399 664 corpus
3421 589 3527 664 sint
3549 589 3753 664 Christi
3776 612 3792 645 τ

2197 657 2318 736 quia
2348 657 2460 733 ipse
2486 672 2568 716 est
2593 671 2750 730 caput
2773 662 3010 736 corporis
3041 657 3307 736 Ecclesiae
3327 657 3547 728 (Cotoss.
3579 676 3598 714 ι
3623 701 3637 722 ,
3670 663 3790 736 18),

2199 730 2264 790 ex
2295 730 2400 804 quo
2431 741 2594 804 totum
2631 747 2824 804 corpus
2844 732 3128 804 subsistit,
3164 730 3214 784 id
3254 740 3332 804 es_t
3368 745 3434 804 ex
3461 747 3566 800 quo
3608 734 3792 786 omnia

2199 806 2250 859 in
2281 800 2432 859 caelis
2457 812 2510 858 et
2529 803 2580 856 in
2608 800 2745 857 terra
2774 803 2967 857 habent
2993 802 3281 872 originem.
3305 800 3361 854 ln
3391 801 3489 856 hac
3513 815 3641 870 ergo
3666 819 3794 872 qua:

2197 877 2250 930 in
2293 875 2448 930 terris
2497 881 2583 928 est
2629 873 2860 927 Ecclesia
2887 914 2902 941 ,
2961 874 3198 926 omnium
3244 871 3602 926 Ecclesiarum
3647 871 3791 927 facta

2196 953 2280 1001 est
2308 945 2546 998 mentio:
2587 943 2710 1014 quia
2752 958 2871 998 cum
2896 943 3035 1014 huic
3079 949 3471 1014 sacramentum
3514 942 3794 1014 Creatoris

2198 1017 2568 1085 prredicatur,
2601 1012 2759 1068 etiam
2807 1013 3112 1085 caelestibus
3162 1012 3465 1085 huiusmodi
3513 1013 3795 1069 intimatur

2196 1083 2456 1141 doctrina.
2491 1084 2827 1139 luferiorihus
2866 1083 3006 1138 enim
3049 1099 3170 1138 cum
3204 1083 3534 1149 insinuatur,
3564 1099 3794 1140 necesse

2197 1169 2279 1211 est
2323 1166 2379 1210 ut
2423 1155 2638 1209 audiant
2685 1163 2739 1208 et
2785 1155 3021 1224 superni.
3066 1153 3219 1209 Unde
3270 1155 3591 1223 Apostolus,
3622 1154 3789 1223 Mihi,

2198 1227 2408 1296 inquit,
2457 1227 2677 1279 minimo
2725 1225 2960 1279 omnium
3009 1235 3309 1296 sanctorum
3364 1224 3502 1296 data,
3532 1234 3617 1280 est
3671 1225 3791 1280 haec

2197 1295 2362 1366 gratia
2384 1339 2398 1362 ,
2431 1297 2566 1350 inter
2593 1305 2779 1365 gentes
2813 1296 3174 1364 evangelizare
3214 1295 3791 1364 incomprehensibiles

2197 1365 2408 1421 divitias
2435 1367 2660 1430 Christi,
2690 1373 2743 1420 et
2770 1366 3066 1420 illuminare
3094 1380 3278 1420 omnes
3301 1407 3314 1429 ,
3349 1381 3466 1434 (pne
3491 1367 3561 1420 sit
3593 1365 3787 1436 dispo-

2198 1438 2319 1491 sitio
2351 1436 2632 1491 ministerii
2656 1436 2951 1490 absconditi
2981 1450 3010 1488 a
3058 1436 3266 1490 saeculis
3296 1437 3348 1489 in
3376 1436 3517 1501 Deo,
3549 1438 3639 1503 qui
3667 1438 3790 1490 uni-

2197 1523 2351 1562 versa
2378 1507 2577 1562 creavit
2594 1548 2607 1572 ,
2636 1508 3084 1576 rutinnotesceret
3111 1507 3436 1576 principibus
3463 1515 3518 1561 et
3549 1515 3791 1574 potesta-

2199 1579 2337 1632 tibus
2353 1579 2404 1632 in
2427 1575 2729 1632 caelestibus
2749 1593 2841 1645 per
2861 1575 3148 1631 Ecclesium
3171 1575 3509 1630 multiformis
3525 1577 3790 1646 sapientia

2199 1648 2290 1702 Dei
2315 1647 2476 1714 (Ibid.
2500 1647 2570 1702 23
2590 1689 2604 1712 ,
2633 1648 2795 1718 sqq.)
2823 1647 2924 1701 Per
2945 1649 3083 1702 hanc
3101 1663 3226 1718 ergo
3250 1647 3541 1701 Ecclesiam
3565 1649 3790 1718 superni

2195 1717 2456 1772 docentur
2477 1718 2651 1788 ,quia
2695 1717 2887 1772 Veritas
2905 1759 2920 1783 ,
2949 1717 3065 1788 ait,
3096 1718 3158 1771 de
3187 1727 3319 1772 terra
3348 1726 3457 1771 arta
3493 1727 3564 1772 est
3611 1717 3788 1788 (Psal.

2197 1803 2426 1856 Lxxxrv,
2454 1787 2563 1858 12).
2611 1787 2680 1843 Ut
2717 1789 2858 1842 enim
2906 1787 3106 1841 mentio
3147 1787 3652 1859 superiorumgﬁat,
3701 1788 3790 1844 hic

2206 1869 2408 1927 septem
2458 1859 2709 1912 Ecclesia:
2757 1867 3128 1927 nuncupantur
3173 1857 3228 1912 in
3268 1874 3371 1912 una
3417 1857 3607 1927 plebe,
3657 1873 3790 1928 quas

2197 1937 2398 1998 septem
2432 1928 2696 1982 Ecclesias
2722 1929 2985 1998 supplices
3009 1928 3266 1998 propheta
3295 1929 3496 1983 inducit
3520 1930 3788 1984 Salvatori

2195 1995 2336 2054 facto
2365 1997 2588 2052 homini.
2618 1995 3174 2053 Intellex—erunt’enim
3201 1999 3267 2053 ad
3310 1999 3413 2053 hoc
3442 2007 3626 2053 natum
3668 2014 3789 2054 esse

2196 2069 2464 2139 Christum
2485 2109 2500 2134 ,
2533 2077 2590 2121 ut
2617 2067 2850 2123 auferret
2892 2069 3234 2138 opprobrium
3256 2111 3269 2133 ,
3304 2070 3531 2139 primum
3568 2070 3788 2139 quidem

2195 2138 2296 2193 sub
2325 2139 2464 2209 Lege
2489 2154 2580 2193 sua
2607 2139 2896 2208 agentium,
2929 2139 3118 2194 deinde
3139 2138 3474 2209 cretei-orum.
3511 2138 3789 2195 Habebant

2196 2218 2375 2282 autem
2407 2208 2457 2263 in
2483 2210 2761 2282 memoria,
2791 2210 3045 2282 scriptum
3071 2225 3210 2282 esse,
3255 2208 3423 2282 veniet
3450 2227 3516 2282 ex
3543 2210 3789 2282 SionAqtti

2194 2280 2374 2351 eripiat
2400 2290 2443 2333 et
2473 2289 2664 2333 avertat
2700 2280 3017 2351 impietatem.
3046 2283 3110 2334 ab
3145 2279 3304 2334 Iacob
3333 2279 3482 2351 (lsai.
3514 2296 3636 2342 th,
3669 2279 3786 2349 20).

2197 2349 2290 2403 Hae
2315 2365 2441 2420 ergo
2477 2357 2679 2419 septem
2707 2349 2958 2420 EccleSiee
3001 2349 3788 2420 apprehenderuntihominem

2196 2419 2392 2486 unum,
2411 2420 2461 2474 id
2489 2429 2599 2484 est,
2634 2428 2812 2473 natum
2841 2419 3142 2486 Christum,
3168 2421 3406 2476 dicentes
3424 2463 3439 2487 ,
3471 2419 3670 2474 Panem
3697 2438 3789 2475 no-

2196 2498 2354 2544 strum
2382 2489 2814 2556 manducabimus,
2842 2499 2888 2544 et
2917 2491 3218 2545 vestimentis
3247 2492 3431 2546 nostris
3455 2492 3745 2560 operiemur
3766 2507 3786 2545 :

2197 2568 2532 2632 verumtamen
2556 2561 2809 2614 invocetur
2834 2577 3013 2632 nomen
3036 2571 3176 2615 tuum
3204 2578 3356 2631 super
3378 2577 3488 2627 nos,
3519 2565 3669 2632 aufer
3690 2578 3789 2632 gap-,-

2198 2630 2451 2700 probrium
2485 2638 2732 2686 nostrum.
2763 2631 2899 2698 Quid
2937 2640 3019 2686 est
3062 2632 3165 2687 hoc
3207 2630 3346 2701 qUod
3378 2630 3706 2701 precantur?
3731 2631 3786 2688 Si

2198 2701 2339 2770 enim
2379 2716 2515 2770 pane
2558 2701 2772 2770 proprio
2800 2709 3048 2768 utuntur,
3094 2711 3148 2756 et
3177 2703 3510 2756 vestimentis
3554 2703 3670 2756 suis
3704 2703 3785 2755 in-

2197 2769 2455 2843 duuntur,
2482 2769 2694 2843 _id_’est’,
2719 2781 2777 2843 et
2815 2773 3023 2835 vivunt,
3056 2781 3109 2843 et
3137 2772 3289 2827 nudae
3321 2788 3427 2826 non
3455 2782 3613 2843 sunt,
3659 2772 3785 2843 quid

2197 2841 2274 2894 eis
2313 2840 2502 2912 deest?
2546 2841 2602 2896 Si
2644 2841 2786 2896 enim
2825 2843 2975 2911 panis
3018 2842 3085 2896 ad
3112 2844 3270 2896 vitam
3315 2840 3691 2912 significatur,
3735 2853 3787 2898 et

2197 2912 2418 2982 vestitus
2444 2911 2510 2965 ad
2537 2913 2628 2966 Dei
2656 2913 2998 2967 induitionem
3033 2913 3050 2943 ί
3072 2955 3086 2978 ,
3114 2914 3235 2982 quia
3264 2911 3495 2982 qui’sine
3527 2915 3637 2967 Deo
3665 2922 3782 2980 est,

2198 2981 2372 3052 nudus
2402 2981 2621 3047 dicitur;
2651 2981 2790 3036 unde
2820 2981 3147 3052 Apostolus,
3168 2983 3267 3048 Qui
3284 2981 3362 3037 fin
3401 2983 3602 3037 Christo
3631 3024 3644 3045 .
3673 2985 3782 3049 ait,

2198 3051 2437 3124 baptizati
2477 3054 2622 3124 estis,
2661 3051 2927 3124 Christum
2955 3052 3186 3106 induistis
3229 3053 3419 3124 (Galal.
3453 3069 3539 3118 ιιι,
3563 3053 3659 3124 27)
3686 3070 3700 3119 ;
3729 3064 3785 3109 et

2199 3121 2424 3192 iterum,
2477 3122 2536 3178 Si
2563 3123 2872 3192 rexspoliati,
2918 3122 3119 3192 inquit,
3164 3121 3264 3176 non
3302 3125 3424 3176 nudi
3469 3121 3785 3177 inveniamur
3848 3162 3853 3167 ί

2200 3190 2264 3264 (il
2295 3190 2412 3245 Cor.
2442 3206 2497 3264 v_,
2524 3191 2579 3264 ὅ)
2605 3209 2618 3253 ;
2652 3190 2774 3264 quid
2805 3203 2887 3248 est
2913 3190 3059 3264 quod,
3081 3202 3304 3262 poscunt
3330 3203 3386 3248 ut
3420 3193 3695 3248 auferatur
3718 3195 3784 3249 ab

2197 3261 2278 3317 eis
2301 3261 2676 3335 opprobrium;
2719 3263 2818 3317 nisi
2857 3261 2974 3333 quia
3011 3261 3096 3317 hic
3125 3265 3347 3335 populus
3375 3265 3703 3335 signiﬁcatur
3731 3267 3781 3319 in

2198 3280 2278 3317 eis
2301 3280 2676 3332 opproormm;
2719 3280 2818 3317 IilSl
2857 3280 2974 3333 quia
3011 3280 3096 3317 mc
3125 3280 3347 3335 populus
3375 3280 3420 3318 sx
3459 3280 3703 3319 uincatur
3731 3281 3781 3319 in

2198 3341 2402 3404 septem
2453 3331 2804 3387 Ecclesiarum
2848 3349 3110 3398 numero,
3157 3335 3245 3403 qui
3289 3336 3387 3388 sub
3423 3280 3573 3404 iiege
3619 3351 3782 3404 agens

2196 3401 2464 3474 Christum
2496 3403 2862 3474 exspectabat_
2880 3401 3195 3473 promissum
3239 3404 3304 3457 ad
3347 3401 3606 3458 abolenda
3655 3401 3781 3474 pec-

2179 3471 2352 3526 cata?
2405 3471 2525 3526 Ideo
2559 3473 2773 3537 dicunt,
2826 3471 3020 3527 Panem
3065 3484 3290 3527 nostrum
3333 3471 3779 3540 manducnbimus,

2198 3540 2300 3595 hoc
2319 3548 2422 3605 est,
2443 3542 2619 3614 verbis
2639 3542 2796 3614 Legis
2819 3560 2935 3612 quae
2955 3560 3117 3598 unum
3140 3544 3352 3598 tradunt
3379 3546 3564 3608 Deum,
3598 3559 3784 3614 pasee-

2197 3627 2354 3683 mur:
2403 3613 2523 3681 quia
2570 3627 2684 3683 non
2705 3613 2760 3683 in
2801 3628 2936 3683 pane
2978 3623 3180 3683 tantum
3216 3616 3345 3668 vivit
3385 3615 3563 3675 homo,
3602 3613 3703 3669 Sed
3731 3617 3780 3668 in

2197 3682 2350 3754 omni
2363 3683 2523 3737 verbo
2546 3683 2637 3737 Dei
2667 3682 2840 3754 (Deut.
2868 3700 2978 3751 vin,
3007 3686 3075 3750 ὃς
3106 3682 3292 3754 Matth.
3327 3699 3410 3744 IV,
3443 3685 3520 3750 4).
3541 3683 3609 3739 Et
3637 3685 3784 3738 vesti-

2198 3753 2377 3805 mentis
2405 3754 2587 3807 nostris
2629 3756 2941 3823 aperientur,
2969 3754 3021 3808 id
3047 3762 3128 3808 est
3145 3797 3160 3820 ,
3195 3753 3461 3810 Creatoris
3487 3756 3655 3810 nostri
3683 3769 3783 3809 no-

2198 3823 2340 3876 mine
2367 3824 2701 3895 censebimur
2726 3842 2739 3878 :
2764 3827 2885 3894 quia
2911 3827 3010 3878 hoc
3030 3826 3391 3895 unusquisque
3415 3826 3628 3880 indutus
3653 3825 3783 3879 dici-

2199 3901 2320 3965 tur,
2356 3892 2502 3965 quod
2545 3901 2600 3948 et
2645 3903 2728 3948 est
2769 3892 2821 3948 et
2875 3892 3458 3965 proliteturﬁDehique
3508 3907 3781 3951 senatores

2198 3963 2282 4034 vei
2314 3963 2566 4034 officiales
2599 3979 2664 4019 ex
2694 3966 2928 4018 vestibus
2957 3966 3319 4034 intelliguntur
3345 3963 3470 4034 quid
3515 3968 3644 4020 sint.
3678 3965 3782 4020 Sed

2197 4032 2319 4105 quia
2357 4033 2470 4105 haec
2507 4035 2635 4087 satis
2672 4051 2775 4105 non
2801 4035 3001 4090 faciunt
3025 4035 3090 4090 ad
3128 4032 3292 4091 Deum
3330 4032 3777 4105 promerendum,

2198 4101 2301 4176 hoc
2341 4103 2498 4176 etiam
2547 4104 2756 4176 statuit,
2809 4114 2869 4159 ut
2909 4121 3002 4176 per
3030 4101 3420 4161 sacramentum
3463 4107 3780 4176 cognitionis

2200 4174 2354 4245 unius
2398 4174 2525 4245 Dei,
2575 4175 2744 4230 haeres
2786 4186 2930 4231 esset
2969 4175 3129 4230 homo
3162 4178 3308 4245 regni
3352 4174 3634 4232 caelorum.
3685 4177 3782 4232 Per

2200 4243 2358 4297 fidem
2379 4244 2520 4297 enim
2540 4246 2771 4314 peccatis
2801 4246 3033 4312 ablutus,
3056 4256 3109 4300 et
3134 4260 3162 4298 a
3189 4243 3358 4301 morte
3385 4247 3618 4302 secunda
3644 4247 3781 4371 sque

2200 4327 2264 4367 ex
2309 4316 2569 4368 sententia
2604 4316 2724 4368 data
2762 4316 2813 4369 iu
2859 4316 3062 4371 Adam.
3112 4315 3355 4371 homines
3401 4317 3541 4371 apud
3584 4320 3638 4371 in
3664 4332 3780 4371 eros

2199 4327 2264 4387 ex
2293 4316 2724 4387 sententiadata
2762 4316 2813 4369 iu
2859 4316 3062 4382 Adam,
3112 4315 3355 4371 homines
3401 4317 3541 4387 apud
3584 4315 3780 4372 inferos

2199 4383 2495 4458 detinebat)
2522 4385 2754 4458 alienus,
2782 4387 3223 4458 nullodetinente
3243 4429 3257 4453 ,
3286 4383 3458 4458 pergil
3492 4390 3543 4442 in
3572 4388 3779 4458 paradif

2202 4467 2319 4507 sum
2347 4455 2439 4509 Dei
2468 4455 2668 4528 Patris,
2703 4457 2753 4509 in
2783 4471 2888 4528 quo
2915 4456 3047 4510 dixit
3076 4455 3599 4528 latronij'Doniinus',
3644 4456 3779 4528 quod

2204 4537 2384 4599 secum
2433 4534 2576 4579 esset
2603 4525 2809 4599 futurus
2835 4526 2982 4599 (Luc.
3012 4543 3137 4581 χχιιι
3157 4569 3173 4593 ,
3208 4526 3322 4599 45).
3350 4530 3604 4596 Quamvis
3644 4525 3780 4585 énim

2200 4595 2426 4667 populus
2451 4596 2784 4664 supradictus
2803 4637 2818 4658 ,
2845 4595 2938 4666 qui
2967 4613 3060 4667 per
3088 4595 3290 4666 septeni
3324 4595 3594 4654 Ecclesias
3617 4599 3779 4667 signi-

2203 4664 2389 4739 licatus
2417 4673 2525 4729 est,
2554 4667 2653 4719 sub
2676 4667 2769 4720 Dei
2797 4664 2913 4739 lege
2938 4664 3108 4735 esset,
3139 4664 3194 4739 et
3222 4668 3503 4723 devotione
3532 4680 3640 4723 tam
3667 4664 3781 4739 pro—

2201 4735 2299 4803 prii
2342 4736 2383 4799 ¹,
2431 4751 2587 4804 quam
2636 4735 3100 4810 paternifdelieti,
3129 4737 3286 4810 Quia
3330 4756 3530 4810 omnes,
3580 4735 3777 4810 inquit,

2202 4814 2548 4874 peccaverunt,
2569 4817 2617 4860 et
2641 4816 2786 4877 egent
2812 4809 2974 4882 gloaja
2998 4807 3292 4882 ,Dei‘Uiom.
3327 4825 3402 4882 ut,
3424 4807 3519 4882 25)
3546 4827 3559 4875 ;
3588 4807 3781 4864 idcirco

2202 4883 2360 4950 erant
2394 4891 2548 4946 supra
2573 4887 2881 4950 memoratae
2909 4878 3158 4950 Ecclesiae
3175 4919 3192 4944 ,
3218 4888 3275 4933 ut
3305 4878 3576 4934 auferatur
3597 4894 3782 4950 appro;

2202 4944 2374 5022 brium
2414 4944 2968 5022 earum_in_vocatione
2996 4949 3230 5022 nominis
3260 4949 3454 5005 Christi
3485 4965 3518 5022 :7
3550 4944 3781 5022 quiaqui

2202 5016 2412 5087 signum
2452 5017 2567 5085 ejus
2609 5016 2804 5072 habent
2852 5033 2958 5087 quo
3003 5020 3130 5075 vicit
3168 5029 3430 5084 mortem,
3475 5016 3780 5076 abinimicb

2205 5086 2391 5157 teneri
2421 5103 2525 5141 non
2572 5098 2811 5157 possunt.
2866 5086 2934 5144 Et
2986 5105 3090 5145 non
3136 5091 3308 5145 solum
3361 5093 3476 5146 ista:
3532 5091 3782 5146 Ecclesia

2203 5155 2399 5210 Christi
2432 5155 2628 5231 nomen
2665 5175 2825 5231 super
2869 5174 2929 5213 se
2971 5160 3202 5216 invocari
3251 5170 3566 5231 precantur,
3598 5162 3693 5217 sed
3735 5169 3790 5213 et

2203 5240 2448 5302 superna;
2469 5229 2768 5302 spirituales
2785 5231 2836 5284 in
2856 5231 3161 5302 caelestibus
3181 5229 3454 5302 degentes.
3478 5232 3790 5302 Quanquam

2204 5296 2344 5351 enim
2372 5298 2672 5373 spirituales
2697 5301 2803 5373 sint
2843 5311 2895 5354 et
2918 5301 3164 5357 caelestes
3193 5296 3439 5371 potentia:
3459 5344 3474 5369 ,
3501 5296 3793 5373 opprobrio

2206 5376 2381 5422 tamen
2411 5369 2715 5437 subjacent,
2743 5371 2788 5425 si
2813 5386 2845 5425 a
2866 5373 3119 5427 Creatore
3139 5369 3237 5426 suo
3265 5373 3459 5428 fuerint
3481 5369 3669 5428 alienae
3689 5414 3701 5435 ,
3729 5379 3790 5424 et

2205 5453 2303 5493 nec
2346 5441 2582 5494 membra
2622 5449 2778 5513 erunt
2818 5443 3080 5512 corporis,
3121 5459 3241 5512 quae
3286 5453 3445 5513 caput
3484 5459 3637 5499 suum
3681 5455 3792 5495 non

2205 5518 2588 5582 cognoscentes
2613 5512 2882 5566 oberrant.
2911 5513 2978 5566 Et
3019 5515 3140 5582 quia
3181 5514 3320 5568 aliud
3355 5512 3466 5568 non
3509 5524 3594 5570 est
3633 5527 3792 5582 quam

2205 5581 2599 5653 explanavimus
2618 5623 2631 5646 ,
2666 5583 2718 5635 in
2748 5583 2999 5653 subjectis
3024 5581 3279 5653 propheta
3314 5595 3540 5640 testatur
3565 5581 3741 5638 dicens
3770 5623 3792 5649 ,

2207 5649 2277 5705 In
2305 5651 2394 5706 illa
2422 5662 2587 5706 autem
2607 5653 2687 5706 die
2708 5649 3176 5709 illuminabit'Deus
3206 5653 3260 5708 in
3284 5655 3496 5710 consilio
3525 5671 3670 5726 super
3687 5663 3797 5707 ter-

2271 5809 2289 5842 ι
2313 5808 2628 5870 Ms.colbert.,
2649 5806 2958 5860 devotionem.

2270 5873 2291 5903 ¹
2439 5865 2744 5942 εοιιιειυιηςε
2774 5870 3017 5942 devotione
3054 5884 3086 5920 a
3121 5871 3292 5942 mundi
3319 5871 3474 5935 ipsius
3512 5870 3690 5939 origin:
3709 5865 3771 5921 in

2209 5934 2444 5988 ducbatur
2465 5942 2576 5986 tunc
2947 5939 3047 5988 tam
3065 5933 3267 6000 proprii,
3297 5931 3393 5988 etc.

3790 5972 3812 5990 ι

3801 6001 3834 6023 ..δ
