4012 6474
484 319 615 374 225i

484 439 602 494 sine
627 435 791 492 dubio
819 433 1062 491 Christus
1097 442 1181 489 est
1212 450 1225 487 :
1258 432 1358 485 hoc
1396 431 1536 486 enim
1566 430 1629 484 ad
1681 429 1843 498 ipsius
1877 441 2063 496 perso-

487 522 609 563 nam
637 507 890 578 pertinet.
920 505 1311 578 Superveniens
1340 517 1466 567 ergo
1494 500 1986 578 Spiritus___sanctus
2012 499 2064 552 in

487 570 756 650 Virginem
775 619 788 640 ,
817 570 1169 650 sanctiﬁcavit_
1197 588 1314 630 eam
1365 587 1525 650 opere
1550 586 1648 625 suo
1685 570 1922 650 efﬁciens
1946 584 2066 650 eor-.-

525 639 611 703 usv
630 658 871 703 sanctum
901 663 966 703 ex
1010 661 1071 700 ea
1094 687 1108 709 ,
1156 645 1209 699 in
1252 659 1359 712 quo
1391 641 1567 695 Virtus
1592 657 1710 710 qua:
1752 639 2063 712 diciturDei

468 709 677 783 'Filius,
709 729 1032 774 nasceretur.
1056 715 1216 783 Cujus
1244 709 1578 767 obumbratio
1597 709 1646 765 in
1667 712 1926 783 Virginem
1952 709 2066 783 hzec

487 800 604 854 est,
655 781 713 842 ut
759 789 825 844 de
861 781 1213 842 immensitate
1257 783 1548 839 divinitatis
1595 781 1790 851 aliquid
1819 789 1973 854 esset
2011 781 2064 834 in

489 851 642 916 utero
672 859 898 929 Virginis
922 900 935 923 ,
987 868 1237 929 quantum
1271 862 1458 929 posset
1493 867 1706 929 capere.
1730 860 1916 929 natura
1963 851 2062 903 hu-

491 946 667 996 mana,
691 922 830 998 quod
851 922 1094 999 quasi'ex
1113 922 1397 999 splendore
1412 923 1745 999 obumbratio
1773 922 2060 999 diceretur,

491 992 664 1055 virtus
686 992 782 1056 Dei
811 992 952 1056 esset
979 999 1077 1067 (u);
1103 992 1221 1066 qua:
1251 995 1345 1067 Dei
1377 995 1576 1067 virtus,
1603 1009 1803 1067 necnon
1826 1002 1880 1046 et
1904 992 2061 1067 Deus.

491 1071 629 1126 Nihil
662 1072 800 1128 enim
825 1070 891 1124 de
920 1062 1164 1129 Deo'est,
1210 1065 1348 1136 quod
1376 1080 1480 1118 non
1509 1063 1713 1136 dicatur
1740 1064 1901 1136 Deus.
1931 1062 2061 1116 Nam

493 1142 592 1195 hoc
633 1155 945 1210 corporeum
977 1147 1089 1200 est,
1117 1146 1190 1210 tut
1229 1135 1301 1190 Sit
1355 1135 1406 1188 in
1435 1149 1594 1189 carne
1621 1135 1813 1210 aliquid
1859 1145 1911 1186 ct
1939 1147 2063 1188 caro

490 1211 591 1266 dici
620 1205 914 1280 non'possit
933 1252 946 1272 ,
977 1209 1148 1280 utpili
1174 1249 1189 1273 ,
1217 1214 1272 1280 et
1297 1221 1416 1259 ossa
1439 1247 1452 1269 ,
1485 1215 1539 1260 et
1565 1205 1710 1259 nervi
1739 1214 2025 1280 ει-είιιιειιιιτ

561 1281 639 1352 (ὑ)
672 1274 978 1352 Ambigenti
1009 1274 1183 1352 Maria:
1212 1277 1278 1332 de
1305 1285 1565 1352 conceptu
1578 1317 1600 1352 _,
1631 1285 1732 1352 etc.
1767 1274 1945 1352 Virtus
1968 1275 2057 1328 AI-

491 1345 681 1407 tissinii
707 1351 823 1406 sine
839 1345 1010 1404 vdubio
1039 1347 1282 1402 Christus
1309 1354 1410 1402 est.
1463 1345 1542 1400 Ad
1577 1345 1741 1415 ipsius
1768 1345 1907 1400 enim
1940 1361 2058 1413 prr-

490 1438 675 1476 sonam
721 1423 946 1490 pertinet
971 1420 1168 1474 dictum
1202 1418 1348 1490 hoc;
1380 1418 1586 1490 signum
1614 1415 1905 1490 enirn__F_ili_i
1936 1417 2024 1469 Dei
2046 1457 2061 1483 ,

491 1493 594 1548 hoc
637 1487 733 1547 εει
761 1507 881 1547 cum
923 1491 1144 1555 dicitur,
1173 1489 1350 1544 Virtus
1395 1488 1506 1541 Dei.
1552 1488 1707 1542 Juxta
1735 1487 2065 1540 divinitatem

493 1579 619 1618 vero
661 1572 714 1617 et
740 1563 898 1617 Pater
926 1563 1092 1615 virtus
1119 1569 1233 1624 est,
1279 1568 1334 1612 et
1375 1567 1590 1612 sanctus
1633 1557 1861 1626 Spiritus
1901 1557 2066 1611 virtus

493 1643 576 1689 est
595 1675 608 1697 ,
636 1641 690 1686 et
718 1635 874 1689 trium
904 1633 1090 1686 horum
1133 1645 1236 1684 una
1272 1630 1438 1682 virtus
1460 1669 1472 1690 ,
1502 1627 1621 1698 quia
1650 1643 1759 1698 una
1776 1627 2067 1698 substantia

491 1715 594 1782 est.
650 1703 880 1782 Spiritus
930 1711 1146 1782 sanctus
1192 1713 1319 1782 ergo
1345 1697 1558 1753 carnem
1591 1713 1652 1782 es
1705 1697 1918 1782 Virgine
1943 1697 2070 1752 feeit

493 1767 789 1829 Salvatori:
822 1775 990 1827 virtus
1037 1767 1293 1826 Allissinii
1334 1780 1512 1823 autem
1533 1809 1550 1834 ,
1600 1769 1649 1822 id
1681 1778 1760 1823 est
1788 1767 2028 1822 Christus
2051 1810 2065 1833 ,

495 1844 832 1900 obumbravit
856 1859 971 1898 eam
1013 1843 1232 1896 veniens
1256 1842 1308 1894 in
1334 1855 1549 1894 carnem
1577 1839 1766 1893 factam
1795 1854 1824 1892 a
1847 1839 2066 1908 Spiritu,

496 1925 553 1970 ut
584 1916 635 1970 in
664 1929 887 1985 corpore
916 1923 971 1968 et
997 1913 1170 1985 anima
1201 1912 1390 1966 lateret
1413 1909 1529 1985 Filii
1551 1911 1949 1985 _v_i_rtus.al.atere
1977 1925 2072 1985 au-

497 1995 604 2040 tem
632 1980 777 2056 ejus,
824 1994 905 2056 est
955 1983 1018 2036 ad
1068 1991 1275 2056 tempus
1307 1995 1411 2034 non
1441 1980 1680 2056 intelligi.
1721 1980 2072 2056 Obuinbratio

499 2051 676 2111 autem
717 2051 843 2126 quid
875 2056 1084 2124 penitus
1109 2053 1475 2126 int_elligatur,_
1495 2051 1940 2126 considerandum
1968 2059 2067 2126 est.

507 2128 541 2178 \-'
553 2129 594 2181 is
639 2121 816 2182 autem
865 2121 1020 2195 hujus
1048 2124 1285 2195 verbirgsi
1330 2123 1690 2195 exprimatur,
1737 2121 2074 2195 obumbratio

497 2199 706 2252 virtutis
732 2197 845 2264 Dei,
875 2192 1132 2265 inipetitio
1157 2193 1332 2265 aliqua
1375 2192 1712 2265 intelligitur,
1738 2202 1798 2265 Aut
1822 2193 1945 2245 dum
1971 2193 2071 2265 ob-

499 2269 774 2323 umbratur
813 2261 1004 2336 corpus
1025 2307 1038 2330 ,
1070 2261 1264 2336 aliquid
1313 2278 1524 2336 sumere
1549 2261 1610 2318 ex
1655 2263 1749 2318 Dei
1780 2265 1970 2336 virtute
1994 2261 2073 2316 di-

499 2338 791 2406 gnoscitur.
841 2333 952 2391 Hoc
977 2333 1381 2406 autem’aliquid
1432 2341 1601 2406 totum
1642 2344 1769 2406 est,_
1800 2333 1922 2402 quia
1970 2349 2074 2386 non

505 2403 675 2476 potest
703 2408 885 2478 partiri
912 2406 1178 2460 divinitas.
1210 2404 1457 2472 Sequitur
1481 2403 1658 2478 itaque
1677 2445 1692 2468 ,
1733 2403 2006 2478 (:roptereg
2033 2414 2079 2478 et

493 2473 636 2546 qum!
667 2473 898 2533 nascetur
938 2493 1000 2530 ea:
1055 2484 1102 2546 te
1127 2484 1388 2538 sanctum,
1440 2475 1718 2546 vocabitur,
1746 2473 1912 2546 Filius
1953 2473 2074 2546 Dii.

503 2544 652 2614 Quod
682 2550 821 2603 enim
852 2547 918 2603 de
938 2545 1138 2617 Spiritu
1160 2554 1343 2617 sancto
1366 2552 1545 2597 natum
1573 2545 1758 2617 es_t,tin
1790 2559 1848 2617 se
1878 2544 2080 2617 habens

503 2614 1202 2674 obunibrationem'virtutis
1234 2614 1350 2680 Dei,
1379 2629 1495 2680 qua:
1520 2624 1601 2668 est
1626 2615 1788 2668 Filius
1817 2614 1934 2678 Dei,
1967 2616 2082 2668 sine

483 2690 664 2745 dubio
707 2697 944 2744 sanctum
974 2696 1154 2742 natum
1209 2693 1318 2749 est,
1362 2684 1412 2737 id
1459 2693 1539 2754 est
1581 2700 1774 2754 corpus
1802 2684 1920 2737 Filii
1967 2685 2080 2740 Dei.

508 2761 688 2815 Sancti
716 2761 857 2815 enim
888 2772 1084 2827 corpus
1108 2763 1348 2811 sanctum
1378 2763 1476 2808 est.
1507 2753 1732 2827 Sanctus
1757 2770 1883 2824 ergo
1918 2755 2084 2811 Filius

489 2831 600 2886 Dei
636 2832 687 2884 in
718 2837 900 2884 saneto
920 2825 1152 2897 corpore
1171 2834 1327 2897 natus
1349 2833 1449 2897 est.
1500 2825 1587 2881 Sic
1611 2827 1807 2880 etenim
1834 2828 1900 2882 de
1925 2842 2085 2881 carne

503 2901 697 2957 Christi
742 2899 874 2953 dixit.
913 2895 1100 2964 David,
1133 2895 1253 2950 Non
1296 2895 1438 2948 dabis
1477 2908 1705 2950 sanctum
1745 2908 1886 2950 tuum
1922 2898 2086 2951 videre

483 2969 1064 3042 πεοιτιιριὶοιιιηιιμὶεαι.
1087 2982 1221 3033 xvn,
1241 2966 1296 3036 9)
1322 2983 1334 3019 :
1361 2973 1416 3019 ut
1442 2965 1494 3020 in
1513 2982 1736 3038 corpore
1762 2978 1944 3024 sancto
1974 2969 2026 3037 ip
2057 2983 2086 3021 e

503 3043 846 3112 signiﬁcetur,

582 3111 683 3166 LII.
714 3141 787 3152 —
820 3111 873 3167 Si
901 3109 967 3164 de
1005 3107 1202 3179 Spiritu
1246 3116 1439 3179 sancto
1486 3115 1643 3164 natus
1688 3117 1769 3162 est
1821 3108 2082 3174 Christus,

485 3183 558 3237 «id
607 3192 688 3237 est
731 3181 918 3237 ell‘ectu
971 3178 1084 3249 ejus
1127 3194 1195 3234 ex
1239 3178 1397 3230 Maria
1426 3193 1572 3249 caro,
1604 3179 1804 3246 factus,
1860 3195 1957 3234 cur
2001 3180 2084 3233 di-

508 3263 651 3307 ctum
690 3262 770 3306 est
789 3294 801 3314 ,
839 3248 1103 3320 Sapientia
1122 3290 1138 3315 ,
1165 3264 1282 3318 quze
1313 3249 1492 3320 utique
1519 3248 1760 3304 Christus
1782 3260 1862 3304 est
1882 3292 1896 3316 ,
1924 3252 2088 3318 wdi/i-

487 3325 635 3376 ~cavit
655 3324 746 3377 sibi
776 3316 982 3376 domum
1009 3316 1199 3392 (Prov:
1218 3334 1289 3384 Ix,
1304 3316 1402 3392 _I)?

578 3393 810 3461 Quaestio
837 3392 935 3445 ista
965 3389 1623 3461 geminaAratiotnetpotest
1667 3389 1904 3460 intelligi.
1963 3389 2081 3445 Pri-

509 3459 654 3518 mum
695 3464 835 3518 enim
862 3459 1052 3517 donius
1081 3459 1279 3530 Christi
1320 3459 1564 3530 Ecclesia,
1582 3467 1697 3526 est,
1731 3459 1888 3530 quam
1917 3461 2084 3516 rediti-

489 3535 645 3588 -eavit
674 3533 775 3588 sibi
803 3548 897 3587 san
937 3534 1058 3587 uine
1082 3545 1198 3586 suo.
1252 3529 1457 3584 Deinde
1499 3529 1657 3584 etiam
1689 3529 1862 3600 potest
1889 3541 1943 3586 et
1967 3547 2086 3587 cor-

509 3619 608 3657 nus
629 3604 746 3657 eius
773 3602 876 3657 dici
902 3548 1093 3657 ﬁomus
1116 3602 1308 3657 insitis.
1339 3601 1477 3655 sicut
1501 3599 1692 3655 dicitur
1735 3610 1789 3656 et
1827 3604 2082 3657 temnlum

509 3619 608 3673 pus
629 3604 746 3674 ejus
773 3602 876 3657 dici
902 3599 1093 3657 domus
1116 3602 1308 3674 ipsius,
1339 3601 1477 3674 sicut
1501 3599 1704 3674 dicitur
1735 3610 1789 3656 et
1827 3604 2082 3672 templum

508 3670 742 3743 ejus.'Si
770 3674 911 3729 enim
939 3681 1152 3742 pr0pter
1179 3670 1557 3743 habitationem
1603 3671 1797 3727 dicitur
1827 3670 2080 3742 templum

495 3742 602 3799 .Dei
624 3785 639 3810 ,
672 3760 777 3804 non
804 3743 1030 3814 absurde
1055 3743 1258 3814 dicetur
1283 3747 1339 3795 et
1357 3742 1578 3814 domus,
1627 3744 1762 3798 sicut
1785 3743 2004 3814 legimus
2029 3745 2081 3800 in

509 3815 668 3886 Lege.
691 3814 794 3871 Sed
821 3813 866 3868 si
892 3811 1329 3886 eli'eetl_t_Spiri_tus
1343 3812 1511 3865 sancti
1545 3811 1734 3867 factum
1760 3811 2078 3884 est'corpus,

506 3895 560 3940 et
589 3882 803 3940 domum
835 3899 992 3954 posse
1041 3882 1143 3937 dici
1181 3882 1531 3946 arbitramur,
1587 3899 1751 3952 quare
1799 3885 1864 3939 ad
1897 3882 2081 3954 perso-

507 3971 628 4009 nam
665 3955 862 4010 Christi
911 3955 1286 4025 relatumest,
1328 3959 1606 4025 quieritur.
1658 3954 1877 4008 Factmn
1931 3957 2078 4025 Filii,

505 4025 700 4080 factum
729 4025 898 4079 Patris
927 4034 1042 4090 est,
1073 4024 1194 4093 quia
1237 4023 1509 4092 utriusque
1539 4040 1639 4077 una
1668 4026 1834 4079 virtus
1863 4035 1962 4080 est.
1993 4023 2080 4083 Sié

506 4097 619 4149 mili
648 4095 806 4148 modo
849 4097 1009 4150 etiam
1035 4093 1228 4148 factum
1252 4093 1480 4162 Spiritus
1499 4095 1666 4148 sancti
1689 4135 1701 4159 ,
1733 4096 1925 4151 factum
1961 4097 2079 4152 Filii

507 4163 603 4218 Dei
633 4175 743 4230 est,
777 4174 991 4234 prOpter
1019 4173 1300 4234 nalttraa_et
1329 4164 1614 4218 voluntatis
1647 4167 1922 4220 unitatem.
1955 4168 2079 4224 Sive

510 4184 603 4218 νει
633 4184 743 4230 CSl,
777 4184 871 4234 pi'O
893 4184 991 4219 ιιει·
1019 4184 1218 4218 natura:
1249 4184 1300 4217 CI
1330 4184 1614 4218 γυιυιιιιιιιδ
1647 4184 1922 4220 ιιιιιιειιειιι.
1955 4184 2075 4224 δινε

487 4235 646 4304 νειιίιιι
681 4235 834 4288 Pater
863 4184 1017 4288 I’aciat
1038 4277 1050 4298 ,
1078 4235 1188 4288 sive
1219 4232 1382 4286 Filius
1402 4276 1414 4296 ,
1444 4234 1554 4304 sive
1577 4235 1802 4302 Spiritus
1831 4248 2075 4304 Sanctus,

501 4303 738 4378 '_I‘rinita_s
758 4313 840 4358 est
864 4321 981 4373 qua:
1008 4313 1258 4378 Oper-amr
1289 4319 1302 4357 :
1327 4313 1386 4358 et
1407 4302 1657 4374 quidquid
1683 4306 1812 4360 'I‘res
1837 4302 2077 4378 fecerint,

503 4374 596 4430 Dei
628 4375 782 4429 unius
806 4383 889 4430 est
914 4375 1170 4444 operatio.

580 4447 651 4518 (ε)
666 4445 887 4518 Εεειιιιιι
909 4445 1050 4512 Filii,
1070 4443 1288 4518 factum
1302 4443 1612 4518 Patris_est;
1639 4444 1760 4515 quia
1789 4463 1889 4502 una
1913 4450 2078 4506 virtus

498 4514 674 4572 Patris
703 4526 757 4571 et
795 4516 914 4571 Filii
939 4526 1039 4570 est.
1063 4515 1152 4570 Sic
1179 4514 1371 4569 factum
1402 4514 1628 4583 Spiritus
1654 4514 1850 4585 sancti,
1883 4519 2078 4576 factum

501 4587 698 4644 Christi
739 4599 848 4654 est;
898 4588 1018 4661 quia
1043 4586 1306 4661 de_ips_ius
1334 4586 1555 4661 accepit.
1595 4585 1908 4661 Secundum
1954 4607 2077 4661 per-

501 4672 686 4713 sonam
729 4674 856 4730 ergo
882 4657 1070 4730 ell'ectu
1099 4658 1324 4727 Spiritus
1381 4657 1546 4710 sancti
1586 4657 1826 4730 Christus
1853 4657 1976 4716 caro
2001 4663 2078 4717 Γει-

500 4739 615 4783 ctus
641 4740 756 4795 est,
796 4727 852 4784 id
881 4738 964 4784 est
991 4729 1149 4782 homo
1193 4739 1384 4782 natus:
1416 4727 1705 4782 secundum
1749 4731 2076 4789 divinitatem

498 4811 674 4854 autem
723 4801 967 4856 Christus
1009 4810 1258 4868 Operatus
1309 4806 1390 4852 est
1432 4798 1758 4868 inVirgine,
1821 4813 1875 4854 ut
1928 4804 2078 4860 ﬁeret

495 4885 645 4923 caro.
698 4870 828 4938 Quia
873 4866 1101 4940 Spiritus
1148 4869 1315 4940 sancti
1346 4879 1399 4923 et
1449 4866 1642 4924 Christi
1692 4887 1794 4926 una
1826 4873 2075 4931 divinitas

496 4941 697 5011 εδιίςιιε
725 4956 812 5011 per
843 4939 946 5011 hoc
970 4954 1104 5010 opus
1131 4939 1359 5010 Spiritus
1385 4940 1574 5011 sancti,
1602 4955 1736 5010 opus
1755 4944 1948 4998 Christi
1972 4957 2071 5000 est.

517 5029 520 5032 '
571 5010 700 5065 LIII.
726 5009 810 5051 ὀ--
842 5010 899 5066 Si
924 5081 928 5082 ί
954 5009 1129 5066 omnia
1152 5011 1376 5082 ratione
1432 5009 1564 5082 facta
1617 5009 1772 5077 sunt,
1805 5016 1929 5082 quid
1995 5026 2077 5072 est

480 5091 555 5206 ﬁt
618 5090 806 5206 pctavo
857 5081 1104 5136 calendas
1143 5080 1412 5150 januarias
1472 5079 1712 5138 Salvator
1754 5079 1906 5140 natus
1957 5102 2076 5144 esse

535 5167 610 5206 ica
639 5169 701 5206 ur
719 5193 732 5206 .

535 5162 732 5207 tcalur':

564 5222 730 5278 Nemo
771 5221 848 5276 sic
883 5222 1082 5293 poterit
1111 5221 1382 5293 hebetari,
1411 5231 1469 5276 ut
1497 5231 1651 5290 neget
1679 5225 1853 5279 omnia
1900 5227 2073 5284 facere

497 5293 661 5347 Deum
691 5309 811 5347 cum
865 5292 1090 5348 ratione.
1139 5292 1264 5346 Ideo
1311 5307 1434 5363 ergo
1461 5293 1702 5348 Christus
1745 5296 2072 5354 descendens

493 5363 561 5418 de
587 5365 754 5420 sacris
787 5363 1001 5418 sedibus
1029 5363 1094 5417 ad
1131 5363 1356 5418 salutem
1392 5365 1588 5418 mundo
1620 5365 1982 5436 tribuendam,
2016 5380 2072 5424 ut

497 5501 827 5614 {gnata-te,
865 5497 1160 5552 obumbratio
1202 5499 1444 5552 diceretur
1483 5500 1669 5556 virtutis
1693 5505 1782 5556 Dei
1797 5543 1812 5568 ,
1857 5519 2068 5576 essetque

513 5577 529 5588 η’
647 5578 668 5611 1
753 5598 768 5612 .

513 5577 847 5733 ’ῖὺῗφξέἒειίο
869 5624 1041 5674 eadem
1066 5637 1127 5673 ex
1147 5630 1252 5695 Mss.
1295 5625 1494 5696 secundi
1516 5631 1736 5691 generis,
1771 5631 1896 5683 inter
1937 5644 2066 5697 post-

513 5700 549 5733 τυ
571 5695 706 5733 iratas
725 5700 788 5733 ex
816 5694 938 5733 Novo
954 5693 1084 5733 't'est.
1109 5687 1278 5733 ordine
1306 5689 1554 5733 trnresima
1575 5701 1760 5733 ocima-

493 5687 706 5750 vulgatius
725 5700 788 5737 ex
816 5693 1084 5750 Novotest.
1109 5687 1278 5734 ordine
1306 5687 1554 5750 trigesima
1575 5701 1760 5742 octava.

538 5747 618 5810 (ε)
641 5750 846 5807 quaesti»
875 5747 1047 5803 eadem
1072 5762 1132 5796 ex
1161 5755 1263 5797 Mss.
1286 5747 1485 5799 secundi
1505 5755 1721 5812 generis.

1459 309 1905 384 QUASSTIONES
1941 308 2037 364 EX
2072 307 2162 363 ΝΟ
2175 309 2257 366 V0
2294 310 2762 370 TESTAMENTO.

3606 317 3752 374 9252

2173 427 2330 511 etiam
2363 428 2614 511 ιιιιιιιιιιιιιι
2646 430 2816 511 ipsum
2836 471 2850 497 ,
2880 438 2933 485 et
2963 439 3208 511 tempora
3234 445 3266 511 ξι
3289 445 3346 511 se
3387 419 3623 511 instituta
3650 435 3750 511 do-

2173 507 2349 562 ceret;
2383 508 2506 554 tunc
2534 499 2677 555 nasci
2707 499 2866 554 homo
2891 499 3094 565 voluit,
3123 501 3189 555 ad
3216 501 3618 558 dimintitionem
3651 505 3751 560 hu-

2172 570 2312 622 mani
2343 570 2556 642 generis
2603 571 3040 642 augmentandam
3087 573 3140 626 in
3172 572 3336 626 Deum
3361 613 3377 638 ,
3425 574 3640 642 quando
3679 591 3749 631 ex

2173 654 2360 718 magna
2389 640 2738 720 diminutione
2769 641 2856 695 lux
2881 658 2997 712 qua:
3021 642 3138 720 dies
3162 653 3242 720 est
3264 640 3631 720 ,_creme_ntum
3662 646 3750 703 in-

2171 713 2295 778 cipit
2317 713 2558 782 accipere
2585 727 2598 763 :
2626 721 2686 782 ut
2706 721 2921 782 tempus
2942 713 3229 767 nativitatis
3252 713 3365 782 ejus
3391 715 3597 769 ratione
3621 731 3754 771 con-

2170 789 2322 847 gruat
2337 781 2592 852 doctrinae
2608 781 2822 847 divinm,
2853 799 2971 852 qua:
2997 798 3060 838 ex
3081 784 3265 838 umbra
3286 783 3474 839 mortis
3505 786 3752 844 homines

2165 851 2328 918 empit
2355 851 2706 920 multiplicare
2731 852 2798 906 ad
2826 851 3004 907 vitam.

2240 920 2372 975 LIV.
2418 951 2490 960 —
2532 923 2587 977 Si
2615 938 2680 977 ex
2721 923 2926 978 semine
2969 922 3135 978 David
3173 923 3416 980 Christus
3455 925 3624 982 Filius
3654 927 3754 984 Dei

2169 988 2339 1067 iactus
2365 992 2780 1067 estsccundum
2825 1009 3072 1060 carnem,
3116 994 3219 1067 hoc
3266 1003 3384 1058 est,
3437 1006 3593 1052 natus
3637 998 3751 1067 jam

2167 1059 2334 1117 Filius
2391 1061 2482 1116 Dei
2535 1071 2623 1134 est
2688 1065 2741 1118 in
2814 1059 3077 1133 utroque,
3124 1065 3244 1134 quia
3304 1077 3519 1121 sanctus
3591 1059 3753 1124 natus

2168 1140 2288 1204 est;
2319 1132 2585 1202 quomodo
2611 1148 2736 1204 ergo
2765 1132 3042 1204 postquam
3083 1132 3374 1203 baptizatus
3401 1146 3483 1192 est
3501 1178 3514 1199 .
3545 1137 3752 1193 dictum

2167 1202 2217 1257 ei
2240 1219 2270 1281 ξι
2295 1203 2518 1281 Domino
2549 1202 2798 1281 Deo_e_st,
2831 1202 2916 1258 Τιὶ
2936 1221 2988 1259 es
3010 1202 3340 1274 ﬁlius'meus,
3362 1222 3461 1278 ego
3485 1209 3638 1262 hodie
3660 1226 3752 1281 ge-

2168 1274 2256 1326 nui
2287 1284 2332 1328 te
2353 1272 2525 1342 (Psal.
2558 1289 2619 1338 ιι,
2649 1272 2729 1342 7)?

2238 1341 2492 1426 Christus
2525 1345 2621 1426 Dei
2653 1341 2816 1426 Filius
2844 1361 2908 1400 ex
2936 1354 3133 1400 aeterno
3159 1354 3241 1400 est
3270 1341 3562 1426 secundum
3580 1349 3750 1426 spirit-

2169 1422 2280 1469 tum
2308 1417 2602 1470 sanctitatis
2635 1433 2648 1469 :
2677 1417 2824 1483 juxta
2855 1430 3070 1470 carnem
3104 1431 3228 1470 vero
3257 1432 3323 1470 ex
3347 1418 3549 1472 semine
3578 1417 3750 1474 David

2170 1495 2325 1540 natus
2355 1494 2436 1540 est
2465 1485 2632 1540 Filius
2659 1487 2786 1552 Dei,
2834 1495 2891 1540 ut
2934 1487 2985 1540 in
3033 1495 3256 1555 utroque
3295 1503 3398 1542 non
3448 1487 3624 1543 lactus
3655 1491 3751 1545 Dei

2170 1555 2337 1610 Filius
2363 1555 2623 1627 habeatur
2644 1598 2660 1624 ,
2689 1557 2782 1612 sed
2806 1567 2978 1611 natus.
3008 1555 3138 1610 lllud
3177 1567 3355 1611 autem
3383 1559 3527 1627 quod
3556 1560 3606 1613 in
3651 1562 3750 1614 ba-

2171 1627 2366 1698 ptismo
2391 1625 2572 1698 audit,
2603 1629 2836 1698 mysterii
2859 1669 2872 1690 ,
2904 1643 3006 1681 non
3036 1641 3128 1680 sua
3156 1641 3321 1698 causa
3351 1625 3454 1682 est.
3483 1627 3616 1682 Nam
3651 1631 3752 1685 hoc

2170 1695 2416 1753 omnibus
2442 1696 2589 1751 audit
2632 1695 2719 1768 qui
2772 1698 3123 1767 baptizantur.
3156 1695 3274 1765 Ipse
3316 1707 3492 1752 autem
3521 1699 3751 1754 demon-

2172 1777 2373 1822 stratur
2401 1768 2766 1822 tantummodo
2787 1809 2802 1832 ,
2845 1778 2901 1822 ut
2929 1783 2993 1822 ex
3042 1768 3139 1820 hoc
3173 1777 3423 1836 appareat
3452 1769 3503 1823 in
3537 1769 3754 1824 homine

2174 1838 2456 1909 virtutibus
2483 1837 2624 1892 Deus
2653 1857 2665 1892 :
2695 1840 2872 1894 creteri
2914 1852 3041 1892 vero
3069 1836 3374 1902 ﬁrmantur,
3417 1840 3541 1909 quia
3562 1855 3628 1895 ex
3654 1843 3755 1896 hoc

2174 1907 2432 1981 incipiunt
2458 1923 2577 1981 esse
2603 1910 2691 1964 ﬁlii
2718 1909 2842 1973 Dei,
2873 1925 2992 1964 cum
3021 1916 3261 1981 sanctum
3291 1907 3556 1978 accipiunt
3581 1911 3753 1981 Spiri-

2175 1986 2306 2033 tum.
2329 1978 2542 2046 Qamvis
2562 1981 2701 2034 enim
2729 1989 2969 2035 sanctum
2999 1987 3180 2033 natum
3205 1980 3274 2033 sit
3299 1994 3494 2050 corpus
3515 1978 3753 2050 Domini,

2177 2063 2284 2121 non
2315 2058 2489 2121 tamen
2517 2061 2848 2106 sacramento
2869 2050 3285 2121 regenerationis
3315 2049 3556 2105 ﬁrmatus
3584 2049 3757 2107 fuerat

2177 2119 2338 2174 homo
2361 2119 2600 2175 Christus
2623 2137 2739 2178 esse
2765 2119 3052 2176 Filius'Dei
3071 2160 3083 2184 .
3107 2122 3207 2174 nisi
3231 2119 3482 2189 Spiritum
3509 2134 3758 2178 sanctum

2178 2191 2500 2261 accepisset,
2553 2193 2698 2261 juxta
2726 2192 2996 2247 decretum
3049 2192 3476 2246 renascibilitatis
3523 2191 3752 2258 donum.

2178 2260 2316 2316 Nam
2339 2271 2393 2316 et
2419 2260 2584 2318 Judzei
2617 2262 2705 2316 ﬁlii
2728 2262 2825 2318 Dei
2848 2261 2976 2317 dicti
2999 2262 3194 2316 suntin
3215 2261 3495 2318 devotione
3517 2304 3530 2327 ,
3566 2279 3673 2318 non
3700 2266 3752 2319 ia

2180 2343 2514 2412 sacramento
2551 2333 2689 2403 quod
2717 2348 2858 2387 nunc
2883 2340 3163 2412 operatur,
3217 2339 3275 2386 ut
3300 2342 3525 2412 accepta
3560 2336 3758 2390 remis-

2181 2404 2330 2456 sione
2355 2413 2688 2474 peccatorum
2733 2404 3139 2474 superveniente
3175 2412 3359 2456 saneto
3388 2404 3624 2473 Spiritu,
3671 2407 3758 2460 di-

2183 2482 2373 2528 cantur
2402 2472 2492 2526 ﬁlii
2521 2475 2638 2529 Dei.
2663 2472 2905 2530 Salvator
2937 2488 3064 2542 ergo
3092 2482 3145 2528 et
3179 2484 3333 2526 natus
3361 2472 3446 2528 est
3461 2476 3758 2530 secundum

2183 2557 2396 2623 carnem
2424 2543 2590 2624 Filius
2618 2545 2742 2624 Dei,
2773 2555 2826 2624 et
2855 2543 3328 2624 postin’r‘uysierio
3356 2544 3615 2624 ﬁrmatus.
3651 2547 3761 2602 Nec

2185 2614 2324 2684 enim
2366 2622 2571 2683 poterat
2600 2615 2737 2684 quod
2765 2615 2833 2671 de
2853 2613 3036 2670 Sancto
3063 2613 3263 2681 Spiritu
3291 2621 3470 2684 natum
3508 2625 3587 2669 est
3606 2657 3622 2681 ,
3653 2632 3759 2672 non

2185 2682 2252 2737 de
2269 2682 2379 2738 Deo
2407 2687 2580 2756 nasci;
2609 2682 2700 2740 Sed
2725 2696 2779 2739 ut
2805 2684 3130 2756 propositum
3163 2683 3398 2754 mysterii
3423 2685 3757 2753 impleretur,

2187 2755 2590 2824 superveniente
2612 2755 2931 2824 Spiritunon
2949 2755 3264 2808 diminutum
3281 2766 3383 2817 est,
3405 2759 3498 2809 sed
3519 2767 3758 2812 auctum.

2262 2823 2334 2895 (ιι)
2373 2824 2614 2889 Christus
2642 2827 2804 2882 Filius
2821 2826 2917 2881 Dei
2945 2825 3232 2880 secundum
3253 2826 3491 2895 spiritum
3505 2841 3571 2880 ex
3597 2837 3761 2881 teter-

2189 2893 2399 2966 no’e'st,
2435 2900 2584 2966 juxta
2638 2913 2853 2953 carnem
2901 2903 3074 2949 autem
3132 2895 3230 2950 Dei
3273 2893 3438 2950 Filius
3463 2911 3529 2950 ex
3555 2898 3764 2953 semine

2191 2964 2355 3019 David
2380 2964 2461 3021 est
2490 2983 2555 3024 ex
2584 2969 2871 3022 nativitate.
2923 2967 3038 3021 Non
3083 2980 3178 3036 per
3209 2966 3525 3036 baptismum
3557 2967 3759 3032 factus,

2188 3036 2308 3108 quia
2337 3037 2403 3108 de
2430 3039 2628 3108 Spiritu
2667 3047 2852 3094 sancto
2880 3048 3034 3091 natus
3078 3034 3408 3108 puriﬁcatam
3437 3050 3635 3107 corpus
3663 3041 3760 3091 lia-

2188 3105 2334 3179 buit.
2353 3107 2415 3179 In
2434 3105 2694 3179 baptismo
2717 3119 2893 3163 autem
2922 3106 3232 3179 ideotaudit,
3261 3105 3427 3161 Filius
3447 3105 3586 3179 meus
3607 3119 3760 3179 esttu,

2189 3192 2278 3250 ego
2317 3178 2464 3232 hodie
2503 3177 2654 3250 genui
2681 3187 2728 3232 te
2747 3221 2761 3244 ,
2794 3187 2848 3232 ut
2868 3177 3175 3250 estenderet
3194 3193 3292 3250 per
3313 3178 3632 3250 mysterium
3661 3178 3763 3232 Ba-

2187 3249 2449 3315 ptismatis
2479 3247 2615 3305 ﬁlios
2645 3250 2740 3305 Dei
2769 3249 2901 3304 Iieri.
2931 3248 3167 3317 Denique
3186 3247 3389 3317 Spiritu
3403 3248 3763 3304 descendente

2188 3327 2242 3371 et
2270 3329 2515 3374 manente
2543 3319 2594 3374 in
2622 3335 2712 3386 se,
2741 3321 2886 3374 audit
2916 3319 3028 3372 haec
3053 3318 3248 3379 verba;
3289 3319 3408 3386 quia
3438 3327 3563 3372 ante
3598 3333 3760 3374 accc-

2189 3397 2334 3457 ptum
2357 3391 2608 3458 Spiritum
2634 3401 2873 3446 sanctum
2901 3404 3005 3443 non
3034 3387 3279 3460 suntﬁlii
3304 3387 3419 3443 Dei.
3445 3388 3607 3444 Audit
3634 3406 3763 3460 ergo

2189 3473 2292 3529 non
2323 3461 2452 3520 sibi.
2486 3461 2578 3516 sed
2611 3462 2795 3526 nobis,
2841 3470 2896 3514 ut
2936 3461 2986 3512 in
3020 3459 3106 3512 illo
3132 3459 3456 3513 disceremus
3490 3461 3762 3529 quomodo

2188 3528 2279 3582 lilii
2309 3529 2402 3584 Dei
2424 3547 2543 3586 esse
2571 3546 2866 3600 possemus.
2897 3530 3010 3584 Non
3038 3531 3178 3584 enim
3205 3530 3304 3582 sibi
3337 3528 3629 3598 baptizatus
3654 3542 3759 3596 est,

2187 3601 2278 3654 sed
2309 3603 2492 3667 nobis;
2517 3603 2782 3673 quomodo
2809 3602 2912 3655 alio
2951 3601 3069 3673 loco
3096 3601 3206 3669 ipse
3233 3600 3484 3654 Dominus
3514 3601 3607 3663 ait,
3639 3600 3761 3673 Non

2187 3681 2390 3740 prOjuer
2414 3689 2492 3727 me
2519 3671 2648 3726 ιῐιιιιὶι
2675 3672 2782 3726 [uec
2807 3688 2932 3738 uox,
2970 3671 3057 3724 sed
3087 3681 3291 3740 propter
3315 3685 3398 3724 vos
3418 3711 3431 3733 ,
3473 3672 3762 3725 utcredatis

2186 3739 2369 3814 (loqu.
2415 3759 2508 3811 xu,
2541 3743 2666 3814 50):
2697 3744 2768 3802 ita
2794 3753 2846 3798 et
2872 3742 2972 3796 hoc
3001 3739 3195 3794 factum
3229 3748 3342 3808 est,
3384 3749 3439 3794 ut
3465 3741 3637 3796 forma
3666 3760 3761 3795 no.

2186 3811 2268 3864 bis
2293 3813 2460 3868 ﬁeret.

2257 3883 2604 3952 LV.-—Quid
2632 3898 2805 3939 causa:
2823 3882 2916 3937 fuit
2940 3893 2997 3938 ut
3025 3883 3113 3937 illo
3166 3890 3401 3952 tempore
3449 3897 3544 3936 cru
3584 3881 3761 3951 ciﬁgis

2186 3967 2242 4025 sc
2272 3957 2599 4025 permitteret
2638 3955 2909 4018 Dominus,
2938 3970 3045 4022 quo
3092 3963 3279 4008 octavo
3317 3953 3539 4007 calenda
3567 3955 3752 4022 apritis

2185 4023 2385 4081 Pascha
2413 4026 2579 4080 acturi
2609 4035 2758 4080 erant
2785 4025 2988 4079 Judaei?

2254 4097 2441 4151 Omnia
2485 4096 2712 4166 pr0priis
2755 4096 2884 4150 locis
2913 4105 2963 4149 ct
2985 4095 3310 4166 temporibus
3339 4093 3446 4164 egit
3485 4092 3756 4166 Salvator.

2185 4165 2256 4222 Ut
2285 4168 2425 4222 enim
2465 4164 2639 4220 omnia
2663 4180 2724 4220 se
2754 4166 3022 4220 voluntate
3067 4165 3236 4219 Patris
3263 4172 3406 4219 recte
3450 4164 3760 4219 condidisse

2184 4239 2419 4304 doceret,
2452 4248 2576 4291 tunc
2601 4237 2763 4290 voluit
2803 4239 3048 4304 paSsione
3081 4251 3174 4290 sua
3197 4236 3449 4289 mundum
3497 4235 3763 4288 redimere

2183 4317 2238 4362 et
2260 4307 2572 4372 reformare,
2623 4307 2831 4376 quando
2883 4322 3002 4361 eum
3045 4316 3099 4360 et
3139 4316 3444 4371 creaverat;
3500 4305 3560 4376 id,
3593 4315 3678 4358 est
3707 4304 3760 4355 iu

2183 4380 2519 4449 aequinoctio,
2544 4375 2682 4432 unde
2707 4377 2934 4432 mundus
2983 4377 3394 4449 initiumquepit,
3436 4384 3490 4430 et
3514 4375 3629 4428 dies
3649 4388 3762 4449 _sn-

2183 4443 2280 4519 βοὶ·
2306 4443 2513 4504 noctem
2563 4449 2877 4503 increscere.
2917 4449 2969 4501 In
3011 4462 3176 4516 regno
3205 4443 3379 4519 itaque
3425 4460 3590 4519 agens
3626 4443 3760 4519 _Ro-

2184 4514 2361 4587 inano,
2419 4520 2628 4574 nonnisi
2672 4527 2859 4572 octavo
2895 4514 3141 4572 calendas
3175 4514 3358 4587 aprilis
3401 4516 3506 4587 pati
3555 4514 3760 4587 debuit,

2183 4584 2395 4660 quando
2438 4591 2810 4660 aequinoctium
2879 4584 3369 4660 habenthliomani.
3405 4584 3574 4640 ’Tunc
3616 4584 3762 4639 enim

2183 4657 2361 4729 utique
2391 4657 2614 4732 primum
2643 4661 2756 4713 lucc
2785 4674 2904 4728 pars
2933 4658 3112 4732 mundi
3146 4657 3437 4732 illuminata
3465 4665 3569 4722 est,
3614 4665 3667 4709 et
3693 4670 3762 4708 ev

2183 4747 2246 4785 eo
2275 4727 2577 4802 dies'coepit
2606 4727 2934 4784 cremeiitum
2963 4730 3224 4802 accipere.
3248 4727 3490 4802 ideoque
3537 4735 3592 4779 et
3624 4740 3764 4802 pas-

2181 4803 2331 4858 sione
2371 4797 2658 4858 Salvatoris
2689 4811 2813 4854 tunc
2854 4816 2882 4854 σι
2919 4799 3148 4855 tenebris
3196 4797 3262 4851 ad
3295 4799 3461 4851 lucem
3508 4797 3766 4864 perducta

2183 4884 2282 4926 est.
2314 4875 2466 4927 Nulla
2520 4875 2695 4942 itaque
2724 4871 3036 4940 vituperatio
3076 4871 3307 4942 auctoris
3335 4869 3524 4942 poterit
3569 4866 3764 4942 videri,

2181 4944 2390 5012 quando
2421 4937 2623 5012 lapsam
2644 4937 2936 5012 creaturam
2967 4951 3088 4994 tunc
3118 4939 3425 5012 reformavit
3451 4937 3677 5012 quando
3707 4949 3768 5012 ct

2183 4961 2390 5012 quatiat)
2421 4961 2464 5000 In
2512 4961 2620 4997 sam
2644 4961 2936 4996 creaturam
2967 4961 3088 4994 tunc
3118 4961 3425 4992 returmuvu
3463 4961 3677 5006 tluultuu
3707 4961 3768 4989 Ct

2183 5013 2399 5069 fecerat.
2446 4961 2552 5069 [διε
2581 5015 2721 5068 ειιὶιιι
2768 5011 3082 5081 reprehendi
3127 5011 3315 5078 poterit
3346 5008 3420 5061 rei
3451 5008 3614 5081 l_aps:_e
3654 5007 3768 5081 ini—

2181 5085 2310 5139 tium
2338 5085 2641 5149 creationis,
2671 5099 2790 5137 cum
2826 5077 2889 5134 ad
2916 5083 2962 5134 id
2991 5077 3170 5135 redeat
3199 5078 3528 5149 instauratio.
3558 5077 3765 5131 Eadem

2180 5157 2320 5210 enim
2369 5158 2455 5210 die
2507 5156 2672 5208 voluit
2717 5169 2836 5208 eSse
2891 5152 3248 5208 renovationis
3324 5148 3598 5219 gaudium,
3655 5163 3768 5217 quo

2179 5227 2348 5281 fuerat
2367 5237 2420 5282 et
2443 5225 2790 5280 dedicationis
2824 5224 2861 5275 ³.

2249 5297 2383 5352 LVI.
2414 5298 2679 5362 -Quarc
2737 5297 2786 5347 in
2849 5292 3095 5347 Matthzco
3140 5300 3289 5360 pater
3334 5288 3533 5362 Ioseph
3597 5287 3772 5342 Iacob

2178 5369 2468 5435 scribitur,
2530 5359 2583 5420 et
2636 5367 2686 5420 in
2742 5366 2879 5419 Luca
2935 5365 3070 5428 lleli,
3126 5359 3184 5417 ut
3252 5370 3342 5415 aut
3383 5359 3520 5415 duos
3585 5369 3773 5429 patres

2239 5513 2255 5544 ί
2281 5516 2328 5558 tn
2351 5515 2458 5558 Mss.
2477 5503 2674 5556 secundi
2694 5501 2894 5566 generis
2911 5500 2975 5549 ita
2995 5497 3318 5566 concluditur:
3341 5505 3465 5560 Ergo
3479 5493 3776 5566 mysterium

2173 5573 2263 5624 hoc
2285 5569 2488 5623 coniuret
2522 5575 2570 5618 ut
2592 5559 2722 5618 satu}
2741 5565 2920 5614 mundo
2940 5569 3052 5612 tunc
3091 5559 3419 5619 redderetur,
3439 5559 3631 5622 quando
3650 5570 3778 5608 eam

2173 5641 2538 5757 wgrggstio
2562 5689 2736 5740 eadem
2773 5701 2838 5737 ex
2874 5696 2982 5757 titss.
3017 5685 3218 5757 secundi
3255 5685 3474 5757 gener-is,
3499 5683 3626 5757 inter
3647 5689 3779 5742 mss

2175 5748 2391 5827 vulgatus
2416 5771 2477 5806 ex
2504 5763 2628 5804 Novo
2651 5760 2780 5803 Test.
2806 5751 2976 5800 ordine
2998 5748 3365 5812 quadragesima
3387 5748 3569 5814 quinta.
