  <div class='ocr_page' id='page_1' title='image "/cluster/home/n/w/nwhite01/storage/ocr_20150623/35/hvd.32044015706302/477.png"; bbox 0 0 4012 6464; ppageno 0'>
   <div class='ocr_carea' id='block_1_1' title="bbox 491 343 634 400">
    <p class='ocr_par' dir='ltr' id='par_1_1' title="bbox 491 343 634 400">
     <span class='ocr_line' id='line_1_1' title="bbox 491 343 634 400; baseline 0.014 -2"><span class='ocrx_word' id='word_1_1' title='bbox 491 343 634 400; x_wconf 62' lang='lat'><strong>1255</strong></span> 
     </span>
    </p>
   </div>
   <div class='ocr_carea' id='block_1_2' title="bbox 497 454 2064 524">
    <p class='ocr_par' dir='ltr' id='par_1_2' title="bbox 497 454 2064 524">
     <span class='ocr_line' id='line_1_2' title="bbox 497 454 2064 524; baseline -0.003 -12"><span class='ocrx_word' id='word_1_2' title='bbox 497 465 551 514; x_wconf 90' lang='lat' dir='ltr'><strong>Iit</strong></span> <span class='ocrx_word' id='word_1_3' title='bbox 579 477 681 514; x_wconf 90' lang='lat' dir='ltr'><strong>non</strong></span> <span class='ocrx_word' id='word_1_4' title='bbox 709 459 914 514; x_wconf 90' lang='lat' dir='ltr'><strong>videtur</strong></span> <span class='ocrx_word' id='word_1_5' title='bbox 944 477 955 512; x_wconf 87' lang='lat'>:</span> <span class='ocrx_word' id='word_1_6' title='bbox 989 457 1199 514; x_wconf 77' lang='lat' dir='ltr'><strong>auditur</strong></span> <span class='ocrx_word' id='word_1_7' title='bbox 1221 465 1394 512; x_wconf 87' lang='lat' dir='ltr'><strong>tamen</strong></span> <span class='ocrx_word' id='word_1_8' title='bbox 1427 471 1545 510; x_wconf 88' lang='lat' dir='ltr'><strong>cum</strong></span> <span class='ocrx_word' id='word_1_9' title='bbox 1574 454 1700 524; x_wconf 88' lang='lat' dir='ltr'><strong>quid</strong></span> <span class='ocrx_word' id='word_1_10' title='bbox 1729 454 1958 524; x_wconf 85' lang='lat' dir='ltr'><strong>futurum</strong></span> <span class='ocrx_word' id='word_1_11' title='bbox 1983 461 2064 524; x_wconf 84' lang='lat' dir='ltr'><strong>est</strong></span> 
     </span>
    </p>
   </div>
   <div class='ocr_carea' id='block_1_3' title="bbox 493 523 2060 600">
    <p class='ocr_par' dir='ltr' id='par_1_3' title="bbox 493 523 2060 600">
     <span class='ocr_line' id='line_1_3' title="bbox 493 523 2060 600; baseline -0.004 -18"><span class='ocrx_word' id='word_1_12' title='bbox 493 531 562 584; x_wconf 85' lang='lat' dir='ltr'><strong>ab</strong></span> <span class='ocrx_word' id='word_1_13' title='bbox 581 545 646 585; x_wconf 89' lang='lat' dir='ltr'><strong>eo</strong></span> <span class='ocrx_word' id='word_1_14' title='bbox 673 531 766 600; x_wconf 89' lang='lat' dir='ltr'><strong>qui</strong></span> <span class='ocrx_word' id='word_1_15' title='bbox 789 529 944 584; x_wconf 86' lang='lat' dir='ltr'><strong>verba</strong></span> <span class='ocrx_word' id='word_1_16' title='bbox 971 529 1218 588; x_wconf 81' lang='lat' dir='ltr'><strong>insinuat,</strong></span> <span class='ocrx_word' id='word_1_17' title='bbox 1253 523 1604 600; x_wconf 58' lang='lat' dir='ltr'><strong>praedicatur,</strong></span> <span class='ocrx_word' id='word_1_18' title='bbox 1627 533 1686 600; x_wconf 73' lang='lat' dir='ltr'><strong>iit</strong></span> <span class='ocrx_word' id='word_1_19' title='bbox 1721 523 1833 600; x_wconf 76' lang='lat' dir='ltr'><strong>fieri</strong></span> <span class='ocrx_word' id='word_1_20' title='bbox 1870 523 2060 600; x_wconf 73' lang='lat' dir='ltr'><strong>creda-</strong></span> 
     </span>
    </p>
   </div>
   <div class='ocr_carea' id='block_1_4' title="bbox 494 593 2059 670">
    <p class='ocr_par' dir='ltr' id='par_1_4' title="bbox 494 593 2059 670">
     <span class='ocr_line' id='line_1_4' title="bbox 494 593 2059 670; baseline -0.004 -18"><span class='ocrx_word' id='word_1_21' title='bbox 494 609 581 654; x_wconf 90' lang='lat' dir='ltr'><strong>tur</strong></span> <span class='ocrx_word' id='word_1_22' title='bbox 635 593 776 670; x_wconf 78' lang='lat' dir='ltr'><strong>quod</strong></span> <span class='ocrx_word' id='word_1_23' title='bbox 817 600 1043 662; x_wconf 90' lang='lat' dir='ltr'><strong>auditur,</strong></span> <span class='ocrx_word' id='word_1_24' title='bbox 1089 613 1192 651; x_wconf 91' lang='lat' dir='ltr'><strong>non</strong></span> <span class='ocrx_word' id='word_1_25' title='bbox 1229 593 1400 670; x_wconf 78' lang='lat' dir='ltr'><strong>tamen</strong></span> <span class='ocrx_word' id='word_1_26' title='bbox 1431 596 1590 670; x_wconf 73' lang='lat' dir='ltr'><strong>_i_‘_alio_</strong></span> <span class='ocrx_word' id='word_1_27' title='bbox 1623 593 1745 648; x_wconf 80' lang='lat' dir='ltr'><strong>laeti</strong></span> <span class='ocrx_word' id='word_1_28' title='bbox 1791 593 2059 670; x_wconf 77' lang='lat' dir='ltr'><strong>reddatur.</strong></span> 
     </span>
    </p>
   </div>
   <div class='ocr_carea' id='block_1_5' title="bbox 491 664 2065 738">
    <p class='ocr_par' dir='ltr' id='par_1_5' title="bbox 491 664 2065 738">
     <span class='ocr_line' id='line_1_5' title="bbox 491 664 2065 738; baseline -0.005 -14"><span class='ocrx_word' id='word_1_29' title='bbox 491 669 624 724; x_wconf 77' lang='lat' dir='ltr'><strong>Cum</strong></span> <span class='ocrx_word' id='word_1_30' title='bbox 648 664 822 724; x_wconf 79' lang='lat' dir='ltr'><strong>autem</strong></span> <span class='ocrx_word' id='word_1_31' title='bbox 853 685 950 724; x_wconf 87' lang='lat' dir='ltr'><strong>nec</strong></span> <span class='ocrx_word' id='word_1_32' title='bbox 975 685 1068 738; x_wconf 90' lang='lat' dir='ltr'><strong>per</strong></span> <span class='ocrx_word' id='word_1_33' title='bbox 1105 668 1402 738; x_wconf 89' lang='lat' dir='ltr'><strong>exemplum</strong></span> <span class='ocrx_word' id='word_1_34' title='bbox 1431 665 1747 738; x_wconf 78' lang='lat' dir='ltr'><strong>Nicodemus</strong></span> <span class='ocrx_word' id='word_1_35' title='bbox 1782 664 2065 738; x_wconf 72' lang='lat' dir='ltr'><strong>dueerciur</strong></span> 
     </span>
    </p>
   </div>
   <div class='ocr_carea' id='block_1_6' title="bbox 493 733 2064 804">
    <p class='ocr_par' dir='ltr' id='par_1_6' title="bbox 493 733 2064 804">
     <span class='ocr_line' id='line_1_6' title="bbox 493 733 2064 804; baseline -0.006 -10"><span class='ocrx_word' id='word_1_36' title='bbox 493 741 559 794; x_wconf 86' lang='lat' dir='ltr'><strong>ad</strong></span> <span class='ocrx_word' id='word_1_37' title='bbox 587 741 762 804; x_wconf 79' lang='lat' dir='ltr'><strong>ﬁdem,</strong></span> <span class='ocrx_word' id='word_1_38' title='bbox 799 750 922 794; x_wconf 87' lang='lat' dir='ltr'><strong>tunc</strong></span> <span class='ocrx_word' id='word_1_39' title='bbox 966 733 1161 792; x_wconf 80' lang='lat' dir='ltr'><strong>audivit</strong></span> <span class='ocrx_word' id='word_1_40' title='bbox 1203 753 1234 792; x_wconf 88' lang='lat' dir='ltr'><strong>a</strong></span> <span class='ocrx_word' id='word_1_41' title='bbox 1262 733 1638 800; x_wconf 71' lang='lat' dir='ltr'><strong>Salvatore,8i</strong></span> <span class='ocrx_word' id='word_1_42' title='bbox 1663 734 1934 794; x_wconf 84' lang='lat' dir='ltr'><strong>terrestria,</strong></span> <span class='ocrx_word' id='word_1_43' title='bbox 1983 733 2064 785; x_wconf 91' lang='lat' dir='ltr'><strong>in-</strong></span> 
     </span>
    </p>
   </div>
   <div class='ocr_carea' id='block_1_7' title="bbox 491 804 2062 879">
    <p class='ocr_par' dir='ltr' id='par_1_7' title="bbox 491 804 2062 879">
     <span class='ocr_line' id='line_1_7' title="bbox 491 804 2062 879; baseline -0.005 -17"><span class='ocrx_word' id='word_1_44' title='bbox 491 812 626 879; x_wconf 93' lang='lat' dir='ltr'><strong>quit,</strong></span> <span class='ocrx_word' id='word_1_45' title='bbox 649 811 756 866; x_wconf 73' lang='lat' dir='ltr'><strong>dixi</strong></span> <span class='ocrx_word' id='word_1_46' title='bbox 780 809 913 862; x_wconf 83' lang='lat' dir='ltr'><strong>vobis</strong></span> <span class='ocrx_word' id='word_1_47' title='bbox 929 852 942 874; x_wconf 92' lang='lat'><strong>,</strong></span> <span class='ocrx_word' id='word_1_48' title='bbox 968 819 1012 861; x_wconf 83' lang='lat' dir='ltr'><strong>et</strong></span> <span class='ocrx_word' id='word_1_49' title='bbox 1047 823 1146 861; x_wconf 87' lang='lat' dir='ltr'><strong>non</strong></span> <span class='ocrx_word' id='word_1_50' title='bbox 1169 807 1398 879; x_wconf 73' lang='lat' dir='ltr'><strong>creditis;</strong></span> <span class='ocrx_word' id='word_1_51' title='bbox 1422 805 1672 874; x_wconf 81' lang='lat' dir='ltr'><strong>quomodo</strong></span> <span class='ocrx_word' id='word_1_52' title='bbox 1693 805 1740 879; x_wconf 71' lang='lat' dir='ltr'><strong>si</strong></span> <span class='ocrx_word' id='word_1_53' title='bbox 1769 804 1946 879; x_wconf 68' lang='lat' dir='ltr'><strong>dixero</strong></span> <span class='ocrx_word' id='word_1_54' title='bbox 1973 819 2062 879; x_wconf 47' lang='lat' dir='ltr'><strong>vo:</strong></span> 
     </span>
    </p>
   </div>
   <div class='ocr_carea' id='block_1_8' title="bbox 493 871 2061 944">
    <p class='ocr_par' dir='ltr' id='par_1_8' title="bbox 493 871 2061 944">
     <span class='ocr_line' id='line_1_8' title="bbox 493 871 2061 944; baseline -0.004 -11"><span class='ocrx_word' id='word_1_55' title='bbox 493 871 567 935; x_wconf 66' lang='lat' dir='ltr'><strong>liis</strong></span> <span class='ocrx_word' id='word_1_56' title='bbox 596 871 832 944; x_wconf 63' lang='lat' dir='ltr'><strong>celestia,</strong></span> <span class='ocrx_word' id='word_1_57' title='bbox 860 871 1107 932; x_wconf 77' lang='lat' dir='ltr'><strong>credetis?</strong></span> <span class='ocrx_word' id='word_1_58' title='bbox 1133 879 1232 932; x_wconf 91' lang='lat' dir='ltr'><strong>Ista</strong></span> <span class='ocrx_word' id='word_1_59' title='bbox 1257 877 1416 930; x_wconf 88' lang='lat' dir='ltr'><strong>verba</strong></span> <span class='ocrx_word' id='word_1_60' title='bbox 1436 871 1654 929; x_wconf 75' lang='lat' dir='ltr'><strong>terrena</strong></span> <span class='ocrx_word' id='word_1_61' title='bbox 1675 874 1826 936; x_wconf 86' lang='lat' dir='ltr'><strong>dixit,</strong></span> <span class='ocrx_word' id='word_1_62' title='bbox 1859 887 1975 942; x_wconf 75' lang='lat' dir='ltr'><strong>qua:</strong></span> <span class='ocrx_word' id='word_1_63' title='bbox 1997 871 2061 926; x_wconf 90' lang='lat' dir='ltr'><strong>ad</strong></span> 
     </span>
    </p>
   </div>
   <div class='ocr_carea' id='block_1_9' title="bbox 490 947 2057 1020">
    <p class='ocr_par' dir='ltr' id='par_1_9' title="bbox 490 947 2057 1020">
     <span class='ocr_line' id='line_1_9' title="bbox 490 947 2057 1020; baseline -0.007 -16"><span class='ocrx_word' id='word_1_64' title='bbox 490 952 792 1020; x_wconf 79' lang='lat' dir='ltr'><strong>exemplum</strong></span> <span class='ocrx_word' id='word_1_65' title='bbox 815 950 1026 1020; x_wconf 82' lang='lat' dir='ltr'><strong>protulit</strong></span> <span class='ocrx_word' id='word_1_66' title='bbox 1050 966 1071 1020; x_wconf 85' lang='lat'><em>:7</em></span> <span class='ocrx_word' id='word_1_67' title='bbox 1087 949 1310 1020; x_wconf 84' lang='lat' dir='ltr'><strong>lioc7est,</strong></span> <span class='ocrx_word' id='word_1_68' title='bbox 1329 948 1373 1000; x_wconf 89' lang='lat' dir='ltr'><strong>si</strong></span> <span class='ocrx_word' id='word_1_69' title='bbox 1392 947 1753 1020; x_wconf 81' lang='lat' dir='ltr'><strong>perrationem</strong></span> <span class='ocrx_word' id='word_1_70' title='bbox 1771 955 2057 1006; x_wconf 87' lang='lat' dir='ltr'><strong>terrenam,</strong></span> 
     </span>
    </p>
   </div>
   <div class='ocr_carea' id='block_1_10' title="bbox 491 1015 2058 1142">
    <p class='ocr_par' dir='ltr' id='par_1_10' title="bbox 491 1015 2058 1142">
     <span class='ocr_line' id='line_1_10' title="bbox 491 1015 2058 1142; baseline -0.005 -68"><span class='ocrx_word' id='word_1_71' title='bbox 491 1015 680 1102; x_wconf 77' lang='lat' dir='ltr'><strong>inquit,</strong></span> <span class='ocrx_word' id='word_1_72' title='bbox 713 1015 938 1142; x_wconf 66' lang='lat' dir='ltr'><strong>exempli</strong></span> <span class='ocrx_word' id='word_1_73' title='bbox 969 1019 1092 1080; x_wconf 83' lang='lat' dir='ltr'><strong>dati,</strong></span> <span class='ocrx_word' id='word_1_74' title='bbox 1129 1019 1364 1085; x_wconf 84' lang='lat' dir='ltr'><strong>spiritus,</strong></span> <span class='ocrx_word' id='word_1_75' title='bbox 1391 1017 1440 1070; x_wconf 91' lang='lat' dir='ltr'><strong>id</strong></span> <span class='ocrx_word' id='word_1_76' title='bbox 1474 1015 1756 1077; x_wconf 80' lang='lat' dir='ltr'><strong>es’t,veiui,</strong></span> <span class='ocrx_word' id='word_1_77' title='bbox 1795 1029 1900 1094; x_wconf 79' lang='lat' dir='ltr'><strong>non</strong></span> <span class='ocrx_word' id='word_1_78' title='bbox 1937 1028 2058 1066; x_wconf 74' lang='lat' dir='ltr'><strong>cre-</strong></span> 
     </span>
     <span class='ocr_line' id='line_1_11' title="bbox 491 1083 2056 1142; baseline -0.004 0"><span class='ocrx_word' id='word_1_79' title='bbox 491 1091 616 1142; x_wconf 84' lang='lat' dir='ltr'><strong>ditis</strong></span> <span class='ocrx_word' id='word_1_80' title='bbox 669 1105 824 1142; x_wconf 82' lang='lat' dir='ltr'><strong>nosse</strong></span> <span class='ocrx_word' id='word_1_81' title='bbox 889 1091 1004 1142; x_wconf 82' lang='lat' dir='ltr'><strong>teri.</strong></span> <span class='ocrx_word' id='word_1_82' title='bbox 1051 1089 1172 1142; x_wconf 88' lang='lat' dir='ltr'><strong>auia</strong></span> <span class='ocrx_word' id='word_1_83' title='bbox 1212 1087 1480 1142; x_wconf 77' lang='lat' dir='ltr'><strong>quomodo</strong></span> <span class='ocrx_word' id='word_1_84' title='bbox 1519 1085 1626 1142; x_wconf 75' lang='lat' dir='ltr'><strong>fiat.</strong></span> <span class='ocrx_word' id='word_1_85' title='bbox 1671 1101 1773 1138; x_wconf 89' lang='lat' dir='ltr'><strong>non</strong></span> <span class='ocrx_word' id='word_1_86' title='bbox 1818 1083 2056 1142; x_wconf 88' lang='lat' dir='ltr'><strong>videtur;</strong></span> 
     </span>
    </p>
   </div>
   <div class='ocr_carea' id='block_1_11' title="bbox 489 1083 2056 1160">
    <p class='ocr_par' dir='ltr' id='par_1_11' title="bbox 489 1083 2056 1160">
     <span class='ocr_line' id='line_1_12' title="bbox 489 1083 2056 1160; baseline -0.005 -16"><span class='ocrx_word' id='word_1_87' title='bbox 489 1083 616 1146; x_wconf 84' lang='lat' dir='ltr'><strong>ditis</strong></span> <span class='ocrx_word' id='word_1_88' title='bbox 667 1083 824 1160; x_wconf 80' lang='lat' dir='ltr'><strong>posse</strong></span> <span class='ocrx_word' id='word_1_89' title='bbox 869 1083 1004 1160; x_wconf 76' lang='lat' dir='ltr'><strong>ﬁeri,</strong></span> <span class='ocrx_word' id='word_1_90' title='bbox 1051 1083 1172 1158; x_wconf 84' lang='lat' dir='ltr'><strong>quia</strong></span> <span class='ocrx_word' id='word_1_91' title='bbox 1212 1087 1480 1160; x_wconf 83' lang='lat' dir='ltr'><strong>quomodo</strong></span> <span class='ocrx_word' id='word_1_92' title='bbox 1519 1085 1626 1150; x_wconf 75' lang='lat' dir='ltr'><strong>fiat,</strong></span> <span class='ocrx_word' id='word_1_93' title='bbox 1671 1083 2056 1160; x_wconf 82' lang='lat' dir='ltr'><strong>neii7videtur;</strong></span> 
     </span>
    </p>
   </div>
   <div class='ocr_carea' id='block_1_12' title="bbox 489 1154 2057 1233">
    <p class='ocr_par' dir='ltr' id='par_1_12' title="bbox 489 1154 2057 1233">
     <span class='ocr_line' id='line_1_13' title="bbox 489 1154 2057 1233; baseline -0.007 -17"><span class='ocrx_word' id='word_1_94' title='bbox 489 1154 756 1233; x_wconf 79' lang='lat' dir='ltr'><strong>quomodo</strong></span> <span class='ocrx_word' id='word_1_95' title='bbox 787 1159 899 1233; x_wconf 80' lang='lat' dir='ltr'><strong>ﬁeri</strong></span> <span class='ocrx_word' id='word_1_96' title='bbox 947 1154 1172 1233; x_wconf 77' lang='lat' dir='ltr'><strong>poterat,</strong></span> <span class='ocrx_word' id='word_1_97' title='bbox 1201 1154 1279 1233; x_wconf 84' lang='lat' dir='ltr'><strong>_ut</strong></span> <span class='ocrx_word' id='word_1_98' title='bbox 1309 1158 1350 1212; x_wconf 89' lang='lat' dir='ltr'><strong>si</strong></span> <span class='ocrx_word' id='word_1_99' title='bbox 1381 1157 1567 1233; x_wconf 78' lang='lat' dir='ltr'><strong>darem</strong></span> <span class='ocrx_word' id='word_1_100' title='bbox 1602 1154 1838 1233; x_wconf 56' lang='lat' dir='ltr'><strong>emiestia</strong></span> <span class='ocrx_word' id='word_1_101' title='bbox 1877 1168 2057 1233; x_wconf 76' lang='lat' dir='ltr'><strong>excin-</strong></span> 
     </span>
    </p>
   </div>
   <div class='ocr_carea' id='block_1_13' title="bbox 527 1226 2053 1301">
    <p class='ocr_par' dir='ltr' id='par_1_13' title="bbox 527 1226 2053 1301">
     <span class='ocr_line' id='line_1_14' title="bbox 527 1226 2053 1301; baseline -0.006 -17"><span class='ocrx_word' id='word_1_102' title='bbox 527 1232 594 1294; x_wconf 90' lang='lat' dir='ltr'><strong>la,</strong></span> <span class='ocrx_word' id='word_1_103' title='bbox 639 1246 757 1301; x_wconf 53' lang='lat' dir='ltr'><strong>quas</strong></span> <span class='ocrx_word' id='word_1_104' title='bbox 795 1226 974 1301; x_wconf 81' lang='lat' dir='ltr'><strong>utique</strong></span> <span class='ocrx_word' id='word_1_105' title='bbox 1027 1229 1262 1301; x_wconf 78' lang='lat' dir='ltr'><strong>nescitis,</strong></span> <span class='ocrx_word' id='word_1_106' title='bbox 1312 1226 1652 1301; x_wconf 57' lang='lat' dir='ltr'><strong>crederetisi</strong></span> <span class='ocrx_word' id='word_1_107' title='bbox 1693 1226 1871 1301; x_wconf 82' lang='lat' dir='ltr'><strong>Potest</strong></span> <span class='ocrx_word' id='word_1_108' title='bbox 1909 1226 2053 1278; x_wconf 89' lang='lat' dir='ltr'><strong>enim</strong></span> 
     </span>
    </p>
   </div>
   <div class='ocr_carea' id='block_1_14' title="bbox 489 1245 2056 1368">
    <p class='ocr_par' dir='ltr' id='par_1_14' title="bbox 489 1245 2056 1368">
     <span class='ocr_line' id='line_1_15' title="bbox 528 1245 2053 1301; baseline -0.006 -17"><span class='ocrx_word' id='word_1_109' title='bbox 528 1245 594 1294; x_wconf 81' lang='lat' dir='ltr'><strong>la,</strong></span> <span class='ocrx_word' id='word_1_110' title='bbox 639 1246 757 1301; x_wconf 71' lang='lat' dir='ltr'><strong>quin</strong></span> <span class='ocrx_word' id='word_1_111' title='bbox 795 1245 974 1300; x_wconf 89' lang='lat' dir='ltr'><strong>utique</strong></span> <span class='ocrx_word' id='word_1_112' title='bbox 1027 1245 1262 1292; x_wconf 85' lang='lat' dir='ltr'><strong>nescuis,</strong></span> <span class='ocrx_word' id='word_1_113' title='bbox 1312 1245 1634 1280; x_wconf 76' lang='lat' dir='ltr'><strong>crederetis!</strong></span> <span class='ocrx_word' id='word_1_114' title='bbox 1693 1245 1871 1278; x_wconf 73' lang='lat' dir='ltr'><strong>l’OtCSI.</strong></span> <span class='ocrx_word' id='word_1_115' title='bbox 1909 1245 2053 1278; x_wconf 79' lang='lat' dir='ltr'><strong>enim</strong></span> 
     </span>
     <span class='ocr_line' id='line_1_16' title="bbox 489 1245 2056 1368; baseline -0.006 -12"><span class='ocrx_word' id='word_1_116' title='bbox 489 1245 690 1356; x_wconf 59' lang='lat' dir='ltr'><strong>ﬂamini</strong></span> <span class='ocrx_word' id='word_1_117' title='bbox 716 1299 924 1355; x_wconf 86' lang='lat' dir='ltr'><strong>suaderi</strong></span> <span class='ocrx_word' id='word_1_118' title='bbox 942 1299 1080 1368; x_wconf 90' lang='lat' dir='ltr'><strong>quod</strong></span> <span class='ocrx_word' id='word_1_119' title='bbox 1103 1299 1288 1360; x_wconf 88' lang='lat' dir='ltr'><strong>nescit,</strong></span> <span class='ocrx_word' id='word_1_120' title='bbox 1325 1313 1417 1364; x_wconf 88' lang='lat' dir='ltr'><strong>per</strong></span> <span class='ocrx_word' id='word_1_121' title='bbox 1445 1297 1492 1349; x_wconf 87' lang='lat' dir='ltr'><strong>id</strong></span> <span class='ocrx_word' id='word_1_122' title='bbox 1515 1295 1654 1368; x_wconf 86' lang='lat' dir='ltr'><strong>quod</strong></span> <span class='ocrx_word' id='word_1_123' title='bbox 1693 1296 1823 1368; x_wconf 78' lang='lat' dir='ltr'><strong>scit;</strong></span> <span class='ocrx_word' id='word_1_124' title='bbox 1855 1303 1910 1346; x_wconf 93' lang='lat' dir='ltr'><strong>ut</strong></span> <span class='ocrx_word' id='word_1_125' title='bbox 1935 1303 2056 1362; x_wconf 89' lang='lat' dir='ltr'><strong>puta</strong></span> 
     </span>
    </p>
   </div>
   <div class='ocr_carea' id='block_1_15' title="bbox 487 1366 2051 1438">
    <p class='ocr_par' dir='ltr' id='par_1_15' title="bbox 487 1366 2051 1438">
     <span class='ocr_line' id='line_1_17' title="bbox 487 1366 2051 1438; baseline -0.007 -12"><span class='ocrx_word' id='word_1_126' title='bbox 487 1372 628 1426; x_wconf 85' lang='lat' dir='ltr'><strong>Deus</strong></span> <span class='ocrx_word' id='word_1_127' title='bbox 671 1371 800 1426; x_wconf 84' lang='lat' dir='ltr'><strong>dicit</strong></span> <span class='ocrx_word' id='word_1_128' title='bbox 843 1371 910 1424; x_wconf 87' lang='lat' dir='ltr'><strong>de</strong></span> <span class='ocrx_word' id='word_1_129' title='bbox 949 1366 1180 1435; x_wconf 87' lang='lat' dir='ltr'><strong>Christo,</strong></span> <span class='ocrx_word' id='word_1_130' title='bbox 1207 1368 1346 1438; x_wconf 88' lang='lat' dir='ltr'><strong>quod</strong></span> <span class='ocrx_word' id='word_1_131' title='bbox 1385 1368 1547 1438; x_wconf 86' lang='lat' dir='ltr'><strong>Filius</strong></span> <span class='ocrx_word' id='word_1_132' title='bbox 1595 1366 1708 1433; x_wconf 84' lang='lat' dir='ltr'><strong>ejus</strong></span> <span class='ocrx_word' id='word_1_133' title='bbox 1765 1366 1832 1418; x_wconf 91' lang='lat' dir='ltr'><strong>sit</strong></span> <span class='ocrx_word' id='word_1_134' title='bbox 1870 1377 2051 1438; x_wconf 64' lang='lat' dir='ltr'><strong>verus,</strong></span> 
     </span>
    </p>
   </div>
   <div class='ocr_carea' id='block_1_16' title="bbox 487 1434 2054 1512">
    <p class='ocr_par' dir='ltr' id='par_1_16' title="bbox 487 1434 2054 1512">
     <span class='ocr_line' id='line_1_18' title="bbox 487 1434 2054 1512; baseline -0.006 -15"><span class='ocrx_word' id='word_1_135' title='bbox 487 1442 630 1512; x_wconf 78' lang='lat' dir='ltr'><strong>quod</strong></span> <span class='ocrx_word' id='word_1_136' title='bbox 657 1441 933 1512; x_wconf 86' lang='lat' dir='ltr'><strong>quomodo</strong></span> <span class='ocrx_word' id='word_1_137' title='bbox 969 1442 1054 1504; x_wconf 89' lang='lat' dir='ltr'><strong>sit,</strong></span> <span class='ocrx_word' id='word_1_138' title='bbox 1088 1434 1463 1512; x_wconf 82' lang='lat' dir='ltr'><strong>comprehendi</strong></span> <span class='ocrx_word' id='word_1_139' title='bbox 1507 1451 1608 1489; x_wconf 89' lang='lat' dir='ltr'><strong>non</strong></span> <span class='ocrx_word' id='word_1_140' title='bbox 1645 1443 1852 1504; x_wconf 89' lang='lat' dir='ltr'><strong>potest:</strong></span> <span class='ocrx_word' id='word_1_141' title='bbox 1877 1434 2054 1512; x_wconf 74' lang='lat' dir='ltr'><strong>per7id</strong></span> 
     </span>
    </p>
   </div>
   <div class='ocr_carea' id='block_1_17' title="bbox 486 1503 2057 1581">
    <p class='ocr_par' dir='ltr' id='par_1_17' title="bbox 486 1503 2057 1581">
     <span class='ocr_line' id='line_1_19' title="bbox 486 1503 2057 1581; baseline -0.004 -17"><span class='ocrx_word' id='word_1_142' title='bbox 486 1503 830 1581; x_wconf 60' lang='lat' dir='ltr'><strong>a&#39;uteni&#39;quod</strong></span> <span class='ocrx_word' id='word_1_143' title='bbox 863 1511 1060 1565; x_wconf 80' lang='lat' dir='ltr'><strong>scimus</strong></span> <span class='ocrx_word' id='word_1_144' title='bbox 1088 1503 1376 1581; x_wconf 81' lang='lat' dir='ltr'><strong>secundum</strong></span> <span class='ocrx_word' id='word_1_145' title='bbox 1416 1503 2057 1581; x_wconf 41' lang='lat' dir='ltr'><strong>carnem:qiiomodiisint</strong></span> 
     </span>
    </p>
   </div>
   <div class='ocr_carea' id='block_1_18' title="bbox 488 1573 2054 1648">
    <p class='ocr_par' dir='ltr' id='par_1_18' title="bbox 488 1573 2054 1648">
     <span class='ocr_line' id='line_1_20' title="bbox 488 1573 2054 1648; baseline -0.005 -12"><span class='ocrx_word' id='word_1_146' title='bbox 488 1583 598 1648; x_wconf 82' lang='lat' dir='ltr'><strong>lilii,</strong></span> <span class='ocrx_word' id='word_1_147' title='bbox 643 1573 908 1637; x_wconf 79' lang='lat' dir='ltr'><strong>credimus</strong></span> <span class='ocrx_word' id='word_1_148' title='bbox 945 1581 1066 1635; x_wconf 90' lang='lat' dir='ltr'><strong>ideo</strong></span> <span class='ocrx_word' id='word_1_149' title='bbox 1109 1581 1270 1634; x_wconf 85' lang='lat' dir='ltr'><strong>Deum</strong></span> <span class='ocrx_word' id='word_1_150' title='bbox 1328 1577 1543 1640; x_wconf 76' lang='lat' dir='ltr'><strong>dixiSSe,</strong></span> <span class='ocrx_word' id='word_1_151' title='bbox 1595 1573 1836 1648; x_wconf 72' lang='lat' dir='ltr'><strong>Christus</strong></span> <span class='ocrx_word' id='word_1_152' title='bbox 1891 1573 2054 1648; x_wconf 63' lang='lat' dir='ltr'><strong>Filius</strong></span> 
     </span>
    </p>
   </div>
   <div class='ocr_carea' id='block_1_19' title="bbox 485 1645 2056 1724">
    <p class='ocr_par' dir='ltr' id='par_1_19' title="bbox 485 1645 2056 1724">
     <span class='ocr_line' id='line_1_21' title="bbox 485 1645 2056 1724; baseline -0.008 -18"><span class='ocrx_word' id='word_1_153' title='bbox 485 1645 732 1724; x_wconf 76' lang='lat' dir='ltr'><strong>mensest</strong></span> <span class='ocrx_word' id='word_1_154' title='bbox 757 1667 938 1724; x_wconf 86' lang='lat' dir='ltr'><strong>verus,</strong></span> <span class='ocrx_word' id='word_1_155' title='bbox 961 1661 1020 1705; x_wconf 88' lang='lat' dir='ltr'><strong>ut</strong></span> <span class='ocrx_word' id='word_1_156' title='bbox 1039 1650 1110 1724; x_wconf 75' lang='lat' dir='ltr'><strong>de</strong></span> <span class='ocrx_word' id='word_1_157' title='bbox 1139 1649 1428 1724; x_wconf 78' lang='lat' dir='ltr'><strong>semetipso</strong></span> <span class='ocrx_word' id='word_1_158' title='bbox 1465 1648 1608 1724; x_wconf 78' lang='lat' dir='ltr'><strong>illum</strong></span> <span class='ocrx_word' id='word_1_159' title='bbox 1645 1661 1762 1700; x_wconf 87' lang='lat' dir='ltr'><strong>esse</strong></span> <span class='ocrx_word' id='word_1_160' title='bbox 1793 1645 2056 1724; x_wconf 78' lang='lat' dir='ltr'><strong>signiﬁca-</strong></span> 
     </span>
    </p>
   </div>
   <div class='ocr_carea' id='block_1_20' title="bbox 485 1717 2055 1787">
    <p class='ocr_par' dir='ltr' id='par_1_20' title="bbox 485 1717 2055 1787">
     <span class='ocr_line' id='line_1_22' title="bbox 485 1717 2055 1787; baseline -0.005 -11"><span class='ocrx_word' id='word_1_161' title='bbox 485 1731 588 1777; x_wconf 88' lang='lat' dir='ltr'><strong>ret.</strong></span> <span class='ocrx_word' id='word_1_162' title='bbox 625 1723 736 1778; x_wconf 82' lang='lat' dir='ltr'><strong>Hoc</strong></span> <span class='ocrx_word' id='word_1_163' title='bbox 775 1723 934 1776; x_wconf 90' lang='lat' dir='ltr'><strong>modo</strong></span> <span class='ocrx_word' id='word_1_164' title='bbox 981 1729 1036 1776; x_wconf 90' lang='lat' dir='ltr'><strong>et</strong></span> <span class='ocrx_word' id='word_1_165' title='bbox 1079 1721 1406 1775; x_wconf 88' lang='lat' dir='ltr'><strong>Salvatorem</strong></span> <span class='ocrx_word' id='word_1_166' title='bbox 1439 1717 1576 1787; x_wconf 89' lang='lat' dir='ltr'><strong>quod</strong></span> <span class='ocrx_word' id='word_1_167' title='bbox 1614 1731 1710 1770; x_wconf 90' lang='lat' dir='ltr'><strong>nec</strong></span> <span class='ocrx_word' id='word_1_168' title='bbox 1755 1717 1929 1787; x_wconf 76' lang='lat' dir='ltr'><strong>verbis</strong></span> <span class='ocrx_word' id='word_1_169' title='bbox 1957 1729 2055 1768; x_wconf 87' lang='lat' dir='ltr'><strong>nec</strong></span> 
     </span>
    </p>
   </div>
   <div class='ocr_carea' id='block_1_21' title="bbox 485 1785 2055 1862">
    <p class='ocr_par' dir='ltr' id='par_1_21' title="bbox 485 1785 2055 1862">
     <span class='ocr_line' id='line_1_23' title="bbox 485 1785 2055 1862; baseline -0.004 -17"><span class='ocrx_word' id='word_1_170' title='bbox 485 1793 664 1848; x_wconf 86' lang='lat' dir='ltr'><strong>animo</strong></span> <span class='ocrx_word' id='word_1_171' title='bbox 703 1793 952 1862; x_wconf 87' lang='lat' dir='ltr'><strong>explicari</strong></span> <span class='ocrx_word' id='word_1_172' title='bbox 993 1799 1186 1862; x_wconf 75' lang='lat' dir='ltr'><strong>potest,</strong></span> <span class='ocrx_word' id='word_1_173' title='bbox 1217 1805 1312 1858; x_wconf 89' lang='lat' dir='ltr'><strong>per</strong></span> <span class='ocrx_word' id='word_1_174' title='bbox 1361 1788 1411 1842; x_wconf 90' lang='lat' dir='ltr'><strong>id</strong></span> <span class='ocrx_word' id='word_1_175' title='bbox 1458 1785 1602 1862; x_wconf 77' lang='lat' dir='ltr'><strong>quod</strong></span> <span class='ocrx_word' id='word_1_176' title='bbox 1627 1785 1876 1862; x_wconf 76' lang='lat' dir='ltr'><strong>sensibile</strong></span> <span class='ocrx_word' id='word_1_177' title='bbox 1897 1793 1976 1838; x_wconf 74' lang='lat' dir='ltr'><strong>est</strong></span> <span class='ocrx_word' id='word_1_178' title='bbox 2001 1794 2055 1838; x_wconf 89' lang='lat' dir='ltr'><strong>ct</strong></span> 
     </span>
    </p>
   </div>
   <div class='ocr_carea' id='block_1_22' title="bbox 485 1856 2054 1926">
    <p class='ocr_par' dir='ltr' id='par_1_22' title="bbox 485 1856 2054 1926">
     <span class='ocr_line' id='line_1_24' title="bbox 485 1856 2054 1926; baseline -0.005 -10"><span class='ocrx_word' id='word_1_179' title='bbox 485 1863 704 1918; x_wconf 83' lang='lat' dir='ltr'><strong>auribus</strong></span> <span class='ocrx_word' id='word_1_180' title='bbox 751 1856 1190 1926; x_wconf 50' lang='lat' dir='ltr'><strong>a&#39;uditur,&#39;voluit</strong></span> <span class='ocrx_word' id='word_1_181' title='bbox 1221 1856 1634 1922; x_wconf 78' lang='lat' dir='ltr'><strong>commendare;</strong></span> <span class='ocrx_word' id='word_1_182' title='bbox 1681 1856 1782 1910; x_wconf 92' lang='lat' dir='ltr'><strong>hoc</strong></span> <span class='ocrx_word' id='word_1_183' title='bbox 1829 1863 2054 1926; x_wconf 79' lang='lat' dir='ltr'><strong>cstper</strong></span> 
     </span>
    </p>
   </div>
   <div class='ocr_carea' id='block_1_23' title="bbox 483 1925 2054 2005">
    <p class='ocr_par' dir='ltr' id='par_1_23' title="bbox 483 1925 2054 2005">
     <span class='ocr_line' id='line_1_25' title="bbox 483 1925 2054 2005; baseline -0.006 -19"><span class='ocrx_word' id='word_1_184' title='bbox 483 1933 786 2005; x_wconf 86' lang='lat' dir='ltr'><strong>exemplum</strong></span> <span class='ocrx_word' id='word_1_185' title='bbox 807 1925 1026 2005; x_wconf 80' lang='lat' dir='ltr'><strong>Spiritus</strong></span> <span class='ocrx_word' id='word_1_186' title='bbox 1051 1931 1140 2005; x_wconf 79' lang='lat' dir='ltr'><strong>qui</strong></span> <span class='ocrx_word' id='word_1_187' title='bbox 1161 1937 1245 1985; x_wconf 86' lang='lat' dir='ltr'><strong>est</strong></span> <span class='ocrx_word' id='word_1_188' title='bbox 1281 1941 1486 2005; x_wconf 72' lang='lat' dir='ltr'><strong>ventus,</strong></span> <span class='ocrx_word' id='word_1_189' title='bbox 1511 1943 1668 2005; x_wconf 82' lang='lat' dir='ltr'><strong>quem</strong></span> <span class='ocrx_word' id='word_1_190' title='bbox 1699 1936 1752 1981; x_wconf 89' lang='lat' dir='ltr'><strong>et</strong></span> <span class='ocrx_word' id='word_1_191' title='bbox 1785 1925 2054 2005; x_wconf 70' lang='lat' dir='ltr'><strong>sensibili-</strong></span> 
     </span>
    </p>
   </div>
   <div class='ocr_carea' id='block_1_24' title="bbox 483 1993 2051 2066">
    <p class='ocr_par' dir='ltr' id='par_1_24' title="bbox 483 1993 2051 2066">
     <span class='ocr_line' id='line_1_26' title="bbox 483 1993 2051 2066; baseline -0.008 -8"><span class='ocrx_word' id='word_1_192' title='bbox 483 2012 566 2058; x_wconf 80' lang='lat' dir='ltr'><strong>tas</strong></span> <span class='ocrx_word' id='word_1_193' title='bbox 589 1993 968 2066; x_wconf 61' lang='lat' dir='ltr'><strong>ca&#39;pitctauris</strong></span> <span class='ocrx_word' id='word_1_194' title='bbox 1001 1993 1166 2066; x_wconf 74' lang='lat' dir='ltr'><strong>audit,</strong></span> <span class='ocrx_word' id='word_1_195' title='bbox 1207 2001 1300 2054; x_wconf 89' lang='lat' dir='ltr'><strong>sed</strong></span> <span class='ocrx_word' id='word_1_196' title='bbox 1337 1999 1474 2054; x_wconf 91' lang='lat' dir='ltr'><strong>unde</strong></span> <span class='ocrx_word' id='word_1_197' title='bbox 1525 1993 1698 2052; x_wconf 72' lang='lat' dir='ltr'><strong>veniat</strong></span> <span class='ocrx_word' id='word_1_198' title='bbox 1737 1997 1923 2058; x_wconf 87' lang='lat' dir='ltr'><strong>nescit,</strong></span> <span class='ocrx_word' id='word_1_199' title='bbox 1973 1993 2051 2066; x_wconf 80' lang='lat' dir='ltr'><strong>fa-</strong></span> 
     </span>
    </p>
   </div>
   <div class='ocr_carea' id='block_1_25' title="bbox 481 2065 2050 2142">
    <p class='ocr_par' dir='ltr' id='par_1_25' title="bbox 481 2065 2050 2142">
     <span class='ocr_line' id='line_1_27' title="bbox 481 2065 2050 2142; baseline -0.004 -18"><span class='ocrx_word' id='word_1_200' title='bbox 481 2083 624 2128; x_wconf 87' lang='lat' dir='ltr'><strong>ctum</strong></span> <span class='ocrx_word' id='word_1_201' title='bbox 645 2065 870 2142; x_wconf 81' lang='lat' dir='ltr'><strong>Spiritus</strong></span> <span class='ocrx_word' id='word_1_202' title='bbox 897 2072 1083 2142; x_wconf 84' lang='lat' dir='ltr'><strong>sancti,</strong></span> <span class='ocrx_word' id='word_1_203' title='bbox 1116 2065 1256 2140; x_wconf 89' lang='lat' dir='ltr'><strong>quod</strong></span> <span class='ocrx_word' id='word_1_204' title='bbox 1289 2071 1404 2138; x_wconf 85' lang='lat' dir='ltr'><strong>capi</strong></span> <span class='ocrx_word' id='word_1_205' title='bbox 1441 2084 1544 2142; x_wconf 90' lang='lat' dir='ltr'><strong>non</strong></span> <span class='ocrx_word' id='word_1_206' title='bbox 1573 2077 1762 2142; x_wconf 79' lang='lat' dir='ltr'><strong>potest,</strong></span> <span class='ocrx_word' id='word_1_207' title='bbox 1781 2065 2050 2142; x_wconf 84' lang='lat' dir='ltr'><strong>voluit7fa-</strong></span> 
     </span>
    </p>
   </div>
   <div class='ocr_carea' id='block_1_26' title="bbox 482 2136 2050 2209">
    <p class='ocr_par' dir='ltr' id='par_1_26' title="bbox 482 2136 2050 2209">
     <span class='ocr_line' id='line_1_28' title="bbox 482 2136 2050 2209; baseline -0.006 -11"><span class='ocrx_word' id='word_1_208' title='bbox 482 2159 604 2200; x_wconf 77' lang='lat' dir='ltr'><strong>cere</strong></span> <span class='ocrx_word' id='word_1_209' title='bbox 629 2136 900 2199; x_wconf 77' lang='lat' dir='ltr'><strong>credibile.</strong></span> <span class='ocrx_word' id='word_1_210' title='bbox 924 2141 1032 2198; x_wconf 85' lang='lat' dir='ltr'><strong>Sed</strong></span> <span class='ocrx_word' id='word_1_211' title='bbox 1055 2136 1184 2197; x_wconf 91' lang='lat' dir='ltr'><strong>etin</strong></span> <span class='ocrx_word' id='word_1_212' title='bbox 1210 2136 1430 2196; x_wconf 79' lang='lat' dir='ltr'><strong>Actibus</strong></span> <span class='ocrx_word' id='word_1_213' title='bbox 1462 2136 1836 2209; x_wconf 76' lang='lat' dir='ltr'><strong>Apostolorum</strong></span> <span class='ocrx_word' id='word_1_214' title='bbox 1863 2136 2050 2209; x_wconf 87' lang='lat' dir='ltr'><strong>eodem</strong></span> 
     </span>
    </p>
   </div>
   <div class='ocr_carea' id='block_1_27' title="bbox 483 2207 2053 2288">
    <p class='ocr_par' dir='ltr' id='par_1_27' title="bbox 483 2207 2053 2288">
     <span class='ocr_line' id='line_1_29' title="bbox 483 2207 2053 2288; baseline -0.007 -20"><span class='ocrx_word' id='word_1_215' title='bbox 483 2214 642 2269; x_wconf 80' lang='lat' dir='ltr'><strong>modo</strong></span> <span class='ocrx_word' id='word_1_216' title='bbox 669 2215 860 2286; x_wconf 80' lang='lat' dir='ltr'><strong>legitur</strong></span> <span class='ocrx_word' id='word_1_217' title='bbox 887 2231 900 2267; x_wconf 74' lang='grc' dir='ltr'>ε</span> <span class='ocrx_word' id='word_1_218' title='bbox 923 2211 992 2288; x_wconf 83' lang='lat' dir='ltr'><strong>Et</strong></span> <span class='ocrx_word' id='word_1_219' title='bbox 1017 2215 1179 2288; x_wconf 65' lang='lat' dir='ltr'><strong>factus</strong></span> <span class='ocrx_word' id='word_1_220' title='bbox 1195 2207 1700 2288; x_wconf 14' lang='lat' dir='ltr'><strong>est,_iiiquit,i_si7i7bito</strong></span> <span class='ocrx_word' id='word_1_221' title='bbox 1723 2209 1785 2260; x_wconf 86' lang='lat' dir='ltr'><strong>de</strong></span> <span class='ocrx_word' id='word_1_222' title='bbox 1822 2207 1945 2288; x_wconf 73' lang='lat' dir='ltr'><strong>e_mlo</strong></span> <span class='ocrx_word' id='word_1_223' title='bbox 1979 2222 2053 2288; x_wconf 79' lang='lat' dir='ltr'><strong>so-</strong></span> 
     </span>
    </p>
   </div>
   <div class='ocr_carea' id='block_1_28' title="bbox 481 2275 2050 2354">
    <p class='ocr_par' dir='ltr' id='par_1_28' title="bbox 481 2275 2050 2354">
     <span class='ocr_line' id='line_1_30' title="bbox 481 2275 2050 2354; baseline -0.008 -15"><span class='ocrx_word' id='word_1_224' title='bbox 481 2301 594 2349; x_wconf 76' lang='lat' dir='ltr'><strong>nits,</strong></span> <span class='ocrx_word' id='word_1_225' title='bbox 625 2275 864 2354; x_wconf 57' lang='lat' dir='ltr'><strong>tanquam</strong></span> <span class='ocrx_word' id='word_1_226' title='bbox 896 2275 1206 2354; x_wconf 63' lang='lat' dir='ltr'><strong>advenieutis</strong></span> <span class='ocrx_word' id='word_1_227' title='bbox 1231 2275 1438 2354; x_wconf 63' lang='lat' dir='ltr'><strong>spiritus</strong></span> <span class='ocrx_word' id='word_1_228' title='bbox 1459 2281 1632 2346; x_wconf 73' lang='lat' dir='ltr'><strong>validi,</strong></span> <span class='ocrx_word' id='word_1_229' title='bbox 1665 2288 1708 2331; x_wconf 89' lang='lat' dir='ltr'><strong>et</strong></span> <span class='ocrx_word' id='word_1_230' title='bbox 1736 2275 1942 2347; x_wconf 85' lang='lat' dir='ltr'><strong>replevit</strong></span> <span class='ocrx_word' id='word_1_231' title='bbox 1973 2286 2050 2354; x_wconf 79' lang='lat' dir='ltr'><strong>to-</strong></span> 
     </span>
    </p>
   </div>
   <div class='ocr_carea' id='block_1_29' title="bbox 469 2345 2052 2425">
    <p class='ocr_par' dir='ltr' id='par_1_29' title="bbox 469 2345 2052 2425">
     <span class='ocr_line' id='line_1_31' title="bbox 469 2345 2052 2425; baseline -0.004 -17"><span class='ocrx_word' id='word_1_232' title='bbox 469 2345 590 2420; x_wconf 65' lang='lat' dir='ltr'><strong>tout</strong></span> <span class='ocrx_word' id='word_1_233' title='bbox 633 2345 836 2425; x_wconf 72' lang='lat' dir='ltr'><strong>domum</strong></span> <span class='ocrx_word' id='word_1_234' title='bbox 884 2353 1018 2425; x_wconf 83' lang='lat' dir='ltr'><strong>(Act.</strong></span> <span class='ocrx_word' id='word_1_235' title='bbox 1047 2369 1104 2416; x_wconf 89' lang='grc' dir='ltr'>ιι,</span> <span class='ocrx_word' id='word_1_236' title='bbox 1127 2351 1207 2422; x_wconf 73' lang='lat'><strong>2),</strong></span> <span class='ocrx_word' id='word_1_237' title='bbox 1235 2345 1339 2425; x_wconf 69' lang='lat' dir='ltr'><strong>etc.</strong></span> <span class='ocrx_word' id='word_1_238' title='bbox 1383 2351 1524 2425; x_wconf 80' lang='lat' dir='ltr'><strong>Ecce</strong></span> <span class='ocrx_word' id='word_1_239' title='bbox 1583 2358 1765 2425; x_wconf 83' lang='lat' dir='ltr'><strong>aperte</strong></span> <span class='ocrx_word' id='word_1_240' title='bbox 1794 2345 2052 2425; x_wconf 17' lang='lat' dir='ltr'><strong>(exemplo</strong></span> 
     </span>
    </p>
   </div>
   <div class='ocr_carea' id='block_1_30' title="bbox 481 2417 2050 2494">
    <p class='ocr_par' dir='ltr' id='par_1_30' title="bbox 481 2417 2050 2494">
     <span class='ocr_line' id='line_1_32' title="bbox 481 2417 2050 2494; baseline -0.004 -18"><span class='ocrx_word' id='word_1_241' title='bbox 481 2425 622 2478; x_wconf 87' lang='lat' dir='ltr'><strong>venti</strong></span> <span class='ocrx_word' id='word_1_242' title='bbox 664 2417 914 2494; x_wconf 80' lang='lat' dir='ltr'><strong>Spiritum</strong></span> <span class='ocrx_word' id='word_1_243' title='bbox 957 2417 1199 2478; x_wconf 80' lang='lat' dir='ltr'><strong>sanctum</strong></span> <span class='ocrx_word' id='word_1_244' title='bbox 1243 2421 1475 2494; x_wconf 80' lang='lat' dir='ltr'><strong>insinuat</strong></span> <span class='ocrx_word' id='word_1_245' title='bbox 1513 2422 1584 2474; x_wconf 89' lang='lat' dir='ltr'><strong>ita</strong></span> <span class='ocrx_word' id='word_1_246' title='bbox 1610 2417 1856 2494; x_wconf 62' lang='lat' dir='ltr'><strong>(lectulo</strong></span> <span class='ocrx_word' id='word_1_247' title='bbox 1888 2417 2050 2470; x_wconf 85' lang='lat' dir='ltr'><strong>adve-</strong></span> 
     </span>
    </p>
   </div>
   <div class='ocr_carea' id='block_1_31' title="bbox 485 2489 2050 2562">
    <p class='ocr_par' dir='ltr' id='par_1_31' title="bbox 485 2489 2050 2562">
     <span class='ocr_line' id='line_1_33' title="bbox 485 2489 2050 2562; baseline -0.003 -16"><span class='ocrx_word' id='word_1_248' title='bbox 485 2495 666 2558; x_wconf 87' lang='lat' dir='ltr'><strong>nisse,</strong></span> <span class='ocrx_word' id='word_1_249' title='bbox 708 2489 768 2549; x_wconf 72' lang='lat' dir='ltr'><strong>et</strong></span> <span class='ocrx_word' id='word_1_250' title='bbox 808 2495 1081 2555; x_wconf 87' lang='lat' dir='ltr'><strong>sonuisse,</strong></span> <span class='ocrx_word' id='word_1_251' title='bbox 1127 2491 1570 2562; x_wconf 84' lang='lat' dir='ltr'><strong>quemadmodum</strong></span> <span class='ocrx_word' id='word_1_252' title='bbox 1606 2489 1806 2562; x_wconf 82' lang='lat' dir='ltr'><strong>validus</strong></span> <span class='ocrx_word' id='word_1_253' title='bbox 1861 2497 2050 2541; x_wconf 88' lang='lat' dir='ltr'><strong>ventus</strong></span> 
     </span>
    </p>
   </div>
   <div class='ocr_carea' id='block_1_32' title="bbox 479 2559 2048 2632">
    <p class='ocr_par' dir='ltr' id='par_1_32' title="bbox 479 2559 2048 2632">
     <span class='ocr_line' id='line_1_34' title="bbox 479 2559 2048 2632; baseline -0.005 -14"><span class='ocrx_word' id='word_1_254' title='bbox 479 2580 643 2632; x_wconf 80' lang='lat' dir='ltr'><strong>super</strong></span> <span class='ocrx_word' id='word_1_255' title='bbox 672 2575 886 2619; x_wconf 89' lang='lat' dir='ltr'><strong>terram.</strong></span> <span class='ocrx_word' id='word_1_256' title='bbox 915 2563 1046 2617; x_wconf 89' lang='lat' dir='ltr'><strong>Nam</strong></span> <span class='ocrx_word' id='word_1_257' title='bbox 1073 2559 1400 2617; x_wconf 71' lang='lat' dir='ltr'><strong>ethremias</strong></span> <span class='ocrx_word' id='word_1_258' title='bbox 1423 2569 1633 2632; x_wconf 87' lang='lat' dir='ltr'><strong>ventum</strong></span> <span class='ocrx_word' id='word_1_259' title='bbox 1662 2559 1904 2632; x_wconf 59' lang='lat' dir='ltr'><strong>spirityui</strong></span> <span class='ocrx_word' id='word_1_260' title='bbox 1954 2571 2048 2610; x_wconf 88' lang='lat' dir='ltr'><strong>vo-</strong></span> 
     </span>
    </p>
   </div>
   <div class='ocr_carea' id='block_1_33' title="bbox 479 2625 2048 2708">
    <p class='ocr_par' dir='ltr' id='par_1_33' title="bbox 479 2625 2048 2708">
     <span class='ocr_line' id='line_1_35' title="bbox 479 2625 2048 2708; baseline -0.006 -20"><span class='ocrx_word' id='word_1_261' title='bbox 479 2625 787 2698; x_wconf 78' lang='lat' dir='ltr'><strong>caidieeiis,</strong></span> <span class='ocrx_word' id='word_1_262' title='bbox 811 2634 1016 2708; x_wconf 66' lang='lat' dir='ltr'><strong>7V7cn_tns</strong></span> <span class='ocrx_word' id='word_1_263' title='bbox 1049 2633 1216 2708; x_wconf 68' lang='lat' dir='ltr'><strong>spirat</strong></span> <span class='ocrx_word' id='word_1_264' title='bbox 1259 2633 1308 2685; x_wconf 92' lang='lat' dir='ltr'><strong>in</strong></span> <span class='ocrx_word' id='word_1_265' title='bbox 1355 2632 1496 2684; x_wconf 88' lang='lat' dir='ltr'><strong>omni</strong></span> <span class='ocrx_word' id='word_1_266' title='bbox 1527 2625 1754 2708; x_wconf 70' lang='lat' dir='ltr'><strong>regione.</strong></span> <span class='ocrx_word' id='word_1_267' title='bbox 1792 2625 1888 2708; x_wconf 79' lang='lat' dir='ltr'><strong>Qui</strong></span> <span class='ocrx_word' id='word_1_268' title='bbox 1925 2639 2048 2694; x_wconf 88' lang='lat' dir='ltr'><strong>pro-</strong></span> 
     </span>
    </p>
   </div>
   <div class='ocr_carea' id='block_1_34' title="bbox 479 2701 2052 2772">
    <p class='ocr_par' dir='ltr' id='par_1_34' title="bbox 479 2701 2052 2772">
     <span class='ocr_line' id='line_1_36' title="bbox 479 2701 2052 2772; baseline -0.006 -14"><span class='ocrx_word' id='word_1_269' title='bbox 479 2715 662 2772; x_wconf 88' lang='lat' dir='ltr'><strong>pterea</strong></span> <span class='ocrx_word' id='word_1_270' title='bbox 682 2703 826 2772; x_wconf 89' lang='lat' dir='ltr'><strong>quod</strong></span> <span class='ocrx_word' id='word_1_271' title='bbox 855 2703 904 2757; x_wconf 89' lang='lat' dir='ltr'><strong>in</strong></span> <span class='ocrx_word' id='word_1_272' title='bbox 933 2703 1034 2757; x_wconf 91' lang='lat' dir='ltr'><strong>hoc</strong></span> <span class='ocrx_word' id='word_1_273' title='bbox 1057 2701 1254 2756; x_wconf 89' lang='lat' dir='ltr'><strong>mundo</strong></span> <span class='ocrx_word' id='word_1_274' title='bbox 1271 2709 1371 2765; x_wconf 88' lang='lat' dir='ltr'><strong>est,</strong></span> <span class='ocrx_word' id='word_1_275' title='bbox 1401 2709 1456 2756; x_wconf 90' lang='lat' dir='ltr'><strong>et</strong></span> <span class='ocrx_word' id='word_1_276' title='bbox 1474 2715 1565 2768; x_wconf 90' lang='lat' dir='ltr'><strong>per</strong></span> <span class='ocrx_word' id='word_1_277' title='bbox 1591 2701 1798 2754; x_wconf 87' lang='lat' dir='ltr'><strong>diversa</strong></span> <span class='ocrx_word' id='word_1_278' title='bbox 1824 2701 2052 2772; x_wconf 81' lang='lat' dir='ltr'><strong>cireum-</strong></span> 
     </span>
    </p>
   </div>
   <div class='ocr_carea' id='block_1_35' title="bbox 480 2721 2047 2847">
    <p class='ocr_par' dir='ltr' id='par_1_35' title="bbox 480 2721 2047 2847">
     <span class='ocr_line' id='line_1_37' title="bbox 480 2721 2047 2772; baseline -0.006 -14"><span class='ocrx_word' id='word_1_279' title='bbox 480 2721 662 2772; x_wconf 88' lang='lat' dir='ltr'><strong>pterca</strong></span> <span class='ocrx_word' id='word_1_280' title='bbox 721 2721 826 2758; x_wconf 86' lang='lat' dir='ltr'><strong>nou</strong></span> <span class='ocrx_word' id='word_1_281' title='bbox 855 2721 904 2757; x_wconf 80' lang='lat' dir='ltr'><strong>In</strong></span> <span class='ocrx_word' id='word_1_282' title='bbox 933 2721 1034 2757; x_wconf 88' lang='lat' dir='ltr'><strong>uoc</strong></span> <span class='ocrx_word' id='word_1_283' title='bbox 1057 2721 1254 2756; x_wconf 85' lang='lat' dir='ltr'><strong>munao</strong></span> <span class='ocrx_word' id='word_1_284' title='bbox 1271 2721 1371 2765; x_wconf 71' lang='lat' dir='ltr'><strong>eat,</strong></span> <span class='ocrx_word' id='word_1_285' title='bbox 1401 2721 1456 2756; x_wconf 79' lang='lat' dir='ltr'><strong>et</strong></span> <span class='ocrx_word' id='word_1_286' title='bbox 1474 2721 1565 2768; x_wconf 87' lang='lat' dir='ltr'><strong>per</strong></span> <span class='ocrx_word' id='word_1_287' title='bbox 1591 2721 1798 2754; x_wconf 75' lang='lat' dir='ltr'><strong>uivcrsa</strong></span> <span class='ocrx_word' id='word_1_288' title='bbox 1824 2721 2047 2750; x_wconf 72' lang='grc' dir='ltr'>υιι-υυιιι-</span> 
     </span>
     <span class='ocr_line' id='line_1_38' title="bbox 480 2721 2047 2847; baseline -0.007 -18"><span class='ocrx_word' id='word_1_289' title='bbox 480 2776 646 2847; x_wconf 66' lang='lat' dir='ltr'><strong>fertur</strong></span> <span class='ocrx_word' id='word_1_290' title='bbox 682 2721 830 2836; x_wconf 52' lang='lat' dir='ltr'><strong>(ioca,</strong></span> <span class='ocrx_word' id='word_1_291' title='bbox 889 2773 1029 2828; x_wconf 89' lang='lat' dir='ltr'><strong>unde</strong></span> <span class='ocrx_word' id='word_1_292' title='bbox 1075 2771 1268 2847; x_wconf 78' lang='lat' dir='ltr'><strong>veniat,</strong></span> <span class='ocrx_word' id='word_1_293' title='bbox 1311 2771 1392 2847; x_wconf 81' lang='lat' dir='ltr'><strong>vel</strong></span> <span class='ocrx_word' id='word_1_294' title='bbox 1436 2785 1554 2847; x_wconf 80' lang='lat' dir='ltr'><strong>quo</strong></span> <span class='ocrx_word' id='word_1_295' title='bbox 1585 2779 1688 2847; x_wconf 74' lang='lat' dir='ltr'><strong>eat,</strong></span> <span class='ocrx_word' id='word_1_296' title='bbox 1761 2767 2047 2847; x_wconf 76' lang='lat' dir='ltr'><strong>nescimus.</strong></span> 
     </span>
    </p>
   </div>
   <div class='ocr_carea' id='block_1_36' title="bbox 477 2837 2045 2914">
    <p class='ocr_par' dir='ltr' id='par_1_36' title="bbox 477 2837 2045 2914">
     <span class='ocr_line' id='line_1_39' title="bbox 477 2837 2045 2914; baseline -0.009 -12"><span class='ocrx_word' id='word_1_297' title='bbox 477 2845 705 2914; x_wconf 72' lang='lat' dir='ltr'><strong>Spiritus</strong></span> <span class='ocrx_word' id='word_1_298' title='bbox 729 2853 906 2898; x_wconf 88' lang='lat' dir='ltr'><strong>autem</strong></span> <span class='ocrx_word' id='word_1_299' title='bbox 937 2851 1148 2898; x_wconf 84' lang='lat' dir='ltr'><strong>sanctus</strong></span> <span class='ocrx_word' id='word_1_300' title='bbox 1169 2841 1238 2896; x_wconf 85' lang='lat' dir='ltr'><strong>de</strong></span> <span class='ocrx_word' id='word_1_301' title='bbox 1267 2843 1418 2914; x_wconf 62' lang='lat' dir='ltr'><strong>caelo</strong></span> <span class='ocrx_word' id='word_1_302' title='bbox 1439 2837 1600 2902; x_wconf 65' lang='lat' dir='ltr'><strong>Venit,</strong></span> <span class='ocrx_word' id='word_1_303' title='bbox 1631 2841 1766 2914; x_wconf 74' lang='lat' dir='ltr'><strong>sicut</strong></span> <span class='ocrx_word' id='word_1_304' title='bbox 1803 2837 2045 2914; x_wconf 75' lang='lat' dir='ltr'><strong>legimus,</strong></span> 
     </span>
    </p>
   </div>
   <div class='ocr_carea' id='block_1_37' title="bbox 480 2907 2050 2988">
    <p class='ocr_par' dir='ltr' id='par_1_37' title="bbox 480 2907 2050 2988">
     <span class='ocr_line' id='line_1_40' title="bbox 480 2907 2050 2988; baseline -0.006 -22"><span class='ocrx_word' id='word_1_305' title='bbox 480 2907 534 2988; x_wconf 83' lang='lat' dir='ltr'><strong>ui</strong></span> <span class='ocrx_word' id='word_1_306' title='bbox 560 2915 839 2988; x_wconf 71' lang='lat' dir='ltr'><strong>credentes</strong></span> <span class='ocrx_word' id='word_1_307' title='bbox 872 2914 1152 2988; x_wconf 89' lang='lat' dir='ltr'><strong>illuiniuet.</strong></span> <span class='ocrx_word' id='word_1_308' title='bbox 1181 2911 1458 2988; x_wconf 79' lang='lat' dir='ltr'><strong>Quomodo</strong></span> <span class='ocrx_word' id='word_1_309' title='bbox 1484 2927 1611 2988; x_wconf 72' lang='lat' dir='ltr'><strong>ergo</strong></span> <span class='ocrx_word' id='word_1_310' title='bbox 1633 2907 2050 2988; x_wconf 65' lang='lat' dir='ltr'><strong>quibusdatnvi-</strong></span> 
     </span>
    </p>
   </div>
   <div class='ocr_carea' id='block_1_38' title="bbox 475 2976 2050 3054">
    <p class='ocr_par' dir='ltr' id='par_1_38' title="bbox 475 2976 2050 3054">
     <span class='ocr_line' id='line_1_41' title="bbox 475 2976 2050 3054; baseline -0.007 -16"><span class='ocrx_word' id='word_1_311' title='bbox 475 2985 630 3040; x_wconf 83' lang='lat' dir='ltr'><strong>detur</strong></span> <span class='ocrx_word' id='word_1_312' title='bbox 655 2985 722 3040; x_wconf 91' lang='lat' dir='ltr'><strong>de</strong></span> <span class='ocrx_word' id='word_1_313' title='bbox 749 2985 946 3054; x_wconf 87' lang='lat' dir='ltr'><strong>Spiritu</strong></span> <span class='ocrx_word' id='word_1_314' title='bbox 987 2993 1172 3038; x_wconf 88' lang='lat' dir='ltr'><strong>sancto</strong></span> <span class='ocrx_word' id='word_1_315' title='bbox 1205 2976 1530 3054; x_wconf 79' lang='lat' dir='ltr'><strong>Salvatorein</strong></span> <span class='ocrx_word' id='word_1_316' title='bbox 1549 2976 1776 3054; x_wconf 73' lang='lat' dir='ltr'><strong>dixisse,</strong></span> <span class='ocrx_word' id='word_1_317' title='bbox 1825 2976 2050 3054; x_wconf 69' lang='lat' dir='ltr'><strong>Spin’tns</strong></span> 
     </span>
    </p>
   </div>
   <div class='ocr_carea' id='block_1_39' title="bbox 475 3047 2050 3122">
    <p class='ocr_par' dir='ltr' id='par_1_39' title="bbox 475 3047 2050 3122">
     <span class='ocr_line' id='line_1_42' title="bbox 475 3047 2050 3122; baseline -0.006 -15"><span class='ocrx_word' id='word_1_318' title='bbox 475 3055 562 3108; x_wconf 82' lang='lat' dir='ltr'><strong>ubi</strong></span> <span class='ocrx_word' id='word_1_319' title='bbox 587 3057 690 3108; x_wconf 83' lang='lat' dir='ltr'><strong>vult</strong></span> <span class='ocrx_word' id='word_1_320' title='bbox 707 3047 887 3122; x_wconf 74' lang='lat' dir='ltr'><strong>spirat,</strong></span> <span class='ocrx_word' id='word_1_321' title='bbox 939 3064 986 3108; x_wconf 88' lang='lat' dir='ltr'><strong>et</strong></span> <span class='ocrx_word' id='word_1_322' title='bbox 1033 3069 1198 3107; x_wconf 86' lang='lat' dir='ltr'><strong>vocem</strong></span> <span class='ocrx_word' id='word_1_323' title='bbox 1242 3055 1352 3121; x_wconf 86' lang='lat' dir='ltr'><strong>ejus</strong></span> <span class='ocrx_word' id='word_1_324' title='bbox 1401 3052 1570 3118; x_wconf 86' lang='lat' dir='ltr'><strong>audis,</strong></span> <span class='ocrx_word' id='word_1_325' title='bbox 1601 3051 1688 3104; x_wconf 89' lang='lat' dir='ltr'><strong>sed</strong></span> <span class='ocrx_word' id='word_1_326' title='bbox 1717 3047 1876 3102; x_wconf 81' lang='lat' dir='ltr'><strong>nescis</strong></span> <span class='ocrx_word' id='word_1_327' title='bbox 1911 3047 2050 3122; x_wconf 66' lang='lat' dir='ltr'><strong>unde</strong></span> 
     </span>
    </p>
   </div>
   <div class='ocr_carea' id='block_1_40' title="bbox 475 3117 2052 3198">
    <p class='ocr_par' dir='ltr' id='par_1_40' title="bbox 475 3117 2052 3198">
     <span class='ocr_line' id='line_1_43' title="bbox 475 3117 2052 3198; baseline -0.006 -19"><span class='ocrx_word' id='word_1_328' title='bbox 475 3125 662 3198; x_wconf 67' lang='lat' dir='ltr'><strong>veniat,</strong></span> <span class='ocrx_word' id='word_1_329' title='bbox 687 3117 884 3198; x_wconf 64' lang='lat' dir='ltr'><strong>vei-quo</strong></span> <span class='ocrx_word' id='word_1_330' title='bbox 905 3123 1028 3178; x_wconf 87' lang='lat' dir='ltr'><strong>eat?</strong></span> <span class='ocrx_word' id='word_1_331' title='bbox 1051 3139 1172 3198; x_wconf 82' lang='lat' dir='ltr'><strong>cum</strong></span> <span class='ocrx_word' id='word_1_332' title='bbox 1213 3117 1420 3198; x_wconf 73' lang='lat' dir='ltr'><strong>constet</strong></span> <span class='ocrx_word' id='word_1_333' title='bbox 1441 3117 1681 3198; x_wconf 69' lang='lat' dir='ltr'><strong>exempli</strong></span> <span class='ocrx_word' id='word_1_334' title='bbox 1709 3133 1864 3198; x_wconf 65' lang='lat' dir='ltr'><strong>causa</strong></span> <span class='ocrx_word' id='word_1_335' title='bbox 1894 3117 2052 3198; x_wconf 79' lang='lat' dir='ltr'><strong>locu-</strong></span> 
     </span>
    </p>
   </div>
   <div class='ocr_carea' id='block_1_41' title="bbox 476 3190 2046 3262">
    <p class='ocr_par' dir='ltr' id='par_1_41' title="bbox 476 3190 2046 3262">
     <span class='ocr_line' id='line_1_44' title="bbox 476 3190 2046 3262; baseline -0.006 -13"><span class='ocrx_word' id='word_1_336' title='bbox 476 3204 586 3249; x_wconf 89' lang='lat' dir='ltr'><strong>tum</strong></span> <span class='ocrx_word' id='word_1_337' title='bbox 617 3190 718 3250; x_wconf 87' lang='lat' dir='ltr'><strong>hoc</strong></span> <span class='ocrx_word' id='word_1_338' title='bbox 739 3190 1088 3250; x_wconf 76' lang='lat' dir='ltr'><strong>salvatorem.</strong></span> <span class='ocrx_word' id='word_1_339' title='bbox 1143 3194 1376 3262; x_wconf 82' lang='lat' dir='ltr'><strong>Denique</strong></span> <span class='ocrx_word' id='word_1_340' title='bbox 1424 3191 1671 3262; x_wconf 81' lang='lat' dir='ltr'><strong>subjecit,</strong></span> <span class='ocrx_word' id='word_1_341' title='bbox 1705 3190 1792 3262; x_wconf 71' lang='lat' dir='ltr'><strong>Sic</strong></span> <span class='ocrx_word' id='word_1_342' title='bbox 1829 3197 1922 3252; x_wconf 85' lang='lat' dir='ltr'><strong>est,</strong></span> <span class='ocrx_word' id='word_1_343' title='bbox 1965 3190 2046 3240; x_wconf 89' lang='lat' dir='ltr'><strong>iii-</strong></span> 
     </span>
    </p>
   </div>
   <div class='ocr_carea' id='block_1_42' title="bbox 475 3261 2044 3336">
    <p class='ocr_par' dir='ltr' id='par_1_42' title="bbox 475 3261 2044 3336">
     <span class='ocr_line' id='line_1_45' title="bbox 475 3261 2044 3336; baseline -0.004 -21"><span class='ocrx_word' id='word_1_344' title='bbox 475 3266 608 3336; x_wconf 77' lang='lat' dir='ltr'><strong>quit,</strong></span> <span class='ocrx_word' id='word_1_345' title='bbox 639 3267 800 3318; x_wconf 83' lang='lat' dir='ltr'><strong>omnis</strong></span> <span class='ocrx_word' id='word_1_346' title='bbox 821 3265 906 3336; x_wconf 86' lang='lat' dir='ltr'><strong>qui</strong></span> <span class='ocrx_word' id='word_1_347' title='bbox 933 3273 1144 3336; x_wconf 82' lang='lat' dir='ltr'><strong>renatus</strong></span> <span class='ocrx_word' id='word_1_348' title='bbox 1167 3261 1322 3336; x_wconf 73' lang='lat' dir='ltr'><strong>fuerit</strong></span> <span class='ocrx_word' id='word_1_349' title='bbox 1337 3279 1400 3316; x_wconf 69' lang='lat' dir='ltr'><strong>ex</strong></span> <span class='ocrx_word' id='word_1_350' title='bbox 1423 3279 1554 3332; x_wconf 82' lang='lat' dir='ltr'><strong>aqua</strong></span> <span class='ocrx_word' id='word_1_351' title='bbox 1569 3271 1612 3314; x_wconf 85' lang='lat' dir='ltr'><strong>et</strong></span> <span class='ocrx_word' id='word_1_352' title='bbox 1639 3261 2044 3336; x_wconf 55' lang='lat' dir='ltr'><strong>Spiritusancto:</strong></span> 
     </span>
    </p>
   </div>
   <div class='ocr_carea' id='block_1_43' title="bbox 473 3327 2048 3404">
    <p class='ocr_par' dir='ltr' id='par_1_43' title="bbox 473 3327 2048 3404">
     <span class='ocr_line' id='line_1_46' title="bbox 473 3327 2048 3404; baseline -0.004 -18"><span class='ocrx_word' id='word_1_353' title='bbox 473 3327 608 3400; x_wconf 85' lang='lat' dir='ltr'><strong>Quid</strong></span> <span class='ocrx_word' id='word_1_354' title='bbox 641 3344 744 3388; x_wconf 87' lang='lat' dir='ltr'><strong>tam</strong></span> <span class='ocrx_word' id='word_1_355' title='bbox 773 3327 1034 3404; x_wconf 78' lang='lat' dir='ltr'><strong>apertum,</strong></span> <span class='ocrx_word' id='word_1_356' title='bbox 1061 3327 1182 3402; x_wconf 79' lang='lat' dir='ltr'><strong>quia</strong></span> <span class='ocrx_word' id='word_1_357' title='bbox 1199 3333 1438 3404; x_wconf 86' lang='lat' dir='ltr'><strong>spiritum</strong></span> <span class='ocrx_word' id='word_1_358' title='bbox 1468 3327 2048 3404; x_wconf 55' lang='lat' dir='ltr'><strong>ventuin&#39;signilicavii?</strong></span> 
     </span>
    </p>
   </div>
   <div class='ocr_carea' id='block_1_44' title="bbox 477 3398 2046 3478">
    <p class='ocr_par' dir='ltr' id='par_1_44' title="bbox 477 3398 2046 3478">
     <span class='ocr_line' id='line_1_47' title="bbox 477 3398 2046 3478; baseline -0.006 -21"><span class='ocrx_word' id='word_1_359' title='bbox 477 3398 582 3478; x_wconf 67' lang='lat' dir='ltr'><strong>Sed</strong></span> <span class='ocrx_word' id='word_1_360' title='bbox 617 3405 735 3478; x_wconf 85' lang='lat' dir='ltr'><strong>ideo</strong></span> <span class='ocrx_word' id='word_1_361' title='bbox 759 3398 943 3478; x_wconf 72' lang='lat' dir='ltr'><strong>putant</strong></span> <span class='ocrx_word' id='word_1_362' title='bbox 987 3398 1108 3478; x_wconf 66' lang='grc' dir='ltr'><strong>ιιοιὶΔ</strong></span> <span class='ocrx_word' id='word_1_363' title='bbox 1129 3398 1342 3458; x_wconf 84' lang='lat' dir='ltr'><strong>ventum</strong></span> <span class='ocrx_word' id='word_1_364' title='bbox 1391 3398 1768 3478; x_wconf 49' lang='lat' dir='ltr'><strong>significatum,—</strong></span> <span class='ocrx_word' id='word_1_365' title='bbox 1807 3398 1926 3478; x_wconf 80' lang='lat' dir='ltr'><strong>quia</strong></span> <span class='ocrx_word' id='word_1_366' title='bbox 1953 3398 2046 3478; x_wconf 70' lang='lat' dir='ltr'><strong>ait,</strong></span> 
     </span>
    </p>
   </div>
   <div class='ocr_carea' id='block_1_45' title="bbox 479 3469 2048 3548">
    <p class='ocr_par' dir='ltr' id='par_1_45' title="bbox 479 3469 2048 3548">
     <span class='ocr_line' id='line_1_48' title="bbox 479 3469 2048 3548; baseline -0.004 -20"><span class='ocrx_word' id='word_1_367' title='bbox 479 3473 583 3548; x_wconf 78' lang='lat' dir='ltr'><strong>Ubi</strong></span> <span class='ocrx_word' id='word_1_368' title='bbox 605 3475 706 3528; x_wconf 84' lang='lat' dir='ltr'><strong>tmlt</strong></span> <span class='ocrx_word' id='word_1_369' title='bbox 731 3469 890 3548; x_wconf 79' lang='lat' dir='ltr'><strong>spirat</strong></span> <span class='ocrx_word' id='word_1_370' title='bbox 915 3489 933 3528; x_wconf 91' lang='lat'><strong><em>:</em></strong></span> <span class='ocrx_word' id='word_1_371' title='bbox 963 3474 1110 3548; x_wconf 83' lang='lat' dir='ltr'><strong>quasi</strong></span> <span class='ocrx_word' id='word_1_372' title='bbox 1151 3488 1270 3548; x_wconf 84' lang='lat' dir='ltr'><strong>7n_on_</strong></span> <span class='ocrx_word' id='word_1_373' title='bbox 1305 3473 1477 3526; x_wconf 82' lang='lat' dir='ltr'><strong>omnis</strong></span> <span class='ocrx_word' id='word_1_374' title='bbox 1505 3481 1778 3548; x_wconf 55' lang='lat' dir='ltr'><strong>creaiura,</strong></span> <span class='ocrx_word' id='word_1_375' title='bbox 1813 3469 1926 3536; x_wconf 78' lang='lat' dir='ltr'><strong>lege</strong></span> <span class='ocrx_word' id='word_1_376' title='bbox 1949 3469 2048 3548; x_wconf 87' lang='lat' dir='ltr'><strong>sibi</strong></span> 
     </span>
    </p>
   </div>
   <div class='ocr_carea' id='block_1_46' title="bbox 475 3541 2048 3614">
    <p class='ocr_par' dir='ltr' id='par_1_46' title="bbox 475 3541 2048 3614">
     <span class='ocr_line' id='line_1_49' title="bbox 475 3541 2048 3614; baseline -0.003 -18"><span class='ocrx_word' id='word_1_377' title='bbox 475 3547 664 3614; x_wconf 86' lang='lat' dir='ltr'><strong>posita,</strong></span> <span class='ocrx_word' id='word_1_378' title='bbox 715 3541 936 3600; x_wconf 82' lang='lat' dir='ltr'><strong>remissa</strong></span> <span class='ocrx_word' id='word_1_379' title='bbox 979 3541 1054 3598; x_wconf 71' lang='lat' dir='ltr'><strong>sit</strong></span> <span class='ocrx_word' id='word_1_380' title='bbox 1087 3543 1310 3614; x_wconf 88' lang='lat' dir='ltr'><strong>arbitrio</strong></span> <span class='ocrx_word' id='word_1_381' title='bbox 1340 3543 1574 3612; x_wconf 88' lang='lat' dir='ltr'><strong>proprio.</strong></span> <span class='ocrx_word' id='word_1_382' title='bbox 1631 3541 1699 3596; x_wconf 84' lang='lat' dir='ltr'><strong>Et</strong></span> <span class='ocrx_word' id='word_1_383' title='bbox 1736 3553 1842 3614; x_wconf 58' lang='lat' dir='ltr'><strong>ruas</strong></span> <span class='ocrx_word' id='word_1_384' title='bbox 1895 3541 2048 3614; x_wconf 75' lang='lat' dir='ltr'><strong>enim</strong></span> 
     </span>
    </p>
   </div>
   <div class='ocr_carea' id='block_1_47' title="bbox 475 3608 2046 3683">
    <p class='ocr_par' dir='ltr' id='par_1_47' title="bbox 475 3608 2046 3683">
     <span class='ocr_line' id='line_1_50' title="bbox 475 3608 2046 3683; baseline -0.003 -15"><span class='ocrx_word' id='word_1_385' title='bbox 475 3608 633 3676; x_wconf 84' lang='lat' dir='ltr'><strong>imus,</strong></span> <span class='ocrx_word' id='word_1_386' title='bbox 664 3625 718 3669; x_wconf 91' lang='lat' dir='ltr'><strong>et</strong></span> <span class='ocrx_word' id='word_1_387' title='bbox 765 3614 986 3669; x_wconf 85' lang='lat' dir='ltr'><strong>facimus</strong></span> <span class='ocrx_word' id='word_1_388' title='bbox 1029 3613 1170 3683; x_wconf 90' lang='lat' dir='ltr'><strong>quod</strong></span> <span class='ocrx_word' id='word_1_389' title='bbox 1219 3608 1482 3674; x_wconf 76' lang='lat' dir='ltr'><strong>volumus,</strong></span> <span class='ocrx_word' id='word_1_390' title='bbox 1507 3621 1722 3682; x_wconf 83' lang='lat' dir='ltr'><strong>agentes</strong></span> <span class='ocrx_word' id='word_1_391' title='bbox 1747 3609 1855 3683; x_wconf 85' lang='lat' dir='ltr'><strong>sub</strong></span> <span class='ocrx_word' id='word_1_392' title='bbox 1893 3608 2046 3676; x_wconf 10' lang='lat' dir='ltr'><strong>leget;</strong></span> 
     </span>
    </p>
   </div>
   <div class='ocr_carea' id='block_1_48' title="bbox 473 3682 2048 3759">
    <p class='ocr_par' dir='ltr' id='par_1_48' title="bbox 473 3682 2048 3759">
     <span class='ocr_line' id='line_1_51' title="bbox 473 3682 2048 3759; baseline -0.006 -21"><span class='ocrx_word' id='word_1_393' title='bbox 473 3700 638 3754; x_wconf 86' lang='lat' dir='ltr'><strong>quare</strong></span> <span class='ocrx_word' id='word_1_394' title='bbox 661 3695 716 3740; x_wconf 92' lang='lat' dir='ltr'><strong>ct</strong></span> <span class='ocrx_word' id='word_1_395' title='bbox 737 3685 1002 3759; x_wconf 81' lang='lat' dir='ltr'><strong>rationein</strong></span> <span class='ocrx_word' id='word_1_396' title='bbox 1051 3682 1441 3759; x_wconf 59' lang='lat' dir='ltr'><strong>praestabimus.</strong></span> <span class='ocrx_word' id='word_1_397' title='bbox 1481 3687 1588 3738; x_wconf 84' lang='lat' dir='ltr'><strong>Aut</strong></span> <span class='ocrx_word' id='word_1_398' title='bbox 1617 3682 1866 3759; x_wconf 80' lang='lat' dir='ltr'><strong>possibile</strong></span> <span class='ocrx_word' id='word_1_399' title='bbox 1896 3688 2048 3759; x_wconf 63' lang='lat' dir='ltr'><strong>puta-7</strong></span> 
     </span>
    </p>
   </div>
   <div class='ocr_carea' id='block_1_49' title="bbox 474 3753 2048 3818">
    <p class='ocr_par' dir='ltr' id='par_1_49' title="bbox 474 3753 2048 3818">
     <span class='ocr_line' id='line_1_52' title="bbox 474 3753 2048 3818; baseline -0.004 -10"><span class='ocrx_word' id='word_1_400' title='bbox 474 3753 577 3818; x_wconf 82' lang='lat' dir='ltr'><strong>tur,</strong></span> <span class='ocrx_word' id='word_1_401' title='bbox 609 3766 664 3810; x_wconf 91' lang='lat' dir='ltr'><strong>et</strong></span> <span class='ocrx_word' id='word_1_402' title='bbox 691 3771 790 3810; x_wconf 90' lang='lat' dir='ltr'><strong>nec</strong></span> <span class='ocrx_word' id='word_1_403' title='bbox 807 3755 1026 3810; x_wconf 87' lang='lat' dir='ltr'><strong>stultum</strong></span> <span class='ocrx_word' id='word_1_404' title='bbox 1057 3753 1262 3808; x_wconf 90' lang='lat' dir='ltr'><strong>videtur</strong></span> <span class='ocrx_word' id='word_1_405' title='bbox 1285 3763 1342 3808; x_wconf 89' lang='lat' dir='ltr'><strong>ut</strong></span> <span class='ocrx_word' id='word_1_406' title='bbox 1363 3753 1610 3809; x_wconf 82' lang='lat' dir='ltr'><strong>elTectuni</strong></span> <span class='ocrx_word' id='word_1_407' title='bbox 1657 3755 1841 3808; x_wconf 88' lang='lat' dir='ltr'><strong>volens</strong></span> <span class='ocrx_word' id='word_1_408' title='bbox 1879 3753 2048 3818; x_wconf 79' lang='lat' dir='ltr'><strong>sancti</strong></span> 
     </span>
    </p>
   </div>
   <div class='ocr_carea' id='block_1_50' title="bbox 473 3817 2052 3894">
    <p class='ocr_par' dir='ltr' id='par_1_50' title="bbox 473 3817 2052 3894">
     <span class='ocr_line' id='line_1_53' title="bbox 473 3817 2052 3894; baseline -0.006 -13"><span class='ocrx_word' id='word_1_409' title='bbox 473 3817 702 3893; x_wconf 83' lang='lat' dir='ltr'><strong>Spiritus</strong></span> <span class='ocrx_word' id='word_1_410' title='bbox 733 3826 1020 3890; x_wconf 83' lang='lat' dir='ltr'><strong>insinuare,</strong></span> <span class='ocrx_word' id='word_1_411' title='bbox 1050 3825 1193 3878; x_wconf 91' lang='lat' dir='ltr'><strong>illum</strong></span> <span class='ocrx_word' id='word_1_412' title='bbox 1221 3825 1390 3894; x_wconf 87' lang='lat' dir='ltr'><strong>ipsum</strong></span> <span class='ocrx_word' id='word_1_413' title='bbox 1419 3823 1568 3879; x_wconf 87' lang='lat' dir='ltr'><strong>daret</strong></span> <span class='ocrx_word' id='word_1_414' title='bbox 1597 3824 1919 3890; x_wconf 85' lang='lat' dir='ltr'><strong>exemplum.</strong></span> <span class='ocrx_word' id='word_1_415' title='bbox 1951 3817 2052 3888; x_wconf 85' lang='lat' dir='ltr'><strong>lgi-</strong></span> 
     </span>
    </p>
   </div>
   <div class='ocr_carea' id='block_1_51' title="bbox 477 3893 1852 3967">
    <p class='ocr_par' dir='ltr' id='par_1_51' title="bbox 477 3893 1852 3967">
     <span class='ocr_line' id='line_1_54' title="bbox 477 3893 1852 3967; baseline -0.004 -15"><span class='ocrx_word' id='word_1_416' title='bbox 477 3907 564 3952; x_wconf 71' lang='lat' dir='ltr'><strong>tur</strong></span> <span class='ocrx_word' id='word_1_417' title='bbox 591 3897 734 3952; x_wconf 88' lang='lat' dir='ltr'><strong>omni</strong></span> <span class='ocrx_word' id='word_1_418' title='bbox 764 3911 960 3967; x_wconf 75' lang='lat' dir='ltr'><strong>genere</strong></span> <span class='ocrx_word' id='word_1_419' title='bbox 979 3893 1324 3967; x_wconf 64' lang='lat' dir='ltr'><strong>quaestionem</strong></span> <span class='ocrx_word' id='word_1_420' title='bbox 1351 3893 1578 3967; x_wconf 76' lang='lat' dir='ltr'><strong>solutam</strong></span> <span class='ocrx_word' id='word_1_421' title='bbox 1605 3895 1852 3967; x_wconf 82' lang='lat' dir='ltr'><strong>arbitror.</strong></span> 
     </span>
    </p>
   </div>
   <div class='ocr_carea' id='block_1_52' title="bbox 541 3965 2044 4038">
    <p class='ocr_par' dir='ltr' id='par_1_52' title="bbox 541 3965 2044 4038">
     <span class='ocr_line' id='line_1_55' title="bbox 541 3965 2044 4038; baseline 0.001 -18"><span class='ocrx_word' id='word_1_422' title='bbox 541 3967 619 4038; x_wconf 88' lang='lat' dir='ltr'><strong>(a)</strong></span> <span class='ocrx_word' id='word_1_423' title='bbox 653 3965 803 4035; x_wconf 84' lang='lat' dir='ltr'><strong>Quod</strong></span> <span class='ocrx_word' id='word_1_424' title='bbox 831 3965 1009 4032; x_wconf 75' lang='lat' dir='ltr'><strong>dixit,</strong></span> <span class='ocrx_word' id='word_1_425' title='bbox 1039 3965 1100 4022; x_wconf 84' lang='lat' dir='ltr'><strong>Si</strong></span> <span class='ocrx_word' id='word_1_426' title='bbox 1110 3967 1382 4038; x_wconf 77' lang='lat' dir='ltr'><strong>terrestria</strong></span> <span class='ocrx_word' id='word_1_427' title='bbox 1409 3965 1518 4020; x_wconf 75' lang='lat' dir='ltr'><strong>dixi</strong></span> <span class='ocrx_word' id='word_1_428' title='bbox 1547 3965 1682 4038; x_wconf 79' lang='lat' dir='ltr'><strong>vobis</strong></span> <span class='ocrx_word' id='word_1_429' title='bbox 1703 3975 1786 4038; x_wconf 86' lang='lat' dir='ltr'><strong>,_et</strong></span> <span class='ocrx_word' id='word_1_430' title='bbox 1813 3981 1914 4038; x_wconf 87' lang='lat' dir='ltr'><strong>non</strong></span> <span class='ocrx_word' id='word_1_431' title='bbox 1937 3983 2044 4021; x_wconf 85' lang='lat' dir='ltr'><strong>cre-</strong></span> 
     </span>
    </p>
   </div>
   <div class='ocr_carea' id='block_1_53' title="bbox 471 4035 2050 4107">
    <p class='ocr_par' dir='ltr' id='par_1_53' title="bbox 471 4035 2050 4107">
     <span class='ocr_line' id='line_1_56' title="bbox 471 4035 2050 4107; baseline 0 -16"><span class='ocrx_word' id='word_1_432' title='bbox 471 4035 626 4098; x_wconf 67' lang='lat' dir='ltr'><strong>ditis.</strong></span> <span class='ocrx_word' id='word_1_433' title='bbox 656 4055 760 4092; x_wconf 90' lang='lat' dir='ltr'><strong>non</strong></span> <span class='ocrx_word' id='word_1_434' title='bbox 789 4039 1018 4107; x_wconf 84' lang='lat' dir='ltr'><strong>pertinet</strong></span> <span class='ocrx_word' id='word_1_435' title='bbox 1057 4037 1122 4091; x_wconf 91' lang='lat' dir='ltr'><strong>ad</strong></span> <span class='ocrx_word' id='word_1_436' title='bbox 1173 4037 1536 4107; x_wconf 84' lang='lat' dir='ltr'><strong>Baptistnuin;</strong></span> <span class='ocrx_word' id='word_1_437' title='bbox 1567 4035 1688 4107; x_wconf 84' lang='lat' dir='ltr'><strong>quia</strong></span> <span class='ocrx_word' id='word_1_438' title='bbox 1731 4035 2050 4104; x_wconf 86' lang='lat' dir='ltr'><strong>baptismum</strong></span> 
     </span>
    </p>
   </div>
   <div class='ocr_carea' id='block_1_54' title="bbox 472 4105 2050 4176">
    <p class='ocr_par' dir='ltr' id='par_1_54' title="bbox 472 4105 2050 4176">
     <span class='ocr_line' id='line_1_57' title="bbox 472 4105 2050 4176; baseline 0.001 -16"><span class='ocrx_word' id='word_1_439' title='bbox 472 4117 710 4162; x_wconf 88' lang='lat' dir='ltr'><strong>nostrum</strong></span> <span class='ocrx_word' id='word_1_440' title='bbox 757 4105 952 4162; x_wconf 78' lang='lat' dir='ltr'><strong>scimus</strong></span> <span class='ocrx_word' id='word_1_441' title='bbox 979 4121 1100 4162; x_wconf 89' lang='lat' dir='ltr'><strong>esse</strong></span> <span class='ocrx_word' id='word_1_442' title='bbox 1137 4105 1443 4175; x_wconf 84' lang='lat' dir='ltr'><strong>spirituale,</strong></span> <span class='ocrx_word' id='word_1_443' title='bbox 1476 4105 1714 4176; x_wconf 79' lang='lat' dir='ltr'><strong>quamvis</strong></span> <span class='ocrx_word' id='word_1_444' title='bbox 1741 4121 1834 4176; x_wconf 85' lang='lat' dir='ltr'><strong>per</strong></span> <span class='ocrx_word' id='word_1_445' title='bbox 1859 4123 2050 4176; x_wconf 85' lang='lat' dir='ltr'><strong>aquam</strong></span> 
     </span>
    </p>
   </div>
   <div class='ocr_carea' id='block_1_55' title="bbox 471 4175 2051 4232">
    <p class='ocr_par' dir='ltr' id='par_1_55' title="bbox 471 4175 2051 4232">
     <span class='ocr_line' id='line_1_58' title="bbox 471 4175 2051 4232; baseline 0.001 -2"><span class='ocrx_word' id='word_1_446' title='bbox 471 4177 772 4230; x_wconf 86' lang='lat' dir='ltr'><strong>celebretur</strong></span> <span class='ocrx_word' id='word_1_447' title='bbox 801 4196 812 4228; x_wconf 93' lang='lat'><strong>:</strong></span> <span class='ocrx_word' id='word_1_448' title='bbox 847 4178 938 4231; x_wconf 91' lang='lat' dir='ltr'><strong>sed</strong></span> <span class='ocrx_word' id='word_1_449' title='bbox 965 4177 1098 4230; x_wconf 86' lang='lat' dir='ltr'><strong>ratio</strong></span> <span class='ocrx_word' id='word_1_450' title='bbox 1121 4177 1226 4230; x_wconf 92' lang='lat' dir='ltr'><strong>illic</strong></span> <span class='ocrx_word' id='word_1_451' title='bbox 1251 4177 1472 4229; x_wconf 85' lang='lat' dir='ltr'><strong>vertitur</strong></span> <span class='ocrx_word' id='word_1_452' title='bbox 1493 4175 1744 4230; x_wconf 66' lang='lat' dir='ltr'><strong>caelestis.</strong></span> <span class='ocrx_word' id='word_1_453' title='bbox 1778 4175 1883 4230; x_wconf 89' lang='lat' dir='ltr'><strong>Nec</strong></span> <span class='ocrx_word' id='word_1_454' title='bbox 1908 4175 2051 4232; x_wconf 82' lang='lat' dir='ltr'><strong>enim</strong></span> 
     </span>
    </p>
   </div>
   <div class='ocr_carea' id='block_1_56' title="bbox 470 4247 2051 4314">
    <p class='ocr_par' dir='ltr' id='par_1_56' title="bbox 470 4247 2051 4314">
     <span class='ocr_line' id='line_1_59' title="bbox 470 4247 2051 4314; baseline 0.002 -17"><span class='ocrx_word' id='word_1_455' title='bbox 470 4259 606 4314; x_wconf 88' lang='lat' dir='ltr'><strong>aqua</strong></span> <span class='ocrx_word' id='word_1_456' title='bbox 635 4247 906 4312; x_wconf 83' lang='lat' dir='ltr'><strong>parilicat,</strong></span> <span class='ocrx_word' id='word_1_457' title='bbox 949 4249 1040 4300; x_wconf 89' lang='lat' dir='ltr'><strong>sed</strong></span> <span class='ocrx_word' id='word_1_458' title='bbox 1073 4247 1497 4300; x_wconf 85' lang='lat' dir='ltr'><strong>invisibiliter-ct</strong></span> <span class='ocrx_word' id='word_1_459' title='bbox 1541 4247 2051 4313; x_wconf 82' lang='lat' dir='ltr'><strong>incomprehensibi-</strong></span> 
     </span>
    </p>
   </div>
   <div class='ocr_carea' id='block_1_57' title="bbox 471 4314 2052 4372">
    <p class='ocr_par' dir='ltr' id='par_1_57' title="bbox 471 4314 2052 4372">
     <span class='ocr_line' id='line_1_60' title="bbox 471 4314 2052 4372; baseline 0.003 -4"><span class='ocrx_word' id='word_1_460' title='bbox 471 4314 592 4370; x_wconf 89' lang='lat' dir='ltr'><strong>liter</strong></span> <span class='ocrx_word' id='word_1_461' title='bbox 621 4317 779 4371; x_wconf 87' lang='lat' dir='ltr'><strong>Deus.</strong></span> <span class='ocrx_word' id='word_1_462' title='bbox 821 4315 1056 4370; x_wconf 90' lang='lat' dir='ltr'><strong>Pertinet</strong></span> <span class='ocrx_word' id='word_1_463' title='bbox 1081 4331 1206 4370; x_wconf 88' lang='lat' dir='ltr'><strong>vero</strong></span> <span class='ocrx_word' id='word_1_464' title='bbox 1239 4316 1305 4369; x_wconf 85' lang='lat' dir='ltr'><strong>ad</strong></span> <span class='ocrx_word' id='word_1_465' title='bbox 1351 4315 1698 4368; x_wconf 82' lang='lat' dir='ltr'><strong>imitationem</strong></span> <span class='ocrx_word' id='word_1_466' title='bbox 1726 4315 1832 4368; x_wconf 88' lang='lat' dir='ltr'><strong>dati</strong></span> <span class='ocrx_word' id='word_1_467' title='bbox 1873 4331 2052 4372; x_wconf 80' lang='lat' dir='ltr'><strong>exem-</strong></span> 
     </span>
    </p>
   </div>
   <div class='ocr_carea' id='block_1_58' title="bbox 470 4383 2048 4455">
    <p class='ocr_par' dir='ltr' id='par_1_58' title="bbox 470 4383 2048 4455">
     <span class='ocr_line' id='line_1_61' title="bbox 470 4383 2048 4455; baseline 0 -15"><span class='ocrx_word' id='word_1_468' title='bbox 470 4385 570 4455; x_wconf 86' lang='lat' dir='ltr'><strong>pli.</strong></span> <span class='ocrx_word' id='word_1_469' title='bbox 602 4385 652 4440; x_wconf 88' lang='lat' dir='ltr'><strong>id</strong></span> <span class='ocrx_word' id='word_1_470' title='bbox 676 4395 778 4450; x_wconf 90' lang='lat' dir='ltr'><strong>est,</strong></span> <span class='ocrx_word' id='word_1_471' title='bbox 809 4384 872 4438; x_wconf 89' lang='lat' dir='ltr'><strong>ad</strong></span> <span class='ocrx_word' id='word_1_472' title='bbox 906 4385 956 4438; x_wconf 92' lang='lat' dir='ltr'><strong>id</strong></span> <span class='ocrx_word' id='word_1_473' title='bbox 983 4385 1124 4454; x_wconf 85' lang='lat' dir='ltr'><strong>quod</strong></span> <span class='ocrx_word' id='word_1_474' title='bbox 1157 4387 1320 4450; x_wconf 73' lang='lat' dir='ltr'><strong>dixit,</strong></span> <span class='ocrx_word' id='word_1_475' title='bbox 1353 4385 1578 4455; x_wconf 79' lang='lat' dir='ltr'><strong>Spiritus</strong></span> <span class='ocrx_word' id='word_1_476' title='bbox 1607 4383 1824 4438; x_wconf 82' lang='lat' dir='ltr'><strong>ubi-vult</strong></span> <span class='ocrx_word' id='word_1_477' title='bbox 1861 4389 2048 4454; x_wconf 81' lang='lat' dir='ltr'><strong>spirat,</strong></span> 
     </span>
    </p>
   </div>
   <div class='ocr_carea' id='block_1_59' title="bbox 469 4455 2052 4528">
    <p class='ocr_par' dir='ltr' id='par_1_59' title="bbox 469 4455 2052 4528">
     <span class='ocr_line' id='line_1_62' title="bbox 469 4455 2052 4528; baseline -0.001 -16"><span class='ocrx_word' id='word_1_478' title='bbox 469 4465 518 4512; x_wconf 76' lang='lat' dir='ltr'><strong>at</strong></span> <span class='ocrx_word' id='word_1_479' title='bbox 543 4473 710 4514; x_wconf 79' lang='lat' dir='ltr'><strong>vocem</strong></span> <span class='ocrx_word' id='word_1_480' title='bbox 737 4457 844 4528; x_wconf 80' lang='lat' dir='ltr'><strong>ejus</strong></span> <span class='ocrx_word' id='word_1_481' title='bbox 873 4456 1020 4528; x_wconf 80' lang='lat' dir='ltr'><strong>audis</strong></span> <span class='ocrx_word' id='word_1_482' title='bbox 1043 4497 1057 4520; x_wconf 93' lang='lat'><strong>,</strong></span> <span class='ocrx_word' id='word_1_483' title='bbox 1101 4457 1189 4510; x_wconf 71' lang='lat' dir='ltr'><strong>scd</strong></span> <span class='ocrx_word' id='word_1_484' title='bbox 1232 4457 1390 4528; x_wconf 81' lang='lat' dir='ltr'><strong>neseis</strong></span> <span class='ocrx_word' id='word_1_485' title='bbox 1423 4455 1791 4528; x_wconf 67' lang='lat' dir='ltr'><strong>undeveuiat,</strong></span> <span class='ocrx_word' id='word_1_486' title='bbox 1839 4457 1916 4528; x_wconf 83' lang='lat' dir='ltr'><strong>vel</strong></span> <span class='ocrx_word' id='word_1_487' title='bbox 1953 4475 2052 4528; x_wconf 84' lang='lat' dir='ltr'><strong>quo</strong></span> 
     </span>
    </p>
   </div>
   <div class='ocr_carea' id='block_1_60' title="bbox 471 4524 2052 4594">
    <p class='ocr_par' dir='ltr' id='par_1_60' title="bbox 471 4524 2052 4594">
     <span class='ocr_line' id='line_1_63' title="bbox 471 4524 2052 4594; baseline 0.001 -13"><span class='ocrx_word' id='word_1_488' title='bbox 471 4537 570 4581; x_wconf 85' lang='lat' dir='ltr'><strong>eat.</strong></span> <span class='ocrx_word' id='word_1_489' title='bbox 607 4529 707 4584; x_wconf 90' lang='lat' dir='ltr'><strong>Per</strong></span> <span class='ocrx_word' id='word_1_490' title='bbox 733 4527 848 4582; x_wconf 80' lang='lat' dir='ltr'><strong>hoc</strong></span> <span class='ocrx_word' id='word_1_491' title='bbox 883 4527 1024 4580; x_wconf 86' lang='lat' dir='ltr'><strong>enim</strong></span> <span class='ocrx_word' id='word_1_492' title='bbox 1063 4527 1360 4594; x_wconf 80' lang='lat' dir='ltr'><strong>exemplum</strong></span> <span class='ocrx_word' id='word_1_493' title='bbox 1405 4527 1470 4580; x_wconf 92' lang='lat' dir='ltr'><strong>ad</strong></span> <span class='ocrx_word' id='word_1_494' title='bbox 1513 4525 1667 4580; x_wconf 85' lang='lat' dir='ltr'><strong>tidem</strong></span> <span class='ocrx_word' id='word_1_495' title='bbox 1707 4524 2052 4582; x_wconf 77' lang='lat' dir='ltr'><strong>Nicodamum</strong></span> 
     </span>
    </p>
   </div>
   <div class='ocr_carea' id='block_1_61' title="bbox 468 4596 2054 4668">
    <p class='ocr_par' dir='ltr' id='par_1_61' title="bbox 468 4596 2054 4668">
     <span class='ocr_line' id='line_1_64' title="bbox 468 4596 2054 4668; baseline 0 -17"><span class='ocrx_word' id='word_1_496' title='bbox 468 4598 640 4653; x_wconf 82' lang='lat' dir='ltr'><strong>voluit</strong></span> <span class='ocrx_word' id='word_1_497' title='bbox 675 4597 990 4668; x_wconf 81' lang='lat' dir='ltr'><strong>informare,</strong></span> <span class='ocrx_word' id='word_1_498' title='bbox 1035 4604 1092 4650; x_wconf 91' lang='lat' dir='ltr'><strong>ut</strong></span> <span class='ocrx_word' id='word_1_499' title='bbox 1137 4597 1378 4652; x_wconf 87' lang='lat' dir='ltr'><strong>crederet</strong></span> <span class='ocrx_word' id='word_1_500' title='bbox 1402 4597 1606 4650; x_wconf 88' lang='lat' dir='ltr'><strong>renasci</strong></span> <span class='ocrx_word' id='word_1_501' title='bbox 1649 4596 1918 4651; x_wconf 85' lang='lat' dir='ltr'><strong>hominem</strong></span> <span class='ocrx_word' id='word_1_502' title='bbox 1959 4615 2054 4668; x_wconf 78' lang='lat' dir='ltr'><strong>per</strong></span> 
     </span>
    </p>
   </div>
   <div class='ocr_carea' id='block_1_62' title="bbox 468 4667 2053 4737">
    <p class='ocr_par' dir='ltr' id='par_1_62' title="bbox 468 4667 2053 4737">
     <span class='ocr_line' id='line_1_65' title="bbox 468 4667 2053 4737; baseline 0 -15"><span class='ocrx_word' id='word_1_503' title='bbox 468 4683 660 4737; x_wconf 84' lang='lat' dir='ltr'><strong>aquam</strong></span> <span class='ocrx_word' id='word_1_504' title='bbox 691 4677 746 4724; x_wconf 90' lang='lat' dir='ltr'><strong>et</strong></span> <span class='ocrx_word' id='word_1_505' title='bbox 770 4667 1024 4736; x_wconf 89' lang='lat' dir='ltr'><strong>Spiritum</strong></span> <span class='ocrx_word' id='word_1_506' title='bbox 1045 4709 1060 4730; x_wconf 92' lang='lat'><strong>,</strong></span> <span class='ocrx_word' id='word_1_507' title='bbox 1089 4681 1193 4720; x_wconf 89' lang='lat' dir='ltr'><strong>non</strong></span> <span class='ocrx_word' id='word_1_508' title='bbox 1221 4676 1395 4721; x_wconf 87' lang='lat' dir='ltr'><strong>tamen</strong></span> <span class='ocrx_word' id='word_1_509' title='bbox 1440 4682 1596 4736; x_wconf 89' lang='lat' dir='ltr'><strong>posse</strong></span> <span class='ocrx_word' id='word_1_510' title='bbox 1640 4667 1754 4734; x_wconf 90' lang='lat' dir='ltr'><strong>capi</strong></span> <span class='ocrx_word' id='word_1_511' title='bbox 1785 4667 2053 4736; x_wconf 85' lang='lat' dir='ltr'><strong>quomOdo</strong></span> 
     </span>
    </p>
   </div>
   <div class='ocr_carea' id='block_1_63' title="bbox 471 4735 2054 4808">
    <p class='ocr_par' dir='ltr' id='par_1_63' title="bbox 471 4735 2054 4808">
     <span class='ocr_line' id='line_1_66' title="bbox 471 4735 2054 4808; baseline 0 -14"><span class='ocrx_word' id='word_1_512' title='bbox 471 4735 564 4794; x_wconf 66' lang='lat' dir='ltr'><strong>ﬁat</strong></span> <span class='ocrx_word' id='word_1_513' title='bbox 587 4757 600 4792; x_wconf 90' lang='lat'><strong>:</strong></span> <span class='ocrx_word' id='word_1_514' title='bbox 631 4738 696 4794; x_wconf 79' lang='lat' dir='ltr'><strong>ﬁt</strong></span> <span class='ocrx_word' id='word_1_515' title='bbox 717 4735 858 4794; x_wconf 85' lang='lat' dir='ltr'><strong>enim</strong></span> <span class='ocrx_word' id='word_1_516' title='bbox 885 4738 1249 4807; x_wconf 90' lang='lat' dir='ltr'><strong>spiritualiter.</strong></span> <span class='ocrx_word' id='word_1_517' title='bbox 1271 4737 1360 4792; x_wconf 90' lang='lat' dir='ltr'><strong>Sic</strong></span> <span class='ocrx_word' id='word_1_518' title='bbox 1385 4735 1528 4792; x_wconf 80' lang='lat' dir='ltr'><strong>enim</strong></span> <span class='ocrx_word' id='word_1_519' title='bbox 1557 4735 1815 4808; x_wconf 74' lang='lat' dir='ltr'><strong>spiritus,</strong></span> <span class='ocrx_word' id='word_1_520' title='bbox 1843 4737 1942 4792; x_wconf 88' lang='lat' dir='ltr'><strong>hoc</strong></span> <span class='ocrx_word' id='word_1_521' title='bbox 1971 4749 2054 4794; x_wconf 89' lang='lat' dir='ltr'><strong>est</strong></span> 
     </span>
    </p>
   </div>
   <div class='ocr_carea' id='block_1_64' title="bbox 463 4807 2052 4878">
    <p class='ocr_par' dir='ltr' id='par_1_64' title="bbox 463 4807 2052 4878">
     <span class='ocr_line' id='line_1_67' title="bbox 463 4807 2052 4878; baseline -0.002 -13"><span class='ocrx_word' id='word_1_522' title='bbox 463 4811 614 4865; x_wconf 65' lang='lat' dir='ltr'><strong>Venti</strong></span> <span class='ocrx_word' id='word_1_523' title='bbox 641 4825 822 4865; x_wconf 86' lang='lat' dir='ltr'><strong>vocem</strong></span> <span class='ocrx_word' id='word_1_524' title='bbox 849 4809 1038 4873; x_wconf 84' lang='lat' dir='ltr'><strong>audis,</strong></span> <span class='ocrx_word' id='word_1_525' title='bbox 1068 4823 1186 4878; x_wconf 71' lang='lat' dir='ltr'><strong>qua:</strong></span> <span class='ocrx_word' id='word_1_526' title='bbox 1215 4817 1296 4862; x_wconf 90' lang='lat' dir='ltr'><strong>est</strong></span> <span class='ocrx_word' id='word_1_527' title='bbox 1341 4821 1502 4862; x_wconf 89' lang='lat' dir='ltr'><strong>sonus</strong></span> <span class='ocrx_word' id='word_1_528' title='bbox 1529 4849 1542 4872; x_wconf 89' lang='lat'><strong>,</strong></span> <span class='ocrx_word' id='word_1_529' title='bbox 1575 4807 1668 4862; x_wconf 87' lang='lat' dir='ltr'><strong>sed</strong></span> <span class='ocrx_word' id='word_1_530' title='bbox 1711 4809 1884 4864; x_wconf 88' lang='lat' dir='ltr'><strong>nescis</strong></span> <span class='ocrx_word' id='word_1_531' title='bbox 1915 4811 2052 4862; x_wconf 87' lang='lat' dir='ltr'><strong>unde</strong></span> 
     </span>
    </p>
   </div>
   <div class='ocr_carea' id='block_1_65' title="bbox 461 4879 2052 4949">
    <p class='ocr_par' dir='ltr' id='par_1_65' title="bbox 461 4879 2052 4949">
     <span class='ocr_line' id='line_1_68' title="bbox 461 4879 2052 4949; baseline -0.003 -13"><span class='ocrx_word' id='word_1_532' title='bbox 461 4880 682 4946; x_wconf 67' lang='lat' dir='ltr'><strong>Veniat,</strong></span> <span class='ocrx_word' id='word_1_533' title='bbox 713 4879 795 4934; x_wconf 89' lang='lat' dir='ltr'><strong>vel</strong></span> <span class='ocrx_word' id='word_1_534' title='bbox 831 4894 938 4948; x_wconf 91' lang='lat' dir='ltr'><strong>quo</strong></span> <span class='ocrx_word' id='word_1_535' title='bbox 967 4889 1052 4934; x_wconf 90' lang='lat' dir='ltr'><strong>eat</strong></span> <span class='ocrx_word' id='word_1_536' title='bbox 1083 4897 1096 4932; x_wconf 93' lang='lat'>:</span> <span class='ocrx_word' id='word_1_537' title='bbox 1125 4879 1202 4932; x_wconf 90' lang='lat' dir='ltr'><strong>sic</strong></span> <span class='ocrx_word' id='word_1_538' title='bbox 1229 4887 1284 4932; x_wconf 89' lang='lat' dir='ltr'><strong>ct</strong></span> <span class='ocrx_word' id='word_1_539' title='bbox 1307 4894 1424 4930; x_wconf 89' lang='lat' dir='ltr'><strong>eum</strong></span> <span class='ocrx_word' id='word_1_540' title='bbox 1453 4879 1542 4946; x_wconf 88' lang='lat' dir='ltr'><strong>qui</strong></span> <span class='ocrx_word' id='word_1_541' title='bbox 1570 4879 1884 4945; x_wconf 84' lang='lat' dir='ltr'><strong>renascitur,</strong></span> <span class='ocrx_word' id='word_1_542' title='bbox 1917 4895 2052 4949; x_wconf 86' lang='lat' dir='ltr'><strong>quo-</strong></span> 
     </span>
    </p>
   </div>
   <div class='ocr_carea' id='block_1_66' title="bbox 480 4949 2050 5017">
    <p class='ocr_par' dir='ltr' id='par_1_66' title="bbox 480 4949 2050 5017">
     <span class='ocr_line' id='line_1_69' title="bbox 480 4949 2050 5017; baseline 0 -15"><span class='ocrx_word' id='word_1_543' title='bbox 480 4949 633 5004; x_wconf 89' lang='lat' dir='ltr'><strong>modo</strong></span> <span class='ocrx_word' id='word_1_544' title='bbox 673 4949 978 5005; x_wconf 85' lang='lat' dir='ltr'><strong>immutctur</strong></span> <span class='ocrx_word' id='word_1_545' title='bbox 1007 4949 1216 5012; x_wconf 83' lang='lat' dir='ltr'><strong>neseis,</strong></span> <span class='ocrx_word' id='word_1_546' title='bbox 1259 4958 1434 5002; x_wconf 87' lang='lat' dir='ltr'><strong>tamen</strong></span> <span class='ocrx_word' id='word_1_547' title='bbox 1465 4949 1586 5016; x_wconf 91' lang='lat' dir='ltr'><strong>quia</strong></span> <span class='ocrx_word' id='word_1_548' title='bbox 1617 4949 1674 5002; x_wconf 83' lang='lat' dir='ltr'><strong>lit</strong></span> <span class='ocrx_word' id='word_1_549' title='bbox 1699 4951 1863 5004; x_wconf 89' lang='lat' dir='ltr'><strong>sentis</strong></span> <span class='ocrx_word' id='word_1_550' title='bbox 1885 4991 1900 5010; x_wconf 83' lang='lat'><strong>,</strong></span> <span class='ocrx_word' id='word_1_551' title='bbox 1931 4950 2050 5017; x_wconf 87' lang='lat' dir='ltr'><strong>quia</strong></span> 
     </span>
    </p>
   </div>
   <div class='ocr_carea' id='block_1_67' title="bbox 473 5018 2056 5089">
    <p class='ocr_par' dir='ltr' id='par_1_67' title="bbox 473 5018 2056 5089">
     <span class='ocr_line' id='line_1_70' title="bbox 473 5018 2056 5089; baseline 0 -15"><span class='ocrx_word' id='word_1_552' title='bbox 473 5020 892 5074; x_wconf 83' lang='lat' dir='ltr'><strong>immutationem</strong></span> <span class='ocrx_word' id='word_1_553' title='bbox 919 5022 1086 5089; x_wconf 88' lang='lat' dir='ltr'><strong>ipsam</strong></span> <span class='ocrx_word' id='word_1_554' title='bbox 1129 5019 1315 5074; x_wconf 85' lang='lat' dir='ltr'><strong>semis.</strong></span> <span class='ocrx_word' id='word_1_555' title='bbox 1347 5018 1402 5072; x_wconf 86' lang='lat' dir='ltr'><strong>Si</strong></span> <span class='ocrx_word' id='word_1_556' title='bbox 1431 5019 1572 5089; x_wconf 82' lang='lat' dir='ltr'><strong>enim</strong></span> <span class='ocrx_word' id='word_1_557' title='bbox 1601 5028 1800 5089; x_wconf 82' lang='lat' dir='ltr'><strong>ventus</strong></span> <span class='ocrx_word' id='word_1_558' title='bbox 1829 5019 1916 5074; x_wconf 89' lang='lat' dir='ltr'><strong>tibi</strong></span> <span class='ocrx_word' id='word_1_559' title='bbox 1947 5021 2056 5074; x_wconf 89' lang='lat' dir='ltr'><strong>vult</strong></span> 
     </span>
    </p>
   </div>
   <div class='ocr_carea' id='block_1_68' title="bbox 469 5087 2052 5160">
    <p class='ocr_par' dir='ltr' id='par_1_68' title="bbox 469 5087 2052 5160">
     <span class='ocr_line' id='line_1_71' title="bbox 469 5087 2052 5160; baseline 0.001 -17"><span class='ocrx_word' id='word_1_560' title='bbox 469 5091 674 5158; x_wconf 82' lang='lat' dir='ltr'><strong>spirat,</strong></span> <span class='ocrx_word' id='word_1_561' title='bbox 701 5099 899 5158; x_wconf 87' lang='lat' dir='ltr'><strong>quanto</strong></span> <span class='ocrx_word' id='word_1_562' title='bbox 928 5087 1094 5158; x_wconf 78' lang='lat' dir='ltr'><strong>magis</strong></span> <span class='ocrx_word' id='word_1_563' title='bbox 1119 5089 1346 5160; x_wconf 86' lang='lat' dir='ltr'><strong>Spiritus</strong></span> <span class='ocrx_word' id='word_1_564' title='bbox 1371 5089 1465 5160; x_wconf 86' lang='lat' dir='ltr'><strong>qui</strong></span> <span class='ocrx_word' id='word_1_565' title='bbox 1501 5087 1704 5160; x_wconf 80' lang='lat' dir='ltr'><strong>de_i)eo</strong></span> <span class='ocrx_word' id='word_1_566' title='bbox 1729 5099 1813 5144; x_wconf 91' lang='lat' dir='ltr'><strong>est</strong></span> <span class='ocrx_word' id='word_1_567' title='bbox 1834 5131 1848 5154; x_wconf 92' lang='lat'><strong>,</strong></span> <span class='ocrx_word' id='word_1_568' title='bbox 1893 5107 2052 5159; x_wconf 84' lang='lat' dir='ltr'><strong>quem</strong></span> 
     </span>
    </p>
   </div>
   <div class='ocr_carea' id='block_1_69' title="bbox 469 5157 2052 5230">
    <p class='ocr_par' dir='ltr' id='par_1_69' title="bbox 469 5157 2052 5230">
     <span class='ocr_line' id='line_1_72' title="bbox 469 5157 2052 5230; baseline -0.001 -16"><span class='ocrx_word' id='word_1_569' title='bbox 469 5157 580 5214; x_wconf 83' lang='lat' dir='ltr'><strong>vult</strong></span> <span class='ocrx_word' id='word_1_570' title='bbox 609 5157 940 5214; x_wconf 83' lang='lat' dir='ltr'><strong>sanctiﬁcat?</strong></span> <span class='ocrx_word' id='word_1_571' title='bbox 984 5157 1110 5215; x_wconf 85' lang='lat' dir='ltr'><strong>Ideo</strong></span> <span class='ocrx_word' id='word_1_572' title='bbox 1155 5157 1333 5214; x_wconf 78' lang='lat' dir='ltr'><strong>autem</strong></span> <span class='ocrx_word' id='word_1_573' title='bbox 1364 5158 1530 5230; x_wconf 80' lang='lat' dir='ltr'><strong>dixit_,</strong></span> <span class='ocrx_word' id='word_1_574' title='bbox 1569 5157 1664 5212; x_wconf 85' lang='lat' dir='ltr'><strong>Ubi</strong></span> <span class='ocrx_word' id='word_1_575' title='bbox 1714 5161 1818 5212; x_wconf 87' lang='lat' dir='ltr'><strong>vult</strong></span> <span class='ocrx_word' id='word_1_576' title='bbox 1860 5157 2052 5230; x_wconf 76' lang='lat' dir='ltr'><strong>spirat;</strong></span> 
     </span>
    </p>
   </div>
   <div class='ocr_carea' id='block_1_70' title="bbox 468 5227 2052 5300">
    <p class='ocr_par' dir='ltr' id='par_1_70' title="bbox 468 5227 2052 5300">
     <span class='ocr_line' id='line_1_73' title="bbox 468 5227 2052 5300; baseline 0 -16"><span class='ocrx_word' id='word_1_577' title='bbox 468 5231 594 5300; x_wconf 85' lang='lat' dir='ltr'><strong>quia</strong></span> <span class='ocrx_word' id='word_1_578' title='bbox 619 5230 794 5286; x_wconf 83' lang='lat' dir='ltr'><strong>omnis</strong></span> <span class='ocrx_word' id='word_1_579' title='bbox 815 5241 1056 5286; x_wconf 87' lang='lat' dir='ltr'><strong>creatura</strong></span> <span class='ocrx_word' id='word_1_580' title='bbox 1097 5232 1338 5298; x_wconf 84' lang='lat' dir='ltr'><strong>quamvis</strong></span> <span class='ocrx_word' id='word_1_581' title='bbox 1363 5227 1638 5300; x_wconf 72' lang='lat' dir='ltr'><strong>sub7Li-ge</strong></span> <span class='ocrx_word' id='word_1_582' title='bbox 1674 5227 1895 5298; x_wconf 61' lang='lat' dir='ltr'><strong>agatur,</strong></span> <span class='ocrx_word' id='word_1_583' title='bbox 1925 5246 2052 5298; x_wconf 90' lang='lat' dir='ltr'><strong>pro-</strong></span> 
     </span>
    </p>
   </div>
   <div class='ocr_carea' id='block_1_71' title="bbox 467 5297 2054 5370">
    <p class='ocr_par' dir='ltr' id='par_1_71' title="bbox 467 5297 2054 5370">
     <span class='ocr_line' id='line_1_74' title="bbox 467 5297 2054 5370; baseline -0.002 -14"><span class='ocrx_word' id='word_1_584' title='bbox 467 5297 590 5370; x_wconf 74' lang='lat' dir='ltr'><strong>prio</strong></span> <span class='ocrx_word' id='word_1_585' title='bbox 615 5310 789 5356; x_wconf 86' lang='lat' dir='ltr'><strong>tamen</strong></span> <span class='ocrx_word' id='word_1_586' title='bbox 817 5300 1034 5355; x_wconf 89' lang='lat' dir='ltr'><strong>dimissa</strong></span> <span class='ocrx_word' id='word_1_587' title='bbox 1057 5297 1142 5356; x_wconf 87' lang='lat' dir='ltr'><strong>est</strong></span> <span class='ocrx_word' id='word_1_588' title='bbox 1166 5301 1402 5354; x_wconf 85' lang='lat' dir='ltr'><strong>arbitrio.</strong></span> <span class='ocrx_word' id='word_1_589' title='bbox 1431 5297 1488 5355; x_wconf 89' lang='lat' dir='ltr'><strong>Si</strong></span> <span class='ocrx_word' id='word_1_590' title='bbox 1519 5301 1636 5368; x_wconf 87' lang='lat' dir='ltr'><strong>quis</strong></span> <span class='ocrx_word' id='word_1_591' title='bbox 1656 5297 1857 5370; x_wconf 83' lang='lat' dir='ltr'><strong>autem</strong></span> <span class='ocrx_word' id='word_1_592' title='bbox 1901 5297 2054 5370; x_wconf 84' lang='lat' dir='ltr'><strong>spiri-</strong></span> 
     </span>
    </p>
   </div>
   <div class='ocr_carea' id='block_1_72' title="bbox 472 5369 2052 5440">
    <p class='ocr_par' dir='ltr' id='par_1_72' title="bbox 472 5369 2052 5440">
     <span class='ocr_line' id='line_1_75' title="bbox 472 5369 2052 5440; baseline -0.001 -14"><span class='ocrx_word' id='word_1_593' title='bbox 472 5369 584 5426; x_wconf 81' lang='lat' dir='ltr'><strong>tum</strong></span> <span class='ocrx_word' id='word_1_594' title='bbox 631 5372 816 5438; x_wconf 88' lang='lat' dir='ltr'><strong>istum,</strong></span> <span class='ocrx_word' id='word_1_595' title='bbox 863 5371 1116 5440; x_wconf 87' lang='lat' dir='ltr'><strong>Spiritum</strong></span> <span class='ocrx_word' id='word_1_596' title='bbox 1169 5380 1414 5424; x_wconf 88' lang='lat' dir='ltr'><strong>sanctum</strong></span> <span class='ocrx_word' id='word_1_597' title='bbox 1467 5377 1614 5439; x_wconf 88' lang='lat' dir='ltr'><strong>putat</strong></span> <span class='ocrx_word' id='word_1_598' title='bbox 1651 5369 1900 5439; x_wconf 76' lang='lat' dir='ltr'><strong>intelligi,</strong></span> <span class='ocrx_word' id='word_1_599' title='bbox 1937 5369 2052 5426; x_wconf 85' lang='lat' dir='ltr'><strong>non</strong></span> 
     </span>
    </p>
   </div>
   <div class='ocr_carea' id='block_1_73' title="bbox 469 5440 2055 5512">
    <p class='ocr_par' dir='ltr' id='par_1_73' title="bbox 469 5440 2055 5512">
     <span class='ocr_line' id='line_1_76' title="bbox 469 5440 2055 5512; baseline -0.001 -16"><span class='ocrx_word' id='word_1_600' title='bbox 469 5451 574 5496; x_wconf 85' lang='lat' dir='ltr'><strong>stat</strong></span> <span class='ocrx_word' id='word_1_601' title='bbox 601 5459 618 5494; x_wconf 85' lang='lat'><strong>:</strong></span> <span class='ocrx_word' id='word_1_602' title='bbox 649 5443 841 5512; x_wconf 72' lang='lat' dir='ltr'><strong>quippe</strong></span> <span class='ocrx_word' id='word_1_603' title='bbox 866 5457 986 5496; x_wconf 85' lang='lat' dir='ltr'><strong>cum</strong></span> <span class='ocrx_word' id='word_1_604' title='bbox 1015 5441 1246 5512; x_wconf 80' lang='lat' dir='ltr'><strong>exempli</strong></span> <span class='ocrx_word' id='word_1_605' title='bbox 1273 5455 1426 5494; x_wconf 74' lang='lat' dir='ltr'><strong>musa</strong></span> <span class='ocrx_word' id='word_1_606' title='bbox 1467 5440 1707 5510; x_wconf 76' lang='lat' dir='ltr'><strong>Spiritum</strong></span> <span class='ocrx_word' id='word_1_607' title='bbox 1760 5442 1916 5494; x_wconf 82' lang='lat' dir='ltr'><strong>istum</strong></span> <span class='ocrx_word' id='word_1_608' title='bbox 1963 5455 2055 5511; x_wconf 89' lang='lat' dir='ltr'><strong>po-</strong></span> 
     </span>
    </p>
   </div>
   <div class='ocr_carea' id='block_1_74' title="bbox 470 5511 2054 5582">
    <p class='ocr_par' dir='ltr' id='par_1_74' title="bbox 470 5511 2054 5582">
     <span class='ocr_line' id='line_1_77' title="bbox 470 5511 2054 5582; baseline -0.001 -16"><span class='ocrx_word' id='word_1_609' title='bbox 470 5511 676 5582; x_wconf 75' lang='lat' dir='ltr'><strong>suerit,</strong></span> <span class='ocrx_word' id='word_1_610' title='bbox 697 5527 792 5582; x_wconf 89' lang='lat' dir='ltr'><strong>per</strong></span> <span class='ocrx_word' id='word_1_611' title='bbox 817 5527 974 5579; x_wconf 88' lang='lat' dir='ltr'><strong>quem</strong></span> <span class='ocrx_word' id='word_1_612' title='bbox 1019 5511 1158 5578; x_wconf 87' lang='lat' dir='ltr'><strong>quod</strong></span> <span class='ocrx_word' id='word_1_613' title='bbox 1195 5511 1403 5564; x_wconf 76' lang='lat' dir='ltr'><strong>dixerat</strong></span> <span class='ocrx_word' id='word_1_614' title='bbox 1433 5512 1758 5582; x_wconf 73' lang='lat' dir='ltr'><strong>renascipcr</strong></span> <span class='ocrx_word' id='word_1_615' title='bbox 1784 5527 1972 5579; x_wconf 87' lang='lat' dir='ltr'><strong>aquam</strong></span> <span class='ocrx_word' id='word_1_616' title='bbox 2003 5521 2054 5566; x_wconf 90' lang='lat' dir='ltr'><strong>et</strong></span> 
     </span>
    </p>
   </div>
   <div class='ocr_carea' id='block_1_75' title="bbox 469 5581 2053 5652">
    <p class='ocr_par' dir='ltr' id='par_1_75' title="bbox 469 5581 2053 5652">
     <span class='ocr_line' id='line_1_78' title="bbox 469 5581 2053 5652; baseline 0 -16"><span class='ocrx_word' id='word_1_617' title='bbox 469 5581 726 5651; x_wconf 86' lang='lat' dir='ltr'><strong>Spiritum</strong></span> <span class='ocrx_word' id='word_1_618' title='bbox 753 5583 1016 5638; x_wconf 85' lang='lat' dir='ltr'><strong>hominem</strong></span> <span class='ocrx_word' id='word_1_619' title='bbox 1047 5592 1292 5652; x_wconf 83' lang='lat' dir='ltr'><strong>oportere</strong></span> <span class='ocrx_word' id='word_1_620' title='bbox 1317 5623 1332 5648; x_wconf 89' lang='lat'><strong>,</strong></span> <span class='ocrx_word' id='word_1_621' title='bbox 1361 5589 1414 5636; x_wconf 89' lang='lat' dir='ltr'><strong>et</strong></span> <span class='ocrx_word' id='word_1_622' title='bbox 1439 5596 1468 5634; x_wconf 89' lang='lat' dir='ltr'><strong>a</strong></span> <span class='ocrx_word' id='word_1_623' title='bbox 1497 5581 1784 5636; x_wconf 79' lang='lat' dir='ltr'><strong>Nicodeiuo</strong></span> <span class='ocrx_word' id='word_1_624' title='bbox 1810 5596 1914 5636; x_wconf 90' lang='lat' dir='ltr'><strong>non</strong></span> <span class='ocrx_word' id='word_1_625' title='bbox 1936 5597 2053 5636; x_wconf 86' lang='lat' dir='ltr'><strong>crc-</strong></span> 
     </span>
    </p>
   </div>
   <div class='ocr_carea' id='block_1_76' title="bbox 536 5713 2052 5777">
    <p class='ocr_par' dir='ltr' id='par_1_76' title="bbox 536 5713 2052 5777">
     <span class='ocr_line' id='line_1_79' title="bbox 536 5713 2052 5777; baseline 0.001 -16"><span class='ocrx_word' id='word_1_626' title='bbox 536 5715 608 5777; x_wconf 81' lang='lat' dir='ltr'><strong>(a)</strong></span> <span class='ocrx_word' id='word_1_627' title='bbox 629 5715 837 5771; x_wconf 58' lang='lat' dir='ltr'><strong>Quaestio</strong></span> <span class='ocrx_word' id='word_1_628' title='bbox 863 5713 1032 5762; x_wconf 84' lang='lat' dir='ltr'><strong>eadem</strong></span> <span class='ocrx_word' id='word_1_629' title='bbox 1068 5727 1130 5777; x_wconf 79' lang='lat' dir='ltr'><strong>ex</strong></span> <span class='ocrx_word' id='word_1_630' title='bbox 1169 5721 1274 5762; x_wconf 83' lang='lat' dir='ltr'><strong>Mss.</strong></span> <span class='ocrx_word' id='word_1_631' title='bbox 1311 5713 1508 5762; x_wconf 83' lang='lat' dir='ltr'><strong>secundi</strong></span> <span class='ocrx_word' id='word_1_632' title='bbox 1549 5713 1763 5777; x_wconf 80' lang='lat' dir='ltr'><strong>generis,</strong></span> <span class='ocrx_word' id='word_1_633' title='bbox 1801 5713 1926 5762; x_wconf 84' lang='lat' dir='ltr'><strong>inter</strong></span> <span class='ocrx_word' id='word_1_634' title='bbox 1951 5721 2052 5774; x_wconf 64' lang='lat' dir='ltr'><strong>post</strong></span> 
     </span>
    </p>
   </div>
   <div class='ocr_carea' id='block_1_77' title="bbox 471 5775 1458 5836">
    <p class='ocr_par' dir='ltr' id='par_1_77' title="bbox 471 5775 1458 5836">
     <span class='ocr_line' id='line_1_80' title="bbox 471 5775 1458 5836; baseline 0.002 -12"><span class='ocrx_word' id='word_1_635' title='bbox 471 5775 689 5836; x_wconf 72' lang='lat' dir='ltr'><strong>vulgatus</strong></span> <span class='ocrx_word' id='word_1_636' title='bbox 713 5789 771 5822; x_wconf 82' lang='lat' dir='ltr'><strong>ex</strong></span> <span class='ocrx_word' id='word_1_637' title='bbox 799 5783 925 5824; x_wconf 69' lang='lat' dir='ltr'><strong>Novo</strong></span> <span class='ocrx_word' id='word_1_638' title='bbox 947 5781 1075 5824; x_wconf 86' lang='lat' dir='ltr'><strong>&#39;rest.</strong></span> <span class='ocrx_word' id='word_1_639' title='bbox 1104 5775 1288 5824; x_wconf 74' lang='lat' dir='ltr'><strong>decima</strong></span> <span class='ocrx_word' id='word_1_640' title='bbox 1312 5783 1458 5826; x_wconf 76' lang='lat' dir='ltr'><strong>sexta.</strong></span> 
     </span>
    </p>
   </div>
   <div class='ocr_carea' id='block_1_78' title="bbox 1445 335 2748 409">
    <p class='ocr_par' dir='ltr' id='par_1_78' title="bbox 1445 335 2748 409">
     <span class='ocr_line' id='line_1_81' title="bbox 1445 335 2748 409; baseline 0.003 -19"><span class='ocrx_word' id='word_1_641' title='bbox 1445 343 1530 409; x_wconf 64' lang='grc' dir='ltr'><strong>ριζ</strong></span> <span class='ocrx_word' id='word_1_642' title='bbox 1545 340 1892 398; x_wconf 63' lang='grc' dir='ltr'><strong>ᾸὶὸΤΙΟΝΕδ</strong></span> <span class='ocrx_word' id='word_1_643' title='bbox 1930 339 2020 394; x_wconf 75' lang='lat' dir='ltr'><strong>EX</strong></span> <span class='ocrx_word' id='word_1_644' title='bbox 2059 340 2242 396; x_wconf 74' lang='grc' dir='ltr'><strong>Νυνο</strong></span> <span class='ocrx_word' id='word_1_645' title='bbox 2283 335 2748 396; x_wconf 60' lang='grc' dir='ltr'><strong>ΤΙΞΒΤᾹΒΗιΝΤι).</strong></span> 
     </span>
    </p>
   </div>
   <div class='ocr_carea' id='block_1_79' title="bbox 3621 347 3754 406">
    <p class='ocr_par' dir='ltr' id='par_1_79' title="bbox 3621 347 3754 406">
     <span class='ocr_line' id='line_1_82' title="bbox 3621 347 3754 406; baseline 0.053 -7"><span class='ocrx_word' id='word_1_646' title='bbox 3621 347 3754 406; x_wconf 69' lang='grc' dir='ltr'><strong>2¹Ξῑ&gt;ῦ</strong></span> 
     </span>
    </p>
   </div>
   <div class='ocr_carea' id='block_1_80' title="bbox 2173 453 3750 528">
    <p class='ocr_par' dir='ltr' id='par_1_80' title="bbox 2173 453 3750 528">
     <span class='ocr_line' id='line_1_83' title="bbox 2173 453 3750 528; baseline 0.004 -20"><span class='ocrx_word' id='word_1_647' title='bbox 2173 453 2411 528; x_wconf 67' lang='lat' dir='ltr'><strong>dabatur,</strong></span> <span class='ocrx_word' id='word_1_648' title='bbox 2440 455 2704 528; x_wconf 67' lang='lat' dir='ltr'><strong>suade-ret.</strong></span> <span class='ocrx_word' id='word_1_649' title='bbox 2735 453 2865 508; x_wconf 84' lang='lat' dir='ltr'><strong>Nam</strong></span> <span class='ocrx_word' id='word_1_650' title='bbox 2899 463 3074 528; x_wconf 78' lang='lat' dir='ltr'><strong>utique</strong></span> <span class='ocrx_word' id='word_1_651' title='bbox 3113 455 3250 528; x_wconf 81' lang='lat' dir='ltr'><strong>aliud</strong></span> <span class='ocrx_word' id='word_1_652' title='bbox 3294 465 3376 510; x_wconf 90' lang='lat' dir='ltr'><strong>est</strong></span> <span class='ocrx_word' id='word_1_653' title='bbox 3411 459 3750 528; x_wconf 84' lang='lat' dir='ltr'><strong>exeinpium,</strong></span> 
     </span>
    </p>
   </div>
   <div class='ocr_carea' id='block_1_81' title="bbox 2170 523 3752 600">
    <p class='ocr_par' dir='ltr' id='par_1_81' title="bbox 2170 523 3752 600">
     <span class='ocr_line' id='line_1_84' title="bbox 2170 523 3752 600; baseline 0.006 -24"><span class='ocrx_word' id='word_1_654' title='bbox 2170 533 2223 600; x_wconf 78' lang='lat' dir='ltr'><strong>et</strong></span> <span class='ocrx_word' id='word_1_655' title='bbox 2247 523 2384 578; x_wconf 86' lang='lat' dir='ltr'><strong>aliud</strong></span> <span class='ocrx_word' id='word_1_656' title='bbox 2413 525 2549 592; x_wconf 90' lang='lat' dir='ltr'><strong>quod</strong></span> <span class='ocrx_word' id='word_1_657' title='bbox 2587 523 3112 600; x_wconf 71' lang='lat' dir='ltr'><strong>ﬁrmaturexemplo.</strong></span> <span class='ocrx_word' id='word_1_658' title='bbox 3141 525 3193 581; x_wconf 85' lang='lat' dir='ltr'><strong>Si</strong></span> <span class='ocrx_word' id='word_1_659' title='bbox 3218 541 3344 597; x_wconf 85' lang='lat' dir='ltr'><strong>ergo</strong></span> <span class='ocrx_word' id='word_1_660' title='bbox 3369 528 3418 580; x_wconf 90' lang='lat' dir='ltr'><strong>in</strong></span> <span class='ocrx_word' id='word_1_661' title='bbox 3447 523 3752 600; x_wconf 77' lang='lat' dir='ltr'><strong>exemplum</strong></span> 
     </span>
    </p>
   </div>
   <div class='ocr_carea' id='block_1_82' title="bbox 2170 593 3752 671">
    <p class='ocr_par' dir='ltr' id='par_1_82' title="bbox 2170 593 3752 671">
     <span class='ocr_line' id='line_1_85' title="bbox 2170 593 3752 671; baseline 0.006 -25"><span class='ocrx_word' id='word_1_662' title='bbox 2170 593 2326 671; x_wconf 73' lang='lat' dir='ltr'><strong>datus</strong></span> <span class='ocrx_word' id='word_1_663' title='bbox 2357 603 2438 648; x_wconf 89' lang='lat' dir='ltr'><strong>est</strong></span> <span class='ocrx_word' id='word_1_664' title='bbox 2465 636 2477 658; x_wconf 91' lang='lat'><strong>,</strong></span> <span class='ocrx_word' id='word_1_665' title='bbox 2510 611 2612 648; x_wconf 86' lang='lat' dir='ltr'><strong>non</strong></span> <span class='ocrx_word' id='word_1_666' title='bbox 2638 605 2719 671; x_wconf 90' lang='lat' dir='ltr'><strong>e_s_t</strong></span> <span class='ocrx_word' id='word_1_667' title='bbox 2747 593 3259 671; x_wconf 49' lang='lat' dir='ltr'><strong>_Spiritus_&#39;sanctu_s,</strong></span> <span class='ocrx_word' id='word_1_668' title='bbox 3284 593 3624 671; x_wconf 57' lang='lat' dir='ltr'><strong>&#39;mundauus&#39;</strong></span> <span class='ocrx_word' id='word_1_669' title='bbox 3662 603 3752 671; x_wconf 91' lang='lat' dir='ltr'><strong>qui</strong></span> 
     </span>
    </p>
   </div>
   <div class='ocr_carea' id='block_1_83' title="bbox 2171 661 3752 737">
    <p class='ocr_par' dir='ltr' id='par_1_83' title="bbox 2171 661 3752 737">
     <span class='ocr_line' id='line_1_86' title="bbox 2171 661 3752 737; baseline 0.006 -20"><span class='ocrx_word' id='word_1_670' title='bbox 2171 661 2363 737; x_wconf 66' lang='lat' dir='ltr'><strong>diciiiir</strong></span> <span class='ocrx_word' id='word_1_671' title='bbox 2409 674 2614 718; x_wconf 77' lang='lat' dir='ltr'><strong>ventus.</strong></span> <span class='ocrx_word' id='word_1_672' title='bbox 2667 661 2860 737; x_wconf 82' lang='lat' dir='ltr'><strong>7Volciis</strong></span> <span class='ocrx_word' id='word_1_673' title='bbox 2889 736 2894 737; x_wconf 79' lang='lat'><strong>7</strong></span> <span class='ocrx_word' id='word_1_674' title='bbox 2923 666 3064 737; x_wconf 85' lang='lat' dir='ltr'><strong>enim</strong></span> <span class='ocrx_word' id='word_1_675' title='bbox 3113 668 3370 721; x_wconf 88' lang='lat' dir='ltr'><strong>rationein</strong></span> <span class='ocrx_word' id='word_1_676' title='bbox 3421 661 3752 737; x_wconf 83' lang='lat' dir='ltr'><strong>spiritualém</strong></span> 
     </span>
    </p>
   </div>
   <div class='ocr_carea' id='block_1_84' title="bbox 2167 734 3752 810">
    <p class='ocr_par' dir='ltr' id='par_1_84' title="bbox 2167 734 3752 810">
     <span class='ocr_line' id='line_1_87' title="bbox 2167 734 3752 810; baseline 0.006 -24"><span class='ocrx_word' id='word_1_677' title='bbox 2167 734 2394 810; x_wconf 72' lang='lat' dir='ltr'><strong>suadere</strong></span> <span class='ocrx_word' id='word_1_678' title='bbox 2421 751 2522 788; x_wconf 88' lang='lat' dir='ltr'><strong>non</strong></span> <span class='ocrx_word' id='word_1_679' title='bbox 2556 736 2792 810; x_wconf 80' lang='lat' dir='ltr'><strong>credenti</strong></span> <span class='ocrx_word' id='word_1_680' title='bbox 2839 735 3156 810; x_wconf 81' lang='lat' dir='ltr'><strong>Nicodemo,</strong></span> <span class='ocrx_word' id='word_1_681' title='bbox 3189 734 3488 810; x_wconf 80' lang='lat' dir='ltr'><strong>exemplum</strong></span> <span class='ocrx_word' id='word_1_682' title='bbox 3532 742 3752 810; x_wconf 79' lang='lat' dir='ltr'><strong>spiritus</strong></span> 
     </span>
    </p>
   </div>
   <div class='ocr_carea' id='block_1_85' title="bbox 2167 801 3752 878">
    <p class='ocr_par' dir='ltr' id='par_1_85' title="bbox 2167 801 3752 878">
     <span class='ocr_line' id='line_1_88' title="bbox 2167 801 3752 878; baseline 0.007 -22"><span class='ocrx_word' id='word_1_683' title='bbox 2167 801 2346 878; x_wconf 85' lang='lat' dir='ltr'><strong>dedit,</strong></span> <span class='ocrx_word' id='word_1_684' title='bbox 2377 814 2433 858; x_wconf 92' lang='lat' dir='ltr'><strong>ut</strong></span> <span class='ocrx_word' id='word_1_685' title='bbox 2467 821 2558 878; x_wconf 72' lang='lat' dir='ltr'><strong>per</strong></span> <span class='ocrx_word' id='word_1_686' title='bbox 2601 806 2770 878; x_wconf 88' lang='lat' dir='ltr'><strong>ipsum</strong></span> <span class='ocrx_word' id='word_1_687' title='bbox 2813 807 2946 860; x_wconf 82' lang='lat' dir='ltr'><strong>ratio</strong></span> <span class='ocrx_word' id='word_1_688' title='bbox 2972 815 3027 862; x_wconf 89' lang='lat' dir='ltr'><strong>et</strong></span> <span class='ocrx_word' id='word_1_689' title='bbox 3051 801 3286 876; x_wconf 88' lang='lat' dir='ltr'><strong>operatio</strong></span> <span class='ocrx_word' id='word_1_690' title='bbox 3316 801 3484 862; x_wconf 81' lang='lat' dir='ltr'><strong>sancti</strong></span> <span class='ocrx_word' id='word_1_691' title='bbox 3521 801 3752 878; x_wconf 73' lang='lat' dir='ltr'><strong>Spiritus</strong></span> 
     </span>
    </p>
   </div>
   <div class='ocr_carea' id='block_1_86' title="bbox 2166 874 3752 950">
    <p class='ocr_par' dir='ltr' id='par_1_86' title="bbox 2166 874 3752 950">
     <span class='ocr_line' id='line_1_89' title="bbox 2166 874 3752 950; baseline 0.006 -24"><span class='ocrx_word' id='word_1_692' title='bbox 2166 874 2491 950; x_wconf 81' lang='lat' dir='ltr'><strong>crederetur.</strong></span> <span class='ocrx_word' id='word_1_693' title='bbox 2527 875 2777 950; x_wconf 69' lang='lat' dir='ltr'><strong>Spiritus</strong></span> <span class='ocrx_word' id='word_1_694' title='bbox 2802 885 2974 950; x_wconf 82' lang='lat' dir='ltr'><strong>tamen</strong></span> <span class='ocrx_word' id='word_1_695' title='bbox 3029 874 3242 950; x_wconf 77' lang='lat' dir='ltr'><strong>sanctus</strong></span> <span class='ocrx_word' id='word_1_696' title='bbox 3284 879 3481 950; x_wconf 87' lang='lat' dir='ltr'><strong>scimus</strong></span> <span class='ocrx_word' id='word_1_697' title='bbox 3513 874 3637 950; x_wconf 81' lang='lat' dir='ltr'><strong>quia</strong></span> <span class='ocrx_word' id='word_1_698' title='bbox 3687 883 3752 936; x_wconf 91' lang='lat' dir='ltr'><strong>de</strong></span> 
     </span>
    </p>
   </div>
   <div class='ocr_carea' id='block_1_87' title="bbox 2165 943 3748 1014">
    <p class='ocr_par' dir='ltr' id='par_1_87' title="bbox 2165 943 3748 1014">
     <span class='ocr_line' id='line_1_90' title="bbox 2165 943 3748 1014; baseline 0.006 -19"><span class='ocrx_word' id='word_1_699' title='bbox 2165 944 2301 1014; x_wconf 76' lang='lat' dir='ltr'><strong>caelo</strong></span> <span class='ocrx_word' id='word_1_700' title='bbox 2327 943 2496 1009; x_wconf 83' lang='lat' dir='ltr'><strong>venit,</strong></span> <span class='ocrx_word' id='word_1_701' title='bbox 2527 943 2582 1000; x_wconf 84' lang='lat' dir='ltr'><strong>ut</strong></span> <span class='ocrx_word' id='word_1_702' title='bbox 2611 959 2669 1000; x_wconf 88' lang='lat' dir='ltr'><strong>se</strong></span> <span class='ocrx_word' id='word_1_703' title='bbox 2699 947 2936 1000; x_wconf 81' lang='lat' dir='ltr'><strong>infundat</strong></span> <span class='ocrx_word' id='word_1_704' title='bbox 2969 948 3304 1002; x_wconf 83' lang='lat' dir='ltr'><strong>credentibus</strong></span> <span class='ocrx_word' id='word_1_705' title='bbox 3329 990 3342 1014; x_wconf 91' lang='lat'><strong>,</strong></span> <span class='ocrx_word' id='word_1_706' title='bbox 3387 943 3748 1005; x_wconf 54' lang='lat' dir='ltr'><strong>sicut-factum</strong></span> 
     </span>
    </p>
   </div>
   <div class='ocr_carea' id='block_1_88' title="bbox 2170 1012 3746 1087">
    <p class='ocr_par' dir='ltr' id='par_1_88' title="bbox 2170 1012 3746 1087">
     <span class='ocr_line' id='line_1_91' title="bbox 2170 1012 3746 1087; baseline 0.006 -21"><span class='ocrx_word' id='word_1_707' title='bbox 2170 1012 2392 1087; x_wconf 80' lang='lat' dir='ltr'><strong>legimus</strong></span> <span class='ocrx_word' id='word_1_708' title='bbox 2431 1016 2568 1087; x_wconf 87' lang='lat' dir='ltr'><strong>inter</strong></span> <span class='ocrx_word' id='word_1_709' title='bbox 2595 1017 2739 1070; x_wconf 88' lang='lat' dir='ltr'><strong>initia</strong></span> <span class='ocrx_word' id='word_1_710' title='bbox 2767 1018 3064 1087; x_wconf 84' lang='lat' dir='ltr'><strong>Apostolis,</strong></span> <span class='ocrx_word' id='word_1_711' title='bbox 3103 1029 3156 1072; x_wconf 91' lang='lat' dir='ltr'><strong>et</strong></span> <span class='ocrx_word' id='word_1_712' title='bbox 3183 1012 3368 1070; x_wconf 87' lang='lat' dir='ltr'><strong>sonum</strong></span> <span class='ocrx_word' id='word_1_713' title='bbox 3399 1029 3522 1074; x_wconf 86' lang='lat' dir='ltr'><strong>tunc</strong></span> <span class='ocrx_word' id='word_1_714' title='bbox 3561 1037 3746 1076; x_wconf 89' lang='lat' dir='ltr'><strong>vocem</strong></span> 
     </span>
    </p>
   </div>
   <div class='ocr_carea' id='block_1_89' title="bbox 2163 1085 3750 1160">
    <p class='ocr_par' dir='ltr' id='par_1_89' title="bbox 2163 1085 3750 1160">
     <span class='ocr_line' id='line_1_92' title="bbox 2163 1085 3750 1160; baseline 0.007 -26"><span class='ocrx_word' id='word_1_715' title='bbox 2163 1085 2498 1160; x_wconf 76' lang='lat' dir='ltr'><strong>appellatum.</strong></span> <span class='ocrx_word' id='word_1_716' title='bbox 2539 1086 2612 1140; x_wconf 89' lang='lat' dir='ltr'><strong>lta</strong></span> <span class='ocrx_word' id='word_1_717' title='bbox 2643 1088 2783 1141; x_wconf 87' lang='lat' dir='ltr'><strong>enim</strong></span> <span class='ocrx_word' id='word_1_718' title='bbox 2813 1085 3012 1160; x_wconf 80' lang='lat' dir='ltr'><strong>dictum</strong></span> <span class='ocrx_word' id='word_1_719' title='bbox 3045 1099 3157 1154; x_wconf 89' lang='lat' dir='ltr'><strong>est,</strong></span> <span class='ocrx_word' id='word_1_720' title='bbox 3189 1087 3443 1160; x_wconf 70' lang='lat' dir='ltr'><strong>Etsnln&#39;to</strong></span> <span class='ocrx_word' id='word_1_721' title='bbox 3469 1095 3636 1160; x_wconf 79' lang='lat' dir='ltr'><strong>factus</strong></span> <span class='ocrx_word' id='word_1_722' title='bbox 3677 1103 3750 1146; x_wconf 88' lang='lat' dir='ltr'><strong>cst</strong></span> 
     </span>
    </p>
   </div>
   <div class='ocr_carea' id='block_1_90' title="bbox 2164 1154 3746 1226">
    <p class='ocr_par' dir='ltr' id='par_1_90' title="bbox 2164 1154 3746 1226">
     <span class='ocr_line' id='line_1_93' title="bbox 2164 1154 3746 1226; baseline 0.006 -21"><span class='ocrx_word' id='word_1_723' title='bbox 2164 1154 2226 1206; x_wconf 88' lang='lat' dir='ltr'><strong>de</strong></span> <span class='ocrx_word' id='word_1_724' title='bbox 2244 1155 2364 1208; x_wconf 64' lang='lat' dir='ltr'><strong>calo</strong></span> <span class='ocrx_word' id='word_1_725' title='bbox 2387 1171 2539 1210; x_wconf 86' lang='lat' dir='ltr'><strong>sonus</strong></span> <span class='ocrx_word' id='word_1_726' title='bbox 2561 1165 2796 1225; x_wconf 80' lang='lat' dir='ltr'><strong>tanquam</strong></span> <span class='ocrx_word' id='word_1_727' title='bbox 2821 1157 3127 1212; x_wconf 80' lang='lat' dir='ltr'><strong>advenientis</strong></span> <span class='ocrx_word' id='word_1_728' title='bbox 3149 1159 3356 1226; x_wconf 82' lang='lat' dir='ltr'><strong>spiritus</strong></span> <span class='ocrx_word' id='word_1_729' title='bbox 3381 1154 3558 1213; x_wconf 80' lang='lat' dir='ltr'><strong>validi.</strong></span> <span class='ocrx_word' id='word_1_730' title='bbox 3595 1163 3746 1215; x_wconf 90' lang='lat' dir='ltr'><strong>llunc</strong></span> 
     </span>
    </p>
   </div>
   <div class='ocr_carea' id='block_1_91' title="bbox 2162 1225 3744 1300">
    <p class='ocr_par' dir='ltr' id='par_1_91' title="bbox 2162 1225 3744 1300">
     <span class='ocr_line' id='line_1_94' title="bbox 2162 1225 3744 1300; baseline 0.006 -23"><span class='ocrx_word' id='word_1_731' title='bbox 2162 1239 2350 1300; x_wconf 85' lang='lat' dir='ltr'><strong>sonum</strong></span> <span class='ocrx_word' id='word_1_732' title='bbox 2403 1225 2452 1300; x_wconf 83' lang='lat' dir='ltr'><strong>in</strong></span> <span class='ocrx_word' id='word_1_733' title='bbox 2477 1227 2765 1300; x_wconf 87' lang='lat' dir='ltr'><strong>_subjeetis_</strong></span> <span class='ocrx_word' id='word_1_734' title='bbox 2797 1241 2979 1300; x_wconf 74' lang='lat' dir='ltr'><strong>vocem</strong></span> <span class='ocrx_word' id='word_1_735' title='bbox 3027 1229 3274 1296; x_wconf 83' lang='lat' dir='ltr'><strong>appellat.</strong></span> <span class='ocrx_word' id='word_1_736' title='bbox 3307 1230 3572 1300; x_wconf 80' lang='lat' dir='ltr'><strong>Exemplo</strong></span> <span class='ocrx_word' id='word_1_737' title='bbox 3599 1233 3744 1286; x_wconf 86' lang='lat' dir='ltr'><strong>enim</strong></span> 
     </span>
    </p>
   </div>
   <div class='ocr_carea' id='block_1_92' title="bbox 2161 1295 3738 1368">
    <p class='ocr_par' dir='ltr' id='par_1_92' title="bbox 2161 1295 3738 1368">
     <span class='ocr_line' id='line_1_95' title="bbox 2161 1295 3738 1368; baseline 0.004 -20"><span class='ocrx_word' id='word_1_738' title='bbox 2161 1295 2410 1368; x_wconf 73' lang='lat' dir='ltr'><strong>spiritus,</strong></span> <span class='ocrx_word' id='word_1_739' title='bbox 2441 1295 2599 1368; x_wconf 70' lang='lat' dir='ltr'><strong>idest</strong></span> <span class='ocrx_word' id='word_1_740' title='bbox 2629 1297 2794 1362; x_wconf 87' lang='lat' dir='ltr'><strong>venti,</strong></span> <span class='ocrx_word' id='word_1_741' title='bbox 2829 1295 3250 1365; x_wconf 77' lang='lat' dir='ltr'><strong>Spiritussancti</strong></span> <span class='ocrx_word' id='word_1_742' title='bbox 3283 1314 3440 1368; x_wconf 85' lang='lat' dir='ltr'><strong>Opera</strong></span> <span class='ocrx_word' id='word_1_743' title='bbox 3473 1295 3738 1366; x_wconf 81' lang='lat' dir='ltr'><strong>ostendit,</strong></span> 
     </span>
    </p>
   </div>
   <div class='ocr_carea' id='block_1_93' title="bbox 2163 1365 3744 1436">
    <p class='ocr_par' dir='ltr' id='par_1_93' title="bbox 2163 1365 3744 1436">
     <span class='ocr_line' id='line_1_96' title="bbox 2163 1365 3744 1436; baseline 0.006 -19"><span class='ocrx_word' id='word_1_744' title='bbox 2163 1373 2218 1417; x_wconf 86' lang='lat' dir='ltr'><strong>u&#39;t</strong></span> <span class='ocrx_word' id='word_1_745' title='bbox 2246 1365 2441 1418; x_wconf 87' lang='lat' dir='ltr'><strong>dictum</strong></span> <span class='ocrx_word' id='word_1_746' title='bbox 2492 1367 2778 1421; x_wconf 85' lang='lat' dir='ltr'><strong>Salvatoris</strong></span> <span class='ocrx_word' id='word_1_747' title='bbox 2815 1377 3074 1422; x_wconf 88' lang='lat' dir='ltr'><strong>maneret.</strong></span> <span class='ocrx_word' id='word_1_748' title='bbox 3115 1369 3248 1436; x_wconf 85' lang='lat' dir='ltr'><strong>Quid</strong></span> <span class='ocrx_word' id='word_1_749' title='bbox 3289 1365 3428 1424; x_wconf 79' lang='lat' dir='ltr'><strong>enim</strong></span> <span class='ocrx_word' id='word_1_750' title='bbox 3473 1371 3616 1425; x_wconf 88' lang='lat' dir='ltr'><strong>aliud</strong></span> <span class='ocrx_word' id='word_1_751' title='bbox 3663 1365 3744 1426; x_wconf 87' lang='lat' dir='ltr'><strong>est</strong></span> 
     </span>
    </p>
   </div>
   <div class='ocr_carea' id='block_1_94' title="bbox 2160 1435 3746 1508">
    <p class='ocr_par' dir='ltr' id='par_1_94' title="bbox 2160 1435 3746 1508">
     <span class='ocr_line' id='line_1_97' title="bbox 2160 1435 3746 1508; baseline 0.004 -20"><span class='ocrx_word' id='word_1_752' title='bbox 2160 1449 2279 1508; x_wconf 83' lang='lat' dir='ltr'><strong>cum</strong></span> <span class='ocrx_word' id='word_1_753' title='bbox 2315 1437 2472 1508; x_wconf 88' lang='lat' dir='ltr'><strong>dicit,</strong></span> <span class='ocrx_word' id='word_1_754' title='bbox 2494 1435 2568 1508; x_wconf 80' lang='lat' dir='ltr'><strong>Et</strong></span> <span class='ocrx_word' id='word_1_755' title='bbox 2597 1439 2760 1506; x_wconf 79' lang='lat' dir='ltr'><strong>fartus</strong></span> <span class='ocrx_word' id='word_1_756' title='bbox 2783 1448 2860 1508; x_wconf 81' lang='lat' dir='ltr'><strong>est</strong></span> <span class='ocrx_word' id='word_1_757' title='bbox 2881 1437 2944 1490; x_wconf 85' lang='lat' dir='ltr'><strong>de</strong></span> <span class='ocrx_word' id='word_1_758' title='bbox 2983 1437 3108 1490; x_wconf 69' lang='lat' dir='ltr'><strong>ras-lo</strong></span> <span class='ocrx_word' id='word_1_759' title='bbox 3135 1435 3288 1508; x_wconf 81' lang='lat' dir='ltr'><strong>sonus</strong></span> <span class='ocrx_word' id='word_1_760' title='bbox 3329 1451 3566 1508; x_wconf 73' lang='lat' dir='ltr'><strong>tanquam</strong></span> <span class='ocrx_word' id='word_1_761' title='bbox 3595 1443 3746 1494; x_wconf 84' lang='lat' dir='ltr'><strong>adve-</strong></span> 
     </span>
    </p>
   </div>
   <div class='ocr_carea' id='block_1_95' title="bbox 2159 1505 3740 1578">
    <p class='ocr_par' dir='ltr' id='par_1_95' title="bbox 2159 1505 3740 1578">
     <span class='ocr_line' id='line_1_98' title="bbox 2159 1505 3740 1578; baseline 0.006 -22"><span class='ocrx_word' id='word_1_762' title='bbox 2159 1505 2338 1560; x_wconf 85' lang='lat' dir='ltr'><strong>nientis</strong></span> <span class='ocrx_word' id='word_1_763' title='bbox 2361 1505 2763 1578; x_wconf 77' lang='lat' dir='ltr'><strong>spiritusvalidi</strong></span> <span class='ocrx_word' id='word_1_764' title='bbox 2780 1509 2804 1560; x_wconf 68' lang='grc' dir='ltr'><strong><em>Ρ</em></strong></span> <span class='ocrx_word' id='word_1_765' title='bbox 2839 1507 2928 1562; x_wconf 88' lang='lat' dir='ltr'><strong>Sic</strong></span> <span class='ocrx_word' id='word_1_766' title='bbox 2957 1511 3136 1578; x_wconf 87' lang='lat' dir='ltr'><strong>utique</strong></span> <span class='ocrx_word' id='word_1_767' title='bbox 3165 1507 3298 1562; x_wconf 82' lang='lat' dir='ltr'><strong>dixit</strong></span> <span class='ocrx_word' id='word_1_768' title='bbox 3317 1505 3578 1576; x_wconf 83' lang='lat' dir='ltr'><strong>Spiritum</strong></span> <span class='ocrx_word' id='word_1_769' title='bbox 3611 1527 3740 1564; x_wconf 88' lang='lat' dir='ltr'><strong>san-</strong></span> 
     </span>
    </p>
   </div>
   <div class='ocr_carea' id='block_1_96' title="bbox 2157 1577 3740 1635">
    <p class='ocr_par' dir='ltr' id='par_1_96' title="bbox 2157 1577 3740 1635">
     <span class='ocr_line' id='line_1_99' title="bbox 2157 1577 3740 1635; baseline 0.004 -7"><span class='ocrx_word' id='word_1_770' title='bbox 2157 1583 2298 1628; x_wconf 89' lang='lat' dir='ltr'><strong>ctum</strong></span> <span class='ocrx_word' id='word_1_771' title='bbox 2342 1577 2679 1632; x_wconf 88' lang='lat' dir='ltr'><strong>descendisse</strong></span> <span class='ocrx_word' id='word_1_772' title='bbox 2722 1585 2776 1631; x_wconf 89' lang='lat' dir='ltr'><strong>et</strong></span> <span class='ocrx_word' id='word_1_773' title='bbox 2818 1577 3060 1632; x_wconf 85' lang='lat' dir='ltr'><strong>sonuisse</strong></span> <span class='ocrx_word' id='word_1_774' title='bbox 3103 1580 3234 1634; x_wconf 89' lang='lat' dir='ltr'><strong>sicut</strong></span> <span class='ocrx_word' id='word_1_775' title='bbox 3283 1589 3470 1633; x_wconf 89' lang='lat' dir='ltr'><strong>ventus</strong></span> <span class='ocrx_word' id='word_1_776' title='bbox 3514 1583 3740 1635; x_wconf 89' lang='lat' dir='ltr'><strong>validus.</strong></span> 
     </span>
    </p>
   </div>
   <div class='ocr_carea' id='block_1_97' title="bbox 2159 1645 3735 1720">
    <p class='ocr_par' dir='ltr' id='par_1_97' title="bbox 2159 1645 3735 1720">
     <span class='ocr_line' id='line_1_100' title="bbox 2159 1645 3735 1720; baseline 0.003 -22"><span class='ocrx_word' id='word_1_777' title='bbox 2159 1645 2308 1720; x_wconf 64' lang='lat' dir='ltr'><strong>lianc</strong></span> <span class='ocrx_word' id='word_1_778' title='bbox 2337 1663 2462 1716; x_wconf 88' lang='lat' dir='ltr'><strong>ergo</strong></span> <span class='ocrx_word' id='word_1_779' title='bbox 2488 1649 2730 1720; x_wconf 87' lang='lat' dir='ltr'><strong>spiritum</strong></span> <span class='ocrx_word' id='word_1_780' title='bbox 2761 1647 2826 1702; x_wconf 90' lang='lat' dir='ltr'><strong>ad</strong></span> <span class='ocrx_word' id='word_1_781' title='bbox 2850 1650 3154 1720; x_wconf 80' lang='lat' dir='ltr'><strong>exemplum</strong></span> <span class='ocrx_word' id='word_1_782' title='bbox 3185 1649 3349 1720; x_wconf 76' lang='lat' dir='ltr'><strong>dedit.</strong></span> <span class='ocrx_word' id='word_1_783' title='bbox 3385 1651 3622 1720; x_wconf 82' lang='lat' dir='ltr'><strong>Denique</strong></span> <span class='ocrx_word' id='word_1_784' title='bbox 3643 1654 3735 1714; x_wconf 83' lang='lat' dir='ltr'><strong>ait,</strong></span> 
     </span>
    </p>
   </div>
   <div class='ocr_carea' id='block_1_98' title="bbox 2160 1715 3742 1790">
    <p class='ocr_par' dir='ltr' id='par_1_98' title="bbox 2160 1715 3742 1790">
     <span class='ocr_line' id='line_1_101' title="bbox 2160 1715 3742 1790; baseline 0.003 -21"><span class='ocrx_word' id='word_1_785' title='bbox 2160 1715 2248 1769; x_wconf 87' lang='lat' dir='ltr'><strong>Sic</strong></span> <span class='ocrx_word' id='word_1_786' title='bbox 2268 1727 2340 1770; x_wconf 83' lang='lat' dir='ltr'><strong>est</strong></span> <span class='ocrx_word' id='word_1_787' title='bbox 2352 1715 2531 1790; x_wconf 67' lang='lat' dir='ltr'><strong>omnis</strong></span> <span class='ocrx_word' id='word_1_788' title='bbox 2551 1719 2635 1790; x_wconf 86' lang='lat' dir='ltr'><strong>qui</strong></span> <span class='ocrx_word' id='word_1_789' title='bbox 2663 1719 2957 1772; x_wconf 81' lang='lat' dir='ltr'><strong>renascitur.</strong></span> <span class='ocrx_word' id='word_1_790' title='bbox 2995 1715 3066 1790; x_wconf 75' lang='lat' dir='ltr'><strong>Et</strong></span> <span class='ocrx_word' id='word_1_791' title='bbox 3087 1719 3170 1772; x_wconf 90' lang='lat' dir='ltr'><strong>liie</strong></span> <span class='ocrx_word' id='word_1_792' title='bbox 3201 1719 3338 1773; x_wconf 89' lang='lat' dir='ltr'><strong>unde</strong></span> <span class='ocrx_word' id='word_1_793' title='bbox 3367 1715 3550 1775; x_wconf 72' lang='lat' dir='ltr'><strong>veniat</strong></span> <span class='ocrx_word' id='word_1_794' title='bbox 3569 1723 3742 1776; x_wconf 84' lang='lat' dir='ltr'><strong>nesci-</strong></span> 
     </span>
    </p>
   </div>
   <div class='ocr_carea' id='block_1_99' title="bbox 2157 1787 3452 1856">
    <p class='ocr_par' dir='ltr' id='par_1_99' title="bbox 2157 1787 3452 1856">
     <span class='ocr_line' id='line_1_102' title="bbox 2157 1787 3452 1856; baseline 0.005 -18"><span class='ocrx_word' id='word_1_795' title='bbox 2157 1801 2275 1840; x_wconf 90' lang='lat' dir='ltr'><strong>mus</strong></span> <span class='ocrx_word' id='word_1_796' title='bbox 2304 1805 2316 1838; x_wconf 88' lang='lat'><strong><em>:</em></strong></span> <span class='ocrx_word' id='word_1_797' title='bbox 2347 1787 2571 1856; x_wconf 80' lang='lat' dir='ltr'><strong>Spiritus</strong></span> <span class='ocrx_word' id='word_1_798' title='bbox 2598 1797 2772 1842; x_wconf 89' lang='lat' dir='ltr'><strong>autem</strong></span> <span class='ocrx_word' id='word_1_799' title='bbox 2799 1797 3011 1842; x_wconf 80' lang='lat' dir='ltr'><strong>sanctus</strong></span> <span class='ocrx_word' id='word_1_800' title='bbox 3037 1789 3104 1842; x_wconf 86' lang='lat' dir='ltr'><strong>de</strong></span> <span class='ocrx_word' id='word_1_801' title='bbox 3131 1791 3265 1842; x_wconf 71' lang='lat' dir='ltr'><strong>cmlo</strong></span> <span class='ocrx_word' id='word_1_802' title='bbox 3292 1791 3452 1844; x_wconf 86' lang='lat' dir='ltr'><strong>venit.</strong></span> 
     </span>
    </p>
   </div>
   <div class='ocr_carea' id='block_1_100' title="bbox 2228 1857 3744 1930">
    <p class='ocr_par' dir='ltr' id='par_1_100' title="bbox 2228 1857 3744 1930">
     <span class='ocr_line' id='line_1_103' title="bbox 2228 1857 3744 1930; baseline 0.004 -20"><span class='ocrx_word' id='word_1_803' title='bbox 2228 1857 2367 1930; x_wconf 21' lang='lat' dir='ltr'><strong>LX.»</strong></span> <span class='ocrx_word' id='word_1_804' title='bbox 2403 1891 2417 1930; x_wconf 88' lang='lat'><em>-7</em></span> <span class='ocrx_word' id='word_1_805' title='bbox 2442 1857 2496 1914; x_wconf 90' lang='lat' dir='ltr'><strong>Si</strong></span> <span class='ocrx_word' id='word_1_806' title='bbox 2529 1859 2613 1912; x_wconf 87' lang='lat' dir='ltr'><strong>lex</strong></span> <span class='ocrx_word' id='word_1_807' title='bbox 2640 1868 2691 1930; x_wconf 78' lang='lat' dir='ltr'><strong>et</strong></span> <span class='ocrx_word' id='word_1_808' title='bbox 2715 1859 2992 1930; x_wconf 70' lang='lat' dir='ltr'><strong>Propheta:</strong></span> <span class='ocrx_word' id='word_1_809' title='bbox 3013 1873 3178 1928; x_wconf 90' lang='lat' dir='ltr'><strong>usque</strong></span> <span class='ocrx_word' id='word_1_810' title='bbox 3205 1861 3268 1913; x_wconf 88' lang='lat' dir='ltr'><strong>ad</strong></span> <span class='ocrx_word' id='word_1_811' title='bbox 3299 1861 3579 1924; x_wconf 85' lang='lat' dir='ltr'><strong>Joannem,</strong></span> <span class='ocrx_word' id='word_1_812' title='bbox 3611 1875 3744 1930; x_wconf 88' lang='lat' dir='ltr'><strong>quo-</strong></span> 
     </span>
    </p>
   </div>
   <div class='ocr_carea' id='block_1_101' title="bbox 2157 1927 3742 1998">
    <p class='ocr_par' dir='ltr' id='par_1_101' title="bbox 2157 1927 3742 1998">
     <span class='ocr_line' id='line_1_104' title="bbox 2157 1927 3742 1998; baseline 0.004 -18"><span class='ocrx_word' id='word_1_813' title='bbox 2157 1927 2315 1982; x_wconf 89' lang='lat' dir='ltr'><strong>modo</strong></span> <span class='ocrx_word' id='word_1_814' title='bbox 2335 1927 2575 1983; x_wconf 84' lang='lat' dir='ltr'><strong>Salvator</strong></span> <span class='ocrx_word' id='word_1_815' title='bbox 2593 1929 2656 1982; x_wconf 91' lang='lat' dir='ltr'><strong>ad</strong></span> <span class='ocrx_word' id='word_1_816' title='bbox 2685 1927 2986 1998; x_wconf 84' lang='lat' dir='ltr'><strong>sacerdotes</strong></span> <span class='ocrx_word' id='word_1_817' title='bbox 3010 1927 3168 1983; x_wconf 85' lang='lat' dir='ltr'><strong>mittit</strong></span> <span class='ocrx_word' id='word_1_818' title='bbox 3189 1931 3364 1984; x_wconf 80' lang='lat' dir='ltr'><strong>offerri</strong></span> <span class='ocrx_word' id='word_1_819' title='bbox 3395 1947 3615 1986; x_wconf 88' lang='lat' dir='ltr'><strong>munera</strong></span> <span class='ocrx_word' id='word_1_820' title='bbox 3632 1927 3742 1998; x_wconf 82' lang='lat' dir='ltr'><strong>pro</strong></span> 
     </span>
    </p>
   </div>
   <div class='ocr_carea' id='block_1_102' title="bbox 2154 1997 3737 2140">
    <p class='ocr_par' dir='ltr' id='par_1_102' title="bbox 2154 1997 3737 2140">
     <span class='ocr_line' id='line_1_105' title="bbox 2156 1997 3737 2072; baseline 0.004 -22"><span class='ocrx_word' id='word_1_821' title='bbox 2156 1998 2530 2054; x_wconf 89' lang='lat' dir='ltr'><strong>emundatione</strong></span> <span class='ocrx_word' id='word_1_822' title='bbox 2573 1999 2731 2069; x_wconf 64' lang='lat' dir='ltr'><strong>lepra:</strong></span> <span class='ocrx_word' id='word_1_823' title='bbox 2775 1997 2983 2072; x_wconf 79' lang='lat' dir='ltr'><strong>(Matth.</strong></span> <span class='ocrx_word' id='word_1_824' title='bbox 3031 2015 3152 2064; x_wconf 87' lang='lat' dir='ltr'><strong>vni,</strong></span> <span class='ocrx_word' id='word_1_825' title='bbox 3207 2002 3272 2066; x_wconf 68' lang='lat'><strong>4;</strong></span> <span class='ocrx_word' id='word_1_826' title='bbox 3323 2001 3484 2054; x_wconf 79' lang='lat' dir='ltr'><strong>Marc.</strong></span> <span class='ocrx_word' id='word_1_827' title='bbox 3531 2019 3580 2066; x_wconf 88' lang='lat' dir='ltr'><strong>I,</strong></span> <span class='ocrx_word' id='word_1_828' title='bbox 3635 1997 3737 2068; x_wconf 60' lang='lat' dir='ltr'><strong>4i;</strong></span> 
     </span>
     <span class='ocr_line' id='line_1_106' title="bbox 2154 2066 3263 2140; baseline 0.007 -21"><span class='ocrx_word' id='word_1_829' title='bbox 2154 2066 2278 2140; x_wconf 61' lang='lat' dir='ltr'><strong>Luc.</strong></span> <span class='ocrx_word' id='word_1_830' title='bbox 2309 2085 2359 2134; x_wconf 74' lang='grc' dir='ltr'><strong>γ,</strong></span> <span class='ocrx_word' id='word_1_831' title='bbox 2395 2069 2518 2140; x_wconf 79' lang='lat' dir='ltr'><strong>M)?</strong></span> <span class='ocrx_word' id='word_1_832' title='bbox 2754 2139 2760 2140; x_wconf 85' lang='lat'><strong>7</strong></span> <span class='ocrx_word' id='word_1_833' title='bbox 2804 2139 2809 2140; x_wconf 79' lang='lat'><strong>7</strong></span> <span class='ocrx_word' id='word_1_834' title='bbox 3260 2139 3263 2140; x_wconf 66' lang='lat'><strong>7</strong></span> 
     </span>
    </p>
   </div>
   <div class='ocr_carea' id='block_1_103' title="bbox 2201 2085 2510 2134">
    <p class='ocr_par' dir='ltr' id='par_1_103' title="bbox 2201 2085 2510 2134">
     <span class='ocr_line' id='line_1_107' title="bbox 2201 2085 2510 2134; baseline 0.01 -15"><span class='ocrx_word' id='word_1_835' title='bbox 2201 2085 2278 2120; x_wconf 81' lang='lat' dir='ltr'><strong>ac.</strong></span> <span class='ocrx_word' id='word_1_836' title='bbox 2309 2085 2359 2134; x_wconf 88' lang='lat' dir='ltr'><strong>v,</strong></span> <span class='ocrx_word' id='word_1_837' title='bbox 2395 2085 2510 2134; x_wconf 64' lang='grc' dir='ltr'>ΜΠ</span> 
     </span>
    </p>
   </div>
   <div class='ocr_carea' id='block_1_104' title="bbox 2229 2138 3738 2262">
    <p class='ocr_par' dir='ltr' id='par_1_104' title="bbox 2229 2138 3738 2262">
     <span class='ocr_line' id='line_1_108' title="bbox 2229 2138 3738 2262; baseline 0.002 -71"><span class='ocrx_word' id='word_1_838' title='bbox 2229 2138 2338 2192; x_wconf 86' lang='lat' dir='ltr'><strong>Hoc</strong></span> <span class='ocrx_word' id='word_1_839' title='bbox 2367 2138 2576 2262; x_wconf 67' lang='lat' dir='ltr'><strong>quidem</strong></span> <span class='ocrx_word' id='word_1_840' title='bbox 2609 2154 2712 2193; x_wconf 91' lang='lat' dir='ltr'><strong>non</strong></span> <span class='ocrx_word' id='word_1_841' title='bbox 2743 2139 2838 2193; x_wconf 81' lang='lat' dir='ltr'><strong>fuit</strong></span> <span class='ocrx_word' id='word_1_842' title='bbox 2869 2141 3148 2209; x_wconf 90' lang='lat' dir='ltr'><strong>temporis,</strong></span> <span class='ocrx_word' id='word_1_843' title='bbox 3175 2139 3268 2196; x_wconf 89' lang='lat' dir='ltr'><strong>sed</strong></span> <span class='ocrx_word' id='word_1_844' title='bbox 3309 2141 3374 2196; x_wconf 90' lang='lat' dir='ltr'><strong>ad</strong></span> <span class='ocrx_word' id='word_1_845' title='bbox 3401 2143 3738 2198; x_wconf 77' lang='lat' dir='ltr'><strong>condemna-</strong></span> 
     </span>
     <span class='ocr_line' id='line_1_109' title="bbox 2232 2209 3736 2262; baseline 0 0"><span class='ocrx_word' id='word_1_846' title='bbox 2232 2225 2350 2262; x_wconf 77' lang='lat' dir='ltr'><strong>Ilelll</strong></span> <span class='ocrx_word' id='word_1_847' title='bbox 2403 2219 2574 2262; x_wconf 89' lang='lat' dir='ltr'><strong>actum</strong></span> <span class='ocrx_word' id='word_1_848' title='bbox 2603 2220 2685 2262; x_wconf 74' lang='lat' dir='ltr'><strong>CSl</strong></span> <span class='ocrx_word' id='word_1_849' title='bbox 2711 2209 3012 2262; x_wconf 72' lang='lat' dir='ltr'><strong>Judmorum</strong></span> <span class='ocrx_word' id='word_1_850' title='bbox 3047 2228 3060 2262; x_wconf 72' lang='grc' dir='ltr'><strong>ε</strong></span> <span class='ocrx_word' id='word_1_851' title='bbox 3091 2221 3148 2262; x_wconf 72' lang='lat' dir='ltr'><strong>lli.</strong></span> <span class='ocrx_word' id='word_1_852' title='bbox 3187 2227 3306 2262; x_wconf 88' lang='lat' dir='ltr'><strong>cum</strong></span> <span class='ocrx_word' id='word_1_853' title='bbox 3333 2213 3574 2262; x_wconf 85' lang='lat' dir='ltr'><strong>veritatis</strong></span> <span class='ocrx_word' id='word_1_854' title='bbox 3621 2215 3736 2262; x_wconf 81' lang='lat' dir='ltr'><strong>Clll-</strong></span> 
     </span>
    </p>
   </div>
   <div class='ocr_carea' id='block_1_105' title="bbox 2155 2207 3736 2267">
    <p class='ocr_par' dir='ltr' id='par_1_105' title="bbox 2155 2207 3736 2267">
     <span class='ocr_line' id='line_1_110' title="bbox 2155 2207 3736 2267; baseline 0.004 -7"><span class='ocrx_word' id='word_1_855' title='bbox 2155 2207 2350 2263; x_wconf 90' lang='lat' dir='ltr'><strong>tionein</strong></span> <span class='ocrx_word' id='word_1_856' title='bbox 2381 2207 2574 2264; x_wconf 81' lang='lat' dir='ltr'><strong>factum</strong></span> <span class='ocrx_word' id='word_1_857' title='bbox 2603 2220 2685 2264; x_wconf 88' lang='lat' dir='ltr'><strong>est</strong></span> <span class='ocrx_word' id='word_1_858' title='bbox 2711 2207 3012 2264; x_wconf 70' lang='lat' dir='ltr'><strong>Judiuorum</strong></span> <span class='ocrx_word' id='word_1_859' title='bbox 3047 2228 3060 2263; x_wconf 89' lang='lat'><strong>:</strong></span> <span class='ocrx_word' id='word_1_860' title='bbox 3091 2221 3148 2264; x_wconf 92' lang='lat' dir='ltr'><strong>ut</strong></span> <span class='ocrx_word' id='word_1_861' title='bbox 3187 2227 3306 2266; x_wconf 90' lang='lat' dir='ltr'><strong>cuin</strong></span> <span class='ocrx_word' id='word_1_862' title='bbox 3333 2213 3574 2266; x_wconf 83' lang='lat' dir='ltr'><strong>veritatis</strong></span> <span class='ocrx_word' id='word_1_863' title='bbox 3621 2215 3736 2267; x_wconf 87' lang='lat' dir='ltr'><strong>cul-</strong></span> 
     </span>
    </p>
   </div>
   <div class='ocr_carea' id='block_1_106' title="bbox 2155 2280 3738 2351">
    <p class='ocr_par' dir='ltr' id='par_1_106' title="bbox 2155 2280 3738 2351">
     <span class='ocr_line' id='line_1_111' title="bbox 2155 2280 3738 2351; baseline 0.004 -19"><span class='ocrx_word' id='word_1_864' title='bbox 2155 2280 2562 2351; x_wconf 82' lang='lat' dir='ltr'><strong>nieiimeliorati</strong></span> <span class='ocrx_word' id='word_1_865' title='bbox 2595 2281 2860 2351; x_wconf 85' lang='lat' dir='ltr'><strong>temporis</strong></span> <span class='ocrx_word' id='word_1_866' title='bbox 2886 2297 2992 2334; x_wconf 88' lang='lat' dir='ltr'><strong>non</strong></span> <span class='ocrx_word' id='word_1_867' title='bbox 3038 2281 3388 2351; x_wconf 84' lang='lat' dir='ltr'><strong>intelligerent</strong></span> <span class='ocrx_word' id='word_1_868' title='bbox 3429 2283 3494 2334; x_wconf 88' lang='lat' dir='ltr'><strong>ad</strong></span> <span class='ocrx_word' id='word_1_869' title='bbox 3535 2285 3738 2338; x_wconf 88' lang='lat' dir='ltr'><strong>lucrum</strong></span> 
     </span>
    </p>
   </div>
   <div class='ocr_carea' id='block_1_107' title="bbox 2153 2349 3740 2414">
    <p class='ocr_par' dir='ltr' id='par_1_107' title="bbox 2153 2349 3740 2414">
     <span class='ocr_line' id='line_1_112' title="bbox 2153 2349 3740 2414; baseline 0.003 -12"><span class='ocrx_word' id='word_1_870' title='bbox 2153 2349 2338 2403; x_wconf 92' lang='lat' dir='ltr'><strong>salutis</strong></span> <span class='ocrx_word' id='word_1_871' title='bbox 2365 2365 2472 2404; x_wconf 71' lang='lat' dir='ltr'><strong>sua:</strong></span> <span class='ocrx_word' id='word_1_872' title='bbox 2503 2349 2694 2404; x_wconf 81' lang='lat' dir='ltr'><strong>factum</strong></span> <span class='ocrx_word' id='word_1_873' title='bbox 2710 2349 2734 2414; x_wconf 55' lang='grc'><strong>⁷,</strong></span> <span class='ocrx_word' id='word_1_874' title='bbox 2767 2349 3043 2404; x_wconf 81' lang='lat' dir='ltr'><strong>inclinaret</strong></span> <span class='ocrx_word' id='word_1_875' title='bbox 3085 2366 3142 2404; x_wconf 90' lang='lat' dir='ltr'><strong>se</strong></span> <span class='ocrx_word' id='word_1_876' title='bbox 3167 2349 3360 2406; x_wconf 78' lang='lat' dir='ltr'><strong>veritas</strong></span> <span class='ocrx_word' id='word_1_877' title='bbox 3408 2353 3472 2404; x_wconf 88' lang='lat' dir='ltr'><strong>ad</strong></span> <span class='ocrx_word' id='word_1_878' title='bbox 3517 2369 3740 2407; x_wconf 88' lang='lat' dir='ltr'><strong>accusa-</strong></span> 
     </span>
    </p>
   </div>
   <div class='ocr_carea' id='block_1_108' title="bbox 2155 2420 3740 2490">
    <p class='ocr_par' dir='ltr' id='par_1_108' title="bbox 2155 2420 3740 2490">
     <span class='ocr_line' id='line_1_113' title="bbox 2155 2420 3740 2490; baseline 0.004 -19"><span class='ocrx_word' id='word_1_879' title='bbox 2155 2420 2349 2490; x_wconf 89' lang='lat' dir='ltr'><strong>tionem</strong></span> <span class='ocrx_word' id='word_1_880' title='bbox 2371 2435 2574 2474; x_wconf 89' lang='lat' dir='ltr'><strong>eoruin.</strong></span> <span class='ocrx_word' id='word_1_881' title='bbox 2601 2421 2733 2474; x_wconf 82' lang='lat' dir='ltr'><strong>Cum</strong></span> <span class='ocrx_word' id='word_1_882' title='bbox 2763 2422 2901 2474; x_wconf 87' lang='lat' dir='ltr'><strong>enim</strong></span> <span class='ocrx_word' id='word_1_883' title='bbox 2929 2422 3070 2475; x_wconf 87' lang='lat' dir='ltr'><strong>velut</strong></span> <span class='ocrx_word' id='word_1_884' title='bbox 3097 2421 3252 2490; x_wconf 71' lang='lat' dir='ltr'><strong>Logis</strong></span> <span class='ocrx_word' id='word_1_885' title='bbox 3277 2423 3552 2476; x_wconf 86' lang='lat' dir='ltr'><strong>inimicum</strong></span> <span class='ocrx_word' id='word_1_886' title='bbox 3577 2424 3740 2477; x_wconf 85' lang='lat' dir='ltr'><strong>liabe-</strong></span> 
     </span>
    </p>
   </div>
   <div class='ocr_carea' id='block_1_109' title="bbox 2153 2489 3741 2558">
    <p class='ocr_par' dir='ltr' id='par_1_109' title="bbox 2153 2489 3741 2558">
     <span class='ocr_line' id='line_1_114' title="bbox 2153 2489 3741 2558; baseline 0.004 -18"><span class='ocrx_word' id='word_1_887' title='bbox 2153 2498 2272 2558; x_wconf 88' lang='lat' dir='ltr'><strong>rent</strong></span> <span class='ocrx_word' id='word_1_888' title='bbox 2309 2489 2633 2544; x_wconf 86' lang='lat' dir='ltr'><strong>Salvatorem</strong></span> <span class='ocrx_word' id='word_1_889' title='bbox 2657 2533 2671 2554; x_wconf 93' lang='lat'><strong>,</strong></span> <span class='ocrx_word' id='word_1_890' title='bbox 2724 2491 2844 2558; x_wconf 87' lang='lat' dir='ltr'><strong>quia</strong></span> <span class='ocrx_word' id='word_1_891' title='bbox 2885 2489 3260 2545; x_wconf 65' lang='lat' dir='ltr'><strong>misericordia:</strong></span> <span class='ocrx_word' id='word_1_892' title='bbox 3299 2507 3456 2546; x_wconf 86' lang='lat' dir='ltr'><strong>causa</strong></span> <span class='ocrx_word' id='word_1_893' title='bbox 3487 2495 3554 2545; x_wconf 88' lang='lat' dir='ltr'><strong>ab</strong></span> <span class='ocrx_word' id='word_1_894' title='bbox 3579 2509 3741 2546; x_wconf 85' lang='lat' dir='ltr'><strong>onere</strong></span> 
     </span>
    </p>
   </div>
   <div class='ocr_carea' id='block_1_110' title="bbox 2152 2557 3738 2631">
    <p class='ocr_par' dir='ltr' id='par_1_110' title="bbox 2152 2557 3738 2631">
     <span class='ocr_line' id='line_1_115' title="bbox 2152 2557 3738 2631; baseline 0.004 -18"><span class='ocrx_word' id='word_1_895' title='bbox 2152 2557 2273 2631; x_wconf 75' lang='lat' dir='ltr'><strong>illos</strong></span> <span class='ocrx_word' id='word_1_896' title='bbox 2301 2560 2458 2631; x_wconf 81' lang='lat' dir='ltr'><strong>Legis</strong></span> <span class='ocrx_word' id='word_1_897' title='bbox 2483 2561 2688 2616; x_wconf 85' lang='lat' dir='ltr'><strong>volebat</strong></span> <span class='ocrx_word' id='word_1_898' title='bbox 2719 2557 2971 2623; x_wconf 86' lang='lat' dir='ltr'><strong>liberare,</strong></span> <span class='ocrx_word' id='word_1_899' title='bbox 3021 2563 3154 2615; x_wconf 89' lang='lat' dir='ltr'><strong>sicut</strong></span> <span class='ocrx_word' id='word_1_900' title='bbox 3181 2563 3492 2631; x_wconf 74' lang='lat' dir='ltr'><strong>pncdicluin</strong></span> <span class='ocrx_word' id='word_1_901' title='bbox 3525 2574 3642 2616; x_wconf 86' lang='lat' dir='ltr'><strong>erat</strong></span> <span class='ocrx_word' id='word_1_902' title='bbox 3673 2566 3738 2620; x_wconf 86' lang='lat' dir='ltr'><strong>ab</strong></span> 
     </span>
    </p>
   </div>
   <div class='ocr_carea' id='block_1_111' title="bbox 2151 2627 3740 2700">
    <p class='ocr_par' dir='ltr' id='par_1_111' title="bbox 2151 2627 3740 2700">
     <span class='ocr_line' id='line_1_116' title="bbox 2151 2627 3740 2700; baseline 0.003 -18"><span class='ocrx_word' id='word_1_903' title='bbox 2151 2627 2401 2700; x_wconf 51' lang='lat' dir='ltr'><strong>Jereinia&#39;</strong></span> <span class='ocrx_word' id='word_1_904' title='bbox 2423 2631 2674 2700; x_wconf 89' lang='lat' dir='ltr'><strong>propheta</strong></span> <span class='ocrx_word' id='word_1_905' title='bbox 2705 2649 2716 2684; x_wconf 90' lang='lat'><strong>:</strong></span> <span class='ocrx_word' id='word_1_906' title='bbox 2745 2631 2818 2684; x_wconf 88' lang='lat' dir='ltr'><strong>ait</strong></span> <span class='ocrx_word' id='word_1_907' title='bbox 2837 2631 2976 2684; x_wconf 87' lang='lat' dir='ltr'><strong>enim</strong></span> <span class='ocrx_word' id='word_1_908' title='bbox 3011 2631 3146 2686; x_wconf 89' lang='lat' dir='ltr'><strong>inter</strong></span> <span class='ocrx_word' id='word_1_909' title='bbox 3176 2627 3366 2687; x_wconf 77' lang='lat' dir='ltr'><strong>ca&#39;tera</strong></span> <span class='ocrx_word' id='word_1_910' title='bbox 3388 2675 3401 2698; x_wconf 97' lang='lat'><strong>,</strong></span> <span class='ocrx_word' id='word_1_911' title='bbox 3437 2633 3500 2685; x_wconf 81' lang='lat' dir='ltr'><strong>Et</strong></span> <span class='ocrx_word' id='word_1_912' title='bbox 3521 2634 3654 2686; x_wconf 81' lang='lat' dir='ltr'><strong>dabo</strong></span> <span class='ocrx_word' id='word_1_913' title='bbox 3675 2637 3740 2686; x_wconf 81' lang='lat' dir='ltr'><strong>it-</strong></span> 
     </span>
    </p>
   </div>
   <div class='ocr_carea' id='block_1_112' title="bbox 2153 2699 3744 2773">
    <p class='ocr_par' dir='ltr' id='par_1_112' title="bbox 2153 2699 3744 2773">
     <span class='ocr_line' id='line_1_117' title="bbox 2153 2699 3744 2773; baseline 0.003 -21"><span class='ocrx_word' id='word_1_914' title='bbox 2153 2699 2216 2773; x_wconf 70' lang='lat' dir='ltr'><strong>lis</strong></span> <span class='ocrx_word' id='word_1_915' title='bbox 2257 2699 2602 2755; x_wconf 73' lang='lat' dir='ltr'><strong>testamentum</strong></span> <span class='ocrx_word' id='word_1_916' title='bbox 2627 2717 2808 2773; x_wconf 70' lang='lat' dir='ltr'><strong>novant</strong></span> <span class='ocrx_word' id='word_1_917' title='bbox 2825 2741 2840 2768; x_wconf 88' lang='lat'><strong>,</strong></span> <span class='ocrx_word' id='word_1_918' title='bbox 2865 2717 2963 2754; x_wconf 88' lang='lat' dir='ltr'><strong>non</strong></span> <span class='ocrx_word' id='word_1_919' title='bbox 2989 2703 3137 2773; x_wconf 84' lang='lat' dir='ltr'><strong>quale</strong></span> <span class='ocrx_word' id='word_1_920' title='bbox 3161 2703 3278 2756; x_wconf 79' lang='lat' dir='ltr'><strong>dedi</strong></span> <span class='ocrx_word' id='word_1_921' title='bbox 3315 2704 3540 2773; x_wconf 79' lang='lat' dir='ltr'><strong>patribus</strong></span> <span class='ocrx_word' id='word_1_922' title='bbox 3569 2721 3744 2756; x_wconf 78' lang='lat' dir='ltr'><strong>eorum</strong></span> 
     </span>
    </p>
   </div>
   <div class='ocr_carea' id='block_1_113' title="bbox 2159 2767 3739 2842">
    <p class='ocr_par' dir='ltr' id='par_1_113' title="bbox 2159 2767 3739 2842">
     <span class='ocr_line' id='line_1_118' title="bbox 2159 2767 3739 2842; baseline 0.003 -20"><span class='ocrx_word' id='word_1_923' title='bbox 2159 2767 2369 2842; x_wconf 78' lang='lat' dir='ltr'><strong>(Jerem.</strong></span> <span class='ocrx_word' id='word_1_924' title='bbox 2399 2787 2558 2836; x_wconf 86' lang='lat' dir='ltr'><strong>xxxi,</strong></span> <span class='ocrx_word' id='word_1_925' title='bbox 2585 2773 2682 2832; x_wconf 82' lang='grc'><strong>51,</strong></span> <span class='ocrx_word' id='word_1_926' title='bbox 2724 2771 2812 2840; x_wconf 70' lang='grc'><strong>52)</strong></span> <span class='ocrx_word' id='word_1_927' title='bbox 2851 2789 2862 2824; x_wconf 89' lang='lat'>:</span> <span class='ocrx_word' id='word_1_928' title='bbox 2898 2767 3023 2826; x_wconf 82' lang='lat' dir='ltr'><strong>tunc</strong></span> <span class='ocrx_word' id='word_1_929' title='bbox 3059 2767 3323 2839; x_wconf 74' lang='lat' dir='ltr'><strong>Salvator,</strong></span> <span class='ocrx_word' id='word_1_930' title='bbox 3351 2789 3418 2828; x_wconf 90' lang='lat' dir='ltr'><strong>ne</strong></span> <span class='ocrx_word' id='word_1_931' title='bbox 3458 2774 3739 2837; x_wconf 86' lang='lat' dir='ltr'><strong>inimicus,</strong></span> 
     </span>
    </p>
   </div>
   <div class='ocr_carea' id='block_1_114' title="bbox 2152 2843 3740 2914">
    <p class='ocr_par' dir='ltr' id='par_1_114' title="bbox 2152 2843 3740 2914">
     <span class='ocr_line' id='line_1_119' title="bbox 2152 2843 3740 2914; baseline 0.003 -21"><span class='ocrx_word' id='word_1_932' title='bbox 2152 2843 2566 2914; x_wconf 80' lang='lat' dir='ltr'><strong>sicutputabant</strong></span> <span class='ocrx_word' id='word_1_933' title='bbox 2587 2881 2601 2906; x_wconf 91' lang='lat'><strong>,</strong></span> <span class='ocrx_word' id='word_1_934' title='bbox 2633 2851 2946 2914; x_wconf 86' lang='lat' dir='ltr'><strong>appareret,</strong></span> <span class='ocrx_word' id='word_1_935' title='bbox 2979 2857 3112 2914; x_wconf 85' lang='lat' dir='ltr'><strong>nova</strong></span> <span class='ocrx_word' id='word_1_936' title='bbox 3141 2844 3466 2912; x_wconf 73' lang='lat' dir='ltr'><strong>pricdicans,</strong></span> <span class='ocrx_word' id='word_1_937' title='bbox 3499 2859 3624 2898; x_wconf 88' lang='lat' dir='ltr'><strong>eum</strong></span> <span class='ocrx_word' id='word_1_938' title='bbox 3649 2846 3740 2914; x_wconf 88' lang='lat' dir='ltr'><strong>qui</strong></span> 
     </span>
    </p>
   </div>
   <div class='ocr_carea' id='block_1_115' title="bbox 2153 2911 3738 2978">
    <p class='ocr_par' dir='ltr' id='par_1_115' title="bbox 2153 2911 3738 2978">
     <span class='ocr_line' id='line_1_120' title="bbox 2153 2911 3738 2978; baseline 0.005 -16"><span class='ocrx_word' id='word_1_939' title='bbox 2153 2911 2436 2965; x_wconf 90' lang='lat' dir='ltr'><strong>mundatus</strong></span> <span class='ocrx_word' id='word_1_940' title='bbox 2463 2912 2630 2966; x_wconf 80' lang='lat' dir='ltr'><strong>fuerat</strong></span> <span class='ocrx_word' id='word_1_941' title='bbox 2658 2929 2684 2964; x_wconf 88' lang='lat' dir='ltr'><strong>a</strong></span> <span class='ocrx_word' id='word_1_942' title='bbox 2721 2913 2865 2978; x_wconf 88' lang='lat' dir='ltr'><strong>lepra</strong></span> <span class='ocrx_word' id='word_1_943' title='bbox 2886 2953 2900 2976; x_wconf 90' lang='lat'><strong>,</strong></span> <span class='ocrx_word' id='word_1_944' title='bbox 2931 2913 2996 2966; x_wconf 92' lang='lat' dir='ltr'><strong>ad</strong></span> <span class='ocrx_word' id='word_1_945' title='bbox 3025 2911 3328 2968; x_wconf 83' lang='lat' dir='ltr'><strong>sacerdotes</strong></span> <span class='ocrx_word' id='word_1_946' title='bbox 3369 2915 3512 2969; x_wconf 88' lang='lat' dir='ltr'><strong>misit</strong></span> <span class='ocrx_word' id='word_1_947' title='bbox 3541 2911 3738 2970; x_wconf 64' lang='lat' dir='ltr'><strong>alterm</strong></span> 
     </span>
    </p>
   </div>
   <div class='ocr_carea' id='block_1_116' title="bbox 2153 2980 3740 3055">
    <p class='ocr_par' dir='ltr' id='par_1_116' title="bbox 2153 2980 3740 3055">
     <span class='ocr_line' id='line_1_121' title="bbox 2153 2980 3740 3055; baseline 0.006 -24"><span class='ocrx_word' id='word_1_948' title='bbox 2153 2995 2369 3055; x_wconf 76' lang='lat' dir='ltr'><strong>munera</strong></span> <span class='ocrx_word' id='word_1_949' title='bbox 2393 2997 2488 3051; x_wconf 91' lang='lat' dir='ltr'><strong>pro</strong></span> <span class='ocrx_word' id='word_1_950' title='bbox 2505 2980 2880 3055; x_wconf 78' lang='lat' dir='ltr'><strong>emundatioue</strong></span> <span class='ocrx_word' id='word_1_951' title='bbox 2901 2997 3018 3048; x_wconf 88' lang='lat' dir='ltr'><strong>sua,</strong></span> <span class='ocrx_word' id='word_1_952' title='bbox 3038 2984 3170 3037; x_wconf 90' lang='lat' dir='ltr'><strong>sicut</strong></span> <span class='ocrx_word' id='word_1_953' title='bbox 3188 2995 3508 3054; x_wconf 71' lang='lat' dir='ltr'><strong>prmccperat</strong></span> <span class='ocrx_word' id='word_1_954' title='bbox 3529 2984 3740 3055; x_wconf 75' lang='lat' dir='ltr'><strong>Moyses</strong></span> 
     </span>
    </p>
   </div>
   <div class='ocr_carea' id='block_1_117' title="bbox 2157 3049 3740 3123">
    <p class='ocr_par' dir='ltr' id='par_1_117' title="bbox 2157 3049 3740 3123">
     <span class='ocr_line' id='line_1_122' title="bbox 2157 3049 3740 3123; baseline 0.003 -21"><span class='ocrx_word' id='word_1_955' title='bbox 2157 3049 2335 3120; x_wconf 75' lang='lat' dir='ltr'><strong>(Leuit.</strong></span> <span class='ocrx_word' id='word_1_956' title='bbox 2368 3049 2478 3118; x_wconf 73' lang='lat' dir='ltr'><strong>xiv,</strong></span> <span class='ocrx_word' id='word_1_957' title='bbox 2509 3053 2585 3122; x_wconf 77' lang='lat'><strong>‘2).</strong></span> <span class='ocrx_word' id='word_1_958' title='bbox 2619 3055 2764 3123; x_wconf 77' lang='lat' dir='ltr'><strong>Etut</strong></span> <span class='ocrx_word' id='word_1_959' title='bbox 2789 3053 2852 3106; x_wconf 89' lang='lat' dir='ltr'><strong>ad</strong></span> <span class='ocrx_word' id='word_1_960' title='bbox 2875 3049 3262 3108; x_wconf 78' lang='lat' dir='ltr'><strong>accusationem</strong></span> <span class='ocrx_word' id='word_1_961' title='bbox 3283 3049 3465 3109; x_wconf 74' lang='lat' dir='ltr'><strong>eorum</strong></span> <span class='ocrx_word' id='word_1_962' title='bbox 3495 3059 3596 3109; x_wconf 88' lang='lat' dir='ltr'><strong>hoc</strong></span> <span class='ocrx_word' id='word_1_963' title='bbox 3613 3049 3740 3123; x_wconf 74' lang='lat' dir='ltr'><strong>pro-</strong></span> 
     </span>
    </p>
   </div>
   <div class='ocr_carea' id='block_1_118' title="bbox 2153 3122 3740 3193">
    <p class='ocr_par' dir='ltr' id='par_1_118' title="bbox 2153 3122 3740 3193">
     <span class='ocr_line' id='line_1_123' title="bbox 2153 3122 3740 3193; baseline 0.003 -19"><span class='ocrx_word' id='word_1_964' title='bbox 2153 3123 2314 3193; x_wconf 82' lang='lat' dir='ltr'><strong>licerc</strong></span> <span class='ocrx_word' id='word_1_965' title='bbox 2339 3131 2652 3193; x_wconf 85' lang='lat' dir='ltr'><strong>testaretur,</strong></span> <span class='ocrx_word' id='word_1_966' title='bbox 2683 3122 2746 3176; x_wconf 83' lang='lat' dir='ltr'><strong>In</strong></span> <span class='ocrx_word' id='word_1_967' title='bbox 2773 3125 3134 3188; x_wconf 85' lang='lat' dir='ltr'><strong>testimonium,</strong></span> <span class='ocrx_word' id='word_1_968' title='bbox 3168 3125 3364 3193; x_wconf 88' lang='lat' dir='ltr'><strong>inquit,</strong></span> <span class='ocrx_word' id='word_1_969' title='bbox 3407 3125 3512 3178; x_wconf 82' lang='lat' dir='ltr'><strong>illis</strong></span> <span class='ocrx_word' id='word_1_970' title='bbox 3555 3142 3572 3179; x_wconf 92' lang='lat'><em>:</em></span> <span class='ocrx_word' id='word_1_971' title='bbox 3601 3122 3658 3179; x_wconf 88' lang='lat' dir='ltr'><strong>ut</strong></span> <span class='ocrx_word' id='word_1_972' title='bbox 3691 3127 3740 3180; x_wconf 83' lang='lat' dir='ltr'><strong>in</strong></span> 
     </span>
    </p>
   </div>
   <div class='ocr_carea' id='block_1_119' title="bbox 2147 3191 3740 3264">
    <p class='ocr_par' dir='ltr' id='par_1_119' title="bbox 2147 3191 3740 3264">
     <span class='ocr_line' id='line_1_124' title="bbox 2147 3191 3740 3264; baseline 0.003 -20"><span class='ocrx_word' id='word_1_973' title='bbox 2147 3191 2486 3264; x_wconf 80' lang='lat' dir='ltr'><strong>judiciolnee</strong></span> <span class='ocrx_word' id='word_1_974' title='bbox 2513 3209 2598 3247; x_wconf 88' lang='lat' dir='ltr'><strong>res</strong></span> <span class='ocrx_word' id='word_1_975' title='bbox 2627 3203 2809 3264; x_wconf 85' lang='lat' dir='ltr'><strong>contra</strong></span> <span class='ocrx_word' id='word_1_976' title='bbox 2852 3193 2971 3248; x_wconf 88' lang='lat' dir='ltr'><strong>illos</strong></span> <span class='ocrx_word' id='word_1_977' title='bbox 2994 3195 3143 3247; x_wconf 88' lang='lat' dir='ltr'><strong>testis</strong></span> <span class='ocrx_word' id='word_1_978' title='bbox 3171 3191 3342 3258; x_wconf 83' lang='lat' dir='ltr'><strong>esset,</strong></span> <span class='ocrx_word' id='word_1_979' title='bbox 3371 3195 3460 3264; x_wconf 89' lang='lat' dir='ltr'><strong>qui</strong></span> <span class='ocrx_word' id='word_1_980' title='bbox 3489 3195 3740 3250; x_wconf 82' lang='lat' dir='ltr'><strong>Salvato-</strong></span> 
     </span>
    </p>
   </div>
   <div class='ocr_carea' id='block_1_120' title="bbox 2153 3263 3744 3336">
    <p class='ocr_par' dir='ltr' id='par_1_120' title="bbox 2153 3263 3744 3336">
     <span class='ocr_line' id='line_1_125' title="bbox 2153 3263 3744 3336; baseline 0.001 -20"><span class='ocrx_word' id='word_1_981' title='bbox 2153 3277 2266 3336; x_wconf 86' lang='lat' dir='ltr'><strong>rem</strong></span> <span class='ocrx_word' id='word_1_982' title='bbox 2297 3263 2565 3336; x_wconf 79' lang='lat' dir='ltr'><strong>inimicum</strong></span> <span class='ocrx_word' id='word_1_983' title='bbox 2589 3263 2742 3332; x_wconf 80' lang='lat' dir='ltr'><strong>Legis</strong></span> <span class='ocrx_word' id='word_1_984' title='bbox 2764 3263 3028 3336; x_wconf 78' lang='lat' dir='ltr'><strong>dicebant.</strong></span> <span class='ocrx_word' id='word_1_985' title='bbox 3052 3263 3162 3336; x_wconf 77' lang='lat' dir='ltr'><strong>Hoc</strong></span> <span class='ocrx_word' id='word_1_986' title='bbox 3189 3263 3402 3319; x_wconf 89' lang='lat' dir='ltr'><strong>secutus</strong></span> <span class='ocrx_word' id='word_1_987' title='bbox 3428 3274 3512 3320; x_wconf 89' lang='lat' dir='ltr'><strong>est</strong></span> <span class='ocrx_word' id='word_1_988' title='bbox 3537 3275 3590 3320; x_wconf 89' lang='lat' dir='ltr'><strong>et</strong></span> <span class='ocrx_word' id='word_1_989' title='bbox 3615 3281 3744 3336; x_wconf 87' lang='lat' dir='ltr'><strong>apo-</strong></span> 
     </span>
    </p>
   </div>
   <div class='ocr_carea' id='block_1_121' title="bbox 2153 3333 3742 3404">
    <p class='ocr_par' dir='ltr' id='par_1_121' title="bbox 2153 3333 3742 3404">
     <span class='ocr_line' id='line_1_126' title="bbox 2153 3333 3742 3404; baseline 0.001 -18"><span class='ocrx_word' id='word_1_990' title='bbox 2153 3333 2318 3386; x_wconf 88' lang='lat' dir='ltr'><strong>stolus</strong></span> <span class='ocrx_word' id='word_1_991' title='bbox 2347 3333 2542 3387; x_wconf 87' lang='lat' dir='ltr'><strong>Paulus</strong></span> <span class='ocrx_word' id='word_1_992' title='bbox 2566 3352 2580 3404; x_wconf 83' lang='lat'><em>7:</em></span> <span class='ocrx_word' id='word_1_993' title='bbox 2612 3349 2730 3388; x_wconf 92' lang='lat' dir='ltr'><strong>cum</strong></span> <span class='ocrx_word' id='word_1_994' title='bbox 2760 3333 2900 3404; x_wconf 80' lang='lat' dir='ltr'><strong>enim</strong></span> <span class='ocrx_word' id='word_1_995' title='bbox 2928 3335 3240 3402; x_wconf 72' lang='lat' dir='ltr'><strong>prardicaret</strong></span> <span class='ocrx_word' id='word_1_996' title='bbox 3264 3337 3373 3404; x_wconf 88' lang='lat' dir='ltr'><strong>jam</strong></span> <span class='ocrx_word' id='word_1_997' title='bbox 3421 3351 3530 3389; x_wconf 85' lang='lat' dir='ltr'><strong>non</strong></span> <span class='ocrx_word' id='word_1_998' title='bbox 3579 3333 3742 3404; x_wconf 68' lang='lat' dir='ltr'><strong>opor-</strong></span> 
     </span>
    </p>
   </div>
   <div class='ocr_carea' id='block_1_122' title="bbox 2155 3403 3742 3478">
    <p class='ocr_par' dir='ltr' id='par_1_122' title="bbox 2155 3403 3742 3478">
     <span class='ocr_line' id='line_1_127' title="bbox 2155 3403 3742 3478; baseline 0.003 -23"><span class='ocrx_word' id='word_1_999' title='bbox 2155 3411 2265 3456; x_wconf 87' lang='lat' dir='ltr'><strong>tere</strong></span> <span class='ocrx_word' id='word_1_1000' title='bbox 2292 3403 2594 3478; x_wconf 77' lang='lat' dir='ltr'><strong>circumcidi</strong></span> <span class='ocrx_word' id='word_1_1001' title='bbox 2624 3447 2638 3470; x_wconf 94' lang='lat'><strong>,</strong></span> <span class='ocrx_word' id='word_1_1002' title='bbox 2671 3405 2782 3472; x_wconf 91' lang='lat' dir='ltr'><strong>ipse</strong></span> <span class='ocrx_word' id='word_1_1003' title='bbox 2808 3403 3153 3478; x_wconf 71' lang='lat' dir='ltr'><strong>Timotheum</strong></span> <span class='ocrx_word' id='word_1_1004' title='bbox 3163 3403 3502 3478; x_wconf 83' lang='lat' dir='ltr'><strong>7circumeidit</strong></span> <span class='ocrx_word' id='word_1_1005' title='bbox 3523 3403 3742 3478; x_wconf 76' lang='lat' dir='ltr'><strong>propter</strong></span> 
     </span>
    </p>
   </div>
   <div class='ocr_carea' id='block_1_123' title="bbox 2153 3473 3736 3545">
    <p class='ocr_par' dir='ltr' id='par_1_123' title="bbox 2153 3473 3736 3545">
     <span class='ocr_line' id='line_1_128' title="bbox 2153 3473 3736 3545; baseline 0.002 -19"><span class='ocrx_word' id='word_1_1006' title='bbox 2153 3473 2456 3545; x_wconf 77' lang='lat' dir='ltr'><strong>scandalum</strong></span> <span class='ocrx_word' id='word_1_1007' title='bbox 2479 3473 2577 3545; x_wconf 85' lang='lat' dir='ltr'><strong>Jud</strong></span> <span class='ocrx_word' id='word_1_1008' title='bbox 2599 3490 2780 3527; x_wconf 76' lang='lat' dir='ltr'><strong>eorum</strong></span> <span class='ocrx_word' id='word_1_1009' title='bbox 2813 3473 2944 3542; x_wconf 77' lang='lat' dir='ltr'><strong>(Act.</strong></span> <span class='ocrx_word' id='word_1_1010' title='bbox 2981 3489 3064 3527; x_wconf 71' lang='grc' dir='ltr'>χιί</span> <span class='ocrx_word' id='word_1_1011' title='bbox 3085 3514 3098 3536; x_wconf 89' lang='grc'><em>,</em></span> <span class='ocrx_word' id='word_1_1012' title='bbox 3126 3473 3180 3545; x_wconf 76' lang='grc'>5)</span> <span class='ocrx_word' id='word_1_1013' title='bbox 3209 3493 3220 3526; x_wconf 92' lang='lat'>:</span> <span class='ocrx_word' id='word_1_1014' title='bbox 3247 3477 3430 3530; x_wconf 85' lang='lat' dir='ltr'><strong>maluit</strong></span> <span class='ocrx_word' id='word_1_1015' title='bbox 3455 3473 3597 3530; x_wconf 85' lang='lat' dir='ltr'><strong>enim</strong></span> <span class='ocrx_word' id='word_1_1016' title='bbox 3623 3473 3736 3529; x_wconf 72' lang='lat' dir='ltr'><strong>rem</strong></span> 
     </span>
    </p>
   </div>
   <div class='ocr_carea' id='block_1_124' title="bbox 2154 3542 3743 3614">
    <p class='ocr_par' dir='ltr' id='par_1_124' title="bbox 2154 3542 3743 3614">
     <span class='ocr_line' id='line_1_129' title="bbox 2154 3542 3743 3614; baseline 0.003 -18"><span class='ocrx_word' id='word_1_1017' title='bbox 2154 3542 2475 3614; x_wconf 82' lang='lat' dir='ltr'><strong>superﬂuam</strong></span> <span class='ocrx_word' id='word_1_1018' title='bbox 2511 3544 2724 3609; x_wconf 83' lang='lat' dir='ltr'><strong>facere,</strong></span> <span class='ocrx_word' id='word_1_1019' title='bbox 2756 3559 2912 3614; x_wconf 90' lang='lat' dir='ltr'><strong>quam</strong></span> <span class='ocrx_word' id='word_1_1020' title='bbox 2961 3542 3240 3600; x_wconf 86' lang='lat' dir='ltr'><strong>tumultum</strong></span> <span class='ocrx_word' id='word_1_1021' title='bbox 3287 3547 3504 3599; x_wconf 87' lang='lat' dir='ltr'><strong>excitari</strong></span> <span class='ocrx_word' id='word_1_1022' title='bbox 3533 3561 3563 3599; x_wconf 73' lang='grc' dir='ltr'><strong>ιι</strong></span> <span class='ocrx_word' id='word_1_1023' title='bbox 3595 3547 3743 3600; x_wconf 78' lang='lat' dir='ltr'><strong>falsis</strong></span> 
     </span>
    </p>
   </div>
   <div class='ocr_carea' id='block_1_125' title="bbox 2153 3613 3742 3684">
    <p class='ocr_par' dir='ltr' id='par_1_125' title="bbox 2153 3613 3742 3684">
     <span class='ocr_line' id='line_1_130' title="bbox 2153 3613 3742 3684; baseline 0.003 -20"><span class='ocrx_word' id='word_1_1024' title='bbox 2153 3613 2401 3668; x_wconf 89' lang='lat' dir='ltr'><strong>fratribus</strong></span> <span class='ocrx_word' id='word_1_1025' title='bbox 2428 3616 2594 3682; x_wconf 90' lang='lat' dir='ltr'><strong>:qiiod</strong></span> <span class='ocrx_word' id='word_1_1026' title='bbox 2617 3613 2828 3684; x_wconf 90' lang='lat' dir='ltr'><strong>quidem</strong></span> <span class='ocrx_word' id='word_1_1027' title='bbox 2853 3615 3020 3684; x_wconf 87' lang='lat' dir='ltr'><strong>errori</strong></span> <span class='ocrx_word' id='word_1_1028' title='bbox 3051 3617 3271 3684; x_wconf 78' lang='lat' dir='ltr'><strong>profecit</strong></span> <span class='ocrx_word' id='word_1_1029' title='bbox 3295 3616 3622 3670; x_wconf 73' lang='lat' dir='ltr'><strong>Judazorum.</strong></span> <span class='ocrx_word' id='word_1_1030' title='bbox 3647 3615 3742 3674; x_wconf 78' lang='lat' dir='ltr'><strong>Sa-</strong></span> 
     </span>
    </p>
   </div>
   <div class='ocr_carea' id='block_1_126' title="bbox 2155 3683 3738 3756">
    <p class='ocr_par' dir='ltr' id='par_1_126' title="bbox 2155 3683 3738 3756">
     <span class='ocr_line' id='line_1_131' title="bbox 2155 3683 3738 3756; baseline 0.003 -20"><span class='ocrx_word' id='word_1_1031' title='bbox 2155 3684 2220 3737; x_wconf 90' lang='lat' dir='ltr'><strong>tis</strong></span> <span class='ocrx_word' id='word_1_1032' title='bbox 2247 3685 2386 3738; x_wconf 90' lang='lat' dir='ltr'><strong>enim</strong></span> <span class='ocrx_word' id='word_1_1033' title='bbox 2415 3685 2493 3738; x_wconf 89' lang='lat' dir='ltr'><strong>eis</strong></span> <span class='ocrx_word' id='word_1_1034' title='bbox 2521 3683 2715 3739; x_wconf 84' lang='lat' dir='ltr'><strong>factum</strong></span> <span class='ocrx_word' id='word_1_1035' title='bbox 2740 3693 2823 3739; x_wconf 84' lang='lat' dir='ltr'><strong>est</strong></span> <span class='ocrx_word' id='word_1_1036' title='bbox 2863 3683 2928 3738; x_wconf 91' lang='lat' dir='ltr'><strong>ad</strong></span> <span class='ocrx_word' id='word_1_1037' title='bbox 2959 3683 3140 3738; x_wconf 77' lang='lat' dir='ltr'><strong>horam</strong></span> <span class='ocrx_word' id='word_1_1038' title='bbox 3161 3725 3177 3750; x_wconf 89' lang='lat'><strong>,</strong></span> <span class='ocrx_word' id='word_1_1039' title='bbox 3211 3701 3304 3756; x_wconf 89' lang='lat' dir='ltr'><strong>per</strong></span> <span class='ocrx_word' id='word_1_1040' title='bbox 3327 3687 3467 3754; x_wconf 88' lang='lat' dir='ltr'><strong>quod</strong></span> <span class='ocrx_word' id='word_1_1041' title='bbox 3511 3687 3564 3740; x_wconf 88' lang='lat' dir='ltr'><strong>in</strong></span> <span class='ocrx_word' id='word_1_1042' title='bbox 3613 3701 3738 3756; x_wconf 86' lang='lat' dir='ltr'><strong>per-</strong></span> 
     </span>
    </p>
   </div>
   <div class='ocr_carea' id='block_1_127' title="bbox 2161 3765 2660 3821">
    <p class='ocr_par' dir='ltr' id='par_1_127' title="bbox 2161 3765 2660 3821">
     <span class='ocr_line' id='line_1_132' title="bbox 2161 3765 2660 3821; baseline 0.002 -15"><span class='ocrx_word' id='word_1_1043' title='bbox 2161 3765 2374 3821; x_wconf 87' lang='lat' dir='ltr'><strong>petuum</strong></span> <span class='ocrx_word' id='word_1_1044' title='bbox 2403 3765 2660 3809; x_wconf 86' lang='lat' dir='ltr'><strong>errarent.</strong></span> 
     </span>
    </p>
   </div>
   <div class='ocr_carea' id='block_1_128' title="bbox 2235 3825 3740 3896">
    <p class='ocr_par' dir='ltr' id='par_1_128' title="bbox 2235 3825 3740 3896">
     <span class='ocr_line' id='line_1_133' title="bbox 2235 3825 3740 3896; baseline 0.002 -19"><span class='ocrx_word' id='word_1_1045' title='bbox 2235 3825 2312 3896; x_wconf 90' lang='lat' dir='ltr'><strong>(a)</strong></span> <span class='ocrx_word' id='word_1_1046' title='bbox 2339 3825 2454 3878; x_wconf 80' lang='lat' dir='ltr'><strong>{loc</strong></span> <span class='ocrx_word' id='word_1_1047' title='bbox 2479 3835 2692 3880; x_wconf 86' lang='lat' dir='ltr'><strong>secutus</strong></span> <span class='ocrx_word' id='word_1_1048' title='bbox 2733 3833 2814 3880; x_wconf 91' lang='lat' dir='ltr'><strong>est</strong></span> <span class='ocrx_word' id='word_1_1049' title='bbox 2852 3827 3119 3894; x_wconf 79' lang='lat' dir='ltr'><strong>apostolus</strong></span> <span class='ocrx_word' id='word_1_1050' title='bbox 3159 3826 3368 3880; x_wconf 82' lang='lat' dir='ltr'><strong>Paulus.</strong></span> <span class='ocrx_word' id='word_1_1051' title='bbox 3419 3825 3550 3881; x_wconf 87' lang='lat' dir='ltr'><strong>Cum</strong></span> <span class='ocrx_word' id='word_1_1052' title='bbox 3597 3828 3740 3881; x_wconf 87' lang='lat' dir='ltr'><strong>enim</strong></span> 
     </span>
    </p>
   </div>
   <div class='ocr_carea' id='block_1_129' title="bbox 2155 3896 3734 3967">
    <p class='ocr_par' dir='ltr' id='par_1_129' title="bbox 2155 3896 3734 3967">
     <span class='ocr_line' id='line_1_134' title="bbox 2155 3896 3734 3967; baseline 0.002 -20"><span class='ocrx_word' id='word_1_1053' title='bbox 2155 3896 2466 3967; x_wconf 70' lang='lat' dir='ltr'><strong>prmdiearet</strong></span> <span class='ocrx_word' id='word_1_1054' title='bbox 2485 3897 2593 3964; x_wconf 82' lang='lat' dir='ltr'><strong>jam</strong></span> <span class='ocrx_word' id='word_1_1055' title='bbox 2643 3911 2750 3950; x_wconf 89' lang='lat' dir='ltr'><strong>non</strong></span> <span class='ocrx_word' id='word_1_1056' title='bbox 2775 3907 3020 3964; x_wconf 88' lang='lat' dir='ltr'><strong>oportere</strong></span> <span class='ocrx_word' id='word_1_1057' title='bbox 3043 3897 3346 3950; x_wconf 84' lang='lat' dir='ltr'><strong>circumcidi</strong></span> <span class='ocrx_word' id='word_1_1058' title='bbox 3375 3911 3698 3967; x_wconf 87' lang='lat' dir='ltr'><strong>quemquam</strong></span> <span class='ocrx_word' id='word_1_1059' title='bbox 3721 3941 3734 3958; x_wconf 86' lang='lat'><strong>,</strong></span> 
     </span>
    </p>
   </div>
   <div class='ocr_carea' id='block_1_130' title="bbox 2154 3965 3736 4036">
    <p class='ocr_par' dir='ltr' id='par_1_130' title="bbox 2154 3965 3736 4036">
     <span class='ocr_line' id='line_1_135' title="bbox 2154 3965 3736 4036; baseline 0.003 -18"><span class='ocrx_word' id='word_1_1060' title='bbox 2154 3965 2268 4036; x_wconf 84' lang='lat' dir='ltr'><strong>ipse</strong></span> <span class='ocrx_word' id='word_1_1061' title='bbox 2297 3966 2630 4036; x_wconf 86' lang='lat' dir='ltr'><strong>Titiiotheum</strong></span> <span class='ocrx_word' id='word_1_1062' title='bbox 2653 3967 3008 4030; x_wconf 86' lang='lat' dir='ltr'><strong>circumcidit,</strong></span> <span class='ocrx_word' id='word_1_1063' title='bbox 3059 3977 3272 4036; x_wconf 83' lang='lat' dir='ltr'><strong>propter</strong></span> <span class='ocrx_word' id='word_1_1064' title='bbox 3301 3965 3610 4022; x_wconf 76' lang='lat' dir='ltr'><strong>scandalum</strong></span> <span class='ocrx_word' id='word_1_1065' title='bbox 3639 3969 3736 4022; x_wconf 83' lang='lat' dir='ltr'><strong>Ju-</strong></span> 
     </span>
    </p>
   </div>
   <div class='ocr_carea' id='block_1_131' title="bbox 2153 4035 3738 4106">
    <p class='ocr_par' dir='ltr' id='par_1_131' title="bbox 2153 4035 3738 4106">
     <span class='ocr_line' id='line_1_136' title="bbox 2153 4035 3738 4106; baseline 0.001 -18"><span class='ocrx_word' id='word_1_1066' title='bbox 2153 4035 2410 4106; x_wconf 63' lang='lat' dir='ltr'><strong>dagorum.</strong></span> <span class='ocrx_word' id='word_1_1067' title='bbox 2441 4035 2620 4089; x_wconf 85' lang='lat' dir='ltr'><strong>Maluit</strong></span> <span class='ocrx_word' id='word_1_1068' title='bbox 2661 4038 2800 4089; x_wconf 86' lang='lat' dir='ltr'><strong>enim</strong></span> <span class='ocrx_word' id='word_1_1069' title='bbox 2835 4053 2943 4090; x_wconf 86' lang='lat' dir='ltr'><strong>rem</strong></span> <span class='ocrx_word' id='word_1_1070' title='bbox 2975 4035 3290 4104; x_wconf 84' lang='lat' dir='ltr'><strong>superﬂuam</strong></span> <span class='ocrx_word' id='word_1_1071' title='bbox 3333 4037 3534 4098; x_wconf 86' lang='lat' dir='ltr'><strong>facere,</strong></span> <span class='ocrx_word' id='word_1_1072' title='bbox 3581 4055 3738 4106; x_wconf 85' lang='lat' dir='ltr'><strong>quam</strong></span> 
     </span>
    </p>
   </div>
   <div class='ocr_carea' id='block_1_132' title="bbox 2155 4105 3742 4176">
    <p class='ocr_par' dir='ltr' id='par_1_132' title="bbox 2155 4105 3742 4176">
     <span class='ocr_line' id='line_1_137' title="bbox 2155 4105 3742 4176; baseline 0.002 -18"><span class='ocrx_word' id='word_1_1073' title='bbox 2155 4105 2504 4176; x_wconf 82' lang='lat' dir='ltr'><strong>imperitis—ex</strong></span> <span class='ocrx_word' id='word_1_1074' title='bbox 2549 4107 2740 4176; x_wconf 89' lang='lat' dir='ltr'><strong>quibus</strong></span> <span class='ocrx_word' id='word_1_1075' title='bbox 2779 4107 2938 4176; x_wconf 84' lang='lat' dir='ltr'><strong>aliqui</strong></span> <span class='ocrx_word' id='word_1_1076' title='bbox 2971 4118 3184 4176; x_wconf 82' lang='lat' dir='ltr'><strong>possent</strong></span> <span class='ocrx_word' id='word_1_1077' title='bbox 3221 4109 3446 4172; x_wconf 86' lang='lat' dir='ltr'><strong>salvari,</strong></span> <span class='ocrx_word' id='word_1_1078' title='bbox 3487 4105 3742 4162; x_wconf 82' lang='lat' dir='ltr'><strong>seandalo</strong></span> 
     </span>
    </p>
   </div>
   <div class='ocr_carea' id='block_1_133' title="bbox 2155 4177 3736 4246">
    <p class='ocr_par' dir='ltr' id='par_1_133' title="bbox 2155 4177 3736 4246">
     <span class='ocr_line' id='line_1_138' title="bbox 2155 4177 3736 4246; baseline -0.001 -16"><span class='ocrx_word' id='word_1_1079' title='bbox 2155 4190 2294 4230; x_wconf 88' lang='lat' dir='ltr'><strong>esse.</strong></span> <span class='ocrx_word' id='word_1_1080' title='bbox 2351 4177 2606 4246; x_wconf 88' lang='lat' dir='ltr'><strong>Dominus</strong></span> <span class='ocrx_word' id='word_1_1081' title='bbox 2648 4185 2824 4230; x_wconf 85' lang='lat' dir='ltr'><strong>autem</strong></span> <span class='ocrx_word' id='word_1_1082' title='bbox 2879 4193 3038 4246; x_wconf 81' lang='lat' dir='ltr'><strong>prOpe</strong></span> <span class='ocrx_word' id='word_1_1083' title='bbox 3085 4178 3350 4238; x_wconf 82' lang='lat' dir='ltr'><strong>similiter,</strong></span> <span class='ocrx_word' id='word_1_1084' title='bbox 3401 4187 3458 4232; x_wconf 90' lang='lat' dir='ltr'><strong>ut</strong></span> <span class='ocrx_word' id='word_1_1085' title='bbox 3502 4178 3736 4239; x_wconf 73' lang='lat' dir='ltr'><strong>Juda-is,</strong></span> 
     </span>
    </p>
   </div>
   <div class='ocr_carea' id='block_1_134' title="bbox 2155 4245 3741 4320">
    <p class='ocr_par' dir='ltr' id='par_1_134' title="bbox 2155 4245 3741 4320">
     <span class='ocr_line' id='line_1_139' title="bbox 2155 4245 3741 4320; baseline 0.002 -22"><span class='ocrx_word' id='word_1_1086' title='bbox 2155 4245 2294 4320; x_wconf 84' lang='lat' dir='ltr'><strong>quod</strong></span> <span class='ocrx_word' id='word_1_1087' title='bbox 2327 4245 2404 4320; x_wconf 81' lang='lat' dir='ltr'><strong>7de</strong></span> <span class='ocrx_word' id='word_1_1088' title='bbox 2449 4247 2537 4320; x_wconf 83' lang='lat' dir='ltr'><strong>illo</strong></span> <span class='ocrx_word' id='word_1_1089' title='bbox 2581 4245 3230 4320; x_wconf 70' lang='lat' dir='ltr'><strong>opitiabatititr,_auferret</strong></span> <span class='ocrx_word' id='word_1_1090' title='bbox 3287 4248 3558 4320; x_wconf 82' lang='lat' dir='ltr'><strong>(dicebant</strong></span> <span class='ocrx_word' id='word_1_1091' title='bbox 3597 4251 3741 4302; x_wconf 82' lang='lat' dir='ltr'><strong>enim</strong></span> 
     </span>
    </p>
   </div>
   <div class='ocr_carea' id='block_1_135' title="bbox 2157 4315 3744 4388">
    <p class='ocr_par' dir='ltr' id='par_1_135' title="bbox 2157 4315 3744 4388">
     <span class='ocr_line' id='line_1_140' title="bbox 2157 4315 3744 4388; baseline 0.001 -19"><span class='ocrx_word' id='word_1_1092' title='bbox 2157 4315 2296 4371; x_wconf 83' lang='lat' dir='ltr'><strong>hunc</strong></span> <span class='ocrx_word' id='word_1_1093' title='bbox 2325 4317 2594 4388; x_wconf 81' lang='lat' dir='ltr'><strong>inimicum</strong></span> <span class='ocrx_word' id='word_1_1094' title='bbox 2625 4317 2918 4371; x_wconf 85' lang='lat' dir='ltr'><strong>traditionis</strong></span> <span class='ocrx_word' id='word_1_1095' title='bbox 2937 4317 3188 4388; x_wconf 75' lang='lat' dir='ltr'><strong>.ludaicm)</strong></span> <span class='ocrx_word' id='word_1_1096' title='bbox 3213 4360 3227 4382; x_wconf 93' lang='lat'><strong>,</strong></span> <span class='ocrx_word' id='word_1_1097' title='bbox 3263 4315 3386 4374; x_wconf 85' lang='lat' dir='ltr'><strong>tunc</strong></span> <span class='ocrx_word' id='word_1_1098' title='bbox 3407 4321 3568 4388; x_wconf 84' lang='lat' dir='ltr'><strong>jussit</strong></span> <span class='ocrx_word' id='word_1_1099' title='bbox 3589 4329 3642 4372; x_wconf 88' lang='lat' dir='ltr'><strong>ut</strong></span> <span class='ocrx_word' id='word_1_1100' title='bbox 3669 4321 3744 4371; x_wconf 87' lang='lat' dir='ltr'><strong>le-</strong></span> 
     </span>
    </p>
   </div>
   <div class='ocr_carea' id='block_1_136' title="bbox 2156 4385 3746 4457">
    <p class='ocr_par' dir='ltr' id='par_1_136' title="bbox 2156 4385 3746 4457">
     <span class='ocr_line' id='line_1_141' title="bbox 2156 4385 3746 4457; baseline 0 -17"><span class='ocrx_word' id='word_1_1101' title='bbox 2156 4401 2345 4456; x_wconf 86' lang='lat' dir='ltr'><strong>prosus</strong></span> <span class='ocrx_word' id='word_1_1102' title='bbox 2369 4385 2586 4442; x_wconf 85' lang='lat' dir='ltr'><strong>olTerret</strong></span> <span class='ocrx_word' id='word_1_1103' title='bbox 2633 4403 2851 4440; x_wconf 86' lang='lat' dir='ltr'><strong>munera</strong></span> <span class='ocrx_word' id='word_1_1104' title='bbox 2895 4403 2992 4457; x_wconf 88' lang='lat' dir='ltr'><strong>pro</strong></span> <span class='ocrx_word' id='word_1_1105' title='bbox 3034 4385 3532 4444; x_wconf 79' lang='lat' dir='ltr'><strong>eiuimdatiouesua</strong></span> <span class='ocrx_word' id='word_1_1106' title='bbox 3560 4432 3573 4452; x_wconf 85' lang='grc'>,</span> <span class='ocrx_word' id='word_1_1107' title='bbox 3607 4391 3746 4442; x_wconf 86' lang='lat' dir='ltr'><strong>sicut</strong></span> 
     </span>
    </p>
   </div>
   <div class='ocr_carea' id='block_1_137' title="bbox 2155 4458 3742 4528">
    <p class='ocr_par' dir='ltr' id='par_1_137' title="bbox 2155 4458 3742 4528">
     <span class='ocr_line' id='line_1_142' title="bbox 2155 4458 3742 4528; baseline 0 -18"><span class='ocrx_word' id='word_1_1108' title='bbox 2155 4465 2476 4528; x_wconf 68' lang='lat' dir='ltr'><strong>prieccptum</strong></span> <span class='ocrx_word' id='word_1_1109' title='bbox 2505 4467 2618 4512; x_wconf 87' lang='lat' dir='ltr'><strong>erat</strong></span> <span class='ocrx_word' id='word_1_1110' title='bbox 2646 4473 2672 4510; x_wconf 91' lang='lat' dir='ltr'><strong>a</strong></span> <span class='ocrx_word' id='word_1_1111' title='bbox 2696 4458 2874 4528; x_wconf 78' lang='lat' dir='ltr'><strong>Moyse</strong></span> <span class='ocrx_word' id='word_1_1112' title='bbox 2903 4475 2914 4486; x_wconf 95' lang='grc'><strong>·</strong></span> <span class='ocrx_word' id='word_1_1113' title='bbox 2948 4467 3002 4512; x_wconf 86' lang='lat' dir='ltr'><strong>et</strong></span> <span class='ocrx_word' id='word_1_1114' title='bbox 3025 4461 3244 4527; x_wconf 85' lang='lat' dir='ltr'><strong>subjecit</strong></span> <span class='ocrx_word' id='word_1_1115' title='bbox 3265 4499 3278 4520; x_wconf 84' lang='lat'><strong>,</strong></span> <span class='ocrx_word' id='word_1_1116' title='bbox 3311 4458 3378 4512; x_wconf 84' lang='lat' dir='ltr'><strong>In</strong></span> <span class='ocrx_word' id='word_1_1117' title='bbox 3404 4461 3742 4512; x_wconf 79' lang='lat' dir='ltr'><strong>testimonium</strong></span> 
     </span>
    </p>
   </div>
   <div class='ocr_carea' id='block_1_138' title="bbox 2155 4527 3744 4599">
    <p class='ocr_par' dir='ltr' id='par_1_138' title="bbox 2155 4527 3744 4599">
     <span class='ocr_line' id='line_1_143' title="bbox 2155 4527 3744 4599; baseline 0.001 -19"><span class='ocrx_word' id='word_1_1118' title='bbox 2155 4527 2295 4594; x_wconf 85' lang='lat' dir='ltr'><strong>illis;</strong></span> <span class='ocrx_word' id='word_1_1119' title='bbox 2321 4537 2378 4582; x_wconf 92' lang='lat' dir='ltr'><strong>ut</strong></span> <span class='ocrx_word' id='word_1_1120' title='bbox 2408 4529 2520 4582; x_wconf 72' lang='grc' dir='ltr'>Ιιειιο</span> <span class='ocrx_word' id='word_1_1121' title='bbox 2553 4543 2635 4599; x_wconf 85' lang='lat' dir='ltr'><strong>res</strong></span> <span class='ocrx_word' id='word_1_1122' title='bbox 2663 4527 2812 4582; x_wconf 69' lang='lat' dir='ltr'><strong>testis</strong></span> <span class='ocrx_word' id='word_1_1123' title='bbox 2835 4537 2977 4582; x_wconf 84' lang='lat' dir='ltr'><strong>esset</strong></span> <span class='ocrx_word' id='word_1_1124' title='bbox 3015 4539 3196 4582; x_wconf 87' lang='lat' dir='ltr'><strong>contra</strong></span> <span class='ocrx_word' id='word_1_1125' title='bbox 3227 4530 3375 4594; x_wconf 85' lang='lat' dir='ltr'><strong>illus,</strong></span> <span class='ocrx_word' id='word_1_1126' title='bbox 3405 4531 3528 4599; x_wconf 87' lang='lat' dir='ltr'><strong>quia</strong></span> <span class='ocrx_word' id='word_1_1127' title='bbox 3557 4529 3744 4582; x_wconf 81' lang='lat' dir='ltr'><strong>Salva-</strong></span> 
     </span>
    </p>
   </div>
   <div class='ocr_carea' id='block_1_139' title="bbox 2159 4598 3742 4669">
    <p class='ocr_par' dir='ltr' id='par_1_139' title="bbox 2159 4598 3742 4669">
     <span class='ocr_line' id='line_1_144' title="bbox 2159 4598 3742 4669; baseline 0 -17"><span class='ocrx_word' id='word_1_1128' title='bbox 2159 4607 2241 4652; x_wconf 91' lang='lat' dir='ltr'><strong>tor</strong></span> <span class='ocrx_word' id='word_1_1129' title='bbox 2271 4614 2374 4652; x_wconf 90' lang='lat' dir='ltr'><strong>uon</strong></span> <span class='ocrx_word' id='word_1_1130' title='bbox 2401 4609 2516 4652; x_wconf 89' lang='lat' dir='ltr'><strong>erat</strong></span> <span class='ocrx_word' id='word_1_1131' title='bbox 2551 4598 2704 4667; x_wconf 88' lang='lat' dir='ltr'><strong>Legis</strong></span> <span class='ocrx_word' id='word_1_1132' title='bbox 2735 4599 2997 4669; x_wconf 84' lang='lat' dir='ltr'><strong>inimicus.</strong></span> <span class='ocrx_word' id='word_1_1133' title='bbox 3031 4599 3246 4652; x_wconf 81' lang='lat' dir='ltr'><strong>Factum</strong></span> <span class='ocrx_word' id='word_1_1134' title='bbox 3274 4598 3446 4668; x_wconf 83' lang='lat' dir='ltr'><strong>itaque</strong></span> <span class='ocrx_word' id='word_1_1135' title='bbox 3476 4611 3562 4653; x_wconf 85' lang='lat' dir='ltr'><strong>est</strong></span> <span class='ocrx_word' id='word_1_1136' title='bbox 3603 4599 3742 4669; x_wconf 90' lang='lat' dir='ltr'><strong>quod</strong></span> 
     </span>
    </p>
   </div>
   <div class='ocr_carea' id='block_1_140' title="bbox 2153 4667 3742 4739">
    <p class='ocr_par' dir='ltr' id='par_1_140' title="bbox 2153 4667 3742 4739">
     <span class='ocr_line' id='line_1_145' title="bbox 2153 4667 3742 4739; baseline 0.001 -19"><span class='ocrx_word' id='word_1_1137' title='bbox 2153 4669 2261 4736; x_wconf 89' lang='lat' dir='ltr'><strong>jam</strong></span> <span class='ocrx_word' id='word_1_1138' title='bbox 2293 4683 2504 4722; x_wconf 88' lang='lat' dir='ltr'><strong>cessare</strong></span> <span class='ocrx_word' id='word_1_1139' title='bbox 2533 4669 2806 4739; x_wconf 78' lang='lat' dir='ltr'><strong>debuerat.</strong></span> <span class='ocrx_word' id='word_1_1140' title='bbox 2839 4667 2944 4722; x_wconf 91' lang='lat' dir='ltr'><strong>Sed</strong></span> <span class='ocrx_word' id='word_1_1141' title='bbox 2985 4670 3104 4737; x_wconf 88' lang='lat' dir='ltr'><strong>quia</strong></span> <span class='ocrx_word' id='word_1_1142' title='bbox 3137 4671 3310 4724; x_wconf 82' lang='lat' dir='ltr'><strong>solent</strong></span> <span class='ocrx_word' id='word_1_1143' title='bbox 3339 4667 3604 4738; x_wconf 77' lang='lat' dir='ltr'><strong>superﬂua</strong></span> <span class='ocrx_word' id='word_1_1144' title='bbox 3624 4667 3742 4739; x_wconf 31' lang='lat' dir='ltr'><strong>‘jam</strong></span> 
     </span>
    </p>
   </div>
   <div class='ocr_carea' id='block_1_141' title="bbox 2160 4737 3743 4808">
    <p class='ocr_par' dir='ltr' id='par_1_141' title="bbox 2160 4737 3743 4808">
     <span class='ocr_line' id='line_1_146' title="bbox 2160 4737 3743 4808; baseline 0.001 -18"><span class='ocrx_word' id='word_1_1145' title='bbox 2160 4755 2264 4791; x_wconf 89' lang='lat' dir='ltr'><strong>non</strong></span> <span class='ocrx_word' id='word_1_1146' title='bbox 2293 4753 2486 4792; x_wconf 87' lang='lat' dir='ltr'><strong>nocere</strong></span> <span class='ocrx_word' id='word_1_1147' title='bbox 2505 4779 2520 4804; x_wconf 93' lang='lat'><strong>,</strong></span> <span class='ocrx_word' id='word_1_1148' title='bbox 2552 4738 2671 4791; x_wconf 86' lang='lat' dir='ltr'><strong>ideo</strong></span> <span class='ocrx_word' id='word_1_1149' title='bbox 2699 4737 2892 4791; x_wconf 76' lang='lat' dir='ltr'><strong>factum</strong></span> <span class='ocrx_word' id='word_1_1150' title='bbox 2915 4749 2996 4792; x_wconf 85' lang='lat' dir='ltr'><strong>est</strong></span> <span class='ocrx_word' id='word_1_1151' title='bbox 3025 4749 3078 4792; x_wconf 89' lang='grc' dir='ltr'><strong>ιιι</strong></span> <span class='ocrx_word' id='word_1_1152' title='bbox 3106 4741 3380 4807; x_wconf 68' lang='lat' dir='ltr'><strong>prodesset</strong></span> <span class='ocrx_word' id='word_1_1153' title='bbox 3409 4737 3512 4794; x_wconf 81' lang='lat' dir='ltr'><strong>illis</strong></span> <span class='ocrx_word' id='word_1_1154' title='bbox 3541 4737 3743 4808; x_wconf 80' lang='lat' dir='ltr'><strong>utique,</strong></span> 
     </span>
    </p>
   </div>
   <div class='ocr_carea' id='block_1_142' title="bbox 2157 4809 3748 4880">
    <p class='ocr_par' dir='ltr' id='par_1_142' title="bbox 2157 4809 3748 4880">
     <span class='ocr_line' id='line_1_147' title="bbox 2157 4809 3748 4880; baseline 0.001 -19"><span class='ocrx_word' id='word_1_1155' title='bbox 2157 4809 2244 4880; x_wconf 87' lang='lat' dir='ltr'><strong>qui</strong></span> <span class='ocrx_word' id='word_1_1156' title='bbox 2296 4810 2432 4862; x_wconf 86' lang='lat' dir='ltr'><strong>male</strong></span> <span class='ocrx_word' id='word_1_1157' title='bbox 2475 4809 2845 4880; x_wconf 76' lang='lat' dir='ltr'><strong>opinabantur,</strong></span> <span class='ocrx_word' id='word_1_1158' title='bbox 2895 4817 2952 4880; x_wconf 89' lang='lat' dir='ltr'><strong>ut</strong></span> <span class='ocrx_word' id='word_1_1159' title='bbox 2997 4809 3126 4863; x_wconf 87' lang='lat' dir='ltr'><strong>satis</strong></span> <span class='ocrx_word' id='word_1_1160' title='bbox 3178 4811 3274 4863; x_wconf 89' lang='lat' dir='ltr'><strong>sibi</strong></span> <span class='ocrx_word' id='word_1_1161' title='bbox 3323 4813 3592 4876; x_wconf 82' lang='lat' dir='ltr'><strong>facerent,</strong></span> <span class='ocrx_word' id='word_1_1162' title='bbox 3625 4813 3748 4880; x_wconf 85' lang='lat' dir='ltr'><strong>quia</strong></span> 
     </span>
    </p>
   </div>
   <div class='ocr_carea' id='block_1_143' title="bbox 2160 4877 3160 4948">
    <p class='ocr_par' dir='ltr' id='par_1_143' title="bbox 2160 4877 3160 4948">
     <span class='ocr_line' id='line_1_148' title="bbox 2160 4877 3160 4948; baseline 0.001 -16"><span class='ocrx_word' id='word_1_1163' title='bbox 2160 4879 2402 4948; x_wconf 83' lang='lat' dir='ltr'><strong>Saivator</strong></span> <span class='ocrx_word' id='word_1_1164' title='bbox 2435 4893 2538 4932; x_wconf 88' lang='lat' dir='ltr'><strong>non</strong></span> <span class='ocrx_word' id='word_1_1165' title='bbox 2563 4888 2677 4932; x_wconf 88' lang='lat' dir='ltr'><strong>erat</strong></span> <span class='ocrx_word' id='word_1_1166' title='bbox 2707 4877 2861 4948; x_wconf 84' lang='lat' dir='ltr'><strong>chis</strong></span> <span class='ocrx_word' id='word_1_1167' title='bbox 2895 4879 3160 4933; x_wconf 87' lang='lat' dir='ltr'><strong>inimicus.</strong></span> 
     </span>
    </p>
   </div>
   <div class='ocr_carea' id='block_1_144' title="bbox 2229 4947 3748 5019">
    <p class='ocr_par' dir='ltr' id='par_1_144' title="bbox 2229 4947 3748 5019">
     <span class='ocr_line' id='line_1_149' title="bbox 2229 4947 3748 5019; baseline -0.001 -14"><span class='ocrx_word' id='word_1_1168' title='bbox 2229 4947 2362 5005; x_wconf 78' lang='lat' dir='ltr'><strong>LXI.</strong></span> <span class='ocrx_word' id='word_1_1169' title='bbox 2393 4949 2527 5015; x_wconf 88' lang='lat' dir='ltr'><strong>Quid</strong></span> <span class='ocrx_word' id='word_1_1170' title='bbox 2573 4959 2655 5002; x_wconf 80' lang='lat' dir='ltr'><strong>est</strong></span> <span class='ocrx_word' id='word_1_1171' title='bbox 2697 4959 2754 5002; x_wconf 90' lang='lat' dir='ltr'><strong>ut</strong></span> <span class='ocrx_word' id='word_1_1172' title='bbox 2792 4947 2994 5002; x_wconf 25' lang='lat' dir='ltr'><strong>’Judmis</strong></span> <span class='ocrx_word' id='word_1_1173' title='bbox 3021 4949 3306 5019; x_wconf 84' lang='lat' dir='ltr'><strong>discipulos</strong></span> <span class='ocrx_word' id='word_1_1174' title='bbox 3335 4953 3748 5014; x_wconf 86' lang='lat' dir='ltr'><strong>accusantibus,</strong></span> 
     </span>
    </p>
   </div>
   <div class='ocr_carea' id='block_1_145' title="bbox 2159 5019 3750 5088">
    <p class='ocr_par' dir='ltr' id='par_1_145' title="bbox 2159 5019 3750 5088">
     <span class='ocr_line' id='line_1_150' title="bbox 2159 5019 3750 5088; baseline 0.001 -16"><span class='ocrx_word' id='word_1_1175' title='bbox 2159 5033 2224 5073; x_wconf 93' lang='lat' dir='ltr'><strong>eo</strong></span> <span class='ocrx_word' id='word_1_1176' title='bbox 2261 5019 2402 5088; x_wconf 92' lang='lat' dir='ltr'><strong>quod</strong></span> <span class='ocrx_word' id='word_1_1177' title='bbox 2429 5021 2702 5073; x_wconf 88' lang='lat' dir='ltr'><strong>sabbatum</strong></span> <span class='ocrx_word' id='word_1_1178' title='bbox 2735 5019 3027 5086; x_wconf 86' lang='lat' dir='ltr'><strong>violarent,</strong></span> <span class='ocrx_word' id='word_1_1179' title='bbox 3059 5021 3236 5088; x_wconf 88' lang='lat' dir='ltr'><strong>spicas</strong></span> <span class='ocrx_word' id='word_1_1180' title='bbox 3277 5019 3750 5076; x_wconf 63' lang='lat' dir='ltr'><strong>manilms&#39;cpnfri-</strong></span> 
     </span>
    </p>
   </div>
   <div class='ocr_carea' id='block_1_146' title="bbox 2159 5087 3756 5160">
    <p class='ocr_par' dir='ltr' id='par_1_146' title="bbox 2159 5087 3756 5160">
     <span class='ocr_line' id='line_1_151' title="bbox 2159 5087 3756 5160; baseline 0.004 -20"><span class='ocrx_word' id='word_1_1181' title='bbox 2159 5087 2340 5160; x_wconf 81' lang='lat' dir='ltr'><strong>eantes</strong></span> <span class='ocrx_word' id='word_1_1182' title='bbox 2365 5099 2418 5144; x_wconf 92' lang='lat' dir='ltr'><strong>et</strong></span> <span class='ocrx_word' id='word_1_1183' title='bbox 2439 5090 2806 5160; x_wconf 83' lang='lat' dir='ltr'><strong>comedenles,</strong></span> <span class='ocrx_word' id='word_1_1184' title='bbox 2839 5087 3078 5144; x_wconf 85' lang='lat' dir='ltr'><strong>Salvator</strong></span> <span class='ocrx_word' id='word_1_1185' title='bbox 3092 5087 3402 5159; x_wconf 84' lang='lat' dir='ltr'><strong>exemplum</strong></span> <span class='ocrx_word' id='word_1_1186' title='bbox 3437 5091 3602 5144; x_wconf 84' lang='lat' dir='ltr'><strong>David</strong></span> <span class='ocrx_word' id='word_1_1187' title='bbox 3633 5107 3756 5160; x_wconf 91' lang='lat' dir='ltr'><strong>pro-</strong></span> 
     </span>
    </p>
   </div>
   <div class='ocr_carea' id='block_1_147' title="bbox 2161 5159 3756 5230">
    <p class='ocr_par' dir='ltr' id='par_1_147' title="bbox 2161 5159 3756 5230">
     <span class='ocr_line' id='line_1_152' title="bbox 2161 5159 3756 5230; baseline 0.001 -18"><span class='ocrx_word' id='word_1_1188' title='bbox 2161 5159 2356 5228; x_wconf 86' lang='lat' dir='ltr'><strong>ferret,</strong></span> <span class='ocrx_word' id='word_1_1189' title='bbox 2408 5161 2528 5229; x_wconf 87' lang='lat' dir='ltr'><strong>quia</strong></span> <span class='ocrx_word' id='word_1_1190' title='bbox 2579 5159 2914 5214; x_wconf 86' lang='lat' dir='ltr'><strong>manducavit</strong></span> <span class='ocrx_word' id='word_1_1191' title='bbox 2969 5175 3169 5230; x_wconf 86' lang='lat' dir='ltr'><strong>panes,</strong></span> <span class='ocrx_word' id='word_1_1192' title='bbox 3221 5175 3354 5230; x_wconf 87' lang='lat' dir='ltr'><strong>quos</strong></span> <span class='ocrx_word' id='word_1_1193' title='bbox 3401 5177 3507 5214; x_wconf 90' lang='lat' dir='ltr'><strong>non</strong></span> <span class='ocrx_word' id='word_1_1194' title='bbox 3561 5159 3756 5216; x_wconf 83' lang='lat' dir='ltr'><strong>licebat</strong></span> 
     </span>
    </p>
   </div>
   <div class='ocr_carea' id='block_1_148' title="bbox 2163 5231 3756 5301">
    <p class='ocr_par' dir='ltr' id='par_1_148' title="bbox 2163 5231 3756 5301">
     <span class='ocr_line' id='line_1_153' title="bbox 2163 5231 3756 5301; baseline -0.001 -17"><span class='ocrx_word' id='word_1_1195' title='bbox 2163 5231 2482 5301; x_wconf 84' lang='lat' dir='ltr'><strong>manducare</strong></span> <span class='ocrx_word' id='word_1_1196' title='bbox 2509 5231 2608 5283; x_wconf 90' lang='lat' dir='ltr'><strong>nisi</strong></span> <span class='ocrx_word' id='word_1_1197' title='bbox 2635 5231 2764 5284; x_wconf 86' lang='lat' dir='ltr'><strong>solis</strong></span> <span class='ocrx_word' id='word_1_1198' title='bbox 2799 5231 3162 5286; x_wconf 88' lang='lat' dir='ltr'><strong>sacerdotibus</strong></span> <span class='ocrx_word' id='word_1_1199' title='bbox 3191 5231 3402 5298; x_wconf 79' lang='lat' dir='ltr'><strong>(Matth.</strong></span> <span class='ocrx_word' id='word_1_1200' title='bbox 3435 5247 3511 5284; x_wconf 83' lang='lat' dir='ltr'><strong>xii</strong></span> <span class='ocrx_word' id='word_1_1201' title='bbox 3533 5272 3548 5294; x_wconf 92' lang='lat'><strong>,</strong></span> <span class='ocrx_word' id='word_1_1202' title='bbox 3585 5232 3708 5301; x_wconf 73' lang='grc'><strong>1-4)</strong></span> <span class='ocrx_word' id='word_1_1203' title='bbox 3731 5231 3756 5282; x_wconf 84' lang='lat'><strong>?</strong></span> 
     </span>
    </p>
   </div>
   <div class='ocr_carea' id='block_1_149' title="bbox 2159 5300 3758 5369">
    <p class='ocr_par' dir='ltr' id='par_1_149' title="bbox 2159 5300 3758 5369">
     <span class='ocr_line' id='line_1_154' title="bbox 2159 5300 3758 5369; baseline 0 -15"><span class='ocrx_word' id='word_1_1204' title='bbox 2159 5314 2260 5369; x_wconf 87' lang='lat' dir='ltr'><strong>per</strong></span> <span class='ocrx_word' id='word_1_1205' title='bbox 2283 5300 2424 5369; x_wconf 91' lang='lat' dir='ltr'><strong>quod</strong></span> <span class='ocrx_word' id='word_1_1206' title='bbox 2451 5315 2554 5354; x_wconf 87' lang='lat' dir='ltr'><strong>non</strong></span> <span class='ocrx_word' id='word_1_1207' title='bbox 2575 5301 2820 5354; x_wconf 85' lang='lat' dir='ltr'><strong>videntur</strong></span> <span class='ocrx_word' id='word_1_1208' title='bbox 2847 5303 3106 5363; x_wconf 85' lang='lat' dir='ltr'><strong>excusari,</strong></span> <span class='ocrx_word' id='word_1_1209' title='bbox 3131 5301 3224 5356; x_wconf 88' lang='lat' dir='ltr'><strong>sed</strong></span> <span class='ocrx_word' id='word_1_1210' title='bbox 3251 5301 3408 5354; x_wconf 87' lang='lat' dir='ltr'><strong>simul</strong></span> <span class='ocrx_word' id='word_1_1211' title='bbox 3433 5317 3557 5355; x_wconf 88' lang='lat' dir='ltr'><strong>cum</strong></span> <span class='ocrx_word' id='word_1_1212' title='bbox 3593 5300 3758 5356; x_wconf 84' lang='lat' dir='ltr'><strong>David</strong></span> 
     </span>
    </p>
   </div>
   <div class='ocr_carea' id='block_1_150' title="bbox 2161 5371 3756 5440">
    <p class='ocr_par' dir='ltr' id='par_1_150' title="bbox 2161 5371 3756 5440">
     <span class='ocr_line' id='line_1_155' title="bbox 2161 5371 3756 5440; baseline 0 -16"><span class='ocrx_word' id='word_1_1213' title='bbox 2161 5372 2234 5424; x_wconf 90' lang='lat' dir='ltr'><strong>rei</strong></span> <span class='ocrx_word' id='word_1_1214' title='bbox 2261 5371 2371 5424; x_wconf 87' lang='lat' dir='ltr'><strong>lieri</strong></span> <span class='ocrx_word' id='word_1_1215' title='bbox 2403 5389 2416 5424; x_wconf 92' lang='lat'>:</span> <span class='ocrx_word' id='word_1_1216' title='bbox 2446 5373 2640 5440; x_wconf 83' lang='lat' dir='ltr'><strong>quippe</strong></span> <span class='ocrx_word' id='word_1_1217' title='bbox 2667 5385 2786 5424; x_wconf 88' lang='lat' dir='ltr'><strong>eum</strong></span> <span class='ocrx_word' id='word_1_1218' title='bbox 2815 5385 2910 5424; x_wconf 89' lang='lat' dir='ltr'><strong>nec</strong></span> <span class='ocrx_word' id='word_1_1219' title='bbox 2935 5371 3172 5426; x_wconf 88' lang='lat' dir='ltr'><strong>sabbatis</strong></span> <span class='ocrx_word' id='word_1_1220' title='bbox 3219 5371 3402 5426; x_wconf 79' lang='lat' dir='ltr'><strong>fecerit</strong></span> <span class='ocrx_word' id='word_1_1221' title='bbox 3445 5373 3548 5427; x_wconf 87' lang='lat' dir='ltr'><strong>hoc</strong></span> <span class='ocrx_word' id='word_1_1222' title='bbox 3569 5373 3756 5426; x_wconf 81' lang='lat' dir='ltr'><strong>David.</strong></span> 
     </span>
    </p>
   </div>
   <div class='ocr_carea' id='block_1_151' title="bbox 2233 5441 3762 5511">
    <p class='ocr_par' dir='ltr' id='par_1_151' title="bbox 2233 5441 3762 5511">
     <span class='ocr_line' id='line_1_156' title="bbox 2233 5441 3762 5511; baseline 0.001 -16"><span class='ocrx_word' id='word_1_1223' title='bbox 2233 5441 2478 5496; x_wconf 85' lang='lat' dir='ltr'><strong>Salvator</strong></span> <span class='ocrx_word' id='word_1_1224' title='bbox 2505 5441 2824 5511; x_wconf 68' lang='lat' dir='ltr'><strong>hypocrisin)</strong></span> <span class='ocrx_word' id='word_1_1225' title='bbox 2871 5441 3174 5495; x_wconf 60' lang='lat' dir='ltr'><strong>.Iudarorum</strong></span> <span class='ocrx_word' id='word_1_1226' title='bbox 3223 5442 3401 5495; x_wconf 86' lang='lat' dir='ltr'><strong>multis</strong></span> <span class='ocrx_word' id='word_1_1227' title='bbox 3433 5444 3542 5494; x_wconf 85' lang='lat' dir='ltr'><strong>vult</strong></span> <span class='ocrx_word' id='word_1_1228' title='bbox 3571 5459 3762 5497; x_wconf 78' lang='lat' dir='ltr'><strong>exem-</strong></span> 
     </span>
    </p>
   </div>
   <div class='ocr_carea' id='block_1_152' title="bbox 2163 5509 3758 5581">
    <p class='ocr_par' dir='ltr' id='par_1_152' title="bbox 2163 5509 3758 5581">
     <span class='ocr_line' id='line_1_157' title="bbox 2163 5509 3758 5581; baseline 0.001 -18"><span class='ocrx_word' id='word_1_1229' title='bbox 2163 5511 2262 5579; x_wconf 84' lang='lat' dir='ltr'><strong>plis</strong></span> <span class='ocrx_word' id='word_1_1230' title='bbox 2289 5509 2553 5580; x_wconf 56' lang='lat' dir='ltr'><strong>arguere,</strong></span> <span class='ocrx_word' id='word_1_1231' title='bbox 2575 5509 2773 5578; x_wconf 75' lang='lat' dir='ltr'><strong>majora</strong></span> <span class='ocrx_word' id='word_1_1232' title='bbox 2819 5512 3104 5564; x_wconf 87' lang='lat' dir='ltr'><strong>ostendens</strong></span> <span class='ocrx_word' id='word_1_1233' title='bbox 3145 5511 3373 5565; x_wconf 84' lang='lat' dir='ltr'><strong>admissa</strong></span> <span class='ocrx_word' id='word_1_1234' title='bbox 3406 5513 3458 5565; x_wconf 86' lang='lat' dir='ltr'><strong>in</strong></span> <span class='ocrx_word' id='word_1_1235' title='bbox 3491 5511 3632 5581; x_wconf 72' lang='lat' dir='ltr'><strong>Lege</strong></span> <span class='ocrx_word' id='word_1_1236' title='bbox 3654 5557 3668 5576; x_wconf 84' lang='grc'>,</span> <span class='ocrx_word' id='word_1_1237' title='bbox 3705 5523 3758 5565; x_wconf 76' lang='lat' dir='ltr'><strong>et</strong></span> 
     </span>
    </p>
   </div>
   <div class='ocr_carea' id='block_1_153' title="bbox 2164 5583 3764 5638">
    <p class='ocr_par' dir='ltr' id='par_1_153' title="bbox 2164 5583 3764 5638">
     <span class='ocr_line' id='line_1_158' title="bbox 2164 5583 3764 5638; baseline 0.003 -4"><span class='ocrx_word' id='word_1_1238' title='bbox 2164 5583 2362 5636; x_wconf 91' lang='lat' dir='ltr'><strong>nullum</strong></span> <span class='ocrx_word' id='word_1_1239' title='bbox 2393 5597 2578 5636; x_wconf 85' lang='lat' dir='ltr'><strong>ausum</strong></span> <span class='ocrx_word' id='word_1_1240' title='bbox 2613 5583 2774 5636; x_wconf 85' lang='lat' dir='ltr'><strong>fuisse</strong></span> <span class='ocrx_word' id='word_1_1241' title='bbox 2804 5595 3052 5636; x_wconf 85' lang='lat' dir='ltr'><strong>accusare</strong></span> <span class='ocrx_word' id='word_1_1242' title='bbox 3086 5599 3097 5638; x_wconf 91' lang='lat'><strong>:</strong></span> <span class='ocrx_word' id='word_1_1243' title='bbox 3140 5591 3194 5636; x_wconf 92' lang='lat' dir='ltr'><strong>ut</strong></span> <span class='ocrx_word' id='word_1_1244' title='bbox 3225 5597 3327 5636; x_wconf 89' lang='lat' dir='ltr'><strong>non</strong></span> <span class='ocrx_word' id='word_1_1245' title='bbox 3372 5585 3542 5636; x_wconf 75' lang='lat' dir='ltr'><strong>Solum</strong></span> <span class='ocrx_word' id='word_1_1246' title='bbox 3585 5583 3764 5638; x_wconf 82' lang='lat' dir='ltr'><strong>semel</strong></span> 
     </span>
    </p>
   </div>
   <div class='ocr_carea' id='block_1_154' title="bbox 2225 5713 3766 5779">
    <p class='ocr_par' dir='ltr' id='par_1_154' title="bbox 2225 5713 3766 5779">
     <span class='ocr_line' id='line_1_159' title="bbox 2225 5713 3766 5779; baseline 0.003 -21"><span class='ocrx_word' id='word_1_1247' title='bbox 2225 5713 2296 5779; x_wconf 87' lang='lat' dir='ltr'><strong>(a)</strong></span> <span class='ocrx_word' id='word_1_1248' title='bbox 2320 5713 2526 5770; x_wconf 68' lang='lat' dir='ltr'><strong>Qnrstio</strong></span> <span class='ocrx_word' id='word_1_1249' title='bbox 2557 5713 2728 5762; x_wconf 72' lang='lat' dir='ltr'><strong>eadem</strong></span> <span class='ocrx_word' id='word_1_1250' title='bbox 2756 5727 2816 5762; x_wconf 71' lang='grc' dir='ltr'><strong>ος</strong></span> <span class='ocrx_word' id='word_1_1251' title='bbox 2853 5719 2958 5764; x_wconf 75' lang='lat' dir='ltr'><strong>Mss.</strong></span> <span class='ocrx_word' id='word_1_1252' title='bbox 3001 5719 3182 5764; x_wconf 79' lang='lat' dir='ltr'><strong>second</strong></span> <span class='ocrx_word' id='word_1_1253' title='bbox 3207 5717 3444 5778; x_wconf 77' lang='lat' dir='ltr'><strong>igeneris,</strong></span> <span class='ocrx_word' id='word_1_1254' title='bbox 3479 5725 3610 5768; x_wconf 83' lang='lat' dir='ltr'><strong>inter</strong></span> <span class='ocrx_word' id='word_1_1255' title='bbox 3652 5727 3766 5779; x_wconf 77' lang='lat' dir='ltr'><strong>post</strong></span> 
     </span>
    </p>
   </div>
   <div class='ocr_carea' id='block_1_155' title="bbox 2167 5775 3240 5840">
    <p class='ocr_par' dir='ltr' id='par_1_155' title="bbox 2167 5775 3240 5840">
     <span class='ocr_line' id='line_1_160' title="bbox 2167 5775 3240 5840; baseline 0.006 -18"><span class='ocrx_word' id='word_1_1256' title='bbox 2167 5775 2380 5838; x_wconf 72' lang='lat' dir='ltr'><strong>volgatas</strong></span> <span class='ocrx_word' id='word_1_1257' title='bbox 2406 5789 2465 5824; x_wconf 74' lang='lat' dir='ltr'><strong>ex</strong></span> <span class='ocrx_word' id='word_1_1258' title='bbox 2495 5783 2616 5825; x_wconf 70' lang='lat' dir='ltr'><strong>Novo</strong></span> <span class='ocrx_word' id='word_1_1259' title='bbox 2641 5785 2766 5826; x_wconf 82' lang='lat' dir='ltr'><strong>&#39;I&#39;cst.</strong></span> <span class='ocrx_word' id='word_1_1260' title='bbox 2799 5779 3031 5840; x_wconf 77' lang='lat' dir='ltr'><strong>vigesima</strong></span> <span class='ocrx_word' id='word_1_1261' title='bbox 3055 5775 3240 5829; x_wconf 48' lang='lat' dir='ltr'><strong>octavi</strong></span> 
     </span>
    </p>
   </div>
  </div>
