4048 6468
483 372 624 436 2259

485 491 553 548 ad
580 501 779 562 totum,
809 487 1158 562 quadraginta
1184 484 1298 562 dies
1319 490 1373 562 et
1397 481 1739 562 quadraginta
1767 488 1952 562 noctes
1981 477 2062 562 di-

486 572 696 618 cuntur.
724 550 798 615 Ita
825 550 906 616 est
929 550 1073 630 quod
1093 555 1226 611 dixit
1252 550 1512 630 Sttlvator,
1541 552 1684 630 Sicut
1699 553 1798 630 fuit
1824 550 2062 630 {omnem

485 645 654 688 ventre
672 631 768 687 ceti
793 620 963 686 tribm'
976 628 1146 682 diebus
1168 635 1212 680 et
1241 624 1396 678 tribus
1421 623 1665 688 noctibus,
1691 624 1762 676 ita
1783 624 1873 676 erit
1897 620 2062 674 Filius

488 704 705 758 hominis
743 703 797 755 in
834 699 983 755 corde
1017 708 1162 752 terrae
1187 693 1397 766 (Matth.
1427 709 1534 766 xu,
1566 692 1686 766 40)Ῠῖ
1713 692 1778 748 Ει
1805 692 1928 766 quia
1957 700 2063 744 tres

487 783 678 829 noctes
701 781 856 838 sunt,
883 781 990 824 tres
1025 763 1350 838 accipiantur
1385 775 1440 838 et
1479 763 1618 838 dies.
1643 764 1741 838 _Est
1771 764 1910 818 cnim
1957 775 2061 815 nox

488 860 559 900 ne
581 859 771 899 novum
797 834 888 896 aut
913 849 1108 894 contra.
1129 834 1387 892 rationem
1412 835 1546 890 forte
1575 834 1830 898 videatur,
1860 844 1918 886 ut
1941 847 2062 885 cum

489 930 593 970 nox
623 929 686 968 ex
711 912 798 968 die
824 909 1086 980 pendeat:
1111 922 1231 962 nam
1259 915 1382 960 ante
1410 905 1581 960 lucem
1613 905 1802 980 factam
1825 946 1839 970 ,
1868 920 1932 958 ex
1961 917 2064 980 qua

489 984 784 1054 appellatus
825 973 908 1036 est
949 979 1278 1054 dies,_quam
1306 991 1597 1054 vesperum
1642 975 1782 1054 quod
1831 973 2066 1054 sequitur

491 1044 592 1112 nox
625 1054 953 1118 inst'uutum,
982 1044 1200 1105 minime
1234 1044 1521 1110 dubitatur,
1548 1045 1692 1118 quod
1741 1045 1914 1114 passio
1958 1044 2062 1118 Do-

491 1124 679 1180 minica
709 1114 916 1176 a'nocte
937 1114 1165 1175 sumere
1207 1124 1541 1172 asseveratur
1567 1114 1810 1180 initium,
1841 1130 1945 1168 non
1972 1114 2068 1166 ab-

486 1193 714 1266 surdum
739 1199 838 1248 est.
870 1190 1016 1266 Eant
1043 1191 1179 1266 sicut
1211 1188 1330 1266 lux,
1363 1187 1412 1241 id
1449 1196 1532 1266 est
1547 1186 1708 1266 _dies,
1739 1187 1910 1266 imago
1947 1185 2067 1266 vita:

489 1272 602 1327 est;
635 1265 705 1318 ita
733 1279 836 1317 nox
861 1260 1150 1316 similitudo
1174 1259 1358 1313 mortis
1384 1266 1484 1316 est.
1515 1256 1567 1311 id
1587 1267 1668 1311 cst
1698 1256 1932 1327 tenebra:
1959 1272 1972 1308 :
1997 1256 2070 1308 εἰε-

491 1325 657 1390 cutin
683 1332 971 1402 Scripturis
1011 1330 1290 1402 evidenter
1327 1327 1673 1402 ostenduntur
1700 1325 2069 1402 ﬁlii_lucis,_et

491 1419 524 1460 e
549 1413 733 1460 contra
765 1395 1120 1458 tenebrarum.
1151 1400 1260 1454 Nec
1286 1398 1479 1452 mirum
1509 1399 1551 1452 si
1578 1413 1695 1452 cum
1724 1397 1917 1465 ubique
1953 1395 2068 1450 dies

486 1475 662 1541 nocti,
685 1483 738 1528 et
759 1475 934 1527 lumen
964 1471 1214 1533 tenebris,
1242 1469 1328 1523 hic
1352 1469 1521 1541 Solum
1551 1484 1681 1541 quze
1694 1477 1814 1521 sunt
1841 1482 2069 1541 sequen-

487 1546 561 1598 tia
585 1538 937 1600 an’tcrioribus
977 1549 1380 1611 prreponantur;
1422 1539 1506 1593 vel
1545 1538 1686 1607 quod
1717 1541 1765 1592 in
1797 1539 1882 1592 tali
1909 1551 2069 1611 causa

486 1630 667 1670 rerum
683 1615 815 1670 ordo
830 1609 1235 1668 confundituret
1251 1618 1499 1674 mutatur,
1519 1619 1569 1663 ut
1591 1617 1711 1663 ante
1725 1609 2066 1678 signavimus.

485 1684 622 1739 Nam
653 1686 838 1739 mortis
869 1699 968 1738 nox
1003 1682 1188 1751 magis,
1222 1695 1378 1750 quam
1403 1679 1520 1734 dies
1539 1695 1659 1751 esse
1685 1679 1912 1751 videtur.
1948 1678 2069 1751 Ideo

491 1755 689 1810 etenim
717 1769 744 1808 a
773 1763 931 1809 nocte
955 1750 1161 1806 initium
1187 1751 1431 1815 sumitur,
1462 1750 1580 1819 quia
1607 1765 1712 1804 non
1740 1750 1894 1803 aliter
1925 1750 2072 1819 prin:

491 1825 596 1894 cipi
630 1825 967 1880 tenebrarum
992 1823 1090 1877 nisi
1121 1837 1215 1891 per
1240 1829 1448 1894 noctem
1480 1818 1952 1894 potuittsubintrari
1972 1818 2071 1894 ,_id

488 1890 571 1950 est
597 1911 702 1952 non
731 1896 897 1964 potuit
923 1894 1059 1948 vinci
1088 1911 1100 1946 :
1124 1890 1258 1964 etut
1279 1893 1610 1964 aliquatenus
1641 1891 1892 1964 Dominus
1915 1890 2066 1952 lucis.

489 1964 546 2020 id
581 1975 663 2020 est
706 1961 917 2020 aeterna:
943 1965 1064 2017 vitae
1083 2005 1097 2027 ,
1127 1961 1348 2031 principi
1381 1961 1716 2017 tenebrarum
1747 1961 1858 2015 sive
1887 1964 2071 2015 mortis

487 2035 756 2104 subjectus
782 2045 923 2089 esset
949 2033 1015 2088 ad
1040 2043 1279 2104 tempus;
1308 2041 1568 2104 quatenus
1605 2041 1658 2086 ct
1692 2031 1991 2102 praeteritos
2018 2039 2072 2086 et

487 2101 610 2175 post
639 2107 838 2159 futuros
865 2120 894 2158 a
924 2114 1092 2159 morte
1119 2103 1387 2157 liberaret.
1413 2101 1566 2175 Nam
1592 2101 1705 2156 non
1747 2111 1894 2175 esset
1925 2115 2071 2175 mors

492 2171 704 2243 penitus
731 2185 982 2230 evacuata
1005 2217 1020 2239 ,
1048 2189 1147 2229 nec
1171 2188 1400 2243 unquam
1431 2171 1767 2226 tenebrarum
1798 2171 1966 2241 caligo
1990 2171 2072 2225 di-

486 2242 670 2300 scussa
691 2287 707 2312 ,
737 2246 786 2300 si
819 2246 1095 2299 Dominum
1140 2260 1243 2298 non
1279 2242 1499 2297 vidisset
1537 2243 1944 2296 subintrantem.
1975 2243 2069 2296 Et-

489 2315 633 2370 enim
657 2324 798 2370 tanta
821 2316 937 2370 luce
958 2323 1222 2370 secretum
1248 2313 1453 2375 mortis,
1478 2314 1530 2366 in
1553 2327 1658 2381 quo
1679 2312 2068 2379 dominabatur,

489 2386 721 2451 evanuit,
742 2400 839 2440 nec
856 2386 1062 2455 penitus
1074 2385 1209 2438 vinci
1229 2390 1427 2455 potest,
1440 2383 1540 2455 nisi
1562 2383 1650 2455 qui
1670 2383 1751 2437 vel
1768 2397 1862 2450 per
1875 2397 1967 2436 sua
1988 2383 2071 2455 vel

489 2455 544 2510 in
574 2456 684 2510 suis
705 2453 928 2525 capitur.
953 2455 1116 2509 Recte
1140 2469 1265 2524 ergo
1287 2453 1337 2507 in
1361 2453 1450 2507 tali
1475 2453 1684 2525 negotio
1705 2453 2069 2509 tantummodo

488 2540 596 2580 nox
622 2523 824 2580 obtinet
853 2525 1224 2594 principatmn,
1248 2525 1318 2577 ita
1344 2531 1401 2576 ut
1425 2523 1690 2577 amitteret
1713 2531 2026 2592 potestatem
2052 2540 2065 2576 :

489 2602 545 2648 et
571 2603 626 2648 ut
649 2595 816 2650 Judaei
852 2593 957 2648 non
981 2593 1256 2648 credentes
1287 2593 1340 2645 in
1366 2602 1619 2662 perpetua
1648 2602 1802 2647 nocte
1831 2607 2070 2648 remane-

493 2673 633 2730 rent,
665 2680 762 2719 uec
787 2673 971 2718 auctor
995 2664 1107 2717 dies
1138 2663 1265 2716 tanti
1283 2661 1520 2726 sceleris,
1539 2663 1644 2716 imo
1669 2661 1949 2732 sacrilegii,
1974 2664 2069 2718 sed

488 2750 596 2790 nox
621 2735 786 2797 fieret,
814 2734 1130 2804 prtecedenti
1153 2734 1289 2787 nocti
1311 2742 1496 2804 contra
1524 2747 1699 2785 rerum
1728 2733 1921 2804 seriem
1945 2733 2071 2788 sub-

489 2805 633 2859 ditur
670 2804 785 2858 dies
806 2802 826 2866 ,“
850 2805 984 2858 sicut
1032 2804 1168 2857 Deus
1213 2811 1268 2858 et
1313 2803 1566 2856 Dominus
1609 2802 1848 2857 omnium
1893 2818 2068 2858 rerum

488 2873 711 2943 principi
739 2873 950 2928 nefariae
976 2874 1192 2943 mortis,
1209 2880 1266 2926 ut
1288 2887 1474 2943 omnes
1493 2888 1521 2925 a
1547 2873 1733 2926 mortis
1753 2873 1952 2943 laqueis
1974 2890 2072 2928 cx-

488 2942 726 3013 plicaret.
753 2944 904 3011 Quod
930 2943 974 2998 si
1001 2945 1084 2997 cui
1113 2942 1284 2996 adhuc
1321 2942 1458 2997 forte
1487 2943 1694 2996 videtur
1717 2942 1834 2997 esse
1858 2954 2070 2998 contra-

489 3016 650 3082 rium,
673 3015 952 3085 diligenter
971 3013 1209 3067 advertat
1233 3029 1301 3067 ne
1325 3013 1536 3085 incipiat
1572 3013 1692 3085 illud
1718 3013 1900 3068 durius
1925 3015 2070 3068 msti-

489 3100 675 3150 mare,
702 3083 844 3154 quod
889 3084 1028 3138 Deus
1073 3098 1130 3138 se
1176 3098 1456 3154 personam
1502 3083 1930 3154 induenstservi,
1963 3101 2069 3140 non

488 3155 660 3208 dicam
692 3153 919 3210 heminis
938 3195 952 3218 ,
983 3155 1138 3209 morti
1165 3153 1392 3208 dederit.
1415 3153 1551 3220 Quid
1578 3169 1704 3223 ergo
1733 3153 1817 3208 hic
1845 3163 1901 3208 et
1921 3155 2068 3210 ordi-

488 3239 610 3280 nem
636 3226 857 3292 qmeris.
886 3224 973 3278 ubi
1010 3224 1188 3278 omnia
1230 3223 1414 3278 videas
1452 3238 1572 3278 esse
1616 3225 1915 3279 contraria?
1939 3225 2068 3292 Qua:

488 3302 573 3350 est
605 3295 746 3350 enim
789 3296 875 3349 lux
925 3309 1042 3362 quae
1084 3293 1267 3362 fuitin
1317 3294 1579 3352 tenebris.
1610 3306 1664 3348 ει
1691 3295 1923 3348 tenebrae
1949 3311 2066 3349 cam

488 3380 597 3436 non
640 3361 1156 3436 comprehenderunt
1185 3361 1442 3436 (Joanat,
1482 3364 1574 3436 5)?
1605 3365 1858 3436 Dominus
1901 3365 2063 3436 lucis,

488 3435 580 3505 qui
624 3443 680 3490 et
709 3433 1260 3516 _c0ntprel_tensus_eSt.
1295 3433 1394 3516 Qui
1435 3433 1821 3516 enimnsciuse
1859 3435 1924 3489 ad
1965 3435 2066 3516 hoc

488 3502 863 3575 comprehendi
906 3513 963 3558 ut
1015 3502 1267 3570 feriatur,
1315 3513 1520 3572 tempus
1569 3503 1697 3575 illud
1738 3505 1792 3558 in
1839 3515 2064 3560 mortem

487 3583 778 3646 computat.
809 3575 903 3646 Est
929 3582 983 3630 et
1007 3575 1121 3628 dies
1159 3589 1516 3646 sequensqua
1545 3574 1756 3646 auditus
1795 3584 1850 3630 et
1891 3578 2066 3631 cruci-

488 3644 628 3700 ﬁxus
671 3653 772 3700 est.
817 3645 913 3699 Est
951 3653 1006 3700 et
1042 3661 1145 3699 nox
1172 3661 1289 3714 quae
1314 3645 1456 3700 cadit
1483 3645 1534 3698 in
1563 3645 1874 3710 sabbatum,
1903 3657 1983 3700 est
2011 3657 2068 3703 et

487 3714 660 3784 ipsum
682 3715 980 3785 sabbatum.
1010 3716 1102 3769 Est
1123 3715 1282 3770 etiam
1304 3730 1493 3785 vesper
1513 3724 1630 3784 post
1650 3715 1948 3780 sabbatum,
1967 3718 2068 3773 hoc

489 3795 574 3840 est
593 3785 734 3856 quod
749 3784 946 3840 Judaeis
960 3801 989 3838 a
1005 3785 1182 3856 Moyse
1198 3784 1521 3855 praeceptum
1541 3795 1619 3840 est
1638 3785 1688 3839 in
1708 3785 1892 3856 ﬁgura,
1915 3796 1970 3840 ut
1986 3804 2068 3843 ve-

487 3868 645 3926 spere
665 3855 926 3910 intrarent
946 3857 996 3909 in
1015 3855 1312 3926 sabbatum.
1341 3857 1392 3909 in
1421 3871 1527 3926 quo
1546 3855 1798 3912 Dominus
1823 3871 2062 3913 resurre-

485 3925 565 3980 xit
583 3941 599 3978 :
619 3927 705 3996 qui
732 3927 1101 3997 complectitur
1127 3925 1266 3980 diem
1292 3925 1648 3997 dominicum;
1678 3926 1798 3997 quia
1831 3943 1931 3983 nox
1960 3944 2064 3984 non

487 3995 820 4065 computatur
829 3995 946 4051 sine
960 3995 1064 4059 die,
1084 4011 1256 4066 neque
1272 3995 1385 4051 dies
1398 3996 1514 4052 sine
1527 3995 1824 4053 nocteillac
1840 3999 2063 4067 ratione,

487 4074 744 4133 posttres
771 4067 884 4120 dies
903 4075 958 4121 et
980 4075 1100 4133 post
1123 4077 1229 4121 tres
1246 4076 1428 4122 noctes
1452 4068 1704 4122 Dominus
1730 4071 2038 4123 resurrexit.

565 4133 642 4206 (a)
678 4135 934 4206 Phr-scius
977 4133 1218 4191 Salvator
1257 4137 1490 4192 omnium
1531 4152 1650 4206 qua:
1698 4138 1748 4191 in
1789 4152 1848 4192 se
1891 4137 2064 4195 futura

488 4203 670 4268 erant,
699 4203 812 4258 haec
841 4215 1160 4272 protestatus
1189 4215 1269 4261 est
1287 4247 1304 4273 ,
1325 4216 1500 4261 certus
1521 4203 1584 4260 ad
1610 4208 1708 4262 hoc
1737 4223 1795 4262 se
1816 4223 1844 4261 a
1869 4208 2066 4265 Judrnis

488 4275 866 4344 comprehendi
899 4284 954 4329 ut
977 4277 1328 4342 occideretur,
1350 4292 1410 4331 se
1436 4292 1644 4347 quoque
1672 4279 1923 4346 impietati
1952 4280 2068 4334 illo-

487 4358 608 4428 r_um
646 4359 751 4398 non
765 4355 1190 4426 .repugnaturum
1213 4387 1228 4412 ,
1256 4361 1375 4400 cum
1407 4358 1592 4428 posset
1615 4348 1793 4416 utique
1819 4363 1912 4404 eos
1943 4350 2065 4404 illu-

487 4413 657 4487 dere:
687 4415 893 4487 quippe
920 4413 1044 4470 cum
1083 4426 1364 4487 propterea
1405 4413 1515 4487 iam
1561 4413 1838 4484 detentus,
1882 4435 2065 4476 aurem

488 4485 928 4558 serviprincjpis
971 4485 1340 4558 sacerdotum,
1388 4485 1546 4558 quam
1593 4487 1851 4556 producto
1891 4491 2066 4558 gladio

489 4554 788 4626 absciderat
808 4555 994 4626 Petrus
1009 4557 1302 4626 apostolus,
1327 4554 1554 4611 reddidit
1573 4554 1668 4623 {ut
1685 4572 1742 4612 se
1761 4554 2068 4615 ostenderet

492 4639 600 4698 non
629 4625 936 4698 inﬁrmitate
961 4625 1296 4682 humiliatum
1317 4669 1330 4690 ,
1357 4628 1449 4682 sed
1486 4627 1813 4698 providentia
1840 4631 2063 4698 quadam

491 4695 988 4768 voluntatiillorum
1016 4698 1246 4752 cessisse
1271 4698 1336 4768 ad
1366 4695 1573 4766 tempus
1592 4740 1608 4765 ,
1636 4706 1695 4752 ut
1720 4715 1812 4768 per
1839 4695 1939 4754 bne
1977 4717 2066 4756 rc-

488 4779 650 4837 gnum
696 4765 895 4837 inferni
925 4765 1242 4821 destrueret.
1271 4765 1600 4837 lmprovidus
1646 4765 1786 4823 enim
1828 4769 2068 4825 diabolus

489 4836 735 4904 sensibus
775 4849 836 4891 se
872 4835 1174 4892 Judazorum
1220 4835 1514 4904 immersit,
1543 4847 1602 4892 ut
1639 4855 1732 4894 eos
1773 4839 1838 4893 ad
1882 4856 2065 4896 necem

491 4903 779 4981 salvatoris
808 4905 1135 4981 incenderet,
1165 4908 1314 4977 quasi
1337 4909 1439 4981 sibi
1466 4903 1760 4981 prodesset,
1794 4910 1837 4963 si
1869 4910 1953 4965 hic
1977 4912 2068 4981 qui

489 4975 631 5030 viam
653 4975 888 5030 veritatis
923 4975 1252 5043 ostenderet,
1278 4975 1549 5032 tolleretur
1574 4978 1641 5033 de
1661 4980 1766 5033 vita
1788 4995 1801 5031 :
1827 4975 2068 5036 nesciens

490 5043 724 5119 futurum
773 5044 1052 5119 adversum
1095 5061 1173 5119 se.
1201 5048 1328 5119 Cum
1371 5048 1512 5103 enim
1561 5051 1757 5119 peccati
1802 5065 1958 5105 causa
2000 5052 2069 5108 de

490 5115 799 5189 captivitate
817 5115 1060 5189 ligminis
1103 5117 1487 5189 triumpharet,
1529 5115 1774 5174 inventus
1804 5121 1916 5189 ipse
1942 5137 2068 5178 reus

491 5183 589 5254 per
616 5185 666 5239 id
690 5184 831 5255 quod
858 5183 1129 5262 Cltristum
1147 5183 1481 5242 innocentem
1510 5189 1719 5254 occidit,
1745 5199 1804 5244 ut
1824 5183 1953 5247 eum
1978 5193 2067 5262 qui

494 5263 770 5324 peccatum
791 5256 1089 5318 nesciebat,
1118 5257 1255 5312 inter
1281 5268 1587 5327 peccatores
1621 5268 1856 5325 teneret;
1891 5262 1960 5315 ita
1991 5256 2070 5315 fa-

491 5332 635 5401 ctum
675 5333 788 5392 est,
815 5327 1052 5401 utetiam
1086 5327 1204 5401 illos
1227 5342 1362 5398 quos
1381 5328 1502 5401 jure
1528 5330 1582 5401 in
1611 5329 1794 5401 inferis
1820 5332 2067 5401 tenebat,

493 5394 784 5451 amitteret.
829 5394 990 5467 igitur
1033 5394 1516 5467 horum'przescius
1559 5399 1819 5467 Salvator,
1863 5394 2071 5458 noctem

489 5476 594 5587 qua
619 5466 1036 5537 comprehensus
1054 5478 1156 5532 est,
1183 5466 1341 5523 simul
1359 5471 1703 5540 computavit.
1729 5466 1913 5526 omnis
1931 5475 2070 5530 enim

533 5542 775 5587 etenms.
813 5536 903 5587 aui
943 5552 1002 5587 se
1046 5538 1234 5587 iudicis
1272 5554 1458 5587 manus
1495 5555 1600 5587 non
1627 5541 1794 5587 credit
1822 5543 2065 5587 evadet-9-

533 5536 775 5602 etentus’,
813 5536 903 5608 qui
943 5552 1002 5591 se
1039 5538 1234 5608 judicis
1272 5554 1458 5595 manus
1483 5536 1600 5595 'non
1627 5541 1794 5596 credit
1822 5543 2068 5607 evadere,

495 5613 782 5676 antequam
809 5604 1053 5672 feriatur,
1073 5607 1183 5678 jam
1211 5623 1273 5665 se
1301 5618 1568 5666 mortuum
1596 5611 1744 5667 dicit.
1771 5612 1922 5669 Adde
1949 5604 2072 5669 huic

527 5753 633 5866 uta)
665 5755 873 5833 Qumstio
899 5756 1070 5808 eadem
1107 5772 1169 5810 ex
1194 5767 1301 5833 Mss.
1329 5763 1528 5813 secundi
1552 5768 1770 5831 generis,
1814 5767 1941 5818 inter
1965 5773 2074 5832 post

580 5823 719 5866 tutas
741 5829 805 5866 ex
831 5825 954 5866 bove
977 5827 1104 5866 'l‘est-
1131 5822 1317 5866 ducum
1343 5834 1523 5866 octava-

498 5822 719 5880 ruptas
741 5829 805 5869 ex
831 5825 954 5868 Novo
977 5827 1104 5872 't'est.
1131 5822 1319 5873 decima
1343 5834 1524 5874 octava.

1471 363 1917 436 QUASSTIONES
1953 361 2043 419 EX
2085 359 2266 418 NOVO
2305 361 2778 420 TESTAMENTO.

3613 365 3756 424 2260

2171 475 2312 549 diem
2357 494 2463 549 quo
2509 493 2696 548 passus
2719 485 2828 542 est,
2855 498 2907 532 et
2933 485 3242 548 sequentem
3266 487 3496 536 noctem.
3529 482 3682 537 Adde
3707 496 3760 540 et

2169 547 2446 602 sabbatum
2471 547 2526 602 et
2554 558 2762 608 noctem
2789 563 2906 618 quae
2940 547 3159 604 lucescit
3184 551 3236 604 in
3265 549 3405 606 diem
3428 551 3756 609 dominicum

2169 631 2288 693 cum
2318 620 2433 693 ipso
2452 618 2549 693 die
2562 619 2848 693 dominico,
2873 627 2925 693 et
2949 620 3278 693 complevisti
3299 623 3610 693 mysterium
3631 639 3757 693 vers

2169 687 2358 742 borum
2403 689 2630 743 Domini.
2681 688 2976 743 Novissima
3015 687 3156 744 enim
3206 687 3370 746 nocte
3405 707 3528 746 cum
3578 692 3755 749 adhuc

2171 759 2405 812 tenebrae
2433 768 2643 824 essent,
2675 771 2728 813 et
2753 758 2870 813 dies
2914 760 3170 829 inciperet
3205 761 3364 826 oriri,
3398 763 3536 816 inter
3577 763 3753 819 lucem

2170 839 2223 882 et
2250 829 2496 884 tenebras
2532 830 2789 892 surrexit,
2823 839 2876 882 ut
2907 839 2960 884 et
2999 846 3102 883 nox
3139 841 3497 900 computetur,
3525 842 3581 886 et
3606 833 3758 898 dies,

2170 914 2287 981 quo.
2303 901 2469 982 possit
2496 915 2748 956 numerus
2773 915 2804 954 a
2832 900 3107 956 Salvatore
3131 903 3412 971 pnedictus
3436 904 3645 973 integer
3671 905 3754 958 in-

2171 985 2357 1024 VCIIII'I.

2241 1039 2562 1096 LXV.—Si
2594 1055 2698 1112 uno
2732 1055 2826 1112 ore
2873 1049 2928 1096 et
2973 1041 3178 1096 ratione
3205 1041 3556 1112 Evangelistae
3599 1045 3762 1102 locuti

2172 1120 2327 1182 sunt;
2382 1111 2681 1182 quomodo,
2724 1111 2935 1182 factum
2980 1120 3063 1166 est
3113 1121 3169 1166 ut
3219 1111 3388 1168 tribus
3437 1113 3761 1182 dicentibus,

2183 1127 2327 1175 sunt;
2432 1127 2658 1166 uomouo
2724 1127 2916 1166 laetum
2980 1127 3063 1166 est
3113 1127 3169 1166 ιιι
3219 1127 3388 1168 ιτιυιιε
3437 1127 3759 1182 dicentibus,

2183 1181 2236 1252 id
2269 1189 2351 1237 est
2377 1127 2804 1246 liattbwoiuca
2834 1193 2886 1237 et
2912 1181 3136 1245 Joanne,
3151 1183 3270 1252 quia
3297 1193 3446 1240 sexta
3475 1185 3607 1240 liora
3635 1201 3759 1240 cru-

2172 1251 2358 1306 ciﬁxus
2378 1263 2458 1307 est
2483 1252 2753 1316 Dominus,
2777 1252 2981 1308 Marcus
3001 1267 3032 1307 e
3059 1251 3270 1308 diverso
3298 1255 3449 1309 tertia
3477 1255 3612 1311 hora
3638 1271 3762 1310 cru-

2172 1321 2568 1395 citixumdicat
2605 1322 3190 1395 Salvatorem__(Matth.
3235 1339 3414 1395 xxvtt,
3463 1326 3578 1392 45;
3629 1325 3761 1380 Luc.

2173 1408 2321 1455 xxm,
2353 1393 2450 1456 λης
2473 1391 2629 1447 Joan.
2653 1409 2765 1454 xtx,
2795 1394 2894 1456 M;
2925 1391 3090 1447 Merc.
3121 1410 3209 1460 xv,
3235 1394 3369 1463 9.5)?

2243 1463 2495 1518 Obscuris
2520 1479 2641 1518 vera
2669 1464 2936 1518 involvere
2962 1479 3068 1518 non
3109 1471 3192 1519 est
3233 1464 3450 1519 bonum.
3486 1465 3621 1520 Nam
3653 1474 3764 1521 tres

2174 1533 2528 1604 Evangelista:
2555 1549 2718 1589 unum
2739 1549 2967 1590 sensum
2999 1534 3316 1600 habuerunt,
3347 1535 3552 1589 Marcus
3581 1545 3762 1591 autem

2173 1619 2286 1658 rem
2312 1621 2430 1674 quae
2458 1605 2526 1658 ab
2554 1604 2655 1658 illis
2680 1605 3033 1673 prmtcrmissa
3060 1604 3264 1670 fuerat,
3295 1606 3461 1660 voluit
3492 1605 3762 1670 intimare,

2173 1675 2348 1730 sciens
2370 1676 2740 1729 necessariam.
2756 1674 2864 1729 Nec
2884 1676 3024 1728 enim
3045 1673 3156 1729 falli
3178 1685 3355 1742 posset
3370 1676 3460 1745 qui
3481 1686 3765 1731 auctontm

2174 1745 2415 1815 exempla
2455 1755 2700 1810 secutus,
2729 1760 2792 1800 ea
2836 1760 2955 1814 qua:
2995 1746 3207 1813 scripsit
3245 1760 3434 1815 magna
3476 1746 3767 1803 devotione

2173 1823 2229 1885 et
2255 1814 2513 1868 industria
2542 1815 2744 1877 didicit,
2773 1823 2828 1870 et
2852 1830 2950 1870 nec
2985 1816 3101 1870 sine
3141 1814 3562 1885 sancto'Spiritu
3615 1817 3761 1873 fecit.

2174 1884 2311 1952 Quid
2355 1900 2482 1955 ergo
2527 1901 2595 1941 ex
2640 1885 2741 1940 hoc
2781 1885 3064 1940 ostendere
3093 1885 3293 1948 voluit.
3335 1884 3495 1940 debet
3534 1887 3762 1942 absolvi.

2174 1955 2542 2026 Contuendum
2584 1956 2760 2026 itaque
2801 1966 2904 2020 est,
2933 1955 3067 2026 quia,
3095 1971 3244 2009 nona
3271 1956 3461 2022 Pilato,
3492 1958 3587 2012 sed
3614 1973 3646 2012 a
3669 1958 3765 2012 Ju-

2175 2024 2308 2099 daais
2327 2025 2570 2080 Salvator
2594 2024 2876 2099 cruciﬁxus
2903 2024 3004 2081 est.
3041 2025 3306 2094 Quantum
3335 2026 3476 2099 enim
3507 2027 3588 2099 ad;
3616 2027 3765 2099 leges

2175 2095 2446 2150 Romanas
2487 2097 2774 2165 pertinuit.
2813 2098 3151 2151 innocentem
3181 2097 3542 2165 pronuntiavit
3567 2095 3763 2152 Salva-

2177 2175 2367 2221 torem.
2397 2167 2486 2222 Ait
2522 2167 2662 2221 enim
2693 2167 2894 2221 Pilatus
2917 2165 3148 2233 Iudaeis,
3179 2165 3290 2233 Ego
3328 2167 3526 2221 nullam
3561 2170 3764 2223 invenio

2174 2252 2381 2308 causam
2410 2236 2590 2308 ineo.
2614 2237 2680 2291 Et
2719 2237 3015 2293 dicentibus
3044 2225 3174 2299 illis,
3221 2225 3469 2308 Cruci/iga
3490 2254 3609 2292 eum
3626 2256 3647 2304 ;
3671 2255 3765 2294 re-

2175 2307 2389 2378 spondit
2409 2307 2593 2378 ,tQuid
2616 2308 2750 2361 enim
2776 2308 2898 2362 ntali
2943 2308 3100 2378 fecit?
3124 2308 3358 2376 Denique
3390 2307 3684 2377 persistens
3711 2318 3765 2364 et

2175 2377 2359 2432 volens
2387 2377 2613 2432 educere
2637 2393 2759 2433 eum
2804 2377 2871 2432 de
2918 2377 3166 2432 manibus
3207 2393 3389 2432 eorum
3433 2379 3759 2434 calumniam

2175 2462 2363 2517 passus
2383 2457 2482 2509 est.
2511 2447 2807 2503 dicentibus
2829 2448 2930 2514 eis,
2961 2447 3021 2502 Si
3041 2448 3173 2501 hunc
3193 2448 3420 2514 dimittis,
3447 2465 3549 2503 non
3570 2466 3623 2504 es
3642 2451 3765 2502 ami-

2173 2534 2263 2590 ειη
2291 2517 2729 2590 (Σωεςιῖὶεκοηιηὶδ
2754 2519 2885 2572 enim
2907 2518 2992 2590 qui
3016 2535 3069 2590 se
3093 2534 3257 2588 regem
3287 2519 3430 2590 facit,
3457 2521 3762 2590 contradicit

2174 2585 2384 2658 Ctesaii.
2409 2588 2496 2643 Sic
2519 2588 2712 2658 factum
2739 2599 2821 2644 est
2837 2598 2894 2643 ut
2917 2585 3164 2642 traderet
3177 2585 3296 2643 eum
3315 2588 3517 2658 judicio
3545 2589 3762 2645 illorum

2176 2655 2354 2731 (Joati.
2377 2675 2495 2731 μιᾳ,
2516 2657 2696 2731 4-15).
2725 2659 3204 2731 Sententiamergo
3234 2655 3340 2714 non
3360 2659 3509 2714 dedit
3529 2661 3756 2724 Pilatus,

2174 2727 2268 2800 sed
2292 2727 2482 2783 Judaei.
2510 2727 2742 2798 Denique
2772 2730 3070 2800 prmmoniti
3098 2727 3250 2800 sunt,
3275 2731 3471 2799 inquit,
3501 2746 3532 2785 a
3563 2731 3763 2800 princi-

2173 2798 2330 2868 pibus
2374 2799 2748 2872 sacerdotum,
2774 2798 2843 2855 ἰιι
2889 2800 3156 2872 dicerent,
3206 2798 3579 2872 Cruciﬁgaturi
3614 2801 3764 2856 Hauc

2173 2869 2488 2942 sententiam
2534 2871 2694 2942 tertia
2739 2872 2869 2942 liora
2907 2870 3084 2925 datam
3135 2872 3244 2942 vult
3295 2869 3517 2942 intelligi
3561 2873 3615 2925 in
3658 2887 3762 2942 qua

2175 2939 2404 3010 assiduis
2427 2941 2648 2996 vocibus
2676 2941 3023 3010 perdurantcs
3050 2955 3170 2994 cum
3202 2939 3482 2995 intervallo
3506 2939 3759 2997 horarum

2173 3007 2283 3064 fere
2311 3011 2490 3075 trium,
2517 3007 2710 3079 quibus
2732 3012 2861 3065 itum
2890 3021 2942 3066 et
2969 3011 3193 3066 reditum
3219 3020 3299 3066 est
3315 3012 3380 3066 ab
3395 3010 3761 3076 lierode,cru-

2171 3079 2453 3152 cilixcrunt
2482 3081 2833 3152 Salvatorem.
2851 3081 3036 3136 Omnis
3056 3082 3200 3136 enim
3221 3083 3310 3152 qui
3332 3081 3598 3137 addicitur
3618 3098 3764 3138 mor-
3829 3121 3834 3125 -

2174 3150 2210 3203 ti
2235 3192 2250 3213 ,
2293 3165 2358 3204 ex
2387 3166 2452 3222 eo
2476 3151 2584 3220 jam
2615 3161 2857 3207 mortuus
2891 3150 3253 3220 computatur,
3284 3167 3390 3222 quo
3435 3154 3758 3208 sententiam

2173 3222 2390 3294 excipit.
2434 3221 2786 3294 Manifestavit
2833 3223 2990 3292 igitur
3035 3222 3240 3294 Marcus
3260 3264 3275 3290 ,
3303 3221 3422 3292 quia
3452 3238 3559 3294 non
3590 3226 3641 3278 in
3670 3224 3758 3294 ju-

2172 3290 2306 3346 dicis
2349 3293 2610 3346 sententia
2657 3290 2898 3347 Salvator
2949 3291 3228 3346 crucifixus
3267 3290 3367 3348 est.
3411 3293 3635 3348 Diflicile
3672 3290 3760 3348 est

2171 3361 2312 3414 enim
2345 3362 2677 3417 innocentem
2709 3365 2932 3430 probare
2969 3378 3123 3428 emn,
3151 3364 3240 3432 qui
3267 3365 3527 3417 sententia
3572 3365 3762 3419 'udicis

2173 3431 2406 3489 punitur.
2437 3432 2747 3488 Discordare
2771 3448 2898 3489 ergo
2936 3447 2995 3486 se
3035 3449 3223 3489 passus
3246 3444 3326 3488 est
3371 3433 3424 3488 in
3469 3381 3666 3489 verbo.
3702 3444 3761 3489 ut

2173 3431 2406 3502 punitur.
2437 3432 2747 3488 Discordare
2771 3448 2898 3502 ergo
2936 3447 2995 3486 se
3035 3431 3223 3502 passus
3246 3444 3326 3488 est
3371 3433 3424 3488 in
3469 3431 3666 3499 verbo,
3702 3444 3761 3489 ut

2170 3501 2386 3573 doceret
2413 3504 2563 3557 tertia
2591 3502 2718 3557 bora
2747 3501 2976 3572 emptum
2999 3501 3136 3564 ρεεε,
3160 3503 3299 3573 quod
3325 3512 3474 3559 sexta
3501 3504 3632 3558 hora
3654 3505 3757 3560 im-

2173 3571 2369 3644 pletum
2401 3582 2482 3627 est
2508 3590 2521 3626 :
2547 3588 2650 3628 non
2683 3573 2906 3644 legibus,
2935 3573 3028 3628 sed
3058 3571 3375 3643 persistente
3414 3576 3749 3630 malevolen-

2173 3643 2242 3696 tia
2268 3642 2591 3698 Judrcorum.

2246 3712 2319 3782 (a)
2360 3712 2610 3768 Obscuris
2652 3728 2777 3768 vera
2818 3713 3087 3768 involvere
3127 3729 3231 3768 non
3261 3722 3344 3769 est
3369 3714 3589 3769 bonum.
3618 3713 3756 3770 Nam

2172 3790 2278 3837 tres
2307 3783 2672 3852 Evangelistas
2697 3799 2880 3838 verum
2914 3784 3114 3839 dixisse
3146 3785 3256 3853 ipsa
3283 3787 3568 3840 concordia
3601 3786 3757 3841 obte-

2171 3861 2364 3908 statur.
2391 3853 2624 3909 Marcum
2652 3862 2829 3908 autem
2857 3869 3074 3910 sensum
3103 3855 3282 3909 nescio
3307 3871 3462 3920 quem
3487 3857 3758 3910 occultum

2169 3924 2401 3979 voluisse
2447 3925 2694 3992 prodere,
2725 3939 2813 3978 res
2854 3926 2964 3994 ipsa
3009 3925 3264 3978 declarat.
3305 3925 3416 3979 Nec
3460 3926 3601 3980 enim
3650 3926 3758 3980 falli

2172 4005 2374 4064 posset,
2389 3996 2477 4066 qui
2493 4007 2768 4050 auctorqu
2789 3996 3026 4066 exempla
3044 4003 3278 4066 secutus.
3295 4010 3357 4050 ea
3368 4010 3497 4066 qua}
3515 3997 3756 4066 scripsit,

2171 4079 2373 4136 magna
2401 4064 2681 4120 devotione
2721 4073 2776 4120 et
2802 4065 3076 4136 industria
3117 4065 3320 4120 didicit.
3349 4064 3486 4133 Quid
3523 4064 3657 4136 ergo
3683 4083 3748 4122 ex

2173 4133 2279 4208 ltoe
2301 4134 2448 4189 dicto
2460 4135 2702 4208 prodere
2727 4135 2916 4208 voluit,
2938 4136 3415 4208 solertiﬁvigilantia
3438 4133 3759 4208 investigan-

2172 4203 2297 4259 dum
2313 4214 2428 4277 est.
2460 4205 2567 4260 Nec
2603 4206 2742 4260 enim
2784 4205 2953 4261 otiose
2995 4222 3026 4260 a
3075 4203 3656 4277 tribus'Evangclistis'
3676 4209 3761 4262 di-

2171 4275 2420 4331 scordare
2447 4289 2506 4330 se
2532 4291 2717 4345 passus
2746 4277 2798 4330 in
2828 4277 3005 4331 verbis
3030 4284 3132 4332 est.
3161 4275 3661 4333 Animadvértamus
3682 4294 3752 4334 ne

2172 4359 2355 4400 verum
2381 4345 2579 4410 dicant,
2607 4347 2695 4416 qui
2723 4348 3040 4402 sententiam
3067 4347 3244 4401 datam
3273 4349 3424 4402 tertia
3447 4348 3578 4403 hora
3599 4348 3754 4404 dixe-

2171 4423 2327 4481 runt,
2356 4430 2418 4496 ac
2443 4430 2538 4496 per
2559 4418 2662 4496 tioc
2692 4418 2847 4496 tertia
2876 4417 3002 4471 hora
3039 4417 3717 4496 cruciﬁxumASa'lvatorem
3739 4460 3755 4484 ,

2172 4486 2412 4554 quamvis
2446 4486 2572 4541 illud
2607 4487 2832 4555 probare
2867 4501 2971 4541 n0n
2999 4488 3296 4543 valuerunt.
3343 4488 3570 4544 Sensum
3611 4490 3758 4545 enim

2173 4555 2322 4630 forte
2333 4557 2506 4630 sciunt
2525 4597 2541 4623 ,
2567 4556 2664 4612 sed
2690 4567 2952 4630 quatenus
2975 4557 3279 4623 defendant,
3313 4559 3576 4630 ignorant.
3608 4559 3762 4614 Ideo-

2171 4641 2276 4695 que
2293 4626 2443 4680 Pilati
2467 4642 2689 4697 persona
2716 4629 2925 4682 interim
2947 4638 3276 4697 sequestrata
3301 4626 3593 4696 videamus,
3616 4630 3760 4685 unde

2172 4697 2433 4751 sententia
2477 4696 2598 4751 data
2646 4698 2696 4752 in
2742 4696 3070 4752 Salvatorem
3103 4699 3318 4768 accepit
3361 4700 3673 4764 exordium,
3707 4710 3762 4756 et

2175 4775 2300 4840 tunc
2323 4768 2598 4840 apparebit
2623 4782 2699 4840 an
2721 4770 2888 4840 possit
2907 4784 3091 4840 verum
3141 4769 3307 4824 videri
3331 4769 3474 4840 quod
3503 4770 3755 4825 dicimus.

2173 4837 2395 4910 (_Zonstat
2420 4837 2890 4910 itaqueprineipes
2913 4837 3216 4893 Judzeorum
3245 4837 3633 4910 praemonuisse
3661 4840 3763 4896 Juo

2173 4905 2319 4978 duros
2348 4916 2405 4961 ut
2429 4905 2719 4978 Barabbam
2749 4905 3008 4964 latronem
3041 4905 3281 4978 peterent
3309 4911 3407 4965 sibi
3434 4911 3483 4964 in
3511 4910 3598 4965 die
3623 4910 3766 4966 festo

2173 4977 2399 5051 dimitti,
2424 4977 2605 5051 Jesutn
2651 4993 2778 5051 vero
2811 4979 3120 5049 crucifigere
3153 4980 3369 5036 debere.
3398 4981 3593 5036 Contra
3618 4981 3765 5051 quod

2176 5047 2374 5102 Pilatus
2400 5063 2520 5102 cum
2546 5047 2635 5102 diu
2667 5050 2972 5112 resisteret,
2996 5047 3179 5104 volens
3207 5051 3473 5106 dimittere
3515 5047 3752 5105 Salv—ato.

2176 5132 2312 5182 rem,
2345 5117 2649 5188 frequenter
2674 5121 2874 5174 intrans
2896 5128 2951 5175 et
2973 5120 3156 5174 exiens
3181 5121 3246 5174 ad
3277 5121 3489 5176 Judmos
3509 5163 3524 5188 ,
3553 5121 3768 5176 dicebat

2179 5188 2377 5242 nullam
2405 5203 2465 5243 se
2495 5189 2546 5242 in
2578 5205 2643 5243 eo
2669 5204 2880 5244 causam
2919 5191 3106 5245 mortis
3139 5191 3340 5246 videre.
3371 5192 3449 5246 Illi
3475 5201 3654 5246 autem
3683 5192 3767 5246 in-

2177 5257 2427 5342 sistentes
2475 5259 3160 5342 dicebant_,_t.‘ruciﬁgotttr.
3206 5261 3341 5342 Hinc
3402 5276 3589 5342 morte
3627 5270 3766 5316 ortas

2179 5338 2330 5394 sunt,
2355 5339 2407 5384 et
2450 5343 2573 5384 cum
2622 5329 2856 5402 illuditur
2877 5347 2906 5384 a
2938 5329 3190 5402 militibus
3210 5372 3224 5396 ,
3257 5341 3312 5387 et
3350 5333 3679 5402 producitur,
3710 5341 3769 5387 et

2179 5408 2326 5471 veste
2355 5415 2617 5469 purpurea
2647 5400 2901 5467 induitur,
2931 5410 2985 5455 et
3014 5401 3072 5454 fit
3101 5402 3148 5456 ei
3177 5400 3371 5457 corona
3399 5402 3465 5457 de
3487 5403 3678 5471 spinis,
3707 5412 3766 5456 et

2180 5468 2527 5542 adoratur,’et
2559 5472 2887 5540 conspuitur,
2919 5479 2975 5542 et
3000 5471 3308 5542 ﬂagellatur,
3339 5483 3392 5529 et
3423 5468 3614 5542 palmis
3639 5487 3769 5527 ver—

2182 5538 2417 5613 Iteratur,
2445 5538 2724 5610 propterea
2755 5549 2904 5613 sexta
2933 5538 3156 5598 hora'in
3185 5538 3398 5598 crucem
3423 5538 3632 5613 positus
3660 5551 3766 5613 est.

2183 5609 2262 5662 Ad
2287 5609 2506 5665 Pilatum
2527 5609 2700 5665 autem
2718 5611 2975 5668 adductus
2995 5620 3078 5666 εει
3097 5629 3115 5666 :
3138 5621 3261 5668 tunc
3284 5609 3450 5668 exivit
3475 5611 3542 5668 ad
3567 5627 3662 5668 eos
3673 5611 3769 5666 Pi-

2182 5679 2320 5734 latus
2341 5679 2503 5747 l‘oras,
2519 5682 2770 5753 quoniam
2783 5683 2882 5753 ipsi
2903 5697 3006 5738 non
3023 5681 3342 5738 introierunt
3359 5683 3694 5754 prmtorium;
3712 5691 3769 5739 et

2186 5769 2327 5896 “ﬁt;
2343 5772 2550 5829 Quzrstio
2573 5771 2746 5822 eadem
2779 5785 2845 5822 ex
2886 5777 2995 5823 Mss.
3035 5772 3240 5844 secundi
3261 5774 3479 5838 generis,
3504 5773 3634 5824 inter
3656 5778 3770 5838 post

2333 5840 2404 5884 tas
2428 5848 2491 5884 ex
2517 5841 2643 5886 Novo
2666 5835 2817 5893 Τεει..
2841 5836 3074 5896 vigesima
3097 5848 3265 5896 pruna.

2333 5840 2404 5884 tas
2428 5848 2491 5884 ex
2517 5841 2643 5886 Novo
2666 5835 2817 5893 Τεει..
2841 5836 3074 5899 vigesima
3097 5836 3265 5908 prima.
