4012 6468
531 347 674 406 226⁸1

533 457 758 524 gentibus
784 455 975 510 multis.
999 453 1264 524 Quantum
1291 461 1420 524 ergo
1447 445 1512 502 ad
1541 445 1650 524 veri
1692 441 2111 524 pcrtinet_ratio-

531 515 689 596 item,
717 535 840 598 post
877 515 1120 582 exsilium
1151 515 1490 591 Evangelium
1529 515 1806 639 scriqlsisse
1837 515 2110 596 probatur.

536 599 592 639 In
621 597 811 639 "calin
849 597 988 639 enim
1021 593 1221 639 nnsilns
1255 591 1310 639 in
1347 590 1512 639 insula
1547 587 1640 639 Pal
1683 599 1830 639 mos.
1864 601 1916 638 In
1955 599 2110 639 uuam

535 599 593 654 In
621 587 811 653 exsilio
849 597 993 668 enim
1021 593 1221 668 positus
1255 587 1321 645 iri
1347 590 1512 644 insula
1541 587 1920 668 Pathmos,
1955 599 2112 654 quam

531 669 708 724 fuerat
735 683 764 722 a
807 656 1762 737 Domitianoimperatorerelegatus,
1797 656 1928 737 vidit
1957 669 2112 737 reve-f

534 740 804 802 lationem,
849 737 988 792 sicut
1021 735 1169 798 dicit,
1209 729 1266 786 in
1312 731 1398 786 die
1441 729 1708 802 dominico
1732 745 1758 802 _:
1782 735 1938 802 post,
1977 729 2116 780 sicut

533 811 664 876 dixi,
713 797 924 877 scripsit
961 797 1327 877 Evangelinm,
1377 799 1530 877 quod
1565 797 1827 877 hzereticis
1869 811 2110 877 amarum

533 867 807 950 est,'quos
824 867 1466 950 'injventre'signjticavit.
1497 869 1633 950 Sunt
1665 867 1808 923 enim
1847 868 2108 950 carnales,

536 938 658 1019 quia
686 938 846 1019 'male
891 938 1204 1019 intelligunt
1228 943 1518 998 Christum.
1565 938 1632 1019 In
1667 955 1754 992 ore
1791 947 1956 1019 autem
2001 947 2108 1019 tuo,

533 1009 674 1090 quod
711 1017 860 1090 dicit,
900 1017 992 1070 erit
1035 1009 1203 1090 dulcis
1238 1023 1475 1090 umquam
1517 1010 1661 1090 mel:
1686 1009 1846 1090 quasi
1873 1009 2112 1090 omnium

533 1079 956 1144 Christianorum
987 1102 1148 1141 ttnum
1179 1085 1302 1139 facit
1330 1079 1545 1152 corpus,
1577 1089 1634 1134 ut
1657 1079 1848 1152 singuli
1874 1079 2110 1152 membra

535 1159 642 1212 sint
669 1157 802 1212 alter
815 1158 1107 1232 _alteriu_s__:_
1129 1157 1200 1210 ita
1229 1163 1289 1208 ut
1319 1147 1514 1232 more,
1534 1147 1688 1232 quod
1717 1147 1896 1232 utique
1925 1147 2112 1232 capitis

535 1241 661 1301 pars
685 1237 789 1295 est,
813 1227 1234 1301 honorabiliorcs
1259 1233 1312 1280 et
1336 1219 1599 1301 ﬁdeliores
1619 1219 1898 1301 signiticet,
1922 1219 2112 1301 quibus

535 1292 732 1353 veritas
775 1292 898 1368 quae
941 1297 1009 1352 de
1059 1297 1267 1368 Christo
1311 1301 1411 1356 est,
1456 1292 1624 1368 dulcis
1664 1298 1778 1368 est_;_
1823 1292 1875 1368 in
1925 1299 2112 1368 ventre

535 1360 815 1442 haireticos
841 1367 1122 1438 signiﬁcat,
1149 1367 1272 1442 quia
1296 1363 1538 1442 carnales
1564 1360 1944 1442 sunt_.'\'eritas
1968 1360 2112 1442 enim

573 1455 653 1510 ua:
679 1431 942 1494 Christum
973 1431 1368 1510 verumipeum
1389 1433 1641 1510 loquitur,
1681 1431 1761 1510 his
1799 1445 1991 1510 amara
2003 1437 2108 1510 est.

583 1517 728 1562 otutn
777 1510 916 1563 enim
961 1507 1302 1578 Evangelium
1343 1499 1788 1578 Joannis_contra
1833 1499 2112 1578 harreticos

533 1587 634 1632 est.
664 1579 858 1634 Contra
889 1571 1171 1634 Photinu'm
1213 1578 1354 1632 enim
1374 1617 1389 1641 ,
1419 1575 1508 1644 qui
1540 1573 1808 1644 Christum
1849 1583 1971 1644 ante
2001 1571 2112 1624 Ma-

535 1649 668 1702 riam
699 1665 818 1722 esse
841 1659 1021 1722 negat,
1055 1649 1242 1718 probat
1265 1646 1332 1700 de
1355 1641 1507 1701 ctelis
1525 1643 1864 1722 deseettdisse
1882 1641 2114 1722 Salvato-

535 1733 673 1774 rem.
695 1719 891 1775 Contra
912 1713 1100 1774 'Ariut'u
1127 1726 1322 1782 autem,
1355 1715 1584 1770 ostendit
1607 1713 1874 1768 Christum
1906 1713 2110 1782 initium

537 1805 642 1860 non
683 1789 882 1846 habere
917 1808 932 1848 ;
961 1791 1084 1860 quia
1113 1790 1166 1844 in
1197 1781 1346 1843 initio
1374 1795 1484 1860 erat
1515 1787 1651 1860 Deus
1674 1781 2112 1860 Cln'istns_Filius

537 1859 630 1914 Dei
659 1861 797 1929 apud
823 1853 994 1916 Deuni
1013 1861 1242 1920 Patrem,
1271 1867 1325 1929 et
1348 1857 1467 1929 quia
1499 1855 1628 1908 nihil
1653 1855 1772 1929 sine
1799 1855 1890 1929 illo
1917 1853 2110 1929 factum

537 1940 638 1994 est,
669 1924 841 2002 ipsum
885 1947 990 1986 non
1015 1946 1175 2002 posse
1192 1928 1328 2002 rdic_i_
1347 1924 1622 2002 facturam.
1648 1926 1702 1981 Si
1729 1925 1870 2002 cuitu
1897 1924 2111 2002 tactura
2135 1937 2140 1940 '

537 1994 918 2068 eratfiabtum
957 1994 1100 2058 esset
1132 1997 1332 2070 aliquid
1358 1999 1493 2070 sine
1523 1997 1657 2070 illo__;
1691 1995 1784 2050 sed
1824 1996 1945 2063 quia
1985 1994 2110 2070 nihil

537 2065 677 2124 sine
706 2072 797 2126 illo
843 2081 986 2138 crat,
1039 2065 1252 2139 semper
1299 2069 1414 2122 fuit.
1463 2066 1751 2122 Sabellium
1797 2065 2114 2139 au_tcm_qni

539 2141 787 2212 unionem
817 2135 1007 2212 accipit
1034 2135 1240 2197 Patrem
1267 2149 1320 2193 et
1349 2139 1560 2212 Filium,
1591 2147 1646 2190 ut
1677 2151 1810 2212 ututs
1833 2135 2114 2212 singularis

537 2210 744 2266 duobus
772 2207 1072 2268 nominibus
1107 2219 1456 2278 nuncupatur,
1489 2209 1566 2262 sic
1604 2207 1839 2262 conl'utat
1870 2219 1926 2260 ut
1951 2207 2112 2278 dicat,

539 2281 602 2352 ξε
649 2299 727 2336 me
767 2284 1070 2352 diligeretis.
1123 2277 1404 2352 gauderetis
1447 2280 1654 2352 utique,
1703 2278 1820 2348 quia
1869 2277 2116 2352 vadgﬂad

541 2349 768 2416 Patrem,
807 2345 924 2420 quia
967 2345 1145 2406 Pater'
1165 2355 1328 2419 major
1369 2365 1446 2402 me
1488 2345 1560 2403 est
1601 2345 1778 2418 (Joan.
1823 2364 1932 2420 x‘tv,
2097 2365 2110 2400 :

539 2421 626 2475 ubi
681 2416 1034 2477 manil'estavit
1075 2416 1298 2477 duorum
1347 2416 1640 2490 personas,
1689 2416 2115 2490 quandoFilius

539 2491 749 2546 Patrem
796 2494 1046 2562 majorem
1077 2492 1324 2562 appellat.
1357 2490 1468 2562 Nec
1510 2490 1650 2562 enim
1668 2489 1964 2562 singularis
2001 2489 2116 2562 ipse

537 2562 638 2616 sibi
687 2563 854 2632 major
879 2559 986 2618 est.
1035 2559 1248 2618 Necnon
1287 2561 1558 2632 convincit
1587 2567 1641 2614 et
1659 2559 1984 2632 glarcionem
2025 2559 2114 2628 qui

537 2628 976 2688 carncm'Christi
1012 2634 1254 2702 denegat.
1291 2632 1428 2686 Dixit
1448 2631 1619 2702 enim,
1651 2628 1721 2702 Et
1748 2629 1968 2702 Verbum
1997 2645 2116 2682 caro

539 2705 728 2772 factum
765 2713 856 2766 est,
885 2715 930 2757 ct
969 2699 1206 2758 habitauit
1233 2703 1286 2756 in
1311 2703 1452 2756 nobis
1481 2700 1589 2772 (Id.
1619 2717 1657 2766 ι,
1701 2701 1790 2772 ιι)
1817 2699 1928 2754 Iloc
1953 2716 2113 2755 sensu

537 2771 696 2826 etiam
727 2773 1072 2828 Manichannu
1099 2775 1303 2844 arguit,
1334 2773 1424 2844 qui
1454 2771 1732 2844 Christum
1755 2771 1994 2844 incuruo
2021 2786 2112 2826 ve-

541 2844 685 2914 nisse
713 2847 908 2910 nescit,
939 2855 991 2898 et
1019 2841 1318 2914 nuptiarum
1349 2841 1520 2896 aditus
1549 2841 1870 2904 intercludit,
1901 2841 2114 2914 ignarus

533 2912 862 2986 Salvator-em
879 2912 1177 2986 nuptiarum
1203 2915 1500 2986 convivium
1520 2912 2118 2986 remunerasse.Si_mili-

535 2984 698 3038 modo
723 2995 778 3040 et
799 2981 1066 3055 proph'ctm
1090 2985 1353 3040 Ezechieli
1381 2985 1577 3038 dictum
1623 2991 1702 3055 est
1730 2981 1798 3035 ah
1831 2984 2020 3055 angelo
2059 2993 2116 3038 ut

534 3053 811 3124 acciperet
832 3057 1078 3112 volumen
1107 3056 1320 3124 (Ezeclt.
1349 3070 1424 3120 ut,
1449 3055 1526 3123 1),
1550 3062 1604 3106 et
1641 3053 1922 3124 devoraret
1961 3053 2111 3124 illud,

539 3133 596 3195 et
614 3123 771 3180 dulce
799 3137 942 3181 esset
971 3129 1021 3180 in
1035 3123 1126 3180 ore
1141 3127 1278 3195 ejus,
1291 3135 1530 3181 ventrem
1547 3135 1724 3178 autem
1736 3123 1850 3192 ejus
1863 3123 2112 3194 repleret.

536 3194 650 3250 IIoc
691 3195 890 3251 dictum
929 3206 1012 3252 est
1055 3194 1343 3267 prophetae,
1385 3211 1504 3267 cum
1545 3195 1736 3249 missus
1775 3203 1856 3267 est
1893 3210 2116 3267 arguere

537 3267 791 3346 populum
838 3265 1096 3346 perfidum
1125 3277 1184 3346 _et
1231 3265 1696 3346 indisciplinatum,
1747 3265 1834 3334 qui
1873 3265 2116 3346 similiter

538 3337 592 3406 in
635 3346 818 3392 ventre
859 3339 1136 3406 signiticati
1185 3345 1326 3402 sunt,
1374 3337 1494 3406 quia
1535 3344 1689 3390 erant
1726 3337 1988 3389 carnales.
2037 3337 2116 3392 Ex

537 3405 624 3476 his
653 3419 776 3460 sunt
807 3405 942 3476 quos
969 3409 1237 3475 Scriptura
1281 3407 1332 3460 in
1363 3405 1492 3476 Isaia
1532 3406 1810 3476 propheta,
1845 3407 1967 3458 licet
1993 3409 2114 3462 ntali

538 3475 676 3548 sint,
721 3474 909 3548 fratres
945 3474 1192 3548 appellat.
1237 3477 1372 3548 Dicit
1411 3475 1553 3530 enim
1595 3493 1608 3530 :
1659 3474 1759 3548 Vos
1799 3477 1887 3546 qui
1936 3477 2117 3532 timetis

536 3544 724 3614 Deum,
753 3547 904 3602 dicite
926 3544 1030 3604 illis
1056 3549 1140 3618 qui
1159 3564 1243 3602 ros
1269 3547 1503 3618 oderunt,
1531 3562 1618 3600 nec
1638 3544 1904 3618 audierunt
1925 3563 2116 3618 prtere-

535 3625 628 3690 pta_
650 3633 779 3690 mee,
802 3618 1013 3690 Fratres
1038 3616 1196 3690 nostri
1221 3619 1337 3672 estis
1350 3616 1522 3690 7(lsai,
1551 3633 1693 3690 tam,
1719 3617 1771 3690 5,
1794 3616 2112 3690 δεςηξλΧΧ).

606 3687 837 3744 LXXIII.
865 3718 936 3728 -
955 3689 1090 3757 Quid
1121 3697 1202 3744 est
1225 3686 1382 3758 quod
1401 3689 1616 3758 Simeon
1645 3687 1773 3742 dicit
1797 3686 1864 3740 ad
1895 3686 2114 3742 Mariam

535 3767 760 3814 matrem
791 3760 1000 3815 Domini
1031 3761 1169 3815 inter
1196 3757 1408 3826 cmtera,
1445 3757 1542 3814 llic
1570 3758 1762 3822 positus
1797 3767 1872 3812 est
1923 3759 1974 3812 in
2005 3760 2116 3811 rui-

535 3845 655 3882 nam
705 3841 752 3884 et
805 3831 860 3885 in
913 3831 1324 3884 resurrectionem
1373 3829 1641 3882 multorum
1705 3829 1758 3882 in
1811 3827 2021 3884 Israel:
2069 3839 2116 3883 et

535 3909 690 3971 tuam,
727 3901 915 3971 inquit,
944 3903 1104 3971 ipsius
1129 3903 1350 3954 animant
1377 3899 1698 3971 pertransibit
1713 3897 2009 3968 gladius.'ut
2039 3917 2117 3954 re-

533 3969 758 4025 velentur
775 3969 1048 4026 multorum
1063 3972 1287 4026 cordium
1305 3969 1628 4040 cogitationes
1645 3969 1794 4040 (Luc.
1815 3986 1870 4036 ιι,
1887 3972 1974 4033 54,
1989 3971 2116 4035 55)?

610 4040 827 4096 Simeon
866 4043 948 4096 vir
987 4053 1220 4107 sanctus,
1256 4049 1312 4096 et
1347 4039 1538 4094 divinis
1569 4039 1799 4094 oraculis
1840 4056 2116 4096 commen-

533 4109 719 4182 datus,
761 4127 858 4181 per
904 4111 1156 4182 Spiritum
1200 4119 1436 4182 sanctum
1479 4109 1684 4182 locutus
1723 4111 1850 4182 quid
1884 4113 2114 4165 futurum

535 4189 681 4235 esset
709 4179 1010 4236 hominibus
1037 4199 1100 4236 ex
1129 4197 1284 4236 causa
1313 4179 1547 4246 Christi,
1578 4189 1634 4234 ut
1663 4179 1814 4234 ruina
1841 4181 1921 4235 his
1949 4193 2111 4248 esset,

537 4249 628 4318 qui
671 4265 794 4304 cum
835 4253 934 4306 sibi
973 4253 1276 4306 viderentur
1317 4259 1461 4304 stare
1501 4265 1594 4318 per
1634 4251 2022 4306 observantiam
2063 4261 2117 4308 et

535 4319 788 4391 peritiam
838 4321 1027 4391 Legis,
1080 4321 1370 4375 dil'lidentia
1425 4329 1598 4391 tamen
1649 4335 1871 4388 Operum
1921 4321 2116 4378 Christi

537 4389 812 4458 caderent,
839 4389 1080 4446 dissoluti
1103 4407 1130 4444 a
1162 4391 1508 4460 promissione
1535 4389 1746 4444 Patrum
1775 4409 1786 4443 :
1814 4391 1916 4446 illis
1939 4401 2116 4448 autem

533 4460 622 4532 qui
653 4461 850 4517 nullius
887 4477 1049 4532 prope
1073 4462 1344 4532 dignitatis
1382 4469 1560 4516 essent
1595 4460 1646 4532 in
1687 4461 1848 4530 Lege,
1890 4463 2116 4518 creden-

535 4531 681 4606 tibus
715 4531 951 4606 ﬂveroein
997 4531 1298 4606 Christum,
1347 4531 1668 4606 resurrectio
1706 4532 1768 4606 _in
1822 4533 2000 4606 Israel.
2027 4533 2117 4606 [Ut

533 4601 680 4672 digni
711 4603 820 4658 Deo
860 4604 1047 4659 tierent
1083 4603 1169 4674 qui
1207 4603 1350 4672 prius
1375 4601 1584 4674 indigni
1618 4610 1674 4656 et
1703 4603 1916 4674 inutiles
1943 4601 2114 4674 erant,

534 4683 590 4726 et
629 4675 1038 4742 reprobarcntnr
1063 4673 1170 4745 qui,
1192 4673 1388 4743 aliquid
1419 4687 1535 4745 esse
1573 4673 1891 4745 putabantur
1917 4673 1979 4745 ¹.]
2007 4675 2118 4730 IIoc

532 4746 796 4816 estquod
836 4745 942 4799 alio
986 4743 1104 4800 loco
1143 4744 1271 4798 dicit
1313 4744 1585 4816 Dominus,
1637 4743 1700 4816 In
1733 4743 1986 4816 judicium
2027 4763 2117 4816 ego

532 4815 648 4867 ueni
680 4817 730 4867 in
771 4815 901 4869 hunc
931 4816 1191 4880 mundum,
1223 4825 1276 4868 ut
1314 4815 1400 4885 qui
1439 4831 1536 4867 non
1573 4815 1760 4880 rident,
1807 4815 2118 4880 videantfet

533 4885 622 4956 qui
661 4886 858 4948 vident,
905 4887 1022 4940 cruci
1063 4887 1190 4956 ﬁant
1235 4885 1414 4948 (Joan.
1457 4901 1530 4952 l\',
1578 4887 1689 4955 59).
1714 4886 1966 4956 Denique
2009 4901 2114 4940 non

535 4953 694 5024 Legis
741 4957 1010 5024 doctores,
1064 4953 1168 5010 non
1223 4957 1498 5022 Pharismi,
1548 4953 1658 5010 non
1703 4953 1902 5012 Scriba}
1947 4957 2116 5010 secuti

533 5035 658 5078 sunt
685 5025 989 5092 Christum;
1033 5029 1126 5082 sed
1169 5029 1476 5096 piscatores,
1521 5025 1760 5081 homines
1797 5027 2024 5096 imperiti
2065 5036 2118 5082 ct

537 5096 814 5168 rusticani.
850 5097 984 5151 llinc
1014 5109 1094 5152 cst
1123 5098 1262 5152 unde
1293 5097 1424 5168 dicit
1450 5097 1713 5168 Dominus
1743 5115 1757 5151 :
1787 5096 1958 5161 Pater,
1995 5113 2116 5168 gra-

533 5166 632 5220 tias
660 5183 772 5238 fago
825 5169 944 5234 tibi,
993 5170 1112 5238 quia
1153 5167 1458 5222 abscondisti
1503 5167 1608 5220 haec
1651 5184 1703 5238 ιιΔ
1725 5166 2031 5236 sapientibus
2072 5177 2118 5222 et

535 5237 880 5308 prudentibus,
922 5249 966 5292 et
1005 5236 1232 5292 ret'elasti
1271 5253 1330 5291 ea
1372 5239 1592 5308 parvulis
1627 5236 1836 5308 (Matth.
1881 5254 1958 5302 ιιι,
1999 5237 2115 5308 25).

534 5307 688 5371 Quod
721 5317 897 5362 autem
933 5308 1144 5377 adjecit,
1183 5305 1387 5373 dicens,
1421 5305 1489 5360 Et
1529 5315 1666 5360 luant
1700 5307 1858 5376 ipsius
1895 5305 2119 5362 animum

537 5379 856 5448 pertranstbit
899 5379 1120 5448 gladius,
1165 5389 1220 5432 ut
1257 5380 1536 5432 revelantur
1584 5377 1854 5431 multorum
1891 5379 2120 5448 cordium

534 5447 1014 5516 cogitationesfhoc
1039 5451 1218 5520 utique
1241 5449 1574 5520 signiﬁcavit,
1601 5449 1722 5518 quia
1747 5448 1905 5520 etiam
1931 5447 2114 5520 Maria,

537 5531 632 5590 per
653 5533 810 5590 quam
839 5527 1045 5588 gestum
1073 5519 1156 5574 est
1195 5519 1504 5590 mysterium
1536 5519 1911 5590 incarnationis
1933 5519 2118 5575 Salva-

537 5587 700 5654 toris,
753 5589 806 5644 in
848 5587 1028 5645 morte
1075 5587 1286 5645 Domitii
1329 5590 1623 5658 dubitaret;
1679 5589 1750 5646 ita
1801 5599 2010 5660 tamen,
2063 5599 2121 5646 ut

605 5783 620 5814 ‘
644 5789 751 5836 llam
769 5785 946 5836 desunt
967 5786 1014 5834 in
1039 5791 1140 5834 Mss.
1161 5785 1358 5836 secundi
1381 5789 1595 5850 generis.

1522 327 1976 402 QUASSTIONES
2013 323 2106 382 EX
2143 323 2326 381 NOVO
2364 325 2840 384 TES’I'AMENTO.

2221 441 2628 498 resurrectionis
2669 442 2869 498 honore
2908 451 2961 498 et
2997 443 3190 499 virtute
3231 440 3438 498 Domini
3481 441 3802 502 ﬁrmaretur.

2220 513 2420 567 Omnes
2444 513 2584 584 enim
2614 521 2830 582 stupore
2861 513 3088 584 quodam
3113 514 3166 567 in
3195 523 3369 568 morte
3394 513 3606 569 Domini
3647 515 3804 570 dubi-

2221 589 2416 656 tarunt.
2447 581 2562 656 Non
2593 581 2768 638 tamen
2809 581 3230 656 in'dubitatione
3258 596 3688 656 permanserunt.
3717 588 3804 644 Sic

2217 653 2360 708 enim
2399 653 2630 726 animam
2673 655 2962 726 pertransit
3007 655 3215 726 gladius
3239 653 3275 720 ,’
3301 656 3346 710 si
3393 655 3658 712 dubitatio
3703 673 3804 713 non

2219 733 2526 796 permaneat
2553 724 2604 778 in
2635 725 2952 796 cogitatione
2971 767 2986 790 ,
3017 724 3114 780 sed
3143 727 3366 796 pellatur
3393 728 3806 795 superveniente

2217 793 2543 879 reici-mante
2587 809 2646 852 se
2683 793 2902 866 pristina
2935 793 3327 879 virtuteg'lQuis
3347 793 3653 879 enirn-non
3695 813 3782 879 ain

2217 863 2421 938 pigeret
2457 866 2642 920 videns
2686 863 2830 931 eum,
2875 869 3067 938 quise
3107 863 3294 922 Filium
3347 865 3438 923 Dei
3475 869 3692 924 dicebat
3731 869 3804 923 sic

2218 933 2572 1006 humiliatum,
2619 944 2678 990 ut
2721 933 2908 1006 usque'
2927 937 2994 992 ad
3039 951 3264 992 mortem
3305 938 3696 994 descenderet?
3741 940 3804 994 Et

2217 1006 2360 1078 quia,
2390 1015 2448 1060 ut
2477 1005 2606 1070 dixi,
2637 1005 2813 1062 omnis
2837 1008 3152 1078 ambiguitas
3187 1009 3237 1062 in
3271 1010 3664 1064 resurrectione
3695 1009 3802 1064 Do-

2216 1077 2346 1131 mini
2375 1091 2651 1148 recessura
2688 1087 2822 1144 erat,
2865 1077 3188 1144 pet-transire
3227 1079 3360 1132 dixit
3395 1079 3652 1148 gladium,
3697 1095 3800 1134 non

2217 1147 2590 1218 supercadere,
2633 1157 2724 1202 aut
2759 1149 3066 1218 contingere
3105 1147 3462 1204 transeuntem
3503 1149 3800 1204 membrum

2217 1217 2449 1290 aliquod.
2499 1218 2566 1274 Ut
2603 1219 2739 1274 sicut
2773 1217 2978 1290 gladius
3013 1220 3208 1274 missus
3257 1220 3620 1290 pertransiens
3653 1219 3798 1288 juxta

2220 1289 2509 1356 hominem,
2531 1289 2945 1354 timorem'l‘acit,
2981 1299 3034 1344 et
3073 1289 3392 1344 tamennon
3431 1290 3702 1358 percutit,
3733 1291 3802 1344 ita

2217 1367 2272 1412 et
2296 1359 2552 1414 dubitatio
2579 1361 2880 1416 maestitiam
2907 1360 3121 1422 faceret,
3151 1375 3257 1414 non
3287 1369 3461 1414 tamen
3489 1361 3762 1415 occideret
3786 1379 3798 1414 :

2217 1429 2339 1500 quia
2379 1445 2482 1484 non
2525 1431 2656 1485 sedit
2701 1431 2752 1485 in
2792 1433 2984 1494 anima,
3019 1431 3112 1485 sed
3151 1431 3476 1500 pertransiit,
3517 1431 3687 1500 quasi
3711 1445 3804 1498 per

2218 1499 2458 1570 umbram
2480 1501 2790 1570 contingens
2809 1501 2968 1556 corda
2985 1499 3383 1570 discipulorum.
3407 1499 3805 1570 DeniqueCleo-

2217 1569 2352 1640 phas
2366 1579 2419 1625 et
2437 1571 2572 1626 alius
2588 1569 2876 1640 discipulus
2893 1569 3145 1626 Emmaus
3161 1583 3348 1626 euntes
3365 1573 3405 1636 ί,
3423 1571 3474 1626 in
3492 1569 3577 1625 via
3601 1571 3798 1633 tristes,

2217 1639 2468 1711 dixerunt
2514 1641 2653 1697 inter
2679 1639 2881 1711 caetera
2919 1641 3018 1711 ipsi
3063 1643 3308 1708 Domino,
3341 1643 3644 1696 nescientes
3683 1641 3800 1711 quia

2219 1710 2483 1782 Dominus
2501 1721 2604 1776 est,
2639 1710 2750 1782 Nos
2781 1710 3100 1781 putabamus,
3131 1713 3251 1778 quia
3275 1713 3382 1782 ipse
3417 1721 3524 1766 erat
3561 1713 3654 1782 qui
3682 1710 3800 1764 inci-

2219 1780 2380 1852 piebat
2429 1781 2638 1834 liberare
2669 1780 2826 1836 Israel
2866 1782 3012 1850 (Luc.
3053 1799 3200 1848 xxtv,
3238 1781 3348 1852 21).
3394 1780 3798 1852 Dubitaverunt,

2219 1851 2334 1934 sed,
2361 1853 2536 1934 Statim
2571 1853 2755 1934 agnito
2763 1854 3002 1934 Domino,
3035 1853 3274 1934 transivit
3303 1851 3562 1908 dubitatio
3579 1851 3802 1934 f.]Sict_tt

2219 1921 2415 1977 dictum
2445 1932 2528 1978 est
2551 1921 2702 1994 etde
2730 1923 2944 1994 Joscph,
2979 1923 3099 1994 quia
3131 1924 3320 1994 ferrum
3342 1921 3664 1994 pertransicit
3691 1925 3798 1976 ani-

2219 2009 2353 2064 mam
2381 1995 2490 2064 ejus
2517 1991 2684 2064 (Psal.
2726 2010 2831 2058 etv,
2860 1991 2972 2064 I8).
3000 1991 3060 2048 In
3101 1991 3315 2050 carcere
3342 1991 3508 2049 'cnim
3547 1995 3800 2048 innocens

2219 2063 2309 2118 diu
2341 2063 2542 2134 pasitus
2563 2105 2578 2130 ,
2609 2064 2674 2118 de
2705 2064 2796 2120 Dei
2825 2063 3020 2132 judicio
3040 2065 3176 2118 circa
3207 2079 3265 2120 sc
3289 2065 3428 2134 quod
3457 2065 3797 2122 dubitaverit.

2221 2149 2326 2187 non
2357 2144 2438 2188 est
2467 2135 2656 2189 mirum
2687 2153 2700 2187 :
2733 2135 2824 2190 sed
2851 2137 2978 2206 quia
3007 2135 3125 2206 plus
3147 2135 3214 2189 de
3243 2136 3355 2190 Deo
3393 2135 3668 2204 sperabat.
3701 2151 3798 2188 non

2223 2207 2512 2276 permansit
2541 2206 2592 2258 in
2633 2205 2990 2275 ambiguitate.
3023 2205 3082 2259 In
3110 2221 3174 2260 eo
3201 2207 3342 2276 enim
3369 2207 3491 2276 quis
3509 2206 3798 2274 judicatur,

2223 2275 2274 2346 in
2301 2290 2406 2346 quo
2423 2277 2735 2346 propensior
2755 2285 2854 2330 est.
2877 2276 3222 2346 Apocalypsis
3240 2275 3458 2330 Joannis
3483 2275 3586 2330 hoc
3611 2277 3796 2330 Sancit.

2225 2345 2363 2417 Dicit
2411 2345 2575 2408 enim,
2621 2345 2796 2399 Dubiis
2825 2355 2877 2417 et
2919 2345 3204 2416 inﬁdelibus
3241 2363 3359 2416 pars
3397 2348 3490 2400 erit
3533 2347 3586 2399 in
3629 2357 3800 2417 stagno

2219 2415 2354 2486 ignis
2380 2425 2446 2470 et.
2471 2417 2731 2486 sulphuris
2777 2415 3104 2486 (Apocrxxt,
3136 2417 3215 2486 8).
3244 2415 3374 2472 Ideo
3401 2417 3492 2486 qui
3529 2433 3639 2470 non
3681 2415 3797 2486 per-

2221 2495 2402 2541 manet
2427 2488 2480 2540 in
2519 2488 2868 2551 dubitatione,
2899 2487 3121 2558 eripitur
3157 2502 3186 2558 a
3226 2497 3393 2558 morte
3429 2487 3506 2558 (a)
3536 2507 3549 2541 :
3583 2487 3688 2558 hoc
3727 2497 3802 2542 est

2221 2568 2446 2612 mortem
2463 2558 2718 2622 evadere;
2741 2559 2862 2628 quia
2883 2557 3122 2612 dubitare
3143 2557 3208 2612 de
3229 2557 3357 2622 Deo,
3377 2560 3456 2612 vel
3479 2557 3546 2612 de
3567 2557 3798 2622 Christo,

2221 2643 2364 2682 mors
2377 2637 2475 2682 est.
2495 2629 2566 2682 Ac
2581 2643 2672 2698 per
2687 2628 2786 2682 hoc
2797 2629 2882 2698 qui
2895 2628 3088 2683 desinit
3099 2628 3540 2690 dubitare,evadit
3554 2641 3796 2682 mortem.

2291 2699 2524 2754 LXXIV.
2579 2697 2652 2740 l—
2699 2697 2834 2767 Quid
2891 2701 2990 2754 sibi
3051 2699 3162 2754 vult
3224 2707 3281 2753 ut
3323 2697 3482 2754 Isaias
3545 2701 3798 2768 propheta

2220 2771 2361 2826 dicat
2404 2771 2471 2825 de
2510 2769 2768 2836 Christo,
2819 2771 2916 2836 Qui
2966 2780 3222 2838 peccatum
3261 2787 3360 2823 non
3405 2771 3520 2840 fecit
3550 2787 3568 2824 :
3619 2781 3798 2824 contra

2219 2852 2394 2896 autem
2419 2842 2722 2910 Apostolus,
2747 2839 2879 2894 Eunt
2897 2841 2982 2908 qui
3009 2849 3280 2910 peccatum,
3311 2839 3498 2910 inquit,
3529 2842 3799 2904 nescit-but,

2221 2929 2321 2984 pro,
2343 2911 2484 2968 nobis
2527 2921 2784 2984 peccatum
2815 2912 2930 2980 fecit
2961 2910 3112 2984 (Isai.
3147 2927 3251 2974 utt,
3285 2911 3352 2976 9;
3381 2911 3420 2984 II
3451 2911 3570 2966 Cor.
3604 2929 3664 2984 v,
3693 2913 3798 2984 2t).

2291 2983 2554 3051 Quantum
2592 2983 2660 3036 ad
2689 2998 2902 3036 sensum
2934 2982 3192 3050 pertinet,
3219 2983 3542 3052 qua-stiones
3579 2982 3802 3040 diversie

2221 3065 2366 3120 sunt,
2393 3055 2488 3108 sed
2519 3053 2678 3107 verba
2706 3053 2894 3106 similia
2931 3071 2942 3105 :
2973 3069 3038 3106 ex
3063 3061 3213 3123 parte
3239 3053 3452 3120 quidem
3481 3055 3702 3118 similia,
3741 3071 3800 3110 cx

2221 3135 2370 3194 parte
2383 3139 2506 3179 vero
2521 3125 2894 3192 discrepantia.
2911 3123 3056 3178 Fecit
3071 3123 3230 3188 enim,
3254 3133 3308 3178 et
3327 3139 3429 3177 non
3443 3123 3588 3188 fecit,
3604 3136 3800 3180 contra-

2221 3197 2358 3251 rium
2386 3205 2495 3258 est;
2529 3195 2818 3256 nesciebat,
2847 3201 2900 3248 et
2927 3209 3030 3248 non
3060 3195 3182 3250 fecit
3207 3195 3378 3248 sitnile
3407 3203 3508 3249 est.
3537 3195 3802 3264 PrOpheta

2222 3283 2348 3336 ergo
2367 3281 2430 3320 es
2454 3279 2680 3336 persona
2695 3264 2888 3336 Christi
2909 3266 3114 3320 locutus
3134 3273 3236 3332 est,
3260 3280 3378 3334 quna
3399 3275 3680 3334 peccatum
3705 3285 3800 3322 non

2221 3335 2367 3401 fecit,
2397 3335 2497 3392 nec
2520 3336 2676 3406 dolus
2714 3335 2958 3390 inventus
2999 3345 3081 3390 est
3117 3336 3169 3388 in
3211 3351 3302 3390 ore
3339 3338 3484 3406 ejus;
3515 3337 3804 3405 Apostolus

2225 3424 2354 3462 vero
2381 3409 2614 3477 loquitur
2645 3405 2711 3462 de
2741 3421 2965 3476 persona
2997 3407 3086 3462 Dei
3117 3407 3318 3470 Patris,
3345 3405 3436 3476 qui
3463 3423 3614 3474 enm,
3647 3407 3700 3462 id
3727 3421 3803 3462 est

2221 3479 2490 3532 Christum
2521 3477 2610 3548 qui
2657 3485 2928 3548 peccatum
2961 3477 3263 3548 nesciebat,
3287 3493 3384 3546 pro
3415 3478 3570 3548 nobis
3609 3494 3800 3548 pecca-

2221 3557 2331 3603 tum
2359 3549 2502 3604 fecit.
2533 3547 2685 3613 Quod
2714 3547 2908 3617 duplici
2941 3547 3096 3602 modo
3125 3547 3522 3618 intelligendum
3553 3547 3658 3604 est.
3689 3551 3800 3604 Pri-

2222 3635 2366 3673 mum
2394 3620 2534 3673 enim
2563 3618 2687 3673 fecit
2713 3619 2857 3674 illum
2891 3626 3184 3688 peccatum,
3210 3617 3334 3673 dum
3357 3619 3628 3674 incarnari
3657 3621 3800 3675 illum

2223 3691 2418 3756 voluit,
2468 3701 2526 3744 ut
2570 3705 2728 3759 quem
2767 3705 2884 3744 sors
2923 3705 3027 3744 non
3075 3689 3350 3760 tangebat,
3397 3689 3466 3744 de
3507 3693 3802 3758 peccatricc

2221 3775 2384 3816 carne
2413 3761 3052 3832 corpusaccipercttpcr
3075 3759 3216 3830 quod
3255 3761 3446 3814 dicitur
3482 3760 3660 3816 factus
3689 3779 3805 3832 pec-

2221 3839 2418 3884 catum.
2467 3829 2666 3884 Deinde
2710 3829 2834 3885 dum
2877 3830 3034 3885 oll'crt
3068 3829 3190 3886 cum
3243 3846 3336 3898 pro
3381 3834 3636 3900 peccatis,
3683 3829 3801 3890 fecit

2222 3901 2369 3974 illum
2415 3909 2710 3972 peccatum.
2753 3900 2932 3954 IIostia
2972 3901 3110 3974 enim
3155 3903 3206 3955 in
3244 3901 3388 3974 Lege
3434 3917 3529 3970 pro
3575 3905 3805 3974 peccatis

2222 3973 2414 4036 oblata,
2465 3981 2739 4042 peccatum
2783 3971 3202 4042 nuncupabatur.
3243 3971 3356 4026 Non
3395 3987 3525 4042 ergo
3565 3971 3804 4029 Christus

2222 4041 2494 4110 peccatum
2527 4041 2668 4112 fecit,
2693 4042 2830 4096 sicut
2853 4041 2978 4095 dicit
3008 4043 3290 4112 prepltcta;
3323 4041 3418 4096 sed
3447 4041 3474 4094 a
3505 4043 3666 4100 Patre
3697 4047 3805 4112 ipse

2223 4122 2496 4183 peccatum
2537 4111 2705 4166 factus
2731 4121 2832 4178 est,
2861 4115 2996 4166 sicut
3031 4111 3302 4183 ostensum
3345 4123 3444 4167 est.
3473 4113 3682 4170 Olli-rte
3715 4111 3806 4168 aa-

2223 4182 2328 4237 tum
2353 4183 2621 4238 Christum
2643 4199 2740 4253 pro
2766 4183 2918 4236 nobis
2939 4182 3061 4252 quid
3083 4193 3184 4244 est,
3213 4183 3310 4237 nisi
3333 4184 3459 4238 dare
3487 4195 3804 4252 potestatem

2223 4255 2520 4308 volentibus
2567 4269 2686 4308 eum
2729 4253 3015 4308 occidere?
3055 4253 3206 4321 Quod
3247 4253 3444 4308 idcirco
3487 4269 3804 4310 Concessum

2223 4334 2320 4390 est,
2351 4325 2472 4394 quia
2502 4323 2838 4394 profuturum
2864 4333 2978 4378 erat
3009 4331 3064 4376 ut
3088 4333 3230 4378 esset
3257 4340 3414 4378 causa
3444 4325 3806 4380 descendendi

2222 4395 2287 4450 ad
2317 4397 2534 4460 inferos,
2577 4405 2634 4448 ut
2659 4395 2923 4466 spoliaret,
2951 4403 3203 4448 tartarum
3237 4395 3538 4448 animabus.
3569 4395 3807 4466 Supera-

2221 4467 2464 4520 bundans
2491 4467 2632 4520 cnim
2671 4473 2724 4520 ct
2753 4465 3044 4518 inauditum
3088 4473 3362 4534 peccatum
3403 4475 3508 4528 est,
3545 4465 3810 4522 occidisse

2223 4551 2344 4592 eum
2389 4537 2478 4606 qui
2511 4551 2616 4590 non
2643 4537 2814 4606 solum
2859 4535 3000 4589 nullo
3028 4550 3224 4604 genere
3253 4547 3588 4604 peccaverat,
3629 4537 3728 4592 sed
3759 4547 3812 4592 et

2223 4605 2423 4661 multis
2452 4607 2611 4660 vitam
2663 4605 2972 4660 donaverat.
3025 4607 3136 4660 lloc
3191 4615 3406 4674 peccato
3461 4623 3586 4662 reus
3643 4609 3812 4662 factus

2222 4677 2501 4748 diabolus,
2525 4676 2920 4748 contradicendi
2932 4677 3225 4748 fallaciam
3267 4677 3516 4748 perdidit.
3557 4677 3696 4732 Nam
3737 4679 3812 4734 si-

2221 4748 2346 4802 mile
2365 4747 2504 4818 aliud
2531 4745 2598 4800 ad
2619 4746 2833 4818 Galatas
2855 4747 2904 4801 in
2930 4747 3164 4816 Epistola
3191 4745 3383 4818 legitur
3407 4767 3420 4802 :
3451 4749 3592 4804 inter
3617 4757 3812 4804 cratera

2221 4819 2383 4882 enim,
2416 4817 2634 4884 Factus,
2685 4817 2873 4886 inquit,
2919 4834 3012 4887 pro
3057 4818 3198 4872 nobis
3249 4817 3570 4872 maledictum
3611 4819 3810 4882 (Galat.

2222 4903 2296 4954 ιιι,
2335 4887 2444 4957 15).
2473 4887 2514 4942 Α
2543 4903 2648 4957 quo
2677 4887 2866 4952 factus,
2899 4888 2996 4941 nisi
3025 4903 3054 4940 a
3089 4888 3280 4943 Patre?
3305 4889 3512 4944 Judicio
3539 4893 3688 4944 enim
3727 4891 3814 4944 Dei

2221 4975 2350 5014 crux
2389 4957 2586 5014 Christi
2627 4957 2966 5030 maledictum
3007 4967 3097 5030 est
3125 4959 3428 5014 Judarorutn
3471 4978 3484 5012 :
3535 4972 3816 5030 peccatum

2223 5029 2366 5085 enim
2391 5031 2602 5102 illorum
2625 5029 2898 5102 exclamat
2913 5043 3058 5083 mors
3077 5029 3664 5102 Salvatoris.7Cruciligi
3687 5045 3818 5102 ergo

2224 5114 2283 5155 se
2301 5101 2560 5170 permisit,
2581 5107 2638 5153 ut
2657 5099 2834 5168 passio
2854 5100 2969 5167 ejus
2987 5099 3266 5168 proliceret
3287 5101 3460 5166 nobis,
3477 5111 3533 5156 ut
3551 5099 3676 5156 hinc
3695 5099 3818 5156 cuin

2224 5171 2376 5241 signo
2400 5171 2516 5240 ejus
2545 5179 2870 5236 excuntes,a
2901 5171 3131 5224 secunda
3161 5181 3331 5226 morte
3353 5171 3574 5226 minime
3601 5181 3820 5228 tenere-

2225 5257 2364 5296 mur.
2379 5241 2562 5312 Metuit
2581 5241 2722 5294 enim
2739 5255 2882 5312 mors
2892 5241 3050 5294 etiam
3063 5257 3247 5296 servos
3257 5241 3372 5310 ejus
3383 5257 3412 5294 a
3425 5257 3533 5312 quo
3547 5243 3694 5298 victa
3715 5253 3824 5299 cst.

2297 5313 2372 5382 (b)
2401 5311 2668 5379 Quantum
2707 5310 2774 5365 ad
2817 5312 3148 5382 propOsitum
3189 5310 3456 5380 pertinet,
3485 5329 3596 5367 non
3637 5316 3824 5370 solum

2226 5381 2387 5440 verba
2415 5383 2740 5453 discrepant,
2768 5381 2862 5437 sed
2887 5391 2940 5436 et
2967 5397 3212 5452 persona:
3236 5383 3462 5438 diversa:
3483 5395 3630 5441 sunt.
3667 5385 3826 5441 Fecit

2291 5539 2308 5569 ι
2333 5543 2414 5586 Ms.
2439 5534 2670 5600 colbert..
2694 5534 2924 5600 Cleophas
2947 5541 2994 5586 et
3013 5543 3189 5600 Amans
3211 5543 3390 5600 euntes.

2290 5601 2311 5632 ³
2341 5607 2450 5649 [nec
2473 5599 2652 5649 desunt
2675 5600 2720 5647 iu
2748 5597 2848 5648 uss.
2885 5597 3084 5648 secundi
3105 5599 3322 5660 generis.

2313 5663 2364 5723 α)
2389 5660 2638 5723 Reliquum
2667 5661 2812 5710 deest
2841 5661 2890 5708 ia
2929 5667 3034 5708 Mss.
3057 5661 3260 5708 secundi
3283 5661 3502 5722 generis.

2315 5721 2364 5784 b)
2385 5721 2592 5781 Qutestio
2615 5723 2789 5772 eadem
2827 5735 2888 5770 ex
2921 5727 3029 5787 Mss.
3055 5723 3254 5787 secundi
3277 5721 3498 5786 generis,
3537 5723 3674 5773 inter
3717 5729 3832 5787 ιιυει

2235 5783 2452 5849 vulgatus
2474 5799 2538 5835 ex
2561 5793 2686 5836 Novo
2706 5789 2834 5834 'l‘est.
2858 5783 3244 5847 quadragesima.
