4012 6468
216 327 340 387 927'}

216 446 300 509 vit,
329 434 538 504 intelligi
569 441 620 488 ct
653 431 819 509 tinicri
840 429 1163 509 divinitatem
1186 442 1336 509 suym
1359 428 1541 509 νριμῑε.
1564 426 1772 509 Qﬂuipp'c

219 497 325 569 cum
351 497 516 563 etiani
546 518 609 557 ex
639 500 853 556 traduce
884 501 1036 569 primi
1067 498 1345 569 hominis,
1369 497 1560 552 deinde
1591 497 1773 551 Enoch

220 567 268 640 et
286 581 389 636 Noe
418 573 598 654 notitia
626 571 741 654 ejus
777 567 918 652 esset
948 571 998 654 in
1034 571 1206 654 terris.
1239 567 1351 654 Sed
1377 569 1775 654 eum‘languo‘re

220 650 432 723 quodam
456 640 666 723 humani
690 641 898 723 generis
920 640 1256 721 obsolescere
1276 640 1525 723 cmpisset
1543 640 1775 723 cognitio

221 709 305 778 Dei
332 721 462 773 inter
497 709 770 774 homines,
799 721 852 766 et
893 725 1069 765 mores
1108 711 1529 772 immutarentur,
1579 709 1777 777 eligere

220 792 556 860 dignatus_est
583 781 848 837 Abraham
868 823 882 847 ,
905 781 968 860 in
997 796 1100 849 quo
1140 779 1307 860 forma
1339 788 1480 833 esset
1512 784 1776 860 renovate

154 909 162 916 .
221 848 406 916 ndtitize
438 854 527 908 Dei
565 861 618 908 et
646 867 873 907 morum.
905 851 969 904 Et
1002 848 1123 905 cum
1159 848 1330 902 adhuc
1368 849 1664 903 reverentia
1693 863 1777 901 se-

220 932 360 1002 gnior
385 933 544 989 esset,
573 931 755 1002 postea
784 937 878 989 per
915 919 1128 1002 Moysen
1169 919 1372 1002 [regem
1388 919 1575 1000 litteris
1599 918 1774 1002 dedit,

220 989 329 1070 qua:
357 1010 521 1070 neque
551 989 942 1070 obsolesceret,
961 998 1030 1070 _e_t
1067 989 1468 1070 magisimetum
1489 989 1776 1070 incuteret.

220 1057 372 1137 κιαι]οτ
398 1057 537 1120 enim
573 1065 733 1118 timor
754 1067 858 1137 _est
877 1103 890 1123 ,
922 1061 1010 1114 ubi
1039 1057 1327 1114 auctoritas
1363 1057 1636 1113 manifesta
1676 1067 1775 1113 cst.

222 1132 414 1205 Et'quia
444 1144 713 1205 acceptam
753 1132 944 1205 Legem
974 1141 1161 1205 gentes
1189 1137 1534 1198 spreverunt,
1580 1143 1683 1182 non
1723 1143 1780 1184 se

221 1203 546 1275 subjicientcs
571 1203 617 1258 ei
640 1243 675 1280 ,_
695 1218 865 1280 neque
909 1203 943 1255 ii
970 1203 1058 1280 qui
1084 1209 1405 1280 acceperunt
1437 1208 1781 1280 servaverunt

221 1269 364 1336 cani:
418 1284 591 1328 motus
642 1269 896 1328 Dominus
941 1269 1339 1333 misericordia,
1396 1270 1538 1323 misit
1592 1269 1780 1323 Filium

221 1362 362 1403 suum
383 1388 397 1411 ,
430 1346 517 1414 qui
560 1359 618 1398 se
660 1359 757 1421 pro
784 1343 890 1421 illis
915 1341 1172 1421 offerens,
1211 1348 1434 1421 mortem
1464 1339 1742 1421 destrueiis
1761 1380 1776 1404 ,

221 1420 327 1472 data
357 1409 604 1469 omnibus
628 1409 940 1468 remissione
971 1409 1471 1481 peccatorum,Deo
1498 1410 1634 1481 Patri
1658 1410 1782 1481 illos

218 1488 520 1561 justificatos
545 1483 781 1539 offerret.
812 1482 926 1537 Non
938 1479 1090 1561 enim
1119 1479 1575 1561 possetdescendi
1598 1479 1668 1561 ad
1700 1481 1782 1534 in-

221 1551 371 1619 feros,
403 1555 505 1609 nisi
535 1570 626 1624 per
653 1563 896 1630 mortem.
938 1552 1046 1607 Nec
1079 1551 1212 1630 ordo
1241 1551 1388 1630 enirn
1408 1566 1506 1604 nec
1533 1551 1665 1630 raiio
1694 1566 1786 1618 po-

218 1627 409 1688 scebat,
443 1621 568 1701 eum
607 1625 697 1701 qui
723 1634 961 1701 mortuus
992 1638 1094 1701 non
1139 1621 1341 1681 fuisset,
1369 1621 1573 1701 intrare
1594 1621 1785 1701 januas

221 1697 410 1751 tartari.
444 1689 640 1749 Nonne
657 1695 701 1749 si
722 1694 838 1764 quis
854 1693 976 1764 vult
999 1693 1048 1746 in
1067 1701 1214 1764 terra
1244 1705 1337 1743 sua
1369 1689 1619 1745 barbaros
1644 1691 1787 1745 deci-

221 1783 366 1836 pere,
414 1765 658 1818 immutat
684 1762 824 1836 seiiu
854 1762 1032 1816 habitu
1064 1763 1302 1836 illorum,
1334 1769 1390 1815 ut
1417 1771 1625 1836 putetur
1651 1776 1786 1836 unus

218 1831 273 1890 ex
303 1831 410 1898 his,
441 1845 496 1889 et
535 1836 610 1889 sic
638 1834 892 1913 explorat
932 1831 1200 1913 quomodo
1229 1831 1680 1913 illos‘subvertat?
1713 1834 1786 1913 Ita

217 1908 400 1960 factum
431 1916 518 1959 est
542 1914 594 1959 et
619 1905 685 1958 de
709 1901 920 1958 diabolo
946 1901 964 1956 ἱ
991 1903 1240 1972 quoniam
1269 1901 1407 1954 malo
1437 1916 1582 1956 more
1613 1902 1785 1956 homi-

219 1993 330 2031 nem
357 1976 714 2036 subverterat.
743 1983 799 2028 ut
828 1974 878 2027 in
909 1983 1082 2027 morte
1109 1988 1212 2026 non
1242 1980 1572 2037 remaneret,
1607 1973 1789 2028 inven-

219 2057 320 2101 tum
342 2057 422 2101 est
445 2045 762 2109 remedium,
784 2043 1051 2113 quomodo
1076 2057 1209 2112 quos
1236 2042 1374 2096 male
1400 2042 1608 2113 tenebat
1634 2045 1789 2098 amit-

221 2126 378 2183 teret,
410 2125 464 2170 et
492 2112 881 2170 subintraretur
910 2114 960 2168 ei
987 2131 999 2166 :
1030 2122 1083 2168 et
1125 2128 1281 2182 quem
1323 2112 1536 2181 putabat
1562 2128 1621 2167 se
1646 2115 1790 2168 velut

218 2188 479 2241 hominem
540 2186 824 2248 occidisse,
881 2185 1140 2254 reperiret
1195 2183 1340 2236 illum
1395 2183 1534 2252 apud
1591 2183 1788 2240 inferos

220 2257 399 2312 Deum.
445 2257 568 2323 Quo
594 2256 748 2318 facto,
778 2269 900 2309 reus
925 2255 1168 2309 inventus
1206 2268 1392 2306 omnes
1419 2268 1552 2322 quos
1579 2255 1790 2308 tenebat

217 2328 417 2391 amisit,
451 2337 510 2381 et
553 2326 619 2380 de
643 2335 837 2380 caetero
865 2334 1044 2392 aperta
1088 2332 1169 2377 est
1197 2323 1262 2377 ad
1290 2323 1480 2378 cmlum
1518 2325 1618 2376 via.
1652 2324 1791 2380 Ecce

217 2408 463 2475 quantum
494 2396 691 2466 profuit
714 2396 969 2475 adventus
996 2395 1317 2475 Salvatoris,
1353 2402 1409 2475 ut
1443 2394 1792 2475 scientest-

219 2467 381 2521 mines
409 2468 476 2522 de
495 2464 615 2536 lluo
638 2467 879 2536 periculo
915 2464 1121 2536 liberati
1148 2474 1296 2529 sunt,
1339 2465 1453 2518 sine
1476 2465 1790 2536 cessatione

214 2539 407 2606 gratias
449 2534 542 2590 illi'
567 2534 816 2590 referant.
860 2534 1139 2606 Sed_forte
1165 2549 1195 2588 e
1234 2543 1415 2606 contra
1456 2534 1700 2606 dicatur:
1735 2535 1790 2590 Si

219 2603 359 2661 inulti
385 2618 514 2662 ante
540 2608 730 2676 Legem
757 2615 810 2660 et
837 2613 952 2676 post
980 2603 1170 2676 Legem
1203 2604 1431 2676 peccatis
1457 2605 1621 2671 pressi
1655 2613 1792 2660 totos

219 2691 273 2730 se
297 2679 442 2731 carni
472 2673 761 2739 dederunt,
793 2685 846 2730 et
870 2675 1013 2743 digni
1052 2673 1266 2727 fuerunt
1307 2675 1356 2726 in
1389 2682 1586 2728 tartaro
1615 2689 1791 2727 rema-

219 2762 372 2813 nere,
421 2749 540 2801 sine
571 2747 730 2800 dubio
769 2746 980 2799 fuerunt
1017 2743 1108 2814 qui
1139 2743 1419 2814 devotione
1447 2752 1501 2797 et
1527 2744 1793 2798 Creatoris

217 2812 518 2871 reverentia
550 2819 707 2870 vitam
743 2831 891 2870 suam
934 2812 1132 2868 natura:
1157 2813 1272 2880 lege
1302 2812 1568 2868 frenaruut
1597 2831 1609 2866 :
1641 2830 1793 2868 nutu-

195 2887 334 2955 .quid
359 2903 467 2941 non
491 2889 649 2941 etiam
674 2887 722 2940 hi
745 2884 942 2940 detenti
966 2891 1090 2938 sunt
1109 2883 1246 2954 apud
1269 2884 1482 2948 inferos,
1505 2883 1649 2938 exuti
1665 2886 1678 2914 ‘
1696 2884 1794 2940 hac

217 2957 355 3010 vita?
386 2958 442 3012 Si
477 2967 652 3012 autem
675 2964 794 3010 ante
819 2955 1050 3010 venisset
1076 2964 1193 3024 post
1220 2962 1445 3008 mortem
1474 2955 1630 3017 Adm,
1659 2955 1792 3009 libe-

217 3036 326 3080 rato
356 3029 532 3082 Adam
580 3028 668 3094 qui
701 3027 842 3094 prior
880 3033 1221 3093 peccaverat,
1254 3025 1461 3078 caneris
1501 3025 1569 3078 ad
1597 3025 1792 3080 caelum

217 3098 447 3164 aperiret
478 3097 651 3158 viam,
683 3106 740 3148 ut
775 3097 862 3164 qui
891 3096 1025 3150 bene
1051 3096 1308 3157 vixerant,
1335 3096 1512 3164 agnito
1539 3095 1794 3150 Creatore

216 3165 450 3222 defuncti
503 3167 942 3247 reciperenturin
989 3167 1202 3247 caelum.
1237 3164 1493 3218 Damnum
1523 3180 1649 3234 ergo
1690 3177 1788 3247 est,

215 3238 329 3304 quia
360 3253 472 3290 non
503 3245 625 3290 ante
653 3237 798 3290 venit
820 3236 1102 3289 Christus?
1128 3236 1388 3288 Damnum
1426 3250 1546 3289 esse
1573 3236 1793 3291 manife-

215 3316 348 3360 stum
391 3315 513 3372 est,
558 3306 649 3360 sed
677 3306 1076 3375 qumrejustum
1106 3321 1172 3358 an
1202 3306 1452 3373 injustum
1492 3306 1577 3359 sit.
1611 3304 1796 3362 Solent

215 3378 350 3446 enim
397 3377 594 3431 damna
622 3376 762 3444 justa
793 3391 940 3446 esse,
984 3377 1050 3430 de
1075 3376 1264 3446 quibus
1289 3377 1439 3445 queri
1471 3392 1572 3446 non
1621 3377 1792 3432 liceat.

215 3444 482 3517 Numquid
524 3447 604 3517 fur
631 3445 993 3515 deprehensus
1016 3455 1068 3500 et
1090 3444 1238 3515 juxta
1266 3444 1434 3517 legem
1481 3445 1531 3499 in
1563 3448 1797 3516 quadru-

217 3514 817 3584 plum'condemnatus,
869 3532 1027 3569 ausus
1069 3514 1152 3570 est
1202 3514 1392 3584 queri?
1436 3519 1512 3570 Ae
1556 3514 1648 3586 per
1694 3519 1796 3573 huc

215 3587 466 3641 damnum
499 3587 638 3656 quod
669 3602 835 3656 genus
861 3587 1129 3640 hominum
1163 3601 1373 3654 passum
1413 3597 1523 3648 est,
1550 3587 1692 3654 juste
1719 3589 1796 3642 fa-

216 3667 353 3711 ctum
383 3669 505 3723 est,
553 3657 690 3711 unde
717 3666 772 3712 et
800 3658 1114 3725 permissum
1142 3665 1242 3710 est.
1271 3657 1447 3723 Quare
1475 3667 1527 3711 et
1553 3659 1796 3714 Salvator

214 3727 346 3798 inter
363 3729 480 3798 ipsa
509 3728 795 3798 primordia
822 3727 1003 3798 venire
1029 3742 1130 3780 non
1153 3726 1352 3798 debuit.
1376 3726 1508 3780 Cum
1523 3729 1664 3782 enim
1684 3731 1797 3783 dia-

216 3796 738 3868 boliissuperbiret,
790 3798 948 3852 homo
979 3797 1142 3851 factus
1167 3813 1197 3851 a
1239 3797 1352 3852 Deo
1376 3799 1576 3864 positus
1603 3809 1684 3852 est
1722 3799 1796 3853 illi

215 3867 491 3934 inimicus,
544 3879 600 3922 ut
629 3869 825 3922 auxilio
856 3868 950 3922 Dei
993 3870 1260 3927 munitus,
1293 3869 1412 3938 quia
1455 3871 1623 3936 impar
1649 3879 1792 3936 erat,

213 3941 489 3994 resisteret
515 3939 566 3992 ei
596 3948 814 4007 accepto
851 3939 1115 3992 mandato.
1151 3939 1396 3992 Diabolus
1439 3951 1613 3994 autem
1641 3941 1794 3994 solita

213 4007 503 4065 subtilitate
529 4009 793 4062 simulavit
815 4024 872 4062 se
894 4009 1134 4078 ignorare
1159 4009 1283 4078 quid
1308 4020 1625 4077 praeceptum
1653 4019 1798 4064 esset

211 4091 239 4130 a
284 4079 426 4145 Deo,
474 4088 538 4135 et
582 4080 781 4134 invenit
830 4080 987 4134 Evam
1021 4080 1360 4134 instabilem:
1393 4088 1572 4148 postea
1619 4091 1795 4136 autem

214 4151 539 4216 promittens
589 4150 696 4214 illi,
757 4150 897 4220 quod
941 4151 985 4205 si
1033 4151 1370 4204 interdictum
1413 4151 1792 4220 contigissent,

213 4230 493 4286 praestaret
543 4220 646 4274 illis
689 4221 1050 4285 divinitatem;
1095 4221 1445 4274 circumvenit
1488 4237 1601 4276 eos.
1649 4222 1797 4276 'l‘une

211 4289 457 4345 diabolus
483 4301 738 4362 superato
760 4289 972 4344 herniae
997 4291 1338 4360 triumphavit
1363 4309 1375 4344 :
1409 4291 1493 4345 hic
1517 4292 1684 4346 victus
1707 4308 1798 4362 ge—

211 4375 307 4414 nus
327 4377 488 4416 suum
514 4360 743 4428 subjecit
767 4370 996 4429 peccato.
1022 4363 1375 4428 Quamobrem
1405 4362 1655 4430 injustam
1683 4360 1798 4418 erat

211 4430 395 4501 victori
429 4431 698 4485 violenter
724 4433 930 4485 auferre
957 4433 1122 4501 spolia
1145 4471 1160 4495 ,
1187 4431 1306 4500 quia
1347 4431 1486 4484 Deus
1513 4434 1650 4501 quod
1673 4433 1799 4489 facit

203 4499 346 4568 iuste
369 4501 523 4556 facit.
554 4501 816 4556 Prmterea
841 4517 961 4555 enm
982 4499 1172 4556 acerbe
1202 4499 1496 4569 peccaverit
1523 4499 1684 4557 homo
1711 4520 1798 4558 as-

213 4572 450 4627 sentiens
491 4571 574 4638 ei,
630 4582 812 4625 contra
869 4572 1172 4626 mandatum
1227 4570 1528 4635 Creatoris,
1576 4573 1688 4627 fieri
1737 4589 1797 4630 se

216 4639 421 4706 Deum;
455 4642 816 4697 idololatriam
845 4642 1074 4706 admisit,
1106 4659 1198 4710 per
1225 4643 1365 4712 quod
1394 4643 1444 4694 iu
1472 4642 1639 4696 Deum
1669 4659 1796 4713 pec-

214 4713 351 4767 cavit
375 4731 389 4766 :
416 4713 650 4782 ideoque
669 4728 772 4768 non
795 4713 866 4766 illi
889 4714 1064 4766 statim
1085 4713 1264 4767 debuit
1284 4713 1580 4775 subveniri;
1603 4716 1797 4783 quippe

215 4795 332 4836 cum
354 4799 459 4838 nec
483 4784 792 4852 paenituerit
811 4825 826 4848 ,
857 4799 952 4837 nec
970 4793 1114 4852 grata
1139 4785 1184 4838 ei
1209 4783 1393 4838 fuisset
1413 4784 1794 4851 misericordia,

213 4852 254 4905 si
302 4870 410 4907 non
465 4855 710 4909 scivisset
761 4854 885 4924 quid
929 4865 1259 4924 mereretur.
1302 4854 1609 4922 Quanquam
1656 4856 1797 4912 enini

213 4925 390 4978 omnia
423 4926 597 4994 possit
623 4923 786 4987 Deus,
813 4923 942 4978 illud
972 4923 1095 4976 facit
1129 4923 1268 4993 quod
1293 4925 1540 4979 Convenit
1570 4926 1793 4993 rationi,

215 4995 1138 5076 utuirrepreliensibilisperseveret1
1219 5071 1228 5076 Δ
1358 5073 1365 5076 Δ
1499 5065 1511 5076 _
1638 5065 1648 5076 .

280 5065 359 5134 (a)
387 5065 446 5120 Si
480 5066 532 5119 ei
563 5066 646 5120 eui
677 5064 965 5119 necessitas
996 5065 1254 5130 imminet,
1280 5073 1404 5120 ante
1433 5065 1794 5132 subveniatur,

212 5137 578 5206 erit‘quidem
620 5147 832 5205 gratus,
878 5151 981 5189 non
1023 5135 1174 5190 valde
1216 5145 1388 5191 tamen
1431 5137 1625 5206 poterit
1661 5138 1799 5192 scire

212 5204 335 5272 quid
368 5204 474 5261 Sibi
519 5204 939 5273 prasstitumest.
968 5206 1023 5260 Si
1052 5217 1228 5260 autem
1260 5207 1310 5260 in
1343 5204 1452 5275 ipsa
1485 5221 1644 5261 neces
1676 5209 1799 5262 ilate

213 5277 388 5341 posito
423 5277 684 5330 auxilium
721 5275 879 5339 feras,
911 5277 1041 5330 sciet
1078 5277 1233 5346 quale
1271 5277 1584 5331 beneficium
1613 5293 1801 5331 conse-

213 5353 371 5417 cutus
399 5356 508 5400 est.
543 5347 613 5400 De
650 5347 983 5400 tribulatione
1024 5349 1164 5400 enim
1200 5357 1413 5414 ereptus
1449 5347 1569 5417 plus
1605 5350 1800 5417 gratias

214 5415 355 5482 agit;
385 5417 660 5486 quomodo
690 5417 734 5470 si
763 5417 1015 5470 esurienti
1055 5417 1247 5470 offeras
1285 5415 1471 5484 panem
1505 5436 1515 5470 :
1551 5415 1800 5472 siautem

212 5488 410 5540 otl‘eras
455 5502 570 5540 non
610 5487 882 5554 esurienti,
909 5503 1028 5556 qua:
1065 5487 1168 5541 erit
1206 5487 1406 5556 gratia?
1433 5487 1634 5543 Idcirco
1661 5498 1802 5543 recte

275 5615 291 5684 ξ
319 5622 406 5684 nis.
429 5615 666 5684 θρίω-ιη
687 5618 942 5684 expendi.

271 5678 347 5787 in)
370 5680 588 5737 Quaestio
611 5678 783 5730 eadem
806 5695 870 5731 ex
895 5690 998 5754 Mss.
1035 5682 1236 5754 secundi
1277 5685 1497 5746 generis,
1531 5685 1658 5737 inter
1697 5691 1805 5752 post

292 5747 438 5787 natas
465 5752 535 5787 ex
560 5749 682 5787 Novo
704 5750 832 5787 't‘est.
858 5757 1257 5787 nuimmagmima
1281 5754 1468 5787 «mea-

211 5747 438 5802 vutgatas
465 5752 535 5790 ex
560 5749 682 5792 Novo
704 5750 832 5793 't‘est.
858 5747 1259 5808 (utinquagesima
1281 5754 1468 5798 octava.

1642 309 2004 366 APPENDIX.

3317 320 3459 379 2278

1887 423 2077 480 factum
2122 434 2236 487 est,
2285 433 2340 480 ut
2379 439 2480 481 non
2521 435 2644 482 ante
2684 427 2887 484 veniret
2917 429 3189 489 Dominus.
3220 435 3459 494 Primum

1882 496 2021 571 enim
2051 495 2248 571 (litiilsil
2278 512 2446 571 genus
2477 496 2772 571 humanum,
2793 499 2865 553 uti
2897 502 3165 571 voluntate
3192 519 3286 560 sua
3306 547 3320 571 ,
3352 524 3457 563 non

1883 565 1996 618 sine
2028 565 2329 621 testimonio
2356 567 2437 621 sui
2465 585 2478 620 :
2507 568 2628 648 quia
2655 585 2721 648 ex
2761 570 2871 637 ipsa
2913 570 3108 648 fabrica
3137 565 3331 648 mundi
3361 593 3458 648 per

1883 649 2053 706 annua
2078 650 2320 706 munera,
2343 652 2459 706 qua:
2485 641 2870 693 elementorum
2891 641 3186 700 ministerio
3209 641 3457 704 humanis

1882 705 2066 758 usibus
2104 705 2340 778 exhiberi
2365 705 2624 778 decrevit,
2649 712 2895 778 cognosci
2924 719 2978 765 et
3003 712 3173 768 timeri
3206 714 3458 772 divinita-

1887 786 1991 827 tem
2019 789 2166 827 suam
2189 775 2370 829 voluit.
2396 776 2585 832 Postea
2604 775 2739 833 vero
2757 794 2875 834 cum
2898 781 3257 839 obsolesceret
3277 787 3460 841 notitia

1887 844 1978 923 Dei
2016 845 2068 896 in
2108 845 2284 910 terris,
2320 855 2376 923 _et
2419 863 2595 923 mores
2637 849 3064 923 iiiimutarciitur,
3095 853 3339 923 dignatus
3380 867 3463 912 est

1883 914 2098 990 visitare
2120 929 2290 990 genus
2320 914 2613 990 hominmu,
2647 926 2705 972 ut
2728 920 2847 974 data
2877 914 3464 990 Lege,'velvreformata

1887 984 2022 1062 (erat
2048 985 2266 1062 enimjn
2291 993 2496 1062 natura,
2515 987 2608 1042 sed
2632 991 2816 1059 negligi
2844 984 3121 1062 cmp'erat),
3147 1003 3199 1048 et
3222 997 3464 1051 notitiam

1885 1053 1967 1135 sui
2007 1063 2061 1108 et
2091 1054 2245 1123 Legis
2290 1058 2654 1135 auctoritatem
2696 1053 3050 1135 restauraret;
3080 1053 3148 1116 ἰιι
3188 1065 3462 1135 recognito

1888 1123 2028 1205 Deo,
2046 1133 2100 1178 et
2138 1134 2382 1205 revocata
2415 1126 2553 1205 Lege
2598 1130 2782 1183 timere
2823 1123 3115 1200 inciperent
3140 1150 3152 1186 :
3177 1123 3464 1205 certivquia

1886 1193 1976 1264 qui
2008 1192 2200 1264 Legem
2231 1194 2410 1259 dedit,
2438 1192 2766 1264 jullicaturus
2807 1192 2948 1254 essei
2991 1210 3142 1256 actus
3181 1192 3462 1261 humanos.

1888 1263 1953 1316 Et
1977 1263 2098 1343 quia
2126 1273 2336 1332 accepta
2362 1263 2505 1343 Lege
2528 1283 2557 1320 a
2591 1269 2815 1343 peccatis
2844 1284 2902 1343 se
2930 1271 3182 1343 cohibere
3213 1275 3464 1343 nequive-

1887 1341 2030 1397 runt,
2054 1349 2173 1408 eu_m
2205 1344 2437 1408 possent,
2457 1335 2544 1408 diu
2566 1339 2724 1408 etiam
2749 1354 2842 1407 per
2862 1339 3152 1408 Prophetas
3172 1335 3423 1398 admoniti
3447 1361 3461 1399 :

1887 1411 2076 1484 motus.
2108 1405 2244 1484 Dens
2293 1405 2652 1460 misericordia
2700 1405 2842 1484 misit
2867 1405 3056 1484 Filium
3092 1427 3266 1484 suum,
3291 1415 3377 1484 qui
3406 1429 3466 1470 se

1891 1487 1986 1546 p_r0
2005 1473 2107 1527 illis
2123 1474 2370 1540 offerens,
2389 1484 2442 1530 et
2463 1487 2685 1530 mortem
2703 1478 3003 1546 destruens,
3022 1481 3144 1536 data
3161 1473 3263 1537 illis
3283 1473 3468 1540 remis-

1889 1542 2038 1617 sione
2060 1553 2415 1617 pecuniarum,
2443 1546 2550 1601 Deo
2572 1547 2710 1617 Patri
2740 1549 2857 1603 illos
2878 1542 3192 1617 justifieatos
3219 1553 3463 1610 offerret:

1889 1621 1948 1689 ut
1967 1613 2192 1689 scientes
2212 1613 2278 1668 de
2300 1631 2404 1684 quo
2427 1615 2660 1684 periculo
2681 1627 2798 1672 sunt
2825 1613 3014 1689 erepti,
3034 1621 3148 1676 sine
3169 1625 3468 1680 cessatione

1891 1682 2000 1737 Deo
2036 1684 2232 1760 gratias
2266 1682 2452 1760 agant;
2482 1696 2538 1740 ut
2563 1689 2720 1741 etiam
2751 1689 2793 1760 si
2825 1682 2950 1760 usus
2987 1682 3224 1760 exegerit
3256 1695 3469 1760 sangui-

1891 1767 2014 1822 nem
2042 1768 2136 1822 pro
2169 1754 2255 1808 illo
2284 1754 2586 1822 fundentes,
2618 1772 2718 1811 nec
2747 1759 2824 1813 sie
2852 1775 2910 1814 se
2941 1759 3016 1813 illi
3046 1754 3214 1816 vicem
3241 1754 3470 1820 reddere

1893 1821 2255 1898 profiteantur.
2283 1825 2450 1890 Quam
2477 1821 2685 1898 gratum
2711 1843 2838 1898 ergo
2867 1839 2920 1882 et
2949 1831 3238 1898 pretiosum
3265 1833 3472 1888 beneﬁ-

1891 1893 2029 1972 cium
2043 1893 2383 1972 “existimant,
2405 1893 2544 1972 quod
2575 1913 2670 1953 nec
2693 1893 2861 1972 min-te
2884 1893 3219 1972 eoinpensari‘
3246 1905 3470 1972 putant?

1891 1961 1996 2017 Sed
2039 1961 2176 2041 forte
2217 1974 2400 2018 contra
2425 1961 2648 2041 'dicatur
2681 1986 2701 2041 :_
2725 1967 2778 2023 Si
2816 1970 2963 2023 multi
3002 1961 3124 2026 ante
3159 1961 3385 2041 Legem,
3417 1982 3472 2030 et

1892 2043 2013 2112 post
2039 2033 2497 2112 [tegennpeccatis
2526 2039 2706 2112 pressi
2743 2049 2878 2112 totos
2905 2055 2963 2093 se
2984 2043 3133 2094 carui
3169 2033 3468 2112 dederunt;

1893 2103 2008 2178 sine
2045 2103 2454 2178 dubio_fuerunt
2493 2103 2682 2176 aliqui,
2719 2109 2805 2178 qui
2847 2112 3072 2164 creatori
3100 2111 3210 2166 Deo
3236 2113 3413 2168 devoti
3437 2103 3472 2170 :i

1897 2173 2120 2251 vitiis_se
2139 2173 2511 2251 _in_frmnaren_t.
2533 2173 2668 2251 Age,
2689 2173 2940 2251 numquid
2964 2179 3016 2234 hi
3043 2185 3293 2251 expuncti
3313 2199 3342 2236 a
3366 2185 3472 2240 vita

1894 2257 2000 2295 non
2043 2243 2094 2296 in
2139 2243 2402 2324 infernum
2441 2243 2863 2324 descenderunt?
2889 2243 3144 2324 Siautem
3175 2263 3317 2324 ante,
3348 2262 3473 2324 post

1895 2323 2119 2393 mortem
2160 2313 2309 2393 Adae,
2343 2315 2582 2393 Christus
2609 2318 2874 2382 venisset;
2908 2319 3132 2393 liberato
3161 2313 3471 2393 Malm-qui

1897 2391 2113 2454 peccato
2134 2387 2348 2454 proprio
2372 2387 2668 2452 tenebatur,
2687 2403 2716 2441 a
2735 2398 2926 2452 morte,
2954 2392 3162 2444 cazteris
3187 2393 3254 2446 ad
3275 2387 3474 2448 coelum

1896 2453 1996 2505 iter
2042 2453 2628 2522 l'eeerit’credentibus,
2671 2466 2729 2512 ut
2764 2459 2885 2582 ﬂuia
2923 2457 3008 2514 hic
3043 2459 3178 2514 bene
3211 2463 3472 2529 vixerant,

1896 2522 2028 2582 grati
2051 2525 2284 2578 Creatori
2311 2535 2364 2579 et
2394 2530 2739 2582 restauratori
2801 2530 2999 2582 el'uncti
3027 2532 3393 2582 recitiercnttir
3421 2535 3472 2582 in

1894 2522 2028 2600 grati
2051 2525 2284 2600 Creatori
2311 2535 2364 2579 et
2394 2530 2739 2600 restauratori
2765 2522 2999 2584 defuncti
3027 2532 3393 2600 reciperentur
3420 2522 3475 2588 in

1896 2592 2110 2666 calum.
2127 2593 2381 2648 Damnum
2399 2610 2525 2666 ergo
2541 2605 2639 2660 est,
2653 2599 2772 2666 quia
2793 2614 2896 2652 non
2913 2609 3034 2654 ante
3053 2592 3195 2654 venit
3209 2603 3472 2658 Christus.

1899 2661 2154 2739 Damnum
2183 2678 2312 2739 esse
2335 2661 2804 2739 manifestum—est.
2837 2667 2940 2722 Sed
2971 2684 3150 2739 quaere
3182 2686 3247 2724 an
3275 2672 3476 2739 justum

1895 2730 2244 2806 au_i_njustum
2272 2733 2358 2806 sit.
2383 2735 2566 2789 Solent
2587 2737 2726 2790 enim
2753 2737 2945 2791 damna
2966 2730 3109 2806 jiista
3137 2730 3475 2796 essefNum-

1896 2801 2019 2923 δυἰά
2045 2801 2127 2854 fur
2148 2803 2518 2871 reprehensus,
2541 2820 2662 2860 cum
2683 2807 2734 2859 in
2755 2801 3106 2877 quadruplum
3127 2809 3274 2879 juxta
3303 2811 3476 2882 legem

1933 2882 2197 2923 amuatur.
2229 2887 2330 2923 non
2362 2873 2612 2923 damnum
2652 2877 2876 2923 natitnr‘?
2906 2877 3008 2923 Sed
3039 2877 3232 2923 iustum
3270 2892 3344 2923 ρει
3411 2898 3474 2923 :m

1933 2882 2197 2948 amuatur,
2229 2887 2330 2925 non
2362 2873 2613 2948 damnum
2652 2873 2876 2944 patitur?
2906 2873 3008 2932 Sed
3033 2873 3232 2947 justum
3270 2873 3382 2948 est:
3411 2898 3474 2936 ae

1897 2955 1992 3021 per
2036 2940 2136 2994 hoc
2173 2941 2396 3021 jus_tuu_t_
2418 2945 2558 3012 quod
2603 2940 2875 3021 hominum
2921 2940 3088 3018 genus
3119 2965 3330 3019 passum
3364 2940 3476 3019 'est,

1891 3013 2033 3086 juste
2058 3014 2316 3086 provenit,
2347 3013 2466 3086 ideo
2486 3024 2541 3086 et
2568 3017 2879 3082 permissum
2905 3013 3006 3073 (δἐι.
3025 3013 3197 3086 Quare
3218 3029 3272 3075 et
3294 3013 3476 3076 Salva;

1899 3080 2144 3153 toriinter
2169 3082 2279 3151 ipsa
2306 3080 2592 3153 primordia
2613 3087 2793 3140 venire
2818 3104 2922 3142 non
2945 3080 3144 3143 debuit.
3170 3089 3303 3145 Cum
3330 3093 3472 3146 enim

1897 3150 2562 3230 diaboiuss’uperbiret.‘et
2587 3155 2749 3230 homo
2774 3173 2802 3210 a
2835 3158 2944 3230 Deo
2970 3157 3138 3214 factus
3166 3161 3370 3230 positus
3394 3172 3478 3218 est

1898 3221 2274 3300 illi'inimieus,
2300 3233 2355 3278 ut
2380 3225 2588 3300 auitiliis
2616 3227 2706 3282 Dei
2733 3228 2986 3292 munitus,
3016 3230 3136 3300 quia
3166 3221 3336 3300 impar
3361 3242 3479 3288 erat

1897 3291 2118 3365 viribus,
2143 3293 2418 3365 resisteret
2438 3294 2508 3348 illi
2529 3307 2746 3365 accepto
2768 3291 3016 3352 mandato
3035 3291 3196 3354 huius
3219 3291 3315 3357 Dei
3341 3303 3476 3357 ima-

1897 3360 2071 3430 ginem
2103 3362 2154 3443 in
2189 3364 2434 3443 terris_ad
2466 3360 2703 3421 errorem
2734 3367 3099 3443 auferendum,
3132 3386 3225 3439 per
3253 3371 3305 3427 id
3334 3372 3478 3443 quod

1901 3446 2036 3506 unus
2071 3433 2144 3506 ab
2191 3449 2295 3488 uno
2337 3435 2525 3501 factus,
2571 3451 2636 3490 ex
2679 3454 2784 3506 quo
2827 3439 3028 3503 caeteri,
3064 3433 3474 3498 demonstraret.

1900 3499 2148 3582 Diabolus
2168 3513 2344 3558 autem
2367 3499 2521 3582 solita
2543 3499 2830 3582 subtilitate
2855 3499 3204 3582 siinulavitse
3234 3512 3481 3582 ignorare

1898 3571 2023 3642 quid
2053 3583 2377 3642 pneceptum
2404 3573 2591 3630 fuisset
2613 3591 2643 3628 a
2669 3576 2798 3642 Deo,
2827 3588 2881 3631 et
2907 3579 3105 3634 invenit
3124 3571 3287 3634 Evam
3317 3583 3481 3637 insta-

1899 3640 2095 3718 bilem,_
2118 3640 2242 3711 post
2273 3653 2450 3698 autem
2486 3640 2807 3718 promittens
2836 3649 2958 3714 illis,
2990 3650 3130 3718 quod
3171 3650 3217 3704 si
3259 3652 3481 3707 interdi-

1899 3720 2051 3782 ctum,
2065 3711 2454 3780 degustassent,
2478 3711 2638 3769 futuri
2661 3727 2842 3770 essent
2863 3711 2968 3782 dii;
2997 3711 3343 3775 circumvenit
3362 3737 3477 3778 eos.

1897 3781 1986 3836 Sic
2023 3781 2264 3836 diabolus
2302 3785 2514 3858 devicto
2550 3785 2762 3841 homine
2808 3781 3166 3858 triumphavit,
3197 3789 3282 3843 hic
3308 3792 3480 3846 vietus

1899 3866 2085 3929 genus.
2108 3869 2261 3929 suum
2307 3855 2543 3929 vendidit
2573 3866 2807 3929 peccato.
2840 3857 2954 3929 Non
2970 3855 3109 3928 ergo
3131 3860 3331 3929 justum
3362 3870 3480 3916 erat

1900 3921 2086 3999 victori
2115 3923 2291 3999 statim
2321 3921 2819 3999 aiifei-re_violenter
2847 3928 3012 3996 Spolia
3039 3921 3198 3998 z-qtiia
3227 3931 3368 3999 quod
3400 3931 3480 3985 fa-

1899 3992 1971 4069 _eit
1999 3991 2160 4060 Deus,
2175 3994 2317 4069 juste
2352 3995 2494 4050 facit.
2523 3995 2784 4069 Praiterea
2815 3991 2933 4052 cum
2963 3991 3148 4056 acerbe
3184 3991 3481 4069 peccaverit

1903 4061 2091 4133 homo;
2123 4064 2420 4118 assentiens
2454 4066 2597 4119 enim
2638 4065 2753 4121 fieri
2795 4083 2854 4122 se
2894 4069 3084 4133 Deum,
3129 4061 3478 4126 idololatrian]

1899 4131 2145 4210 admisit,
2175 4133 2276 4210 hoc
2305 4144 2388 4210 est
2418 4136 2468 4188 in
2499 4136 2662 4210 Deum
2698 4139 2934 4210 peccavit
2963 4157 2975 4192 :
3007 4131 3228 4210 ideoque
3260 4157 3362 4196 non
3404 4142 3481 4197 illi

1901 4203 2076 4278 statim
2103 4203 2286 4278 debuit
2310 4205 2602 4278 subveniri,
2627 4203 2716 4276 qui
2749 4224 2845 4264 nec
2868 4210 3129 4278 paenituit.
3147 4203 3280 4265 'l’ost
3301 4223 3481 4268 autem

1895 4270 2051 4351 justis
2071 4273 2244 4351 multa
2262 4276 2409 4351 _i_ual_a
2443 4276 2617 4351 intulit
2645 4270 3047 4351 satanas-dub,
3075 4281 3297 4351 .loseph,
3328 4282 3481 4337 Jere-

1902 4341 2040 4420 mir,
2071 4344 2237 4408 Isaia),
2261 4343 2549 4420 zacliariaz,
2581 4349 2868 4420 clipea-teris
2897 4341 3479 4420 PrOplictis,'et'justis.

1899 4411 2121 4492 idcirco
2145 4416 2460 4472 commissus
2493 4411 2576 4471 est
2602 4417 2845 4492 Christus
2871 4435 2901 4474 a
2936 4411 3043 4476 De'o
3073 4411 3228 4476 Patre
3258 4411 3354 4476 suo
3389 4425 3480 4492 qui

1901 4483 2048 4536 illiilli
2078 4484 2342 4561 vinceret,
2375 4497 2426 4540 et
2452 4501 2510 4540 se
2540 4488 2922 4556 manifestaret,
2948 4507 3167 4561 regnum
3194 4492 3310 4560 ejus
3333 4483 3483 4546 aufe-

1901 4566 2024 4630 rens
2056 4555 2290 4630 ratione,
2323 4573 2425 4630 non
2460 4566 2752 4630 potestate;
2782 4555 3081 4630 quanquam
3111 4555 3285 4615 omnia
3313 4562 3483 4630 possit

1904 4621 2078 4700 Deus:
2106 4624 2356 4700 sed__illud
2397 4621 2521 4680 facit
2557 4629 2697 4695 quod
2736 4621 2977 4700 congruit
3006 4633 3216 4698 rationi,
3253 4621 3478 4686 ut'irre-

1901 4693 2271 4764 prehensibilis
2294 4693 2612 4764 perseverei.

1972 4763 2256 4818 LXXXIV.
2301 4763 2384 4805 7—
2428 4765 2602 4834 Quare
2677 4768 2814 4824 lunze
2880 4785 3090 4825 eursam
3159 4771 3209 4824 in
3277 4771 3482 4826 ratione

1907 4833 2120 4911 [fasciae
2159 4833 2538 4903 custodientes,
2577 4838 2814 4908 Paganos
2856 4841 3314 4909 reprehendimus.
3357 4843 3480 4911 quia

1903 4903 2017 4957 dies
2046 4905 2256 4960 lunares
2279 4916 2332 4960 et
2357 4917 2556 4961 motuin
2582 4903 2914 4964 custodiunt?

1976 4975 2135 5048 Absit
2166 4989 2208 5048 a_
2242 4975 2552 5048 t_.hristianis
2600 4989 2656 5032 ut
2711 4981 2882 5034 sidera
2931 4982 3166 5036 venerari
3213 4981 3478 5048 dicantur,

1903 5044 2097 5120 quibus
2123 5044 2323 5120 indulta
2348 5057 2431 5120 est
2457 5049 2744 5118 spirituali»
2770 5051 3005 5116 cultura,
3037 5061 3091 5104 ut
3125 5044 3480 5120 despicientes

1905 5130 2024 5184 qua:
2053 5113 2312 5191 videntur,
2347 5117 2410 5172 iis
2455 5113 2574 5191 quae
2619 5120 2898 5174 invisibilia
2939 5113 3002 5176 et
3036 5137 3195 5191 super
3225 5113 3477 5178 'cwlestia

1906 5195 2048 5252 sunt,
2080 5187 2424 5255 copulentur;
2454 5187 2505 5243 et
2538 5189 2650 5244 haec
2681 5191 2855 5243 omnia
2898 5187 3274 5247 transcendant
3319 5192 3482 5248 futuri

1907 5269 2026 5326 eum
2056 5257 2272 5326 Angelis
2309 5259 2420 5313 Dei.
2462 5259 2592 5313 Nam
2632 5270 2684 5313 et
2723 5261 2956 5315 siderum
2987 5262 3217 5316 cultores
3242 5272 3332 5316 aut
3361 5279 3483 5318 cum

1910 5324 2038 5402 ipsis
2059 5324 2231 5402 erunt,
2260 5339 2352 5382 aut
2377 5327 2508 5402 infra
2532 5331 2663 5399 ipsa.
2688 5331 2963 5396 Quomodo
2984 5333 3124 5387 enim
3150 5334 3263 5387 fieri
3288 5344 3484 5402 potest,

1909 5404 1966 5448 ut
1993 5397 2180 5465 aliquis
2208 5415 2367 5473 super
2395 5401 2504 5473 hanc
2533 5397 2599 5452 sit
2628 5417 2743 5469 qua:
2765 5403 2923 5473 colit?
2953 5403 3144 5473 Pagani
3175 5397 3351 5472 itaque
3379 5397 3485 5458 non

1909 5477 2211 5542 computum
2257 5469 2393 5522 luna:
2436 5469 2752 5542 observant;
2781 5472 2873 5526 sed
2915 5469 3087 5527 lunain
3139 5469 3303 5542 ipsam
3345 5475 3488 5529 velut

1911 5536 2060 5614 deain
2093 5548 2449 5614 venerantura
2473 5541 2532 5614 iit
2563 5542 2780 5595 cli'ectus
2815 5536 3196 5614 cuniculorum
3236 5545 3350 5612 ejus
3394 5561 3488 5614 ειμι

1919 5606 2262 5684 prehendisse
2289 5624 2346 5664 se
2373 5608 2713 5684 arbitrantes,
2749 5612 2874 5682 quid
2911 5615 3072 5668 certis
3105 5606 3294 5670 diebus
3323 5606 3482 5684 agen-

1913 5675 2059 5755 dum,
2086 5679 2279 5755 quidve
2313 5679 2604 5734 cavendum
2634 5675 2740 5755 sit,
2767 5675 3092 5748 decernunt,
3123 5675 3489 5755 impei'io'ejus

1912 5751 2063 5818 quasi
2101 5750 2257 5803 vitam
2295 5759 2345 5804 et
2374 5753 2830 5810 conversatiOiicm
2862 5769 3011 5810 suam
3046 5750 3229 5812 ordine
3258 5750 3486 5828 quodam
