4048 6466
254 529 564 590 testimonio
620 526 883 594 roborari,
926 535 982 584 et
1033 525 1191 598 Legis
1233 527 1431 600 veteris
1487 529 1837 600 praerogativa

254 605 482 676 signari.
516 603 705 676 Omnia
745 601 887 676 enim
927 600 1195 668 prteterita
1245 599 1408 676 Legis
1442 599 1744 664 veteris,’in
1775 599 1837 655 ﬁ-

255 671 385 746 gura
419 675 540 730 ﬁdei
573 683 767 728 uestra:
808 671 994 724 futurte
1027 679 1173 740 gesta
1216 671 1569 746 etdesignata
1602 687 1834 746 noscun-

255 743 363 810 tur,
393 756 451 802 ut
476 760 659 802 verum
701 757 797 796 nos
825 753 1005 814 tenere
1038 758 1140 794 non
1180 743 1587 814 ambigeremus,
1622 743 1836 814 quando

254 835 318 876 ea
348 834 468 888 qua:
499 831 639 871 nunc
665 825 720 888 et
749 813 1006 888 audimus
1048 821 1103 866 et
1143 812 1432 888 credimus,
1467 823 1598 888 ante
1640 812 1835 869 saecula

253 883 631 960 prardestinata
677 885 936 960 videmus,
991 899 1098 937 non
1143 883 1328 960 solum
1363 884 1602 960 voci_bu_s,
1648 901 1834 960 verum

251 953 414 1018 etiam
438 962 709 1029 signorum
740 955 1021 1029 virtutibus
1045 953 1439 1029 commendata.
1468 955 1571 1010 Sed
1602 957 1836 1029 nuncil-

252 1032 343 1088 iud
374 1025 544 1097 εει,ὶὶ
575 1029 762 1084 eodem
792 1026 950 1080 modo
974 1034 1034 1079 ut
1059 1025 1329 1095 designata
1352 1035 1492 1092 sunt,
1515 1041 1544 1080 a
1569 1028 1720 1081 nobis
1749 1028 1833 1082 in-

252 1105 577 1173 telligantur,
607 1110 663 1154 ut
690 1100 804 1154 dies
835 1098 1195 1173 Pentecostes,
1233 1097 1385 1173 unde
1398 1107 1584 1173 et_qua
1632 1099 1835 1173 ratione

252 1168 452 1229 tractus
491 1174 562 1226 sit
605 1184 842 1240 congrue
905 1169 1296 1240 dignoscamus.
1349 1168 1646 1240 Scriptura:
1689 1171 1832 1224 enim

250 1245 533 1299 dominicze
573 1238 761 1297 sensus
802 1255 929 1294 suos
969 1238 1210 1293 sollicitis
1250 1249 1303 1293 et
1331 1239 1536 1294 devotis
1564 1241 1829 1309 aperiunt,

251 1315 640 1386 negligentibus
687 1311 960 1386 claudunt.
1007 1309 1114 1364 Nec
1155 1309 1294 1363 enim
1331 1326 1425 1380 par
1463 1320 1621 1386 e_rat,_
1648 1320 1705 1365 ut
1746 1327 1834 1386 res

249 1382 368 1457 qua:
391 1382 596 1442 tiieritis
615 1399 678 1440 ac
702 1383 874 1457 dignis
897 1390 1178 1436 reservata:
1200 1387 1343 1448 sunt,
1365 1383 1556 1457 passim
1575 1382 1642 1436 ab
1663 1383 1833 1457 omni-

249 1453 348 1513 lius
380 1459 705 1512 viderentur.
754 1453 1095 1508 Pentecosles
1139 1467 1288 1518 ergo,
1327 1454 1415 1522 qui
1452 1453 1830 1522 quinquagesi-

251 1545 368 1583 mus
393 1544 424 1582 a
459 1528 656 1582 Pascha
680 1532 1014 1594 computatur
1032 1523 1166 1594 dies,
1198 1524 1333 1578 hanc
1362 1525 1520 1579 habet
1548 1525 1828 1591 rationem,

250 1611 304 1653 ut
325 1602 465 1654 sicut
486 1611 604 1668 post
628 1593 1012 1668 hebdomadam
1034 1593 1332 1668 dominicus
1351 1595 1466 1668 dies
1495 1596 1711 1668 primus
1724 1605 1825 1660 est,

249 1671 298 1725 in
335 1687 442 1740 quo
467 1665 808 1737 adimpletum
840 1679 921 1720 εει
946 1666 1164 1740 Pascha:
1199 1665 1508 1736 mysterium
1539 1670 1590 1720 in
1622 1665 1832 1740 redem-

246 1736 483 1810 ptionem
511 1736 695 1794 salutis
720 1740 994 1810 humanae;
1023 1736 1146 1806 quia
1175 1751 1390 1810 semper
1421 1747 1540 1806 post
1567 1739 1828 1794 curricula

243 1809 452 1867 dierum
493 1823 717 1881 septem.
763 1809 827 1863 ad
875 1809 1099 1881 primum
1144 1809 1338 1881 reverti
1380 1824 1600 1865 necesse
1636 1819 1738 1875 est,
1772 1820 1830 1866 ut

243 1879 785 1939 ostendatur-.etatem
808 1879 988 1934 mundi
1017 1880 1316 1946 septenario
1343 1895 1566 1934 numero
1586 1895 1829 1936 consum-

244 1957 402 2020 mari,
449 1964 503 2008 et
543 1953 606 2006 ad
640 1953 875 2022 requiem
911 1951 1228 2022 pervenire;
1263 1952 1327 2003 ita
1371 1961 1422 2004 et
1469 1961 1586 2021 post
1625 1952 1828 2008 hebdo-

244 2025 430 2078 madas
459 2035 684 2093 septem,
717 2021 916 2092 primus
939 2022 1056 2095 dies
1086 2031 1171 2095 est
1195 2021 1556 2095 Pentecostes.
1588 2023 1826 2095 Denique

241 2091 634 2165 nunquam'alio
658 2091 741 2148 die
763 2109 920 2165 quam
951 2093 1036 2146 die
1065 2091 1332 2165 dominico
1357 2092 1699 2150 Peutecostes
1721 2091 1822 2164 est,

239 2177 297 2220 ut
339 2163 506 2220 totum
551 2165 690 2236 quod
717 2165 784 2218 ad
832 2163 1061 2236 salutem
1088 2163 1370 2236 humanam
1401 2165 1624 2232 proﬁt-it,
1653 2163 1827 2222 domi-

241 2239 362 2292 nico
383 2239 470 2293 die
493 2247 545 2293 et
571 2233 881 2291 inchoatum
903 2245 957 2288 et
981 2233 1326 2301 adimpletum
1357 2246 1624 2289 noscatur.
1655 2240 1826 2293 Domi-

241 2309 362 2362 nico
383 2313 524 2364 enim
554 2308 640 2362 die
672 2309 838 2361 faetus
863 2314 944 2360 est
967 2304 1217 2370 mundus,
1249 2316 1302 2358 et
1333 2315 1450 2374 post
1481 2306 1682 2374 lapsum
1705 2325 1827 2362 rur-

239 2395 330 2434 sus
355 2380 623 2434 dominico
649 2379 735 2433 die
765 2377 1114 2440 reformatus;
1144 2375 1298 2446 cujus
1332 2375 1726 2433 reformationis
1758 2382 1820 2434 li-

236 2466 367 2517 gura
395 2453 514 2506 data
543 2459 624 2506 est
656 2450 880 2518 primum
903 2449 952 2501 in
978 2449 1404 2510 circumcisione,
1429 2449 1478 2502 in
1501 2464 1601 2518 qua
1634 2449 1822 2507 futurae

238 2521 362 2576 ﬁdei
405 2524 611 2591 signqu
645 2519 762 2575 fuit.
789 2520 914 2574 Post
942 2518 1328 2591 hebdomadam
1357 2519 1522 2583 enim,
1555 2521 1644 2589 qui
1671 2533 1819 2577 oeta-

237 2607 336 2646 vus
363 2589 472 2656 est,
497 2595 696 2661 primus
731 2601 814 2645 est
845 2592 894 2644 in
927 2590 1200 2661 mysterio.
1241 2589 1368 2644 Haec
1397 2599 1478 2644 est
1507 2593 1648 2646 enim
1681 2593 1816 2658 dies,

235 2679 394 2731 quam
423 2665 544 2718 fecit
574 2663 846 2717 Dominus.
890 2661 1064 2714 Unum
1093 2676 1216 2714 eum
1250 2661 1392 2734 diem
1437 2661 1576 2726 fecit,
1619 2680 1684 2718 ex
1713 2680 1820 2734 quo

235 2737 414 2789 ueteri
445 2735 706 2790 curricula
745 2734 1081 2787 sortirentur.
1113 2734 1204 2803 Ac
1234 2747 1327 2800 per
1353 2731 1455 2787 hoc
1481 2734 1596 2803 ipso
1619 2734 1705 2789 die
1731 2731 1820 2791 re-

233 2807 460 2860 surrein
490 2821 648 2876 quem
679 2805 822 2876 fecit,
845 2814 899 2858 et
927 2802 1220 2876 secundum
1246 2802 1525 2876 numerum
1548 2819 1706 2875 supra
1729 2807 1816 2861 di-

232 2885 333 2932 ctte
360 2874 599 2942 rationis,
630 2877 745 2941 ipso
774 2875 859 2929 die
888 2884 940 2946 et
981 2875 1034 2928 in
1076 2885 1254 2929 monte
1280 2874 1405 2929 Sina
1450 2874 1644 2946 Legem
1672 2877 1820 2933 dedit

233 2964 329 3017 per
377 2948 630 3020 famulum
667 2962 834 3020 suum
875 2945 1090 3020 Moysen
1121 2963 1134 3000 :
1161 2954 1218 2999 ut
1260 2947 1398 3020 sicut
1442 2945 1609 3020 agnus
1652 2950 1816 3020 figura

233 3020 496 3088 passionis
526 3018 735 3073 Domini
769 3017 861 3071 fuit
902 3018 952 3071 in
999 3025 1332 3072 sacramento
1373 3017 1622 3084 Paschai;
1656 3017 1724 3073 ita
1763 3029 1820 3076 et

231 3089 514 3159 legislatio,
542 3090 860 3159 evangelicae
883 3088 1272 3158 prmdicationis
1299 3107 1311 3142 :
1341 3090 1462 3159 quia
1492 3090 1680 3145 eodem
1702 3091 1812 3157 die,

232 3158 398 3216 idest
427 3158 760 3222 Pentecoste,
791 3161 894 3214 Lex
921 3160 1042 3213 data
1076 3170 1180 3226 est,
1209 3173 1315 3227 quo
1339 3169 1394 3216 et
1430 3158 1659 3230 Spiritus
1689 3177 1815 3217 san-

230 3243 348 3287 ctus
365 3233 561 3288 decidit
585 3234 633 3286 in
661 3232 969 3301 discipulos,
991 3240 1047 3284 ut
1065 3233 1435 3286 auctoritatem
1458 3242 1730 3302 caperent,
1752 3249 1814 3290 ac

231 3305 433 3358 scirent
471 3305 834 3374 evangelicum
867 3303 951 3372 jus
984 3303 1292 3372 praedicare.
1316 3303 1466 3371 Quod
1500 3304 1690 3359 factum
1714 3306 1814 3360 du-

231 3376 352 3444 plici
386 3376 692 3430 testimonio
735 3375 1100 3438 conﬁrmatur,
1137 3376 1259 3444 quia
1295 3386 1349 3429 et
1380 3374 1812 3443 prmdestinatum

229 3448 549 3510 Ostenditur,
574 3457 624 3500 ct
647 3448 921 3500 manifesta
943 3445 1170 3511 Spiritus
1198 3448 1365 3499 sancti
1397 3445 1660 3502 infusioue
1689 3448 1816 3502 divi-

231 3533 354 3571 num
394 3529 449 3572 et
479 3519 857 3585 superctnleste
888 3517 1138 3586 probatur
1179 3517 1244 3571 ad
1287 3517 1387 3586 legi
1432 3525 1629 3571 nostrae
1661 3520 1812 3573 testi-

229 3589 466 3642 monium
502 3589 904 3658 perhibendum.
939 3589 1069 3641 Cum
1105 3589 1245 3642 enim
1273 3588 1554 3658 incognitis
1583 3589 1684 3643 sibi
1713 3591 1813 3643 im-

228 3661 383 3729 periti
413 3661 640 3714 diversis
668 3661 859 3729 linguis
906 3659 1167 3728 magnalia
1211 3659 1302 3713 Dei
1335 3660 1642 3728 loqttuntur,
1675 3660 1814 3714 divi-

228 3730 371 3784 nitus
402 3745 461 3784 se
491 3731 776 3800 iuspiratos
805 3732 1108 3785 ostendunt.
1141 3729 1287 3784 Filiis
1315 3745 1442 3800 ergo
1467 3730 1626 3784 Israel
1657 3731 1813 3786 tertio

227 3801 314 3855 die
358 3803 558 3855 mensis
587 3802 728 3856 tertii
769 3801 890 3856 data
933 3811 1016 3872 est
1051 3801 1159 3856 Lex
1188 3817 1280 3870 per
1308 3800 1544 3872 Moysen,
1593 3803 1728 3856 sicut
1759 3803 1810 3857 in

229 3872 375 3956 libro
411 3872 576 3956 Extuli
621 3875 925 3954 continetur
966 3871 1158 3956 (and.
1201 3887 1316 3956 xix,
1350 3870 1461 3956 [6),
1502 3873 1589 3942 qui
1628 3873 1749 3956 dies
1780 3888 1811 3928 a

228 3953 415 4014 quarta
446 3944 648 3997 decima
681 3946 880 3998 mensis
908 3942 1086 4014 primi,
1115 3957 1221 4010 quo
1258 3943 1345 3998 die
1367 3942 1560 3997 factum
1591 3952 1672 3998 est
1713 3945 1832 3999 Pa-'

226 4013 352 4088 scba
400 4015 731 4088 inimaypto
777 4014 884 4088 (Id.
911 4013 1156 4088 ’xu,lS),
1201 4015 1668 4088 quinquagesimus
1705 4025 1807 4084 est,

226 4085 331 4141 hoc
354 4097 439 4142 eat
468 4085 798 4141 Pentecoste;
828 4085 977 4142 Unde
1007 4087 1199 4140 factum
1230 4095 1330 4147 est,
1361 4096 1418 4138 ιιι
1440 4085 1504 4138 ad
1546 4085 1715 4154 legem
1747 4088 1809 4140 ii-

225 4155 311 4212 dei
340 4157 730 4228 prazdicandatu
762 4158 814 4211 in
849 4157 1162 4212 Pentecoste
1203 4155 1428 4224 Spiritus
1471 4166 1685 4212 sanctus
1713 4157 1809 4212 de-

225 4227 508 4300 scenderet
553 4230 602 4281 in
638 4229 918 4298 Apostolus
951 4227 1080 4300 (Act.
1114 4245 1172 4294 tt,
1197 4227 1340 4298 1-4),
1389 4236 1445 4300 ut
1483 4236 1638 4300 gesta
1660 4237 1811 4283 vete-

223 4315 367 4363 rum,
395 4296 696 4354 Tuturorum
724 4296 978 4368 imagines
1005 4296 1344 4360 haberentur,
1374 4299 1440 4352 ad
1469 4296 1809 4354 securitatem

227 4371 354 4425 ﬁdei
403 4381 599 4426 nostrae
629 4389 640 4400 ·
667 4372 787 4442 quia
826 4369 1014 4442 falsum
1043 4369 1225 4442 videri
1244 4386 1347 4442 non
1379 4379 1552 4442 potest
1577 4371 1716 4442 quod
1743 4373 1812 4426 ab

225 4442 381 4494 initio
429 4440 771 4512 pravdicatum
801 4450 902 4495 est.
947 4440 1070 4495 Ideo
1099 4440 1426 4494 remissionis
1456 4449 1512 4493 et
1553 4441 1812 4496 reforma-

228 4513 392 4566 tionis
433 4524 641 4583 tempus
683 4515 734 4566 in
773 4512 1212 4582 quinquagesimo
1239 4512 1443 4583 psalmo
1468 4512 1806 4579 describitur,

224 4594 282 4636 ut
323 4583 510 4638 eadem
545 4581 889 4654 providentia
923 4581 1363 4654 quinquagesimi
1403 4581 1539 4649 diei,
1593 4599 1711 4653 quae
1757 4593 1810 4639 et

224 4655 385 4723 primi
429 4664 530 4721 est,
562 4653 824 4709 sciretur.
872 4653 1004 4708 Hinc
1047 4654 1240 4708 factum
1291 4662 1373 4707 est
1415 4664 1473 4707 ut
1513 4662 1568 4708 et
1619 4669 1812 4710 manna

223 4727 402 4794 primo
429 4727 535 4791 die,
566 4727 654 4796 qui
693 4736 774 4780 est
803 4725 1120 4788 dominicus,
1153 4741 1182 4779 e
1203 4725 1341 4779 caelo
1369 4725 1587 4779 daretur
1619 4727 1813 4795 populo

221 4796 555 4864 Judaaorum,
584 4797 723 4866 quod
757 4799 824 4850 ita
847 4811 965 4850 esse
984 4811 1080 4851 sex
1109 4796 1314 4850 dierum
1334 4797 1665 4851 continuatio
1685 4813 1810 4866 pro-

224 4867 334 4929 bat,
373 4868 562 4937 quibus
588 4869 942 4939 collegerunt,
973 4878 1027 4921 et
1063 4869 1290 4939 septimo
1331 4867 1444 4939 die.
1482 4868 1534 4921 id
1577 4876 1660 4924 est
1687 4869 1812 4923 sab-

222 4939 353 4994 bato
386 4939 700 5008 quieverunt
729 4937 919 5008 (Exod.
960 4954 1071 5004 XVI,
1113 4937 1203 5004 22,
1241 4938 1356 5006 25).
1403 4938 1590 4991 Manna
1636 4949 1814 4994 autem

223 5018 386 5080 typus
415 5019 497 5063 est
525 5024 662 5064 escae
692 5009 1003 5080 spiritualis,
1029 5025 1148 5077 qua:
1180 5009 1574 5064 resurrectione
1601 5009 1814 5064 Domini

224 5079 426 5134 veritas
451 5079 584 5134 facta
610 5091 692 5136 est
722 5079 772 5134 in
798 5079 1144 5151 Eucharistiae
1185 5081 1460 5151 mysterio.
1502 5080 1688 5134 Omnia
1721 5082 1816 5135 ita-

226 5167 331 5220 que
360 5162 507 5221 geSIa
552 5161 694 5212 sunt,
737 5159 794 5205 ut
833 5150 899 5204 ad
943 5165 1154 5204 causam
1187 5150 1372 5219 prima:
1411 5152 1816 5206 resurrectionis

229 5223 517 5277 incolumia
545 5231 901 5286 revertantur,
942 5231 996 5275 et
1025 5236 1128 5274 non
1158 5223 1415 5292 glorietur
1454 5231 1687 5285 satanas,
1721 5223 1815 5278 sed

228 5293 506 5359 bebescat,
534 5295 623 5362 qui
654 5293 922 5347 hominem
970 5292 1097 5345 falsa
1136 5307 1232 5360 Spe
1259 5293 1472 5363 deiecit,
1517 5309 1584 5348 ne
1629 5295 1681 5348 in
1715 5296 1817 5350 hoc

225 5374 472 5437 maneret
500 5364 640 5434 quod
666 5363 861 5419 factum
882 5373 970 5437 est
995 5377 1088 5432 per
1114 5363 1384 5437 Christum
1409 5365 1813 5437 Dominum;(a).

225 5436 380 5491 Nunc
407 5444 651 5504 superest
697 5444 755 5490 ut
782 5435 1087 5504 probemus,
1133 5437 1175 5488 si
1217 5435 1287 5489 ita
1319 5436 1659 5504 intelligenda
1691 5435 1814 5491 sunt

225 5523 348 5578 qum
374 5507 627 5573 diximus,
657 5518 711 5560 ut
742 5520 901 5578 supra
928 5507 1360 5578 memoravimus.
1391 5507 1584 5562 Mensis
1614 5507 1815 5576 primus

264 5596 332 5632 uo
361 5579 566 5633 Pascha
607 5589 792 5648 quarta
835 5576 1038 5632 decima
1089 5576 1182 5648 die
1227 5578 1552 5631 celebratum
1619 5587 1699 5631 est
1763 5579 1814 5634 in

301 5660 485 5720 gypto,
529 5647 645 5704 hare
687 5649 803 5704 dies
844 5659 1029 5719 quarta
1078 5647 1209 5701 feria
1253 5649 1367 5702 fuit.
1417 5649 1564 5703 Unde
1605 5658 1659 5702 et
1699 5650 1807 5704 Lex

227 5719 416 5791 quarta
447 5721 574 5774 feria
601 5719 722 5774 data
769 5728 868 5774 est.
898 5720 1048 5787 Quod
1087 5720 1208 5772 hinc
1227 5720 1654 5791 daturintelligi,
1687 5722 1814 5791 quia

227 5790 418 5862 quinto
441 5791 653 5846 decimo
681 5791 768 5847 die
807 5793 1005 5846 mensis
1042 5790 1260 5846 secundi
1293 5790 1635 5862 profectionis
1677 5790 1812 5847 ﬁlio-

287 5925 366 5985 (α)
387 5923 640 5987 lenonum
659 5924 804 5974 deest
823 5925 874 5974 in
895 5930 1002 5976 llas.
1026 5926 1228 5976 secundi
1250 5927 1468 5990 generis.

1705 409 2074 470 APPENDIX.

3392 422 3534 484 2390

1946 545 2066 585 rum
2102 528 2265 585 Israel
2292 529 2566 586 sabbatum
2606 532 2816 590 videtur
2841 533 3006 590 fuisse
3037 553 3049 588 :
3082 535 3288 592 ideirco
3327 553 3431 594 non
3477 541 3528 596 in

1945 601 2033 680 die
2075 617 2205 670 grex
2244 601 2347 657 illis
2385 603 2593 680 missus
2625 613 2727 680 est
2750 607 3123 680 coturnictim,
3155 608 3247 663 sed
3282 625 3530 680 vespere.

1943 671 2095 753 plane
2122 682 2296 753 autem
2325 690 2514 753 manna
2546 675 2677 753 pluit
2699 677 2766 753 de
2791 679 2928 732 caelo
2950 671 3144 753 (Exod.
3171 695 3277 753 tm,
3311 671 3393 753 l5,
3418 684 3526 753 14),

1943 743 1993 796 id
2025 753 2105 818 est
2130 743 2218 818 die
2243 744 2531 818 dominico,
2549 743 2647 817 qui
2682 750 2882 816 primus
2909 743 3028 818 post
3058 743 3443 806 hebdomadam
3475 743 3524 807 in

1942 815 2260 890 repetitione
2306 815 2590 871 invenitur.
2631 815 2866 890 Denique
2908 815 2998 875 sex
3043 821 3232 876 diebus
3260 826 3526 881 continuis

1942 901 2132 963 manna
2161 885 2507 963 collegerunt,
2550 885 2978 963 septimo'autem
3011 893 3116 956 die,
3158 895 3246 963 qui
3287 903 3370 950 est
3408 895 3531 950 sab-

1941 955 2140 1034 batum,
2181 958 2516 1034 quieverunt.
2552 955 2631 1013 Ab
2673 961 2771 1034 hoc
2811 978 2938 1034 ergo
2965 963 3050 1019 die
3081 955 3248 1034 usque
3288 965 3352 1020 ad
3384 966 3527 1021 tertii

1942 979 2140 1022 uauun,
2181 979 2516 1026 qurcveruut.
2552 979 2631 1013 At)
2673 979 2771 1015 nuc
2811 979 2870 1016 er
2907 980 2938 1012 0
2965 979 3050 1019 me
3081 979 3248 1034 usque
3288 979 3352 1020 au
3384 979 3527 1021 lerltt

1940 1029 2139 1105 mensis
2169 1029 2309 1080 diem
2356 1031 2564 1105 tertium
2596 1047 2698 1105 quo
2728 1033 2834 1087 Lex
2866 979 2985 1087 gata
3013 1047 3115 1098 est,
3145 1052 3323 1105 quarre
3362 1049 3416 1092 et
3445 1037 3528 1092 in-

1939 1099 2120 1174 venies
2158 1109 2396 1174 quartam
2441 1099 2622 1174 feriam
2670 1103 2832 1174 fuisse
2871 1105 3081 1174 quando
3113 1099 3217 1160 Lex
3261 1107 3381 1161 data
3421 1117 3522 1162 est.

1939 1169 2074 1248 sunt
2095 1171 2236 1222 enim
2254 1186 2281 1248 a
2300 1170 2486 1248 quinto
2505 1170 2714 1248 decimo
2730 1169 3032 1248 diemensis
3051 1178 3291 1242 secundi,
3307 1179 3523 1248 quando

1937 1238 2372 1311 sabbatumfuit,
2408 1257 2570 1311 usque
2610 1243 2674 1297 ad
2716 1247 2853 1299 tertii
2900 1249 3098 1301 mensis
3127 1238 3341 1303 tertium
3381 1250 3522 1304 diem

1936 1326 2042 1390 quo
2071 1310 2177 1390 Lex
2207 1309 2326 1365 data
2363 1320 2465 1376 est,
2491 1309 2613 1368 dies
2649 1314 2833 1390 decem
2876 1325 2934 1372 et
2977 1335 3188 1374 novem.
3220 1320 3364 1376 Tene
3394 1337 3522 1390 ergo

1937 1382 2035 1458 bos
2062 1380 2246 1435 decem
2274 1391 2326 1458 et
2354 1398 2563 1458 noVem,
2592 1395 2646 1439 et
2671 1387 2969 1458 redisupcr
2993 1391 3233 1458 quintum
3257 1380 3522 1446 decimum

1936 1451 2078 1507 diem
2105 1453 2322 1507 secundi
2347 1455 2564 1519 mensis,
2599 1473 2702 1531 quo
2725 1451 3149 1518 sabbatum-fuit,
3180 1463 3268 1530 qui
3296 1479 3322 1513 a
3349 1463 3520 1531 primo

1935 1533 2273 1603 computatur
2319 1528 2849 1603 quartusdecimus;
2897 1539 2950 1584 et
2984 1528 3209 1603 perveni
3246 1528 3412 1603 usque
3455 1533 3521 1587 ad

1933 1594 2326 1672 dienrpriimum
2375 1597 2592 1652 secundi
2634 1601 2850 1659 mensis.
2893 1611 2946 1654 et
2985 1594 3206 1658 habebis
3234 1594 3364 1656 alios
3389 1620 3520 1672 qua~

1935 1666 2259 1730 tuordecim;
2291 1682 2424 1735 quos
2454 1682 2770 1740 superjuuge
2817 1673 2882 1724 ad
2909 1672 3093 1727 decem
3121 1683 3175 1727 et
3213 1666 3522 1730 novem-su-

1936 1752 2027 1805 pra
2054 1746 2399 1810 memoratos,
2425 1750 2484 1810 et
2509 1741 2746 1794 invenies
2778 1746 3002 1810 prinuuu
3031 1743 3171 1798 diem
3204 1746 3403 1800 mensis
3431 1761 3520 1801 se-

1933 1807 2090 1885 cundi
2139 1809 2414 1885 sabbatum
2463 1808 2644 1866 fuisse.
2693 1807 3001 1882 Superadde
3046 1816 3220 1870 adhuc
3259 1817 3322 1870 ad
3364 1826 3521 1885 caput

1932 1880 2088 1956 primi
2112 1883 2308 1956 mensis
2326 1881 2440 1934 dies
2462 1892 2664 1956 septem
2685 1892 2740 1939 et
2765 1880 2970 1947 decem,
2999 1887 3121 1956 quia
3145 1888 3298 1955 primi
3323 1880 3521 1942 mensis

1933 1950 2191 2005 tredecim
2222 1949 2336 2003 dies
2368 1949 2669 2025 retraheudi
2719 1965 2862 2021 sunt,
2895 1956 2985 2025 qui
3011 1949 3360 2012 aute-Pascha
3401 1959 3516 2012 fue-

1929 2030 2056 2094 runt
2085 2040 2097 2074 :
2129 2033 2313 2094 quarta
2358 2023 2561 2077 decima
2593 2027 2734 2079 enim
2773 2026 2858 2080 die
2891 2023 3043 2094 primi
3093 2029 3288 2084 mensis
3319 2028 3517 2085 Pascha

1929 2091 2122 2168 factum
2149 2103 2260 2168 est.
2287 2093 2544 2168 Retractis
2573 2111 2699 2166 ergo
2721 2091 2994 2163 tredecim,
3025 2109 3078 2154 et
3099 2101 3290 2154 additis
3313 2110 3520 2168 septem

1929 2172 1982 2218 et
2007 2164 2214 2239 decem,
2248 2163 2484 2239 invenies
2511 2163 2695 2239 quarta
2722 2169 2924 2222 decima
2958 2172 3154 2225 mensis
3178 2172 3329 2239 primi
3358 2163 3519 2239 quar-

1930 2242 2034 2286 tam
2068 2233 2251 2310 feriam
2293 2235 2470 2310 fuisse.
2519 2235 2585 2290 Et
2631 2254 2696 2292 ne
2739 2239 2944 2310 legendi
2983 2233 3247 2295 fastidium
3281 2233 3516 2310 patiaris,

1928 2313 2019 2358 aut
2053 2305 2362 2380 quaestionis
2390 2307 2592 2380 singula
2622 2305 2858 2362 membra
2890 2311 3100 2365 curiose
3131 2305 3414 2380 inspicere,
3447 2305 3517 2366 do

1927 2376 2323 2450 eompcudtum,
2355 2386 2412 2428 ιιι
2446 2387 2498 2450 et
2527 2377 2594 2432 de
2621 2394 2844 2432 numero
2870 2381 3074 2434 dierum
3101 2376 3232 2450 quot
3257 2399 3285 2434 a
3311 2382 3514 2436 Pascha

1927 2461 2095 2522 tisque
2141 2446 2210 2522 ad
2236 2447 2413 2501 datam
2457 2447 2654 2522 Legem
2674 2459 2839 2522 sunt,
2871 2462 3050 2506 certus
3084 2446 3178 2518 sis,
3210 2461 3262 2506 et
3290 2453 3358 2507 ab
3403 2454 3518 2522 ipso

1928 2516 2134 2588 facilius
2162 2517 2356 2582 discas,
2398 2516 2560 2588 quota
2589 2519 2718 2574 feria
2751 2522 2943 2574 factum
2975 2532 3053 2577 est
3081 2516 3304 2577 Pascha.
3333 2516 3517 2578 Tertio

1924 2587 2012 2642 die
2043 2597 2160 2656 post
2187 2587 2480 2662 secundum
2513 2606 2750 2644 mensem
2792 2592 2902 2646 Lex
2941 2592 3062 2646 data
3088 2604 3188 2649 est.
3229 2593 3364 2648 Sunt
3390 2609 3516 2662 ergo

1925 2675 2138 2734 menses
2167 2659 2274 2713 duo
2297 2669 2352 2734 et
2389 2660 2504 2715 dies
2521 2671 2664 2734 tres.
2694 2663 2927 2734 Retrahe
2959 2679 3088 2734 ergo
3115 2665 3182 2720 de
3228 2666 3308 2718 his
3337 2659 3514 2719 trede-

1923 2730 2026 2783 cim
2071 2730 2188 2784 dies
2222 2731 2309 2799 qui
2353 2741 2475 2786 ante
2518 2732 2716 2785 Pascha
2760 2733 2992 2800 fuerunt,
3025 2730 3084 2788 et
3127 2736 3312 2800 reliqui
3356 2745 3514 2790 erunt

1923 2800 2464 2875 dies_quinquagiuta.
2498 2803 2756 2875 Quoniam
2796 2814 2973 2858 autem
3017 2816 3201 2875 quarta
3233 2800 3361 2860 feria
3389 2806 3513 2862 data

1921 2882 2004 2927 est
2033 2872 2162 2945 Lex,
2195 2871 2314 2926 hinc
2337 2872 2487 2945 facile
2513 2874 2740 2927 videtur.
2765 2875 2953 2930 Manna
2983 2871 3150 2945 prima
3179 2876 3307 2931 feria
3329 2878 3512 2932 datum

1921 2953 2022 3018 est,
2055 2943 2175 3013 quia
2207 2943 2472 3018 continuis
2497 2960 2592 3018 sex
2613 2945 2800 3018 diebus
2825 2943 3174 3017 collegerunt,
3201 2964 3318 3018 qum
3339 2950 3506 3018 prima

1921 3013 2052 3069 feria
2095 3023 2246 3067 sexto
2272 3013 2480 3068 decimo
2521 3015 2608 3070 die
2651 3015 2747 3070 fuit
2780 3013 2988 3072 mensis
3017 3013 3255 3073 secundi.
3302 3013 3383 3074 Ab
3415 3021 3512 3074 hac

1923 3085 2100 3154 itaque
2128 3085 2296 3157 prima
2326 3085 2455 3140 feria
2487 3101 2654 3156 usque
2680 3087 2746 3141 ad
2781 3099 3023 3143 octavum
3050 3090 3314 3145 decimum
3343 3091 3506 3157 diem,

1921 3171 2027 3224 quo
2053 3157 2159 3210 Lex
2199 3156 2319 3209 data
2359 3166 2459 3221 est,
2501 3168 2740 3226 quartam
2774 3161 2954 3214 feriam
2996 3162 3252 3216 invenies.
3305 3163 3346 3216 A
3382 3156 3508 3216 feria

1921 3243 2051 3281 vero
2075 3235 2286 3302 quarta,
2334 3227 2447 3302 sive
2477 3240 2601 3283 ante
2643 3231 2754 3286 sive
2785 3242 2926 3286 retro
2955 3243 3230 3302 computes
3271 3234 3321 3287 in
3349 3234 3508 3302 quin-

1919 3301 2286 3368 quagesimum
2336 3299 2513 3364 diem,
2559 3311 2744 3369 quarta
2799 3302 2929 3357 feria
2978 3314 3060 3358 est
3082 3299 3102 3354 ἐ
3137 3304 3336 3357 idcirco
3369 3299 3507 3368 ’quia

1919 3379 2103 3440 quarta
2144 3369 2272 3444 feria
2305 3370 2524 3444 Pascha
2579 3382 2800 3441 egerunt
2850 3375 2901 3427 in
2949 3374 3180 3444 [Egypto
3223 3375 3412 3430 Judaei.
3455 3382 3512 3429 et

1919 3452 2105 3514 quarta
2131 3441 2265 3514 feria
2303 3441 2499 3514 Legem
2541 3454 2860 3510 acceperunt
2892 3465 2903 3498 :
2933 3441 3113 3514 quinta
3159 3457 3335 3498 autem
3379 3445 3508 3499 feria

1919 3511 2140 3586 profecti
2181 3521 2302 3566 sunt
2343 3513 2407 3566 de
2437 3512 2688 3584 A-Igypto.
2730 3515 2892 3585 Igitur
2928 3511 3192 3570 dedicatio
3232 3516 3388 3586 Legis
3427 3525 3512 3570 est.

1919 3581 2252 3635 Pentecoste.

1990 3652 2170 3727 XCVl.
2199 3684 2268 3692 —
2286 3653 2646 3727 ‘Qurerendum
2675 3655 2718 3710 si
2747 3656 2946 3712 Pascha
2973 3658 3225 3713 transitus
3249 3659 3511 3727 interpre-

1918 3731 2078 3788 tetur,
2110 3724 2245 3777 sicut
2273 3724 2473 3777 Grmcis
2500 3726 2723 3780 videtur.

1989 3795 2275 3868 Apostolus
2312 3794 2416 3868 falti
2451 3812 2554 3868 non
2584 3799 2771 3868 potuit,
2801 3799 2888 3868 qui
2919 3800 3010 3862 ait,
3053 3798 3252 3854 Pascha
3282 3810 3506 3854 nostrum

1917 3865 2203 3941 immolatus
2226 3875 2318 3941 est
2357 3866 2793 3941 L‘hriatusﬂiCor.
2820 3865 2874 3934 ἦν,
2909 3871 2983 3941 7).
3006 3870 3155 3938 Quod
3208 3886 3312 3924 non
3353 3887 3507 3926 suum

1917 3938 2120 4013 utique,
2148 3935 2238 3989 sed
2271 3936 2534 4013 Legisest
2561 3940 2798 4013 verbum,
2841 3935 3050 4013 dicente
3080 3941 3278 4013 Moyse,
3313 3941 3376 3996 Et
3413 3944 3508 3996 erit

1915 4025 2027 4060 cum
2054 4008 2215 4060 dicent
2242 4008 2374 4061 vobis
2403 4009 2496 4074 ﬁlii
2523 4013 2688 4072 vestri,
2725 4011 2850 4074 Quae
2875 4023 2943 4064 est
2974 4008 3235 4066 deserviiio
3264 4015 3410 4068 lucc?
3443 4015 3506 4067 Et

1917 4079 2122 4156 dicetis,
2151 4077 2439 4156 [mtuolatio
2469 4082 2574 4156 litvo
2609 4079 2812 4134 Pascha
2842 4082 3047 4156 Domini
3085 4094 3156 4137 est
3188 4084 3379 4156 (Exod.
3411 4102 3504 4149 xu,

1917 4149 2008 4212 26,
2037 4147 2151 4219 27).
2184 4150 2319 4216 Quid
2367 4151 2594 4219 amplius
2639 4163 2721 4206 est
2761 4155 3120 4208 necessarium
3169 4147 3233 4208 ad
3266 4147 3506 4211 testimoé

1917 4220 2102 4274 nium?
2127 4221 2490 4295 Lexloquitur
2506 4223 2839 4295 ;7Apostolus
2865 4225 3052 4295 probat
3077 4245 3088 4277 :
3116 4227 3216 4280 hoc
3243 4236 3506 4294 superest,

1916 4300 1974 4346 ut
2001 4293 2364 4346 contradictor
2390 4293 2666 4362 abjiciatur
2689 4304 2744 4347 ut
2777 4293 3039 4362 pervicax.
3073 4297 3404 4352 Manifestum
3429 4308 3510 4353 est

1917 4313 1974 4346 ιιι
2001 4313 2364 4346 contrautcuir
2390 4313 2666 4362 :IDJICIitlUl'
2689 4313 2744 4347 ιιι
2796 4313 3039 4349 ιεΙὛΙαὶΧ.
3073 4313 3404 4352 ttlautlestttttt
3429 4313 3506 4353 est

1917 4363 2058 4438 enim
2086 4365 2368 4438 transitum
2399 4377 2513 4432 post
2539 4365 2735 4418 Pascha
2765 4313 2944 4421 [luisse
2978 4367 3050 4422 De
3079 4370 3335 4438 sanguine
3364 4370 3506 4423 enim

1916 4434 2174 4488 immolati
2219 4435 2337 4504 agni
2370 4450 2530 4503 super
2571 4447 2747 4505 postes
2774 4440 2892 4490 ostii
2937 4447 2989 4492 et
3027 4434 3201 4509 supen
3228 4441 3385 4492 limen
3418 4458 3508 4508 ρυ-

1918 4514 2160 4580 sueruut,
2192 4516 2259 4580 _ut
2302 4509 2564 4580 transiens
2614 4519 2766 4561 nocte
2797 4509 3016 4580 angelus
3061 4527 3163 4563 non
3208 4521 3508 4578 percuteret

1917 4576 2157 4649 domum,
2191 4577 2242 4628 iu
2268 4591 2370 4644 qua
2411 4577 2618 4649 signqu
2651 4576 2922 4648 sanguinis
2945 4590 3108 4635 esset.
3151 4576 3376 4646 Sanguis
3405 4583 3503 4649 igi-

1919 4656 2005 4721 tur
2031 4648 2254 4700 salutem
2283 4648 2546 4721 prazstitit,
2589 4664 2702 4721 non
2745 4653 2997 4705 transitus
3023 4670 3036 4705 :
3067 4652 3187 4721 quia
3247 4660 3303 4704 ut
3335 4648 3506 4708 traus~

1919 4719 2035 4792 itu_s_
2053 4733 2172 4792 pou
2193 4726 2430 4792 nocepet,
2459 4718 2665 4792 obstitit
2696 4724 2928 4792 sanguis.

1989 4787 2296 4864 _XC_Vll._-_—
2320 4788 2433 4855 Qua
2454 4789 2656 4864 ratione
2675 4787 2982 4862 reSpouderi
3008 4793 3172 4862 possit
3197 4793 3307 4847 Arii
3339 4793 3500 4864 impie

1920 4860 2013 4930 tati
2036 4859 2352 4930 Vsimplicitrr
2379 4875 2441 4912 ex
2470 4859 2643 4930 Lege?

1991 4929 2058 5004 Si
2089 4930 2300 5004 ratigni
2324 4930 2452 4984 lides
2481 4929 2870 5004 eoinmodetur,
2901 4937 3010 5004 ipsa
3045 4937 3319 4990 nominum
3370 4938 3507 4992 ratio

1921 5001 2090 5077 Patris
2111 5008 2166 5077 et
2187 5000 2303 5054 Filii
2327 5003 2866 5077 οειεξιόειμῃῆιειεῐη.
2890 5000 2944 5059 Si
2965 5009 3180 5075 quaeris,
3203 5009 3508 5077 quomodo?

1921 5071 2036 5126 Non
2065 5072 2208 5124 enim
2238 5088 2396 5126 verus
2434 5073 2526 5127 Dei
2570 5075 2735 5130 Filius
2759 5071 3047 5140 diceretur,
3087 5079 3186 5132 nisi
3215 5071 3507 5136 exstitisset

1923 5142 2429 5218 (le_suh_staut_ia_Dei
2471 5145 2662 5218 Patris.
2693 5145 2969 5218 Necienim
3013 5159 3283 5218 pateretur
3311 5153 3506 5207 veritas

1923 5214 2193 5292 etjustit_i_a
2237 5215 2328 5268 Dei
2370 5231 2554 5292 verum
2585 5216 2776 5292 dicere
2804 5214 3023 5292 Filium,
3059 5223 3104 5274 si
3135 5221 3203 5276 de
3246 5221 3360 5292 ipso
3402 5237 3505 5277 non

1921 5292 2086 5362 esset;
2127 5285 2240 5362 Non
2271 5293 2355 5362 est
2379 5286 2704 5362 enim_v_eru_s_
2750 5289 2841 5342 Dei
2875 5289 3056 5354 Filius,
3087 5293 3132 5346 si
3162 5293 3230 5347 de
3260 5285 3374 5362 ipso
3400 5309 3507 5349 non

1923 5364 2025 5432 est:
2052 5353 2157 5432 Sed
2187 5355 2455 5432 Scriptura
2485 5357 2632 5432 di_cit,
2667 5358 2834 5414 Verus
2864 5372 2945 5416 est
2975 5353 3140 5431 :ergo
3161 5363 3228 5418 de
3258 5353 3374 5432 ipso
3401 5373 3504 5420 est.

1923 5425 2025 5504 Qui
2061 5427 2201 5504 enim
2234 5438 2390 5504 negat
2424 5427 2492 5482 de
2533 5427 2643 5504 Deo
2666 5439 2847 5504 natum
2877 5425 3170 5500 Christum,
3215 5425 3504 5504 Scriptura:

1923 5497 2243 5552 calumniam
2274 5496 2417 5560 facit,
2445 5513 2563 5567 qua:
2596 5499 2713 5554 ideo
2748 5502 2893 5556 illum
2923 5504 3051 5559 dicit
3077 5496 3260 5562 verum
3292 5496 3384 5562 Dei
3416 5507 3505 5561 Fi-

1925 5568 2076 5634 lium,
2109 5579 2165 5621 ut
2193 5569 2452 5638 signiﬁcet
2492 5569 2559 5623 de
2587 5571 2695 5624 Deo
2725 5575 2861 5627 hunc
2895 5585 3097 5629 natum.
3132 5578 3188 5631 Si
3229 5579 3370 5632 enim
3402 5592 3506 5633 non

1924 5640 2111 5714 estde
2143 5639 2278 5714 Deo1
2329 5650 2393 5714 et
2419 5656 2573 5714 vertis
2601 5641 2789 5714 Filius
2837 5646 2928 5700 Dei
2974 5647 3186 5714 dicitur,
3225 5648 3381 5703 fallax
3425 5658 3508 5705 est

1923 5709 2214 5788 Scriptura.
2247 5711 2470 5788 Quodsi
2499 5712 2767 5788 Scriptura
2791 5731 2893 5770 non
2928 5718 3088 5782 fallit;
3120 5709 3207 5788 qui
3236 5719 3506 5776 Christum

1923 5781 2253 5860 nonﬁfatetur
2280 5783 2544 5836 exstitisse
2565 5781 2630 5838 de
2661 5787 2787 5860 "ep,
2830 5797 2884 5842 et
2908 5781 3232 5860 Scripturam
3260 5799 3502 5860 evacuat,

1921 5861 1978 5908 et
2011 5853 2280 5908 Christum
2308 5863 2464 5924 negat
2497 5871 2683 5912 verum
2723 5857 2914 5914 Filium
2944 5853 3056 5914 Dei.
3089 5861 3203 5916 Non
3234 5863 3377 5916 enim
3413 5853 3506 5918 vo;

1933 5924 2108 5979 luntas
2138 5940 2320 5979 verum
2350 5925 2539 5981 Filium
2565 5926 2710 5996 facit,
2743 5929 2836 5986 sed
2878 5931 3142 5989 nativitas.
3175 5932 3280 5989 Sed
3321 5941 3504 6000 poten-
