4042 6468
451 367 596 426 2195

451 485 508 540 in
547 483 712 549 Isaia,
757 481 900 553 quod
936 482 1218 538 Dominum
1261 480 1482 537 sabaoth
1523 479 1716 553 viderit
1757 479 1812 534 in
1845 479 2041 534 throno

452 554 746 624 majestatis
775 549 1046 608 sedentem
1064 553 1214 624 (Isai.
1245 568 1316 624 vt,
1338 553 1413 622 1),
1435 565 1598 624 quem
1618 549 1859 624 Joannes
1882 566 2045 624 cyan-

454 621 641 695 gelista
664 624 938 680 Christum
966 621 1088 680 esse
1118 623 1396 686 intellexit,
1415 623 1754 695 dicensinter
1769 623 1892 695 alia,
1918 621 2043 675 Haec

452 693 582 750 dixit
609 695 795 758 Isaias,
822 696 1024 766 quando
1051 695 1174 766 vidit
1198 695 1508 764 maiestatem
1540 693 1669 763 ejus,
1686 703 1732 745 et
1761 693 1955 766 locutus
1971 701 2043 748 est

453 767 516 820 de
541 766 793 832 eo(Joan.
821 765 1039 836 nuit).
1058 765 1207 820 Hunc
1229 766 1513 833 Apostolus
1539 773 1778 818 sanctum
1810 765 1938 819 dicit
1965 779 2043 818 es-

451 838 800 907 seSpiritum.
824 839 908 891 Ait
930 837 1070 890 enim
1091 837 1141 890 in
1173 837 1458 890 novissima
1474 845 1618 903 parte
1646 836 1871 907 Actuum
1897 837 2040 904 Apo-

450 906 732 972 stolOrum,
764 907 900 962 Bene
933 908 1127 960 locutus
1155 917 1225 960 est
1257 907 1478 977 Spiritus
1518 915 1720 960 sanctus
1761 906 1828 958 ad
1873 916 2041 977 patres

447 989 639 1034 vestros
671 980 859 1041 dicens,
892 981 1023 1033 Aure
1063 977 1294 1043 audietis,
1325 988 1370 1031 et
1415 993 1514 1031 non
1556 977 1859 1047 intelligetis,
1908 989 2035 1043 etc.,

453 1049 589 1119 (Act.
637 1067 817 1108 xxvnt.
850 1048 936 1112 25,
964 1049 1076 1119 26).
1114 1050 1236 1103 lltrc
1275 1049 1436 1103 verba
1487 1064 1515 1100 a
1565 1049 1788 1119 Domino
1816 1049 2037 1102 sabaoth

449 1121 588 1174 dicta
611 1131 748 1175 sunt.
785 1121 878 1176 llic
923 1130 1005 1174 est
1033 1118 1170 1173 unus
1201 1120 1362 1185 Deus,
1395 1119 1482 1189 qui
1511 1119 1623 1174 sive
1654 1118 1810 1173 Pater
1837 1119 2036 1173 intelli-

447 1203 623 1261 gatur,
649 1195 760 1246 sive
792 1192 976 1255 Filius,
1010 1192 1120 1246 sive
1150 1192 1378 1259 Spiritus
1401 1201 1635 1257 sanctus,
1665 1198 1877 1244 nonest
1901 1205 2033 1245 ccu-

450 1263 706 1316 trarium.
745 1263 863 1329 quia
898 1279 998 1316 una
1037 1277 1220 1316 eorum
1247 1261 1499 1316 divinitas
1552 1269 1606 1316 et
1659 1276 1761 1314 una
1802 1270 2036 1331 potestas

449 1343 549 1387 est.
577 1332 707 1386 Nam
739 1335 781 1387 si
812 1349 864 1386 in
891 1335 1044 1386 unius
1074 1331 1306 1401 praefecti
1337 1333 1584 1400 praetorio
1621 1342 2030 1402 programmate,

447 1405 606 1457 etiam
632 1405 810 1457 caeteri
844 1402 1076 1473 praefecti
1103 1404 1290 1471 jubere
1317 1403 1584 1468 dicuntur,
1617 1411 1830 1472 pr0ptcr
1851 1413 2036 1459 aucto-

449 1476 658 1528 ritatem
692 1476 848 1528 unius
879 1477 1186 1543 potestatis;
1234 1483 1434 1544 quanto
1462 1473 1628 1542 magis
1678 1475 1729 1528 in
1761 1475 1918 1529 unius
1944 1477 2032 1530 Dei

448 1545 691 1614 imperio,
723 1547 767 1601 si
810 1546 1014 1600 locutus
1062 1560 1196 1600 unus
1225 1562 1254 1598 e
1286 1545 1456 1599 tribus
1485 1544 1662 1610 fuerit,
1705 1560 1808 1598 non
1843 1547 2032 1601 incon-

445 1631 575 1684 grue
599 1617 841 1671 dicentur
883 1626 989 1671 tres
1018 1616 1214 1671 locuti?
1243 1616 1337 1669 Est
1367 1615 1508 1670 enim
1549 1631 1733 1670 eorum
1763 1626 1947 1671 natura
1979 1626 2033 1672 et

447 1688 692 1742 voluntas
757 1703 880 1742 una.
941 1687 1127 1742 Solent
1179 1688 1367 1741 iterum
1425 1685 1768 1756 praejudicare
1813 1687 2030 1756 Spiritui

447 1771 648 1823 sancto,
680 1758 824 1827 quod
851 1757 970 1813 ideo
998 1758 1230 1828 degener
1250 1758 1593 1826 intelligatur,
1621 1759 1742 1826 quia
1774 1758 1823 1811 in
1844 1760 2032 1814 ordine

446 1832 633 1882 tertius
659 1831 904 1898 ponitur;
935 1845 1055 1884 cum
1085 1839 1226 1900 tanta
1270 1829 1582 1899 simplicitas
1614 1830 1683 1883 sit
1715 1830 1763 1882 in
1786 1828 2031 1900 Scriptu-

448 1899 524 1952 ris
567 1900 779 1972 divinis,
830 1909 888 1954 ut
929 1899 1212 1970 aliquando
1259 1900 1499 1954 invenias
1546 1901 1758 1972 tertium
1797 1899 2030 1972 primum

444 1971 697 2040 positum.
729 1971 798 2027 Ut
837 1972 978 2025 enim
1022 1987 1178 2026 causa
1210 1986 1268 2025 se
1297 1971 1498 2032 tulerit,
1527 1970 1606 2024 sic
1644 1979 1698 2024 et
1739 1970 2026 2040 ponuntur.

444 2039 650 2113 l‘iullius
665 2043 806 2097 enim
827 2043 1014 2113 injuria
1036 2051 1137 2105 est,
1167 2043 1287 2113 quia
1315 2057 1418 2095 una
1438 2057 1623 2096 eorum
1648 2039 1899 2098 divinitas
1924 2053 2026 2099 est.

445 2111 681 2182 Denique
724 2111 943 2183 legimus
987 2114 1038 2167 in
1084 2113 1214 2167 Isaia
1243 2112 1450 2167 dicente
1499 2113 1743 2174 Domino,
1777 2113 1886 2182 Ego
1917 2131 2031 2168 sum

445 2186 657 2252 primus,
689 2195 734 2238 et
778 2202 868 2255 ego
912 2186 964 2237 in
1012 2194 1253 2255 aeternum
1285 2200 1305 2238 :
1332 2193 1379 2236 et
1428 2200 1607 2237 manus
1650 2201 1762 2238 mea
1799 2185 2032 2252 fundavit

444 2262 649 2324 terram,
681 2264 727 2309 et
757 2254 958 2310 dextera
977 2272 1085 2308 mea
1112 2254 1346 2308 solidavit
1367 2256 1566 2308 coelum.
1590 2255 1656 2309 Et
1682 2256 1732 2309 in
1755 2256 2028 2324 subjectis,

385 2347 394 2356 κ
443 2323 556 2392 Ego
583 2327 776 2379 locutus
796 2343 926 2391 sum,
952 2344 1040 2396 ego
1065 2327 1255 2389 vocavi,
1279 2342 1369 2395 ego
1391 2327 1734 2396 adduxileum,
1757 2337 1802 2379 et
1823 2323 2032 2396 prospe-

443 2345 556 2392 Lgo
583 2345 776 2379 locutus
796 2345 926 2391 sum,
952 2345 1040 2396 ego
1065 2345 1255 2389 vocavi,
1279 2345 1369 2395 ego
1391 2345 1581 2378 aauuxi
1603 2345 1734 2390 eum,
1757 2345 1802 2379 et
1823 2345 1942 2395 pros
1979 2345 2030 2380 e-

443 2411 558 2468 rum
587 2397 680 2468 iter
708 2397 815 2468 ejus
842 2398 956 2468 feci.
988 2395 1216 2449 Accedite
1239 2396 1305 2448 ad
1338 2414 1434 2460 me,
1469 2404 1513 2449 et
1541 2393 1712 2449 au'dite
1731 2397 1840 2468 hinc
1860 2413 1878 2450 :
1907 2345 2030 2452 Aron

443 2465 499 2518 in
529 2465 809 2521 occulto’ab
833 2465 975 2521 initio
1005 2467 1197 2520 locutus
1212 2483 1322 2520 sum
1345 2483 1490 2520 :cum
1519 2468 1710 2536 ﬁerent.
1741 2467 1846 2520 illic
1867 2485 2025 2536 eram,

444 2546 491 2608 et
518 2553 651 2590 nunc
673 2536 919 2592 Dominus
947 2537 1082 2591 misit
1107 2554 1186 2591 me
1211 2547 1255 2590 et
1287 2537 1510 2608 Spiritus
1540 2539 1649 2608 ejus
1671 2537 1824 2604 (Isai.
1845 2556 2025 2602 XLVIII.

444 2607 533 2678 12,
568 2609 652 2669 15,
692 2609 910 2677 15,16).
944 2609 1114 2676 Quem
1163 2611 1239 2662 vis
1264 2607 1384 2664 ease
1403 2610 1490 2678 qui
1527 2607 1764 2663 fundavit
1793 2613 2029 2664 terram?

444 2677 565 2747 Ipse
584 2679 725 2750 enim
753 2679 880 2734 dicit
927 2694 983 2731 se
1028 2681 1246 2733 missum
1290 2677 1432 2734 esse.
1467 2679 1730 2750 Numquid
1766 2681 2032 2736 Patrem?

444 2749 615 2820 Absit.
670 2749 838 2806 Filius
885 2765 1014 2819 ergo
1054 2759 1135 2804 est
1158 2751 1249 2820 qui
1278 2765 1337 2805 se
1384 2751 1601 2805 missum
1628 2749 1756 2805 dicit
1780 2768 1807 2804 a
1837 2753 1946 2808 Deo
1977 2762 2031 2808 et

443 2819 639 2889 Spiritu
657 2829 859 2876 sancto.
877 2821 1014 2876 Ecce
1027 2819 1314 2891 pariasunt
1326 2821 1471 2892 inter
1486 2821 1678 2875 Filium
1693 2832 1747 2877 et
1770 2822 2026 2892 Spiritum

445 2901 708 2965 sanctum.
751 2892 897 2948 Sicut
937 2893 1081 2965 enim
1106 2908 1133 2945 a
1156 2892 1313 2965 Patre
1356 2891 1570 2965 et_Filio
1603 2891 2033 2965 missus’legitur

442 2961 670 3033 Spiritus
697 2973 944 3028 sanctus;
972 2963 1042 3018 ita
1064 2971 1160 3017 eta
1189 2963 1300 3018 Deo
1328 2971 1383 3018 et
1401 2961 1598 3032 Spiritu
1625 2975 1810 3020 sancto
1836 2961 2032 3022 missus

443 3043 526 3088 est
551 3033 810 3089 Christus.
838 3034 950 3089 Hoc
977 3035 1120 3088 enim
1148 3034 1312 3087 solius
1334 3035 1503 3088 Patris
1526 3036 1790 3103 peculiare
1809 3045 1907 3101 est,
1962 3055 2032 3093 ne

441 3105 640 3159 missus
665 3106 889 3160 dicatur.
919 3105 1113 3174 Accipe
1138 3105 1276 3159 dicta
1305 3105 1567 3172 Apostoli,
1595 3111 1682 3174 qui
1709 3107 1813 3161 alio
1843 3109 2031 3168 ordine

441 3176 814 3246 complectitur
844 3176 1153 3230 Trinitatem
1185 3191 1198 3228 :
1229 3175 1361 3229 dicit
1393 3177 1534 3230 enim
1577 3177 1717 3233 inter
1744 3188 1935 3234 Ctetera
1977 3181 2032 3235 in

443 3245 680 3315 Epistola
707 3249 771 3301 ad
803 3247 1306 3301 Thessalonicenses
1340 3248 1593 3310 secunda,
1624 3248 1871 3302 Dominus
1907 3252 2032 3304 diri-

441 3326 528 3386 gat
548 3318 700 3370 corda
726 3329 886 3371 vestra
914 3319 965 3370 in
1006 3317 1249 3370 cltaritate
1278 3316 1374 3369 Dei
1403 3329 1448 3370 et
1474 3318 1527 3371 in
1568 3321 1807 3385 patientia
1843 3320 2032 3375 Christi

445 3385 514 3448 (ll
548 3387 722 3442 Thess.
767 3401 846 3451 ut,
889 3387 965 3458 ὅ).
995 3389 1162 3454 Quem
1210 3397 1364 3456 putas
1394 3388 1523 3442 dicit
1571 3389 1877 3454 Dominum,
1929 3393 2031 3446 nisi

442 3458 697 3532 Spiritum
743 3458 1021 3532 sanctum?
1051 3459 1116 3532 Et
1145 3459 1270 3528 quid
1306 3459 1503 3532 mirum
1524 3459 1576 3532 ?_
1599 3474 1743 3532 cum,
1771 3478 1929 3532 quem
1978 3466 2028 3518 in

444 3529 642 3603 throno
677 3530 968 3603 majesmtis
996 3528 1462 3603 seden_tem_lsaias
1493 3529 1704 3603 viderit,
1736 3528 1822 3587 hic
1857 3535 2028 3603 ipsum

441 3599 584 3654 dicat
611 3599 875 3674 Spirituui
887 3609 1125 3674 sanctum
1145 3598 1422 3674 Dominum
1445 3598 1695 3674 sabaoth,
1713 3603 1848 3658 sicut
1870 3598 2028 3674 supra

441 3670 794 3746 ostendimus.
836 3669 1160 3746 Et_Joaiines
1195 3671 1470 3746 apostolus
1500 3672 1668 3746 Deum
1710 3669 1950 3746 intelligi
1977 3679 2028 3730 in

439 3739 642 3811 Spiritu
673 3750 858 3797 Sancto
884 3742 1162 3811 significat,
1206 3742 1347 3796 inter
1378 3753 1570 3797 caetera
1601 3742 1803 3811 dicens,
1837 3739 1908 3799 Iri
1939 3747 2029 3802 (ioc

438 3812 762 3885 cognovimus
779 3813 899 3885 quia
928 3812 1063 3885 Deus
1091 3813 1143 3867 in
1176 3813 1316 3868 nobis
1337 3823 1524 3885 manet,
1548 3814 1612 3869 de
1634 3815 1833 3885 Spiritu
1854 3829 2029 3873 sancto

436 3899 584 3953 quem
606 3882 743 3966 dedit
762 3882 977 3967 .nobis_(l
1003 3883 1253 3967 Joan,_tv,
1286 3884 1398 3954 15).
1425 3885 1480 3967 Si
1497 3901 1630 3967 ergo
1655 3882 1749 3967 per
1767 3887 2026 3967 Spiritum

437 3969 592 4026 suum
624 3954 737 4023 ipse
760 3955 813 4008 in
836 3954 989 4009 nobis
1007 3964 1206 4022 manet,
1235 3971 1342 4010 non
1369 3954 1742 4026 ambigitur'de
1767 3954 1878 4013 Deo
1907 3976 2029 4016 esse

440 4023 1086 4099 SpiritumsanctumaEt
1128 4041 1228 4081 nec
1267 4027 1481 4099 dubium
1513 4023 1611 4093 est,
1641 4030 1762 4098 quia
1791 4031 1930 4099 quod
1961 4032 2028 4087 de

440 4095 554 4150 Deo
575 4105 678 4168 est,
702 4097 843 4151 Deus
869 4106 969 4152 est.
997 4098 1133 4168 Hinc
1158 4107 1240 4150 est
1265 4098 1405 4168 unde
1431 4095 1717 4167 Apostolus
1739 4095 1885 4168 dicit,
1917 4101 2028 4157 Ne-

436 4181 523 4247 irio
541 4165 632 4218 scit
655 4182 768 4247 qua
782 4169 972 4247 sunt-in
996 4167 1123 4247 Deo,
1147 4165 1493 4247 nisi_SpiIitus_
1508 4169 1601 4222 Dei
1626 4169 1669 4241 (Ι
1693 4165 1887 4247 Com“,
1910 4174 2024 4247 11).

437 4182 523 4217 mo
541 4182 632 4218 scit
651 4182 768 4288 guis
782 4182 895 4220 sunt
919 4185 972 4221 ιη
996 4182 1123 4232 ueo,
1147 4184 1243 4220 nisi
1263 4182 1484 4240 Spiritus
1508 4182 1599 4222 ue:
1626 4182 1669 4241 (ι
1693 4182 1808 4224 Cor.
1829 4188 1887 4236 ιι,
1910 4182 2024 4247 it).

437 4234 648 4314 Quomp
686 4251 722 4314 _o
743 4245 921 4314 potest
939 4239 1220 4314 scirequee
1251 4239 1305 4314 in
1347 4239 1454 4292 Deo
1485 4249 1627 4306 sunt,
1656 4240 1854 4296 nisi'sit
1876 4243 2024 4314 ejus-

442 4305 566 4381 dem
591 4305 882 4381 divinitatis
895 4305 1161 4381 ?_lnl‘erior
1180 4309 1324 4362 enim
1345 4317 1534 4381 natura
1553 4324 1655 4364 non
1688 4321 1863 4381 potest
1886 4305 2026 4370 s'cire

477 4376 683 4453 uid__sit
731 4377 783 4431 in
825 4378 1030 4446 potiore
1065 4396 1077 4431 :
1106 4387 1302 4453 quanto
1333 4380 1502 4448 magis
1535 4376 1776 4453 creatura
1813 4384 1938 4453 quid
1971 4388 2024 4440 in

479 4447 726 4520 auditore
754 4463 851 4520 suo
873 4457 1034 4513 esset,
1063 4450 1200 4503 scire
1236 4464 1339 4503 non
1372 4447 1612 4520 peterat?
1650 4453 1715 4506 Et
1739 4453 1804 4507 ad
1830 4447 2026 4510 Corin-

435 4518 582 4594 tiiios
602 4519 656 4572 in
682 4519 926 4594 _E_pi_stola
957 4521 1146 4594 prima,
1177 4518 1664 4594 praeteritoordine
1692 4529 1781 4594 qui
1827 4526 1881 4579 in
1913 4535 2023 4581 tra-

436 4587 656 4664 ditione
674 4589 800 4643 ﬁdei
825 4599 926 4653 est,
953 4587 982 4643 a
1007 4587 1208 4660 Spiritu
1235 4602 1422 4664 sancto
1452 4593 1635 4663 incipit
1655 4587 1943 4664 gratiarum
1973 4607 2026 4652 et

435 4660 814 4742 mysteriorum
851 4676 1150 4742 memorare
1176 4663 1516 4742 operationes
1533 4681 1544 4716 :
1564 4660 1620 4719 et
1632 4660 1899 4742 subjungit
1913 4669 2028 4742 Do-

432 4730 860 4810 minumJesum;
879 4742 934 4810 e_t
957 4730 1340 4810 tertiumponit
1359 4735 1552 4810 Deum,
1567 4730 1875 4810 quem'etli'u
1907 4738 2028 4810 Spi-

431 4801 540 4879 ritu
555 4811 738 4879 salicto
748 4811 803 4879 et
820 4803 871 4856 in
893 4803 1119 4879 Do_mino
1134 4801 1265 4858 dicit
1280 4805 1486 4879 operari
1502 4801 1611 4877 (Id.
1631 4823 1725 4872 xu,
1739 4806 1868 4879 4-6):
1887 4801 2026 4865 sicut

433 4872 510 4949 ait
550 4882 605 4927 ct
631 4873 903 4949 Dominus,
930 4874 1118 4949 _Pater_
1135 4872 1344 4949 manens
1388 4877 1440 4929 in
1469 4872 1582 4949 nte,
1633 4879 1740 4947 ipse
1786 4872 2026 4949 operatur

435 4941 758 5021 (ann._11v,
785 4943 896 5016 10).
929 4945 1031 5000 Per
1067 4946 1137 5021 i(_l_
1165 4947 1308 5021 enim
1346 4947 1484 5017 quod
1518 4941 1584 5021 de
1629 4941 1738 5004 Deo
1766 4941 1914 5021 patre
1940 4961 2025 5008 est

434 5013 490 5068 et
509 5013 734 5092 Spiritu}
763 5013 983 5092 sanctus
1000 5025 1052 5092 et
1078 5013 1625 5092 Christum—Operaiio
1670 5013 1856 5092 eorum
1886 5038 2023 5092 opus

433 5094 516 5157 est
539 5085 654 5140 Dei.
689 5085 923 5156 Denique
953 5087 1208 5157 Spiritum
1237 5085 1478 5144 sanctum
1519 5089 1658 5145 idem
1683 5091 1809 5146 dicit
1834 5103 1887 5148 et
1916 5085 2024 5149 Do-

433 5154 659 5221 minum,
675 5165 728 5209 et
758 5154 1036 5232 Dominum
1060 5158 1198 5232 idem
1217 5159 1345 5214 dicit
1373 5170 1427 5215 et
1451 5161 1638 5232 Deum,
1659 5173 1876 5232 propter
1900 5165 2021 5219 uni-

436 5234 598 5302 tatem
617 5227 1003 5302 natum._Cum
1030 5244 1158 5298 ergo
1180 5229 1284 5284 hoc
1311 5232 1429 5286 loco
1453 5231 1592 5287 idem
1631 5227 1795 5288 Deum
1824 5236 1909 5302 qui
1940 5246 2021 5292 est

433 5304 490 5369 et
515 5297 802 5369 Dominus,
832 5297 976 5369 dicat
1000 5297 1207 5369 Oper-ari
1238 5304 1417 5356 omnia
1438 5303 1487 5356 in
1511 5303 1780 5369 omnibus,
1801 5297 2021 5363 inferius

433 5367 513 5422 sic
534 5367 808 5444 conciudit
825 5367 1247 5444 iiicens,’0rnnia_
1275 5382 1444 5426 autem
1472 5374 1578 5428 haec
1621 5367 1858 5444 operatur
1889 5393 2020 5432 unus

433 5449 584 5518 atque
629 5438 1061 5518 idem__Spiritu_s_,
1111 5442 1336 5496 dividens
1393 5438 1663 5514 unicuique
1714 5457 1864 5518 prout
1915 5448 2019 5502 vult

434 5509 477 5576 (1
499 5505 744 5591 Ceriali,
770 5505 899 5591 11)..
923 5505 1057 5577 Quid
1090 5522 1194 5566 tam
1237 5523 1502 5583 apertum,
1548 5505 1658 5591 ires
1698 5505 1852 5571 unius
1899 5533 2019 5576 esse

433 5581 794 5658 operationis?
813 5581 935 5658 quia
957 5594 1211 5658 operante
1226 5581 1354 5658 uno,
1373 5589 1580 5654 operari
1605 5589 1853 5644 dicuntur
1873 5597 2014 5658 tres;

432 5666 618 5720 quare,
649 5652 751 5705 nisi
776 5653 895 5721 quia
922 5655 1079 5710 unius
1103 5665 1226 5709 sunt
1258 5652 1586 5712 divinitatis?
1627 5658 1757 5714 Nam
1803 5675 1910 5717 non
1937 5652 2018 5717 est

432 5721 738 5799 ambiguom
754 5722 950 5799 donum
971 5727 1257 5799 gratiarum
1281 5729 1490 5797 proprie
1503 5729 1757 5799 Spiritum
1775 5743 2017 5788 sanctum

433 5793 665 5873 operari.
697 5793 802 5848 Sed
830 5802 888 5848 ut
918 5793 1083 5850 Deum
1111 5807 1162 5852 et
1203 5793 1565 5873 Dominumie't
1601 5802 1856 5873 Spiritum
1888 5820 2014 5859 san-

435 5871 579 5916 ctum
601 5877 765 5918 unum
785 5880 905 5922 esse
929 5877 1144 5937 propter
1178 5878 1382 5925 natura;
1409 5871 1814 5929 indiﬂ‘erentiam
1855 5876 2016 5932 docet

1197 364 1648 437 QUESTIONES
1684 361 1779 421 EX
1813 360 1999 420 N070
2044 359 2523 421 TESTAMENTO.
2577 360 2941 421 APPENDIX.

3602 366 3752 427 2296

2155 489 2259 548 ret,
2287 494 2420 550 opus
2447 479 2676 549 Spiritus
2694 479 2860 534 sancti
2883 480 3039 534 trium
3065 493 3189 536 esse
3212 490 3347 550 Opus
3391 479 3649 550 ostendit.
3682 483 3751 540 Et

2151 560 2208 605 ut
2250 549 2616 606 manifestaret
2668 552 2790 621 quia
2847 550 3032 617 solius,
3066 559 3325 621 quantum
3347 549 3415 605 ad
3457 567 3750 621 personam

2151 623 2400 694 pertinet,
2431 621 2660 690 Spiritus
2691 620 2871 675 ’smcti
2919 637 3052 694 opus
3085 620 3188 694 est,
3218 620 3344 676 Haec
3363 620 3528 676 autem
3551 628 3747 694 omnia,

2149 692 2339 759 inquit,
2361 703 2597 761 operatur
2615 709 2745 745 unus
2770 703 2918 760 atque
2945 693 3076 746 idem
3103 692 3348 761 Spiritus,
3378 694 3608 749 dividens
3628 692 3748 750 uni;

2148 765 2329 836 cuique
2358 772 2507 833 prout
2535 764 2658 836 vult.
2693 763 2812 836 ideo
2841 771 2996 833 prout
3024 763 3155 836 vult,
3185 765 3306 834 quia
3332 763 3583 820 voluntas
3604 769 3745 836 ejus,

2146 835 2391 889 voluntas
2415 843 2498 888 est
2549 835 2660 890 Dei.
2701 833 2816 888 Non
2863 835 3003 889 enim
3051 833 3390 904 dicit,’prout
3415 836 3532 890 vult
3578 833 3745 904 Deus,

2149 906 2244 960 sed
2278 915 2433 974 prout
2465 905 2580 959 vult
2618 906 2867 976 Spiritus.
2895 905 3148 959 Creatura
3197 906 3339 960 enim
3390 908 3530 976 cogit
3577 923 3661 974 se,
3691 920 3748 964 ut

2147 977 2238 1031 Dei
2263 977 2418 1030 faciat
2435 977 2798 1040 voluntatem;
2837 975 3068 1044 Spiritus
3117 987 3295 1031 autem
3326 975 3542 1033 sanctus
3584 989 3744 1032 natu-

2144 1048 2327 1102 raliter
2355 1047 2454 1102 hoc
2485 1049 2613 1100 vult.
2643 1046 2714 1102 Ut
2741 1056 2920 1100 autem
2950 1059 3134 1113 aperte
3181 1048 3355 1102 luceat
3384 1049 3504 1117 quia
3560 1052 3746 1107 omnia

2145 1119 2376 1188 Spiritus
2397 1127 2611 1173 sanctus
2638 1127 2911 1188 Operatur,
2937 1117 3335 1172 dicitDominus
3362 1121 3498 1172 inter
3523 1131 3740 1186 caetera,

2145 1187 2207 1244 Si
2226 1190 2358 1244 enim
2383 1205 2475 1260 ego
2495 1189 2544 1242 in
2562 1189 2731 1260 digito
2750 1187 2845 1242 Dei
2859 1189 3004 1260 ejicio
3032 1189 3305 1255 daemonia,
3336 1192 3500 1258 etc.,(
3510 1190 3637 1244 Luc.
3663 1209 3741 1257 ιι,

2140 1260 2253 1330 20).
2289 1259 2516 1330 Digitum
2545 1259 2883 1328 Deiappellat
2905 1259 3159 1330 Spiritum
3179 1271 3441 1324 sanctum,
3473 1271 3532 1315 ut
3556 1263 3746 1330 probet

2142 1329 2290 1384 illum
2317 1329 2384 1385 de
2415 1330 2529 1385 Deo
2549 1345 2689 1386 esse.
2724 1330 2962 1400 Denique
2989 1329 3205 1386 Judaaos
3228 1333 3314 1401 qui
3341 1347 3463 1386 eum
3498 1329 3742 1387 in’Beel-

2141 1401 2310 1456 zebub
2350 1403 2592 1473 principe
2634 1401 3021 1473 daemoniorum
3049 1401 3243 1472 ejicere
3290 1402 3553 1457 daemonia
3600 1403 3744 1458 dice-

2141 1473 2288 1537 bant,
2319 1472 2371 1527 in
2393 1473 2647 1543 Spiritum
2683 1482 2926 1528 sanctum
2948 1472 3349 1542 blasphemasse
3379 1482 3609 1528 testatus
3636 1485 3738 1528 est.

2140 1543 2350 1614 Moyses
2396 1559 2606 1614 quoque
2639 1545 2762 1614 quia
2810 1560 2904 1614 per
2935 1543 3190 1613 Spiritum
3212 1554 3465 1614 sanctum,
3482 1545 3637 1613 signa
3668 1545 3744 1598 fa-

2139 1613 2330 1691 ciiabat,
2362 1613 2846 1691 coiifltentui:_magi
2893 1614 3155 1691 dicentes,
3192 1613 3414 1691 ζὶὶςιὶιειε⁸
3437 1613 3535 1668 Dei
3565 1627 3639 1691 est
3662 1617 3743 1691 hic

2144 1683 2336 1757 (Exodi.
2372 1702 2488 1751 vni,
2519 1687 2632 1757 19).
2662 1683 2881 1740 Ντιπϊὶη
2929 1687 3151 1741 Actibus
3193 1683 3573 1754 Apostolorum
3605 1687 3742 1756 legi-

2138 1756 2276 1828 mus.
2306 1756 2709 1828 Deservientibus
2737 1766 2906 1828 autem
2933 1758 3006 1811 eis
3033 1767 3078 1810 et
3101 1757 3456 1828 jejunantibus
3489 1757 3738 1824 Domino,

2137 1827 2266 1899 dixit
2283 1827 2502 1896 Spiritus
2525 1838 2746 1895 sanctus,
2771 1827 3044 1899 Segregate
3070 1829 3197 1899 mihi
3213 1827 3565 1899 Barnabamlet
3597 1828 3742 1882 Satt-

2139 1897 2245 1951 lum
2273 1899 2341 1951 ad
2362 1916 2510 1966 opus,
2566 1900 2633 1952 ad
2681 1898 2816 1962 quod
2846 1897 3030 1952 vocavi
3067 1915 3151 1953 eos
3178 1897 3314 1969 (Act.
3346 1915 3458 1961 xui,
3486 1898 3565 1962 2).
3602 1901 3743 1954 Ecce

2140 1969 2370 2023 servitur
2398 1969 2645 2037 Domino,
2668 1979 2721 2025 et
2746 1971 2846 2023 hoc
2863 1970 3091 2039 Spiritus
3117 1981 3333 2024 sanctus
3353 1969 3451 2024 sibi
3475 1969 3736 2025 vindicat.

2140 2039 2292 2094 Unde
2319 2039 2596 2096 manifeste
2617 2049 2839 2110 apparet
2875 2043 3016 2095 hunc
3045 2055 3166 2096 esse
3202 2040 3487 2095 Dominum
3515 2041 3660 2095 sicut
3689 2051 3743 2096 et

2138 2110 2305 2165 Deum
2347 2112 2580 2166 Patrem.
2610 2112 2676 2165 Et
2704 2111 2938 2182 Sunium
2972 2111 3212 2167 Christus
3239 2110 3308 2166 de
3333 2111 3472 2165 caelo
3503 2113 3737 2174 vocavit,

2139 2190 2193 2256 et
2222 2183 2365 2256 misit
2386 2185 2677 2256 przedicare
2705 2181 2813 2256 (Id.
2833 2199 2906 2248 ix,
2926 2183 2983 2256 4)
3015 2200 3030 2236 :
3062 2191 3116 2236 et
3130 2182 3240 2256 hoc
3268 2182 3428 2256 simili
3457 2183 3619 2256 modo
3640 2183 3740 2256 sibi

2137 2253 2372 2307 vindicat
2397 2253 2625 2322 Spiritus
2669 2253 2903 2317 sanctus,
2954 2253 3198 2318 dicendo,
3243 2254 3311 2306 ad
3339 2271 3468 2321 opus
3505 2253 3574 2306 ad
3604 2255 3742 2322 quod

2136 2325 2308 2396 goeavi
2342 2341 2425 2396 eos
2453 2341 2613 2379 :nam
2641 2341 2805 2396 nemo
2832 2327 3040 2396 ignorat
3073 2325 3354 2394 episcOpos
3397 2323 3738 2384 Salvatorem

2138 2393 2395 2449 Ecclesiis
2438 2397 2750 2452 instituisse.
2793 2393 2909 2466 Ipse
2941 2397 3082 2450 enim
3128 2397 3432 2465 priusquam
3481 2397 3536 2449 in
3570 2396 3740 2450 etnlos

2138 2467 2475 2532 ascenderet,
2506 2468 2784 2537 imponens
2817 2483 3030 2521 manum
3059 2467 3327 2532 Apostolis
3350 2467 3616 2521 ordinavit
3647 2483 3740 2522 eos

2137 2536 2434 2606 episcopos.
2481 2539 2591 2594 lloc
2637 2539 2923 2606 Apostolus
2987 2538 3205 2607 Spiritui
3247 2546 3433 2592 sancto
3484 2537 3734 2607 deputat,

2137 2622 2257 2679 cum
2299 2610 2429 2662 dicit
2459 2626 2472 2661 :
2502 2609 2757 2664 Attendite
2800 2609 2935 2663 vobis
2965 2619 3010 2662 et
3061 2610 3197 2662 omni
3225 2609 3386 2679 gregi,
3427 2610 3479 2661 in
3525 2625 3628 2675 quo
3656 2627 3738 2662 vos

2143 2678 2371 2751 Spiritus
2399 2690 2602 2751 sanctus
2631 2681 2799 2751 posuit
2829 2682 3095 2751 episcopos
3124 2678 3294 2750 regere
3322 2678 3608 2751 Ecclesia":
3635 2680 3739 2732 Do-

2139 2750 2263 2824 mini
2289 2748 2416 2824 Iesu
2457 2748 2684 2824 (Idax—x,
2860 2748 2937 2805 Ἐι
2988 2748 3125 2824 inter
3147 2748 3340 2805 caetera
3384 2750 3516 2804 dicit
3546 2751 3738 2805 Petrus

2136 2819 2203 2873 ad
2234 2819 2527 2892 Anartium:
2559 2819 2892 2882 Anania,'cur
2913 2823 3120 2892 replevit
3149 2831 3352 2892 satanas
3369 2837 3457 2874 cor
3483 2831 3649 2888 tuum,
3686 2832 3738 2876 ut

2135 2892 2418 2963 mentireris
2447 2891 2666 2963 Spiritui
2687 2904 2861 2947 sancto
2883 2894 2909 2948 ?
2949 2893 3013 2947 Et
3037 2891 3192 2955 infra,
3229 2891 3346 2946 Non
3371 2909 3423 2946 es
3460 2893 3614 2956 enim,
3655 2893 3738 2946 in-

2136 2961 2270 3032 quit,
2301 2961 2603 3031 hominibus,
2634 2964 2724 3018 sed
2765 2963 2870 3018 Deo
2901 2965 3136 3018 mentitus
3161 2963 3274 3030 (Id.
3301 2979 3351 3027 v,
3384 2965 3438 3027 3,
3462 2965 3542 3032 4).
3570 2966 3737 3031 Aper-

2137 3031 2251 3088 tum
2278 3044 2360 3090 est
2379 3034 2633 3103 Spiritum
2661 3044 2902 3090 sanctum
2923 3035 3123 3090 dictum
3151 3031 3342 3099 Deum,
3365 3036 3450 3088 cui
3477 3031 3736 3090 mentitus

2137 3106 2395 3172 Ananias,
2433 3105 2547 3159 Deo
2598 3107 2851 3160 mentitus
2910 3107 3122 3160 dicitur.
3187 3106 3337 3173 Quod
3384 3107 3428 3159 si
3475 3106 3734 3174 Spiritum

2137 3185 2381 3246 sanctum
2409 3175 2629 3230 minime
2655 3177 2912 3230 voluisset
2933 3177 3104 3232 Deum
3137 3175 3454 3246 intelligere,
3483 3177 3732 3245 dixisset,

2136 3245 2255 3302 Non
2301 3263 2358 3302 es
2407 3249 2659 3301 mentitus
2705 3248 3029 3310 hominibus,
3068 3247 3162 3302 sed
3188 3245 3404 3317 Spiritui
3433 3257 3651 3313 sancto;
3680 3258 3736 3304 ut

2139 3333 2313 3388 neque
2360 3318 2527 3372 Deum
2570 3319 2729 3381 hunc,
2774 3336 2946 3388 neque
2989 3319 3256 3372 hominem
3288 3317 3634 3387 signiﬁcaret.
3668 3321 3734 3376 Et

2137 3389 2262 3460 quid
2287 3389 2522 3443 mirum?
2543 3391 2830 3460 Apostolus
2857 3392 2998 3460 enim
3023 3390 3317 3460 aliquando
3352 3391 3612 3459 templum
3643 3391 3733 3447 Dei

2138 3459 2418 3533 hominem,
2448 3460 2680 3529 appellat
2733 3459 2796 3532 (ll
2839 3459 2959 3533 Cor,
3004 3476 3075 3533 vi,
3112 3460 3219 3533 16),
3276 3459 3564 3533 aliquando
3607 3477 3732 3517 vero

2139 3531 2394 3612 templum
2431 3533 2660 3615 Spiritus
2704 3531 2956 3615 sancti.“
3008 3531 3228 3615 Canam,
3280 3531 3414 3615 19),.
3451 3541 3731 3615 proptei'ea

2136 3602 2258 3670 quia
2284 3618 2446 3656 unum
2469 3611 2594 3656 sunt
2629 3612 2835 3657 natura.
2861 3603 2916 3657 Si
2952 3604 3092 3657 enim
3121 3604 3261 3658 Deus
3287 3602 3510 3658 minime
3531 3604 3730 3658 intelli-

2136 3681 2352 3745 geretur
2381 3673 2610 3745 Spiritus
2639 3681 2873 3741 sanctus,
2919 3689 3020 3745 qua
3059 3674 3275 3728 audacia
3319 3675 3524 3745 diceret
3572 3674 3726 3740 infra,

2141 3741 2406 3816 Templum
2425 3741 2533 3796 Dei
2559 3754 2789 3816 sanctum
2815 3754 2906 3811 est,
2937 3741 3075 3815 quod
3109 3747 3228 3799 estis
3257 3763 3342 3800 vos
3369 3744 3481 3815 (Id.
3502 3762 3580 3809 ιιι,
3617 3747 3730 3816 l7)?

2137 3814 2398 3880 Quoniam
2436 3829 2572 3868 unus
2603 3814 2747 3870 Deus
2776 3816 2829 3870 in
2860 3814 3108 3870 omnibus
3153 3816 3441 3886 Scripturis
3473 3814 3730 3885 praedica-

2135 3893 2252 3950 tur;
2286 3886 2597 3956 mysterium
2625 3897 2801 3942 autem
2829 3886 2943 3956 ejus
2971 3888 3023 3940 in
3050 3885 3310 3943 Trinitate
3335 3887 3612 3943 adoratur.
3642 3888 3727 3943 ld-

2136 3956 2281 4010 circo
2297 3956 2394 4028 sic
2422 3957 2806 4027 aitScriptura,
2845 3957 3021 4028 utsui)
3048 3957 3204 4028 unius
3235 3958 3329 4013 Dei
3367 3959 3724 4028 professione,

2134 4042 2196 4099 ea
2223 4042 2344 4097 quae
2363 4026 2429 4082 de
2456 4028 2574 4099 ipso
2595 4026 2736 4099 sunt,
2763 4029 2813 4082 id
2839 4037 2942 4094 est,
2981 4027 3146 4082 Filius
3175 4038 3229 4083 et
3254 4026 3727 4099 Spiritus.sanctus

2135 4096 2274 4168 ejus,
2295 4098 2570 4172 inleodem
2599 4097 2801 4154 honore
2830 4099 3213 4171 intelligantur,
3236 4096 3417 4172 in'quo
3447 4101 3561 4168 ipse
3583 4101 3727 4156 Deus

2135 4177 2236 4224 est.
2279 4169 2411 4238 Quia
2465 4170 2583 4224 ideo
2623 4169 3024 4226 sacramentum
3057 4169 3346 4226 revelatum
3390 4181 3472 4225 est
3509 4172 3630 4236 Dei,
3674 4181 3728 4226 ut

2134 4239 2300 4308 gloria
2349 4242 2463 4309 ejus
2512 4241 2563 4294 in
2615 4241 2875 4296 Trinitate
2915 4241 3325 4311 signiﬁcaretur.
3365 4241 3724 4310 Quamobrem

2135 4326 2243 4364 non
2266 4311 2419 4384 plena
2451 4313 2767 4384 auctoritate
2791 4313 2934 4366 Deus
2957 4321 3177 4367 vocatur
3202 4313 3344 4384 quod
3383 4315 3450 4366 de
3485 4313 3722 4380 Deoest,

2134 4397 2202 4453 ne
2230 4381 2456 4453 alterum
2484 4382 2686 4453 absque
2733 4399 2798 4438 eo
2820 4384 2907 4452 qui
2948 4399 3082 4437 unus
3107 4381 3427 4448 estffacere
3452 4384 3721 4439 credatur.

2135 4451 2239 4506 Sed
2287 4451 2617 4508 intellectum
2657 4454 2766 4519 dat,
2801 4451 2859 4507 ut
2887 4454 3169 4508 credamus
3191 4469 3252 4509 ea
3283 4455 3493 4509 ratione
3525 4455 3579 4509 in
3609 4456 3722 4510 Tri-

2132 4524 2581 4596 nitatecreatura‘.
2604 4526 2853 4596 salutem
2893 4525 3206 4590 consistere,
3230 4527 3352 4596 quia
3386 4540 3486 4578 una
3517 4535 3604 4580 est
3634 4541 3722 4580 co-

2131 4609 2250 4667 ruin
2278 4595 2548 4667 divinitas:
2573 4595 2754 4667 Neque
2794 4595 2935 4652 enim
2962 4607 3181 4667 posset);
3208 4595 3365 4650 simul
3403 4597 3556 4667 jungi
3587 4605 3643 4651 et
3672 4598 3721 4652 in

2131 4665 2319 4721 ordine
2348 4667 2470 4735 poni
2510 4664 2733 4722 Creator
2771 4676 2824 4721 et
2851 4664 3131 4733 creatura),
3156 4664 3418 4722 Dominus
3458 4664 3529 4722 et'
3561 4669 3718 4732 servi,

2131 4737 2403 4791 aeternitas
2422 4747 2474 4792 et
2498 4753 2616 4808 quae
2636 4741 2736 4794 sub
2761 4738 2913 4792 initio
2939 4746 3064 4792 sunt
3086 4755 3098 4790 :
3124 4739 3316 4808 quippe
3337 4753 3459 4792 cum
3482 4739 3604 4794 sine
3620 4755 3722 4794 uno

2135 4819 2325 4878 eorum
2347 4807 2492 4861 salus
2512 4808 2635 4862 nulli
2667 4809 2754 4861 sit.
2781 4809 2857 4862 Ad
2876 4808 3118 4878 injuriam
3147 4807 3288 4864 enim
3317 4818 3546 4864 vocatur
3563 4825 3722 4866 omne

2129 4877 2269 4946 quod
2301 4877 2444 4952 Deus
2467 4888 2584 4952 e§t,_
2601 4879 2711 4952 sive
2745 4877 2938 4952 Filius,
2962 4880 3074 4933 sive
3118 4877 3348 4952 Spiritus
3399 4890 3651 4946 sanctus,
3676 4883 3720 4936 si

2129 4956 2284 5002 extra
2312 4949 2468 5020 unius
2493 4948 2588 5003 Dei
2615 4949 2870 5005 honorem
2901 4948 3182 5018 deputetdi'
3211 4959 3265 5006 et
3307 4951 3555 5020 gloriam.
3579 4952 3719 5007 Scri-

2129 5028 2298 5086 ptura:
2333 5019 2494 5089 igitur
2537 5021 2824 5074 ostendunt
2869 5021 3135 5074 Christum
3181 5019 3374 5087 Deum,
3426 5021 3719 5078 ostendunt

2128 5089 2384 5163 Spiritum
2405 5101 2647 5145 sanctum
2676 5091 2867 5163 Deum,
2901 5099 2958 5144 ut
2983 5091 3222 5163 videntes
3252 5093 3423 5147 sciant
3471 5093 3602 5163 quid
3629 5095 3712 5160 sit,

2126 5161 2253 5230 quid
2280 5164 2576 5232 ostenditur
2606 5164 2644 5215 ¹.
2675 5162 2804 5216 Tale
2837 5171 2919 5215 est
2957 5162 2998 5214 si
3021 5163 3141 5232 quis
3161 5179 3424 5232 gemmam
3447 5161 3713 5231 ostendat,

2127 5247 2231 5304 non
2261 5231 2496 5286 clamans
2529 5232 2650 5302 quia
2690 5249 2897 5302 gemma
2925 5231 3310 5304 est,numquid
3343 5235 3465 5304 quia
3489 5236 3578 5290 ille
3611 5251 3712 5290 non

2125 5303 2336 5368 clamat,
2365 5317 2469 5375 non
2498 5305 2597 5359 erit
2615 5319 2824 5375 gemma
2854 5319 2973 5373 qure
2999 5303 3246 5359 videtur?
3292 5303 3366 5358 lta
3388 5316 3440 5359 et
3475 5305 3714 5375 Scriptu'

2124 5388 2199 5447 ra:
2218 5374 2508 5447 ostendunt
2534 5374 2702 5444 perea
2728 5390 2844 5444 quae
2876 5389 3032 5447 supra
3055 5383 3275 5447 tractata
3296 5385 3419 5431 sunt
3443 5377 3570 5447 quid
3599 5374 3715 5432 cre-

2123 5443 2250 5500 dere
2279 5443 2589 5512 debeamus,
2621 5443 2756 5501 intra
2798 5443 2955 5500 unius
2999 5445 3095 5500 Dei
3146 5445 3305 5501 fidem
3365 5443 3582 5503 sensum
3625 5463 3710 5504 nor

2128 5517 2718 5588 strumlconcludentes,
2751 5516 3006 5588 mysterio
3027 5517 3321 5573 Trinitatis.

2199 5587 2271 5658 (α)
2294 5587 2351 5642 Si
2378 5589 2568 5642 rationi
2594 5589 2722 5642 fides
2748 5587 3198 5653 accommodetur,
3218 5599 3347 5656 etc.,
3379 5589 3709 5646 Manifestum

2118 5701 2201 5811 tu;
2226 5706 2319 5809 Eril
2339 5708 2456 5750 ven.
2497 5707 2636 5762 t.ov.,
2679 5706 2732 5752 ut
2778 5700 2990 5753 videntes
3027 5701 3180 5753 sciant
3227 5701 3345 5767 quid
3385 5700 3458 5754 sic
3502 5703 3710 5755 ostendi-

2141 5775 2255 5890 "Eia
2277 5768 2480 5882 gumstio
2513 5825 2776 5877 eadem-ex
2807 5834 2915 5876 Mss.
2956 5826 3158 5876 secundi
3181 5839 3402 5889 generis,
3448 5830 3578 5880 inter
3608 5835 3706 5890 post

2120 5890 2338 5946 vulgatae
2361 5899 2425 5935 ex
2450 5896 2577 5936 Novo
2599 5895 2728 5938 Test.
2753 5890 3125 5950 quadragesima
3149 5890 3310 5938 tertia.
