4070 6472
309 387 454 448 2297

305 507 570 578 igiturest
594 501 792 578 idcirco
816 515 1000 578 verum
1031 500 1364 578 dici_Fili_um
1403 501 1497 556 Dei
1524 502 1813 578 Christum,
1846 512 1904 560 ut

345 573 577 646 reprius,
609 574 662 628 id
690 585 778 647 est
797 574 864 628 de
902 573 1198 647 substantia
1226 573 1342 647 ejus
1368 574 1897 647 natus_intelligatur.

345 595 577 646 roprlus,
609 595 662 628 tu
690 595 772 628 CSI
797 595 864 628 (18
902 595 1196 628 διιυδιθιιιιει
1226 595 1342 642 Ejus
1369 595 1526 628 natus
1555 595 1897 647 tntetltgalut‘.

302 595 461 706 Bnde
483 655 536 702 et
565 646 867 714 Apostolus,
905 643 1002 709 Qui
1027 645 1252 713 proprio,
1303 645 1491 714 inquit,
1526 644 1661 700 Filio
1685 665 1776 702 suo
1801 667 1902 706 non

300 720 546 790 ρερετσὶι.
579 716 710 771 Nam
740 717 946 790 Patrem
975 727 1028 769 et
1044 717 1232 790 Filium
1256 716 1410 790 unius
1430 731 1549 770 esse
1567 719 1897 790 substantive,

302 787 418 861 ipsa
449 790 720 844 nominum
748 788 882 841 ratio
917 787 1089 842 docet.
1121 787 1188 842 Ut
1217 788 1366 861 enim
1396 789 1726 861 mysterium,
1758 793 1901 861 quod

303 857 442 916 ratio
493 863 718 914 liiiinana
752 867 968 928 propter
1023 873 1181 931 suam
1216 857 1575 912 infirmitatem
1606 876 1708 914 non
1736 857 1898 931 capit,

301 931 636 1002 possitsciri,
670 930 1078 1002 nominaisacris
1108 929 1268 1002 re_btis
1294 937 1468 1002 aptata
1490 939 1613 1002 sunt
1646 929 1898 1002 congrue,

301 999 363 1058 iit
393 1019 488 1072 per
516 1003 626 1055 lizrc
658 1001 850 1056 veritas
877 1001 1046 1072 Patris
1067 1009 1119 1054 et
1146 999 1260 1053 Filii
1285 1001 1448 1072 possit
1467 999 1797 1071 aliquatenus
1819 999 1903 1057 iné

302 1069 489 1142 telligi.
520 1073 656 1128 Nihil
675 1073 816 1126 enim
858 1073 934 1126 sic
961 1069 1227 1124 Christum
1257 1071 1534 1124 Dominum
1555 1069 1622 1125 de
1652 1074 1758 1128 Deo
1785 1091 1902 1130 esse

302 1139 469 1199 Deum
501 1145 617 1197 facit
643 1143 866 1208 adverti,
885 1158 1041 1212 quani
1077 1158 1269 1196 nomen
1304 1142 1402 1196 lioc
1431 1144 1569 1212 quod
1599 1143 1790 1199 dicitur
1813 1147 1901 1200 Fi-

301 1217 405 1270 lius
429 1217 539 1272 Ilei.
564 1215 634 1269 Et
661 1215 782 1284 quia
811 1213 1108 1284 malignitas
1133 1216 1290 1267 etiam
1321 1213 1762 1284 ipsisnmninibus
1785 1233 1904 1286 per-

302 1288 483 1341 tidiam
515 1303 664 1339 suam
697 1287 873 1347 inl'ert,
908 1294 963 1338 ιιι
989 1286 1146 1338 aliter
1174 1300 1330 1354 quam
1379 1287 1514 1340 ratio
1557 1286 1667 1355 ipsa
1712 1304 1771 1342 se
1801 1288 1899 1342 ha—

298 1359 384 1413 bet
408 1359 641 1414 nominis
662 1358 847 1424 ipsius,
867 1372 1080 1409 causam
1104 1356 1498 1424 interpretetur,
1521 1358 1741 1425 addidit,
1756 1376 1902 1415 verus

301 1429 472 1484 Filius
500 1446 518 1482 :
546 1429 990 1483 utobstrneretos
1017 1442 1255 1496 pravum,
1289 1437 1341 1481 et
1368 1437 1546 1482 mente
1569 1445 1897 1495 perversum.

300 1502 537 1570 Denique
569 1501 792 1553 neiiioin
826 1498 1068 1553 haeresim
1101 1498 1224 1563 ruit,
1257 1498 1354 1552 nisi
1377 1513 1406 1551 a
1441 1499 1713 1555 nominum
1744 1503 1904 1558 ratio-

301 1589 367 1625 ne
389 1572 669 1626 discedens
697 1589 710 1623 ;
745 1570 1014 1638 simplices
1062 1584 1188 1623 vero
1221 1578 1595 1638 permanentes
1617 1572 1668 1626 in
1697 1574 1901 1629 ratione

300 1645 596 1702 nominum,
629 1641 902 1696 catholica:
944 1640 1067 1694 ﬁdei
1087 1641 1445 1695 adhaeserunt.
1474 1639 1589 1711 Ipsa
1612 1645 1753 1698 enim
1773 1645 1903 1699 sim-

298 1715 636 1786 plicitasnoii
688 1713 842 1766 aliter
872 1713 993 1786 _lioc
1015 1711 1244 1766 advertit
1295 1711 1695 1786 imperturbata,
1742 1733 1898 1786 quam

299 1784 550 1838 traditum
582 1791 677 1837 est.
710 1783 1012 1838 Accedente
1056 1792 1233 1837 autem
1278 1783 1729 1852 tergiversatione,
1762 1783 1898 1842 'dum

298 1872 357 1908 re
390 1856 526 1909 bene
551 1865 606 1910 et
631 1854 942 1926 simpliciter
989 1854 1159 1926 posita
1189 1865 1528 1926 commovent
1556 1860 1895 1926 qurestiones,

299 1942 404 1979 non
427 1929 662 1981 contenti
680 1925 900 1980 credere
923 1924 1057 1997 quod
1073 1934 1265 1978 sonant
1282 1925 1472 1997 verba,
1495 1924 1766 1996 indignum
1799 1948 1898 1997 pn-

300 2006 472 2050 tantes
519 1999 564 2052 si
611 2014 716 2050 non
769 1997 867 2049 sibi
908 1995 1103 2050 addant
1144 2005 1235 2051 aut
1263 1996 1495 2062 demant,
1525 1999 1589 2051 de
1615 1995 1898 2058 traditione

299 2069 716 2138 przecipitantur.
757 2067 1022 2121 Sollicitos
1043 2067 1183 2121 enim
1216 2083 1274 2122 se
1296 2067 1514 2134 faciunt,
1537 2087 1602 2123 ne
1630 2071 1773 2126 Deus
1801 2075 1897 2128 ali-

300 2147 380 2192 ter
421 2139 613 2192 delieat
653 2138 818 2200 credi,
847 2154 1004 2208 quam
1037 2138 1270 2192 tradidit.
1324 2139 1476 2193 Ratio
1506 2151 1681 2194 autem
1727 2146 1896 2198 nomi-

298 2225 423 2262 num
468 2211 636 2263 Patris
675 2218 732 2263 et
762 2208 878 2262 Filii
921 2209 1122 2263 inducit
1147 2210 1211 2262 ad
1243 2211 1518 2264 veritatem
1565 2214 1777 2267 unitatis
1805 2231 1898 2270 co-

298 2281 549 2334 rii-iii.Nec
567 2282 706 2334 enim
731 2290 902 2349 potest
918 2281 1221 2349 discrepare
1236 2281 1302 2334 ab
1317 2283 1502 2344 altero,
1518 2299 1746 2352 quorum
1766 2288 1897 2340 ima-

333 2366 365 2404 o
388 2367 491 2405 una
507 2355 672 2406 sacris
689 2352 975 2424 Scripturis
998 2353 1242 2424 refertur,
1259 2352 1398 2421 quod
1417 2355 1575 2408 etiam
1601 2355 1712 2424 ipse
1732 2355 1896 2413 Filius

333 2367 365 2404 o
388 2367 491 2405 una
507 2367 672 2406 sacris
689 2367 975 2420 Scripturis
998 2367 1242 2414 reiertur,
1259 2367 1398 2421 qiiou
1417 2367 1575 2408 etiam
1601 2371 1712 2424 Ipse
1732 2367 1896 2413 Filius

297 2367 494 2485 ﬁrmat,
521 2439 640 2499 cum
677 2423 823 2499 dicit,
848 2423 946 2499 Qui
965 2439 1054 2499 me
1078 2423 1226 2499 videt,
1238 2423 1370 2499 videt
1383 2436 1436 2499 et
1466 2425 1749 2499 PatremSi
1768 2444 1896 2499 ergo

298 2510 459 2546 unum
476 2511 539 2547 ex
571 2496 634 2547 iis
660 2497 747 2562 qui
776 2494 1138 2557 videt,ambos
1165 2495 1327 2558 videt,
1352 2497 1642 2550 sinediiliio
1663 2494 1896 2554 Pater'et

299 2564 468 2618 Filius
489 2581 644 2618 unam
670 2566 869 2620 habent
897 2566 1207 2630 imaginem;
1233 2582 1352 2634 qua:
1376 2583 1478 2620 non
1501 2577 1646 2623 esset
1669 2586 1770 2622 una
1794 2572 1893 2627 nisi

296 2637 714 2689 coiisulistaiitivi
739 2647 918 2690 essent
937 2638 1091 2708 Pater
1108 2636 1340 2708 etFilius
1365 2657 1376 2691 :
1396 2639 1536 2708 quod
1553 2641 1765 2708 quidem
1790 2659 1894 2698 non

297 2717 378 2760 est
399 2709 702 2777 ambiguum
720 2709 860 2762 circa
893 2707 1134 2760 notitiam
1162 2707 1467 2762 humanam.
1500 2707 1581 2764 De
1599 2728 1725 2765 vero
1751 2715 1894 2768 enim

298 2777 433 2832 Filio
453 2779 576 2848 quid
600 2779 739 2832 aliud
769 2778 961 2847 poterit
975 2778 1222 2847 jndicari,
1247 2794 1402 2848 quam
1437 2791 1491 2834 ut
1512 2783 1683 2836 unitas
1711 2798 1894 2840 eorum

298 2849 409 2918 ipsa
439 2851 710 2904 nominum
736 2849 1054 2922 proprietate
1099 2851 1364 2904 nascentis
1388 2861 1441 2906 et
1480 2856 1782 2922 generantis
1808 2855 1896 2910 lir-

297 2923 513 2993 inetur;t
543 2923 670 2987 Quis
712 2923 854 2975 enim
899 2919 1038 2993 aliud
1084 2931 1304 2990 generet
1357 2919 1516 2992 quam
1561 2925 1671 2993 ipse
1697 2927 1897 2982 est?Si

297 2992 438 3064 enim
473 2991 636 3046 Filius
678 3003 878 3045 tantum
920 2991 1206 3056 diceretur,
1240 3000 1292 3044 et
1322 2991 1426 3047 neu
1471 2991 1790 3064 adjiceretur
1829 2998 1898 3053 ad

298 3062 633 3136 intellectum
671 3065 794 3132 quia
825 3079 1004 3136 verus
1048 3073 1158 3126 est,
1201 3073 1436 3136 testante,
1479 3062 1606 3120 illud
1658 3070 1899 3136 apostolo

296 3132 520 3198 Joanne,
550 3135 638 3210 qui
669 3136 762 3198 ait,
794 3135 983 3210 Sitmus
1031 3136 1083 3187 in
1113 3151 1225 3188 vero
1257 3135 1364 3204 ﬁlio
1405 3132 1778 3210 Jesuﬁhristo,
1811 3158 1899 3210 qui

297 3215 367 3257 est
397 3220 540 3258 verus
572 3205 723 3273 Deus,
752 3216 798 3258 et
819 3207 917 3259 vita
938 3215 1160 3269 averna;
1190 3217 1237 3260 ei
1263 3211 1503 3274 apostolo
1527 3208 1688 3263 Paulo
1714 3205 1902 3265 simili-

296 3283 377 3329 ter
408 3276 722 3344 pnedirante
747 3295 761 3350 ξ
796 3277 895 3344 Qui
937 3279 1170 3350 proprio,
1201 3277 1387 3350 inquit,
1435 3279 1543 3348 [ilio
1571 3297 1660 3335 suo
1687 3299 1785 3335 non
1814 3299 1901 3350 pe-

300 3355 455 3416 percit
485 3362 503 3399 :
533 3359 709 3416 posset
733 3349 800 3403 de
846 3349 986 3401 nudo
1033 3350 1247 3402 nomine
1295 3348 1411 3402 Filii
1465 3351 1717 3406 dubitari.
1769 3348 1899 3408 Nam

296 3432 418 3473 cum
444 3417 604 3473 addat
648 3434 832 3475 verum
873 3420 1013 3474 hunc
1053 3434 1173 3476 esse
1206 3419 1399 3475 Filium
1427 3421 1562 3488 Dei;
1593 3425 1678 3494 qui
1706 3425 1773 3480 ab
1798 3425 1900 3480 hac

1129 383 1544 455 QUETIONES
1591 383 1692 442 EX
1739 380 2066 456 UTROQUE
2114 383 2379 442 MIXTIM.
2419 384 2788 444 APPENDIX.

3465 390 3609 452 2298

2009 507 2212 575 voeeet
2227 512 2386 556 sensu
2410 501 2682 575 recedunt,
2726 501 2826 571 ipsi
2853 499 2954 557 sibi
2981 502 3196 575 proprie
3223 503 3422 562 inimici
3457 516 3604 565 sunt.

2011 572 2330 647 contingunt
2367 573 2509 647 enim
2533 574 2662 647 sibi,
2691 583 2746 628 et
2771 572 3116 647 persuasione
3135 576 3361 645 quadam
3401 581 3608 647 opinio-

2011 643 2094 717 nis
2115 659 2380 712 perversae
2407 645 2546 700 aliud
2582 645 2778 717 debere
2810 645 2955 701 credi
2984 643 3247 708 asserunt,
3273 643 3450 717 quam'
3469 651 3605 707 ratio

2011 714 2132 788 tidei
2153 717 2409 788 continet,
2439 717 2587 788 quasi
2617 717 2734 784 plus
2751 716 2880 772 dent
2903 718 3008 772 Deo
3027 733 3183 788 quam
3207 714 3320 788 ipse
3337 720 3404 775 de
3431 737 3489 776 se
3509 738 3606 775 vo-

2011 733 2132 769 uuei
2153 733 2409 780 continet,
2439 733 2587 785 quam
2617 733 2734 784 pius
2751 733 2880 772 aeut
2903 733 3008 772 ueo
3067 733 3183 771 nam
3207 733 3320 788 ipse
3337 733 3404 775 oe
3431 737 3489 776 se
3509 738 3606 775 vo-

2009 786 2105 860 luit
2125 785 2378 860 _credi._Si
2409 787 2550 841 enim
2591 787 2853 860 adjectum
2883 804 2987 843 non
3027 733 3235 849 inisset,
3267 807 3401 856 vero,
3429 802 3608 860 posset

2011 856 2273 931 dtibitari._
2314 857 2586 931 Diceretur
2625 856 2764 912 enim
2811 859 2996 931 similis
3025 874 3144 931 esse
3191 861 3355 928 Patri,
3390 856 3607 931 propter

2012 927 2113 999 hoc
2136 929 2276 999 quod
2302 929 2396 995 ait,
2442 928 2538 995 Qui
2583 946 2663 983 me
2701 931 2852 994 videt,
2881 930 3012 984 videt
3039 941 3086 985 et
3117 927 3362 987 Patrem:
3391 927 3610 990 utsicut

2009 998 2092 1053 lac
2108 998 2168 1054 et
2197 1015 2442 1070 gypsum,
2477 1011 2730 1070 quantum
2771 1001 2837 1055 ad
2877 1003 3112 1058 colorem
3158 1004 3406 1072 pertinet,
3433 1007 3608 1061 simile

2010 1080 2126 1125 est:
2157 1080 2410 1141 quantum
2454 1072 2520 1126 ad
2552 1081 2814 1134 naturain,
2860 1073 3012 1138 longe
3041 1074 3296 1130 dissimile
3327 1093 3339 1128 :
3373 1076 3451 1130 sic
3477 1086 3530 1130 et
3553 1077 3606 1132 id

2010 1142 2148 1215 quod
2163 1142 2376 1215 dictum
2398 1153 2500 1215 est,
2545 1143 2642 1208 Qui
2672 1160 2750 1215 me
2773 1143 2923 1215 videt,
2950 1145 3082 1199 videt
3104 1156 3150 1199 et
3181 1146 3406 1211 Patrem,
3433 1149 3601 1215 possit

2007 1212 2194 1268 videri.
2223 1213 2328 1268 Sed
2377 1213 2497 1282 quia
2539 1216 2650 1269 veri
2677 1213 2794 1267 Filii
2824 1214 2915 1268 Dei
2945 1216 3105 1270 verba
3135 1227 3276 1280 sunt,
3307 1235 3409 1272 non
3436 1212 3607 1274 debet

2009 1283 2156 1355 aliud
2177 1284 2242 1338 ad
2269 1284 2594 1339 intellectum
2622 1285 2848 1351 admitti,
2877 1301 3032 1355 quam
3057 1297 3114 1341 ιιι
3141 1288 3261 1343 ideo
3288 1289 3388 1343 lioc
3419 1290 3600 1343 videa-

2012 1365 2098 1427 tur
2131 1354 2348 1420 dixisse,
2390 1357 2510 1424 quia
2559 1373 2716 1409 unum
2757 1354 3103 1412 suntnalura
3152 1359 3310 1414 Pater
3336 1369 3388 1414 et
3419 1360 3604 1427 Filius,

2010 1424 2112 1498 hoc
2140 1435 2222 1480 est
2250 1426 2302 1480 in
2333 1428 2476 1480 nullo
2501 1427 2806 1498 discrepare
2835 1429 3058 1482 alterum
3095 1430 3164 1484 ab
3184 1430 3372 1485 altero.
3402 1431 3531 1484 Nam
3557 1424 3603 1486 si

2008 1496 2251 1571 Salvator
2276 1498 2343 1571 de
2368 1499 2482 1571 viro
2507 1507 2557 1554 et
2589 1496 2830 1571 muliere,
2862 1509 3138 1568 propterea
3181 1501 3321 1571 quod
3349 1518 3452 1556 una
3484 1517 3602 1555 am-

2009 1566 2197 1622 borum
2223 1569 2513 1623 substantia
2543 1579 2644 1633 est,
2674 1571 2766 1628 ait.
2793 1566 2915 1623 Jam
2944 1566 3074 1624 enim
3102 1566 3214 1626 non'
3232 1582 3346 1626 sunt
3373 1573 3491 1627 duo.
3517 1573 3605 1626 sed

2007 1655 2109 1710 una
2135 1656 2254 1693 caro
2276 1657 2294 1693 :
2326 1651 2522 1708 quanto
2552 1641 2719 1710 magis
2749 1642 2903 1696 Pater
2931 1651 2986 1696 et
3012 1642 3176 1697 Filius
3210 1659 3314 1697 non
3347 1653 3471 1699 sunt
3489 1643 3598 1698 duo

2007 1709 2217 1764 dicendi
2262 1711 2410 1779 juxta
2456 1709 2843 1775 substantiam;
2875 1727 2943 1768 ne
2971 1714 3240 1768 autscissa
3280 1716 3364 1769 vel
3410 1715 3599 1782 divisa,

2007 1790 2098 1834 aut
2117 1791 2268 1856 certe
2291 1783 2472 1856 dispar
2492 1798 2555 1856 ac
2574 1783 2847 1838 dissimilis
2863 1799 3049 1838 eorum
3095 1785 3388 1839 substantia
3415 1786 3600 1856 digno-

2007 1854 2215 1908 scatur?
2241 1853 2477 1922 Denique
2506 1855 2698 1908 Paulus
2724 1856 2994 1923 apostolus
3025 1856 3278 1909 unitatem
3297 1853 3606 1910 substantiae

2007 1939 2190 1979 eorum
2212 1925 2426 1978 firmans
2447 1925 2593 1990 dicit,
2625 1926 2724 1993 Qui
2739 1943 2838 1979 non
2865 1927 3096 1995 rapinam
3115 1927 3384 1981 arbitratus
3403 1937 3474 1980 est
3503 1942 3608 1980 esse

2005 2013 2059 2050 se
2101 2011 2271 2061 parem
2311 1995 2436 2068 Deo.
2487 1997 2730 2051 Parilitas
2755 2012 2884 2068 ergo
2912 1999 3023 2051 limc
3055 1997 3194 2051 unde
3224 1998 3345 2064 erit,
3389 1997 3493 2052 nisi
3535 1997 3604 2054 de

2007 2068 2208 2121 unitate
2252 2067 2601 2122 substantia)?
2637 2068 2770 2122 Hinc
2805 2067 2964 2122 ambo
2993 2070 3146 2122 unius
3186 2079 3309 2123 sunt
3338 2069 3602 2137 imaginis.

2007 2137 2094 2192 Sic
2123 2153 2250 2207 ergo
2299 2147 2355 2191 ut
2401 2139 2685 2210 Apostolus
2705 2140 2797 2200 ait,
2830 2138 2950 2193 Non
2975 2141 3208 2210 rapinam
3237 2141 3507 2194 arbitratus
3533 2147 3607 2194 est

2005 2226 2111 2262 esse
2130 2225 2182 2261 se
2208 2226 2380 2278 parem
2412 2209 2537 2275 Deo,
2562 2225 2746 2264 verum
2774 2225 2832 2264 se
2860 2211 2950 2264 Dei
2979 2209 3172 2265 Filium
3197 2211 3603 2266 demonstravit.

2006 2280 2120 2334 Deo
2141 2280 2283 2332 enim
2313 2295 2409 2348 par
2433 2295 2551 2334 esse
2575 2296 2680 2334 non
2707 2291 2928 2348 poterat,
2961 2283 3059 2334 nisi
3077 2292 3221 2336 esset
3240 2282 3306 2336 de
3329 2283 3462 2350 ipso.
3496 2282 3600 2336 Pa-

2005 2365 2092 2404 res
2122 2351 2263 2420 enim
2306 2351 2339 2403 ii
2395 2360 2517 2404 sunt
2559 2351 2646 2420 qui
2695 2362 2787 2405 aut
2832 2353 2989 2405 ambo
3016 2353 3126 2407 veri
3153 2361 3297 2417 sunt,
3327 2364 3417 2407 aut
3445 2353 3604 2407 ambo

2005 2421 2142 2476 falsi.
2177 2419 2284 2474 Nec
2305 2421 2447 2475 enim
2488 2419 2804 2490 parilitatem
2854 2423 3062 2492 recipit,
3089 2433 3322 2492 cceptnm
3364 2433 3417 2478 et
3447 2433 3606 2478 mter-

2005 2509 2152 2557 nntn,
2177 2500 2267 2545 aut
2283 2492 2559 2546 unitatem.
2591 2492 2765 2548 Unum
2785 2494 2926 2546 enim
2958 2509 3015 2546 se
3055 2509 3173 2548 esse
3195 2495 3421 2549 dicendo
3441 2495 3600 2549 Chri-

2003 2573 2117 2617 stus
2141 2577 2260 2616 cum
2294 2563 2469 2628 Patre,
2501 2579 2678 2631 parem
2706 2578 2762 2616 se
2796 2563 2908 2618 Deo
2943 2565 3082 2620 fecit.
3116 2563 3235 2620 Non
3260 2567 3420 2620 solum
3449 2567 3603 2631 enim,

2004 2634 2195 2707 inquit,
2216 2634 2431 2688 solvebat
2455 2634 2734 2702 sabbatum,
2764 2635 2854 2689 sed
2870 2647 2914 2689 et
2938 2634 3142 2707 Patrem
3164 2638 3420 2707 proprium
3444 2636 3606 2691 Deum

2006 2705 2100 2758 sibi
2129 2707 2343 2764 dicebat.
2386 2707 2631 2774 azqualem
2673 2722 2726 2760 se
2770 2707 2960 2774 faciens
3002 2706 3143 2771 'Deo,
3185 2705 3286 2761 hoc
3330 2716 3412 2762 est
3438 2707 3601 2762 Patri.

2003 2775 2189 2830 Nonne
2221 2775 2560 2831 manifestum
2590 2785 2672 2831 est
2717 2777 3070 2845 arqualitatmn
3105 2778 3237 2832 hanc
3267 2778 3333 2831 de
3363 2779 3603 2846 preprie-

1983 2855 2113 2901 'tate
2141 2848 2432 2902 nativitatis
2460 2847 2788 2902 descendere
2810 2847 3128 2916 ?Proprium
3159 2849 3299 2902 enim
3323 2864 3400 2914 se,
3440 2849 3492 2903 id
3519 2857 3603 2904 est

2006 2933 2186 2972 verum
2210 2918 2393 2972 dicens
2425 2919 2515 2972 Dei
2549 2917 2759 2979 Filium,
2791 2919 3048 2988 aequalem
3083 2935 3141 2975 se
3184 2918 3410 2974 faciebat
3439 2920 3552 2973 Deo
3583 2938 3596 2972 :

2005 2989 2106 3060 hoc
2130 2997 2213 3043 est
2237 2991 2376 3044 unde
2409 2990 2554 3052 dicit,
2587 2989 2686 3056 Qui
2715 3005 2792 3042 me
2818 2989 2966 3054 videt,
2999 2991 3128 3043 videt
3155 3000 3199 3043 et
3235 2989 3439 3044 Patrem
3464 3007 3481 3044 :
3509 3006 3605 3060 per

2005 3058 2058 3113 id
2087 3060 2226 3128 quod
2279 3061 2691 3116 consubstantivi
2745 3069 2887 3125 sunt,
2912 3062 3000 3128 qui
3024 3077 3184 3115 unum
3217 3061 3380 3126 videt,
3415 3058 3604 3116 ambos

2005 3130 2346 3203 videt._Sicut
2368 3133 2498 3184 enim
2528 3131 2674 3185 habet
2709 3129 2866 3184 Pater
2889 3133 3040 3184 vitam
3066 3132 3119 3186 in
3157 3133 3446 3203 semetipso,
3465 3133 3535 3184 ita
3556 3141 3603 3187 et

2006 3200 2143 3255 dedit
2170 3200 2309 3256 Filio
2345 3204 2525 3257 habere
2546 3204 2699 3257 vitam
2728 3219 2744 3257 :
2776 3203 2876 3257 hoc
2894 3213 2994 3270 est,
3032 3203 3310 3273 aequalem,
3336 3200 3466 3264 etc.,
3499 3205 3601 3273 (a).

2028 3377 2038 3386 .
2071 3313 2144 3388 (ιι)
2167 3321 2538 3388 Consequtintttr
2561 3328 2803 3388 perpauca
2824 3317 2906 3388 uti.
2919 3318 2968 3388 in
2989 3322 3097 3388 Mss.
3116 3316 3253 3388 primi
3269 3317 3487 3388 generis,
3506 3317 3603 3388 sci-

2007 3375 2132 3426 licet
2148 3390 2305 3440 usque
2327 3375 2388 3426 ad
2411 3375 2588 3438 verba,
2615 3375 2756 3429 natus
2788 3378 3042 3430 credatur.
3078 3375 3532 3442 tiéliquti'deinceps
3553 3378 3604 3429 in

2009 3445 2114 3488 Mss.
2141 3439 2343 3489 secundi
2374 3442 2577 3504 generis
2595 3441 2794 3492 desunt.

817 3555 3558 3584 ..Μ

1297 3626 2617 3832 ριιίΕδΤΙΟΝΕδ

865 3889 1111 4002 nx
1181 3885 2033 4040 UTBOQUE
2100 3901 2799 4017 διῖκται

1728 4087 2099 4150 (αθώίεὶῷνθιὶθδ

720 4227 789 4268 DB
827 4227 1120 4268 BVANGELIO
1155 4227 1368 4268 JOANNIS
1422 4251 1438 4268 ο

366 4285 576 4343 XCVIII
599 4285 713 4375 λιι).
767 4312 848 4375 -ῖ
882 4285 1264 4375 Λιιιιίςιξειιιιιη
1291 4292 1890 4375 “contestettirlsacro-

294 4369 537 4415 sanctum
599 4354 977 4425 Evangelinm,
1033 4355 1242 4407 dicente
1291 4354 1517 4410 Domino
1541 4355 1608 4410 ad
1655 4355 1889 4425 Judzeos,

307 4431 406 4485 I-‘os
427 4432 490 4485 de
518 4441 660 4502 patre
688 4427 888 4502 diabolo
919 4427 1023 4502 nati
1044 4426 1180 4487 estis,
1213 4425 1536 4502 et_d_es_ideria
1565 4428 1724 4502 patris
1743 4431 1894 4502 vestri

294 4503 441 4558 vultis
468 4495 649 4571 facere.
679 4498 704 4552 1
715 4499 779 4552 lle
805 4497 1056 4571 homicida
1085 4505 1189 4571 erat
1218 4495 1281 4571 ab
1307 4496 1472 4571 initio,
1521 4495 1573 4571 et
1609 4498 1661 4571 iu
1686 4499 1894 4554 veritate

295 4591 395 4627 non
423 4564 576 4638 stetit,
600 4573 717 4635 quia
736 4570 915 4623 veritas
937 4585 1036 4620 non
1057 4576 1129 4640 est
1143 4567 1194 4619 in
1223 4564 1487 4640 illo.7Cum
1518 4567 1739 4640 loquitur
1755 4587 1892 4623 men-

295 4646 516 4710 dacium,
543 4660 604 4696 ex
623 4643 739 4712 suis
755 4640 971 4712 propriis
997 4639 1238 4712 loquitur2
1266 4639 1382 4708 quia
1410 4640 1627 4712 mendam
1647 4649 1738 4712 est,
1765 4641 1893 4712 sicut

296 4727 341 4769 et
372 4708 512 4782 pater
539 4715 647 4785 ejus
677 4708 864 4785 (Joau'.
889 4726 1000 4776 VIII,
1027 4710 1095 4763 44
1123 4711 1161 4778 ).
1192 4708 1360 4762 Nemo
1417 4709 1646 4785 Iideliutn
1689 4711 1894 4785 dubitet

295 4780 571 4840 diabolum
612 4780 890 4854 apiistasiie
939 4797 1049 4834 suae
1093 4789 1362 4854 auctorem
1395 4795 1500 4854 non
1526 4780 1740 4854 habere.
1775 4781 1892 4854 Ipse

296 4859 439 4912 enim
482 4851 661 4910 totius'
685 4854 882 4908 erroris
927 4861 1007 4906 est
1054 4851 1453 4920 princepszqui
1507 4851 1692 4906 videns
1721 4870 1747 4904 a
1779 4853 1892 4907 Deo

300 4927 493 4982 factum
523 4944 579 4982 se
607 4942 711 4980 non
742 4924 1024 4979 mediocris
1071 4925 1338 4992 poteiitiiu,
1370 4936 1530 4975 ausus
1559 4932 1641 4976 est
1689 4938 1891 4991 priesu-

299 5015 444 5053 mere
501 4997 868 5058 divinitatem;
898 5002 953 5048 ut
994 4995 1112 5064 quia
1157 5003 1381 5047 caeteros
1430 4992 1558 5046 vidit
1590 4992 1889 5061 inferiores,

301 5073 531 5140 seipsuiii
561 5068 834 5139 prwlei'ret
860 5078 910 5120 ut
941 5068 1119 5120 deum.
1152 5065 1389 5134 Denique
1441 5064 1656 5119 nomina
1703 5065 1892 5134 quibus

362 5205 379 5234 ί
405 5207 474 5252 tta
516 5207 624 5252 Mss.
651 5207 704 5251 et
728 5199 876 5249 editio
911 5197 1279 5260 natisponensis.
1296 5194 1550 5260 aliaevero
1572 5195 1811 5260 editiones
1821 5197 1895 5260 sic

298 5265 512 5314 habent:
541 5262 780 5324 (moritodo
802 5261 854 5312 in
877 5255 1128 5324 Evangitlio
1149 5257 1346 5308 Joannis
1364 5255 1580 5308 diabolus
1596 5256 1788 5306 dicatur
1810 5257 1895 5308 ha-

299 5327 410 5378 bere
430 5332 633 5378 mtrem.

662 5389 874 5448 ineptus,
899 5392 953 5452 ιιι
977 5395 1040 5432 ex
1057 5397 1138 5446 qq.
1158 5398 1226 5452 ci,_
1245 5395 1462 5452 cn,ci_tt_v,
1475 5396 1585 5440 cxv,
1604 5390 1721 5452 _e_tc.,
1738 5387 1891 5452 patet,

301 5443 395 5501 nec
418 5443 455 5500 ’ξι
482 5451 622 5500 nobis
658 5443 886 5510 repertus
922 5447 968 5510 in
1004 5443 1122 5493 Mssf
1146 5445 1228 5508 qui
1265 5445 1570 5507 partitionem
1603 5444 1680 5492 hic
1712 5443 1894 5510 nullam

301 5513 502 5563 habent.
529 5513 621 5560 sed
661 5507 732 5561 ρκ’
749 5511 893 5558 editis
925 5509 1159 5556 hactenus
1201 5514 1456 5566 receptum
1495 5513 1587 5563 est,
1621 5514 1676 5554 ut
1715 5507 1892 5555 citetur

301 5575 403 5626 hinc
427 5576 571 5625 tertia
613 5586 721 5636 pars
741 5573 1062 5638 Quaestionum
1102 5565 1335 5638 siib_illo’
1358 5566 1498 5616 titulo
1544 5581 1554 5615 :
1599 5576 1892 5638 quapropter

303 5638 418 5687 nihil
457 5638 535 5686 hic
557 5631 835 5685 mutandum
867 5633 1168 5692 curavimus,
1213 5631 1260 5679 in
1304 5643 1456 5692 Opere
1495 5631 1763 5692 prasertim
1798 5643 1892 5679 non

302 5701 460 5750 magni
475 5699 731 5748 momenti.

363 5739 865 5825 Iussi-secundi
890 5757 1091 5822 generis
1120 5769 1236 5825 n_on_
1258 5761 1418 5805 exstat
1440 5753 1544 5804 haec
1561 5755 1658 5825 jam
1683 5754 1894 5825 secunda

301 5817 868 5896 trs‘a’atiocjusdennnet
887 5817 1184 5884 argumenti,
1207 5818 1273 5870 de
1293 5829 1390 5886 quo
1419 5829 1567 5880 supra
1589 5823 1668 5867 est
1688 5817 1894 5879 quaestio

2002 4222 2300 4292 appellatur
2322 4225 2566 4283 diabolus
2590 4235 2903 4300 etisataiias,
2918 4230 2986 4286 ab
3007 4237 3131 4287 actu
3151 4230 3265 4300 ejus
3289 4232 3587 4300 composita

2001 4303 2144 4372 sunt,
2176 4312 2281 4350 non
2309 4311 2372 4352 ex
2405 4306 2609 4372 natura.
2640 4299 2813 4356 Omne
2864 4301 3006 4356 enim
3063 4299 3257 4356 malum
3281 4299 3448 4372 opere
3477 4319 3600 4372 pro-

1999 4363 2170 4430 batur,
2225 4376 2281 4422 ut
2310 4385 2416 4424 non
2456 4371 2746 4426 substantia
2774 4373 2824 4427 in
2859 4375 3081 4428 crimine
3109 4374 3197 4439 sit,
3231 4363 3334 4428 sed
3355 4363 3599 4430 voluntas

1997 4448 2253 4514 concepta
2281 4454 2348 4494 ex
2371 4443 2562 4514 causis.
2589 4444 2726 4498 Dum
2749 4445 2890 4498 enim
2921 4459 2980 4500 se
3002 4444 3132 4500 vidit
3157 4445 3412 4514 potiorem
3440 4454 3600 4499 caete-

1999 4512 2092 4576 ris,
2125 4509 2335 4565 inﬂatus
2360 4523 2443 4566 est
2476 4513 2540 4566 ad
2571 4516 2923 4569 exercendam
2972 4509 3408 4569 dominationem.
3455 4515 3601 4582 Quo-

1998 4583 2160 4656 modo
2186 4596 2312 4656 ergo
2350 4594 2550 4656 patrem
2584 4584 2779 4656 habere
2804 4585 3018 4652 dicitur,
3048 4587 3134 4656 qni
3167 4594 3351 4640 auctor
3379 4587 3596 4642 sceleris

1999 4655 2114 4725 ejus
2143 4652 2436 4725 habeatur?
2465 4659 2570 4725 Aut
2601 4655 2740 4709 unde
2770 4658 3023 4725 probatur
3049 4652 3114 4711 ab
3140 4657 3290 4710 initio
3329 4656 3594 4711 homicida

2000 4722 2199 4778 fuisse?
2227 4722 2330 4798 Sed
2361 4723 2633 4798 Scriptura
2681 4722 2827 4782 illum
2856 4730 2944 4798 qui
2996 4729 3109 4798 ejus
3143 4726 3301 4782 fuerit
3340 4728 3592 4792 imitator,

1999 4798 2211 4850 nomine
2255 4794 2372 4868 ejus
2399 4797 2662 4868 appellat;
2698 4808 2753 4852 ut
2781 4794 2900 4868 quia
2943 4799 3008 4853 ab
3024 4794 3197 4867 'opere
3227 4813 3418 4852 nomen
3441 4813 3594 4853 acce-

2001 4868 2094 4932 pit,
2124 4866 2297 4921 omnis
2321 4867 2410 4936 qui
2439 4869 2636 4922 malum
2658 4866 3019 4938 opusl’ecerit,
3048 4866 3150 4922 non
3183 4870 3448 4924 immerito
3477 4869 3594 4922 dia-

2000 4939 2154 4993 bolos
2174 4938 2494 5010 nominetur.
2513 4939 2757 4994 Salvator
2777 4957 2902 5010 ergo
2926 4943 3024 4994 lioc
3045 4941 3162 4994 loco
3183 4943 3308 4994 Cain
3321 4940 3590 5010 diabolum

1999 5009 2303 5080 appellavit,
2325 5010 2451 5082 quia
2478 5026 2700 5079 operum
2721 5009 3102 5082 ejusarmulus,
3128 5011 3256 5066 dum
3276 5011 3465 5066 invidit
3483 5009 3590 5065 fra-

2002 5083 2086 5143 tri,
2115 5081 2502 5153 tliomicidiuni
2536 5081 2874 5153 perpetravit,
2927 5083 3228 5151 exemplum
3281 5083 3591 5152 relinquens

1999 5151 2324 5207 crudelitatis
2367 5151 2655 5220 parricidii.
2699 5155 2846 5210 Sicut
2870 5162 2923 5207 et
2965 5153 3206 5208 diabolus
3253 5154 3378 5209 dum
3411 5151 3595 5208 invidit

2000 5221 2200 5308 lltl‘rililli
2248 5221 2393 5308 facto.
2427 5223 2493 5277 ad
2535 5225 2822 5308 imaginem
2859 5225 2976 5290 Dei,
3009 5225 3386 5308 malignitatem
3418 5225 3599 5308 operis

1999 5290 2080 5351 Siti
2133 5293 2440 5366 cumulavit,
2489 5290 2668 5365 typum
2699 5295 2942 5366 pt'ﬂ‘l)ells
2987 5290 3204 5350 erroris.
3260 5290 3599 5366 IIincitEiqne

1999 5367 2199 5421 exstitit
2225 5365 2382 5418 etiam
2412 5367 2640 5419 mendax
2687 5366 2838 5429 Cain,
2868 5365 3080 5422 dicente
3119 5368 3217 5421 sibi
3238 5368 3370 5430 Deo,
3407 5365 3596 5421 Ubiest

1999 5437 2124 5491 Abel
2169 5438 2327 5508 frater
2372 5437 2645 5502 tuustQui
2701 5438 2865 5508 patris
2904 5439 2984 5492 sui
3037 5438 3267 5492 imbutus
3296 5439 3513 5502 malitia,
3544 5439 3596 5492 in

2000 5507 2330 5564 mendacium
2354 5521 2723 5576 prorumpens,
2746 5507 2972 5581 Nescio,
3003 5510 3168 5580 inquit
3195 5511 3213 5581 (
3238 5508 3364 5564 Gen.
3389 5526 3460 5576 tv,
3492 5508 3590 5579 9);

2000 5581 2154 5636 utcni
2176 5583 2336 5634 vitam
2363 5588 2678 5636 extorserat.
2705 5580 2790 5632 tibi
2814 5591 2952 5634 esset
2979 5582 3182 5636 nescire
3206 5580 3262 5634 Se
3284 5581 3594 5646 simularet;

2000 5654 2079 5708 sic
2107 5653 2282 5706 lurore
2313 5657 2562 5713 eiecatns,
2602 5658 2659 5703 ut
2679 5650 2790 5704 Deo
2831 5653 2908 5704 sic
2951 5653 3298 5720 responderet
3321 5653 3470 5721 quasi
3493 5651 3592 5706 ho-

1999 5724 2149 5790 mini,
2181 5735 2335 5796 quem
2381 5729 2592 5796 putaret
2619 5737 2678 5796 se
2699 5737 2873 5796 posse
2914 5723 3104 5777 celare.
3136 5723 3295 5796 igitur
3322 5723 3597 5796 hujiismo-

2000 5798 2054 5853 di
2087 5792 2378 5850 imitatores
2395 5794 2516 5847 l'acti
2543 5792 2733 5859 Jiidiei,
2753 5795 2910 5848 etiam
2935 5796 3103 5864 ipsum
3134 5792 3415 5849 Dominum
3443 5795 3591 5849 occi-

2000 5868 2215 5934 derunt,
2245 5864 2374 5923 Cain
2405 5865 2583 5936 potius
2612 5864 2935 5922 fratricidam
2976 5874 3181 5938 patrem
3233 5865 3471 5922 volentes
3498 5866 3596 5920 lis-
