4070 6522
389 401 536 458 8505

392 525 494 573 est.
527 516 776 587 Exceptis
813 515 955 572 enim
1001 517 1264 587 peccatis,
1307 533 1427 588 qua:
1472 525 1684 574 constat
1725 517 1971 573 omnibus

392 603 518 644 esse
558 589 735 642 illicita
758 629 772 647 .
811 605 916 643 non
955 591 1128 644 omnia
1157 590 1312 644 licent
1339 591 1674 658 potentibus,
1706 606 1822 660 qua:
1849 599 1972 644 sunt

393 674 647 730 concessa
676 661 977 715 humilibus.
1029 660 1302 730 Dignitatis
1330 661 1346 693 ί
1398 662 1539 715 enim
1585 661 1784 716 homini
1814 675 1974 729 nego-

395 732 514 785 tiari
559 729 798 786 deforme
821 739 941 797 est,
969 741 1024 802 et
1066 729 1308 802 popinam
1339 732 1543 802 ingredi
1593 733 1824 787 notabile
1867 741 1968 786 est.

394 802 740 864 Senatorihus
766 818 974 871 quoque
1004 801 1156 858 fenus
1183 802 1394 858 infamia
1408 801 1519 857 est.
1548 803 1604 858 Si
1632 818 1759 872 ergo
1799 805 1846 856 in
1888 802 1975 860 his

394 873 601 928 levibus
627 874 824 927 inventi
855 875 1070 928 notandi
1101 884 1253 939 sunt,
1297 883 1495 944 quanto
1528 875 1693 943 magis
1719 876 1795 928 rei
1840 889 1961 928 con-

393 944 644 1000 stituendi
677 954 798 998 sunt
822 987 837 1011 ,
866 945 910 998 si
948 943 1327 1014 peccaverint?
1353 946 1450 999 Per
1473 943 1574 999 hoc
1601 960 1728 1012 ergo
1752 954 1972 1014 apparet

394 1015 556 1069 David
581 1015 893 1086 gravissime
922 1031 1196 1085 peccasse,
1224 1025 1277 1070 et
1302 1015 1512 1084 quidem
1545 1015 1740 1084 duplici
1767 1017 1924 1070 modo
1955 1034 1967 1069 :

393 1085 680 1141 converSus
727 1094 944 1153 tamen,
995 1097 1047 1140 et
1075 1086 1342 1141 homicidii
1389 1095 1442 1140 et
1479 1085 1724 1140 adulterii
1763 1089 1971 1142 veniam

393 1166 708 1211 consecutus
734 1168 850 1227 est,
883 1168 936 1213 et
973 1157 1113 1227 quod
1157 1165 1241 1212 est
1267 1157 1492 1226 amplius
1516 1197 1532 1223 ,
1562 1157 1766 1212 deflens
1804 1158 1972 1213 refor-

393 1239 567 1282 matus
603 1238 701 1284 est.
727 1226 858 1282 Cum
879 1226 1019 1282 enim
1049 1244 1078 1282 a
1108 1229 1360 1298 propheta
1391 1227 1593 1282 Nathan
1625 1240 1934 1296 argueretur
1953 1271 1967 1294 ,

392 1310 664 1368 peccatum
697 1301 876 1354 celare
902 1315 1004 1353 non
1035 1315 1196 1354 ausus
1225 1309 1322 1364 est,
1353 1299 1443 1354 sed
1472 1299 1747 1356 cenfessus
1786 1311 1867 1354 est
1892 1300 1973 1354 di-

390 1384 518 1442 cens
543 1411 557 1435 ,
611 1368 824 1442 Peccavi
846 1370 1103 1442 iDomino.
1145 1371 1294 1424 Tunc
1323 1371 1598 1439 respondit
1635 1371 1888 1442 propheta
1919 1380 1972 1426 et

390 1439 523 1512 dixit
547 1483 558 1499 .
593 1441 807 1496 Abstulit
833 1441 1081 1496 Dominus
1106 1452 1360 1512 peccatum
1385 1453 1528 1496 tuum
1546 1483 1561 1508 ,
1589 1439 1756 1496 et—non
1783 1444 1969 1496 morie-

391 1511 460 1583 ris
483 1554 495 1574 ,
523 1515 758 1582 quoniam
799 1513 1089 1580 paenituisti.
1108 1511 1184 1567 Et
1203 1515 1322 1583 quia
1352 1514 1613 1568 invenitur
1636 1523 1813 1582 postea
1843 1529 1971 1582 pro-

392 1582 642 1652 phetasse
663 1627 676 1648 ,
705 1584 922 1638 dubium
952 1599 1055 1638 non
1083 1592 1166 1638 est
1196 1582 1335 1639 hunc
1364 1585 1724 1640 reformatum.
1751 1583 1885 1637 Nam
1915 1595 1970 1639 et

391 1653 574 1724 Achab
601 1665 875 1724 correptus
895 1673 922 1707 a
957 1657 1207 1723 prepheta
1242 1667 1453 1724 propter
1480 1666 1703 1709 mortem
1721 1654 1967 1710 Nahuthe

390 1723 498 1777 ibat
546 1723 796 1792 plorans,
845 1736 898 1781 et
940 1725 1200 1780 conscidit
1225 1723 1537 1781 vestimenta
1565 1742 1658 1780 sua
1683 1767 1698 1792 ,
1731 1736 1786 1780 et
1831 1742 1968 1795 pra:-

389 1795 555 1849 cinxit
599 1812 658 1851 se
701 1798 909 1861 cilicio,
939 1808 993 1851 et
1041 1795 1236 1851 factum
1267 1809 1348 1851 est
1394 1798 1613 1853 verbum
1667 1797 1872 1851 Domini
1916 1798 1970 1852 in

387 1881 547 1920 manu
583 1869 720 1922 servi
758 1868 873 1937 ejus
902 1869 1028 1922 Elim
1054 1867 1120 1922 de
1157 1868 1341 1922 Achab
1363 1910 1377 1933 ,
1403 1879 1456 1922 et
1502 1868 1635 1922 dixit
1664 1869 1920 1924 Dominus
1952 1886 1965 1921 :

387 1937 622 2002 Audisti,
652 1941 890 2008 quoniam
934 1949 1097 1992 motus
1135 1949 1206 1993 est
1238 1939 1408 1992 Achab
1437 1956 1469 1991 a
1509 1939 1635 2008 facie
1678 1941 1831 1994 utea?
1867 1957 1970 1994 non

387 2007 708 2084 iltducamei
737 2012 872 2064 mala
899 2011 952 2063 in
983 2009 1152 2084 diebus
1180 2011 1288 2084 ejus
1320 2009 1407 2084 (ill
1437 2010 1565 2084 Reg.
1595 2027 1682 2065 xxt
1703 2052 1716 2074 ,
1749 2010 1966 2084 27-29).

388 2077 454 2132 Et
476 2079 720 2134 Ninivitis
752 2091 962 2150 peccata
987 2077 1656 2146 deﬂentibus,‘imminente
1681 2093 1851 2138 morte
1879 2077 1968 2137 re-

387 2160 567 2217 parata
604 2160 687 2206 est
711 2152 813 2205 vita
847 2152 1014 2222 (Iona:
1067 2168 1154 2216 ιιι,
1190 2153 1296 2218 10).
1350 2151 1491 2206 Ecce
1521 2162 1749 2220 quantus
1795 2153 1970 2223 profe-

387 2228 504 2275 ctus
523 2232 604 2276 est
634 2224 975 2290 pmuitentite.
1007 2223 1110 2277 Sed
1134 2225 1268 2277 forte
1296 2223 1501 2276 dicatur
1522 2238 1554 2277 e
1581 2234 1762 2277 contra
1786 2266 1800 2288 ,
1832 2223 1972 2278 Con-

385 2305 533 2346 cessa
559 2294 770 2362 quidem
814 2305 894 2349 est
918 2335 932 2359 ,
969 2294 1062 2347 sed
1094 2309 1198 2346 non
1234 2293 1303 2348 de
1333 2297 1555 2348 crimine
1605 2294 1918 2349 idololatrias
1952 2313 1966 2349 :

386 2363 625 2432 quamvis
667 2365 805 2417 enim
847 2364 962 2418 hzec
986 2366 1163 2433 gravia
1188 2365 1294 2418 sint
1317 2407 1332 2430 ,
1360 2364 1528 2434 majus
1549 2373 1632 2418 est
1659 2374 1834 2420 tamen
1865 2367 1970 2419 cri-

384 2449 505 2504 men
536 2435 866 2489 idololatrize.
896 2436 1059 2490 Recte
1090 2446 1264 2489 tamen
1287 2437 1502 2504 explosa
1523 2445 1602 2489 est
1627 2452 1730 2489 non
1762 2452 1826 2491 ex
1857 2453 1970 2490 mo-

384 2502 501 2558 dica
525 2517 674 2574 parte
704 2506 978 2560 Novatiani
1001 2507 1246 2567 assertio,
1271 2502 1371 2577 qua
1400 2507 1505 2560 duo
1532 2508 1752 2560 crimina
1781 2509 1960 2576 gravia

383 2589 634 2646 concessa
682 2579 1002 2645 pmnitentia:
1047 2578 1310 2632 videntur.
1362 2578 1493 2646 Quia
1542 2579 1584 2631 si
1635 2579 1968 2633 fornicationi

383 2645 585 2720 ignosci
609 2663 712 2702 non
742 2649 938 2714 debet,
981 2649 1116 2703 sicut.
1159 2645 1452 2720 Novatiano
1484 2649 1736 2720 ividetur,
1768 2661 1968 2720 quanto

382 2720 552 2786 magis
575 2719 878 2785 homicidio,
908 2730 1000 2774 aut
1022 2719 1320 2774 adulterio?
1348 2718 1453 2774 Sed
1482 2719 1603 2773 hinc
1628 2718 1834 2774 vanitas
1853 2722 1967 2790 ejus

382 2799 638 2858 apparet,
668 2791 879 2860 quando
927 2791 1037 2845 haec
1087 2807 1204 2860 qum
1232 2791 1475 2860 graviora
1523 2801 1680 2855 sunt,
1713 2807 1966 2847 concessa

383 2860 678 2929 probantur
707 2881 720 2915 ε
753 2863 1096 2931 quamobrem
1129 2878 1298 2927 nunc,
1330 2878 1393 2914 an
1423 2862 1716 2916 idololatris
1745 2863 1964 2917 concedi

383 2944 541 2998 posse
573 2934 872 3001 promiserit
900 2933 1059 2994 Deus,
1093 2933 1467 3001 requirendum
1492 2943 1591 2987 est.
1628 2932 1799 2988 Omne
1824 2935 1965 2988 enim

383 3003 520 3070 quod
547 3002 666 3070 jure
704 3004 787 3058 hic
813 3020 1125 3059 concessum
1159 3020 1262 3059 non
1297 3004 1482 3068 fuerit,
1518 3019 1614 3058 nec
1642 3005 1693 3058 in
1733 3007 1966 3058 futurum

382 3075 580 3196 Poterit
605 3075 844 3130 concedi.
879 3075 976 3129 Hic
1014 3076 1189 3140 enim,
1234 3076 1370 3128 sicut
1395 3075 1525 3128 dixit
1559 3075 1844 3136 Dominus.
1877 3085 1969 3158 aut

407 3153 612 3196 tuantur
632 3187 647 3196 .
693 3157 783 3196 aut
812 3147 1089 3196 solvuntur
1118 3155 1328 3196 neccata
1358 3145 1566 3196 (Matth.
1597 3160 1688 3196 xvr
1708 3187 1722 3196 .
1758 3147 1878 3196 19):
1914 3164 1966 3196 in

407 3143 612 3217 igantur
632 3187 647 3212 ,
693 3157 783 3199 aut
812 3147 1089 3201 solvuntur
1118 3155 1328 3213 peccata
1358 3145 1566 3215 (Matth.
1597 3160 1688 3198 xvr
1708 3187 1722 3210 ,
1758 3147 1878 3217 19);
1914 3147 1966 3202 in

383 3212 563 3270 futuro
591 3227 768 3271 autem
799 3217 926 3270 nihil
957 3212 1276 3280 aliud’erit,
1323 3212 1421 3270 nisi
1474 3212 1833 3272 remuneratio
1876 3228 1968 3272 aut

383 3286 773 3341 condemnatio.
819 3289 1006 3343 Omnis
1043 3288 1184 3342 enim
1213 3289 1302 3356 qui
1332 3287 1418 3340 hic
1453 3287 1573 3355 jure
1616 3288 1963 3355 reprobatur,

382 3371 486 3428 non
519 3356 871 3428 poteriteligi,
904 3370 994 3413 aut
1023 3359 1212 3427 dignus
1240 3360 1290 3411 in
1323 3359 1554 3428 futurum
1582 3357 1827 3425 judicarj.
1857 3360 1965 3412 Au-

381 3426 589 3500 diamus
631 3426 945 3500 igitur—qua:
976 3426 1136 3500 dicaii
1165 3430 1416 3489 Dominus
1453 3427 1520 3483 de
1559 3428 1852 3500 idololatris
1899 3430 1966 3484 ad

380 3496 1008 3569 Jeretttiam"pr0[)lietatn
1042 3519 1054 3553 :
1097 3499 1253 3562 Vade,
1277 3509 1322 3553 et
1351 3500 1451 3566 dic,
1483 3499 1671 3568 inquit,
1702 3498 1967 3554 Revertere

380 3569 449 3621 ad
474 3586 554 3623 me
575 3611 588 3633 ,
619 3573 940 3625 commoratio
967 3571 1132 3625 Israel
1156 3613 1166 3633 ,
1200 3571 1320 3624 dicit
1349 3570 1593 3623 Dominus
1615 3611 1629 3634 ,
1661 3578 1709 3623 et
1747 3586 1846 3624 non
1875 3571 1967 3638 [ir-

380 3641 525 3711 mabo
541 3641 734 3711 facient
761 3659 922 3695 meum
963 3644 1015 3696 in
1043 3658 1128 3696 vos
1151 3658 1169 3694 :
1193 3642 1312 3711 quia
1351 3641 1631 3694 misericors
1679 3657 1768 3711 ego
1810 3658 1922 3694 sum
1946 3683 1960 3708 ,

381 3709 501 3763 dicit
522 3698 768 3767 Dominus
786 3754 801 3779 ,
832 3723 876 3766 et
904 3730 1002 3767 non
1032 3698 1224 3767 irascar
1254 3713 1389 3766 vobis
1414 3713 1465 3765 in
1486 3727 1666 3764 aevum.
1701 3698 1966 3766 Vermina-'-

381 3796 494 3853 men
522 3799 765 3853 cognosce
787 3785 1026 3837 delictum
1056 3793 1196 3836 tuum
1223 3783 1417 3852 :impie
1450 3783 1594 3852 egisti
1619 3823 1633 3849 ,
1667 3791 1714 3835 et
1754 3785 1966 3851 posuisti

379 3852 484 3924 vias
534 3852 646 3907 tuas
689 3855 741 3906 in
782 3855 972 3908 alienos
1019 3854 1191 3908 subtus
1229 3870 1376 3907 omne
1405 3855 1598 3924 lignum
1646 3869 1966 3909 nemorosum

382 3920 591 3997 (Jerem.
637 3940 723 3997 ut,
766 3925 862 3992 ιι,
897 3924 1006 3997 15).
1052 3927 1186 3980 Ecce
1215 3925 1339 3994 quid
1378 3920 1636 3994 promittit
1673 3925 1749 3978 eis
1790 3926 1962 3991 Deus,

380 3994 469 4067 qui
511 4005 629 4063 post
659 3995 861 4067 lapsum
892 3994 974 4067 ad
998 4012 1057 4052 se
1082 4004 1482 4061 convertuntur,
1517 4005 1576 4049 ut
1602 4005 1720 4067 post
1748 4007 1963 4067 aposta-

380 4064 520 4136 siam
535 4066 792 4136 regressis
825 4064 1057 4122 remittat
1079 4075 1314 4136 peccata.
1357 4067 1421 4120 Et
1449 4068 1637 4120 iterum
1669 4065 1795 4120 dicit
1827 4068 1965 4124 Deus

380 4149 473 4207 per
496 4135 779 4190 Jeretniam
812 4155 824 4190 :
851 4137 1064 4191 Delicati
1081 4135 1185 4192 inci
1205 4139 1583 4190 ambulaverunt
1611 4138 1713 4190 vias
1733 4154 1958 4207 asperas,

379 4205 516 4279 ducti
545 4217 659 4261 sunt
675 4217 730 4260 ut
756 4224 880 4279 grex
895 4209 1118 4279 direptus
1133 4210 1195 4261 ab
1217 4209 1451 4262 inimicis.
1469 4207 1763 4279 Constantes
1784 4205 1960 4276 estote,

380 4277 471 4342 ﬁlii
492 4319 507 4342 ,
539 4289 584 4331 et
625 4277 931 4348 proclamate
953 4277 1020 4332 ad
1048 4279 1210 4332 Deum
1234 4321 1248 4346 ,
1279 4280 1370 4332 erit
1397 4288 1558 4332 vestra
1586 4281 1637 4332 in
1667 4278 1966 4334 abductione

380 4349 636 4420 memoria.
681 4348 818 4420 Nam
857 4351 984 4404 sicut
1032 4351 1127 4420 fuit
1165 4367 1302 4403 mens
1349 4359 1511 4404 vestra
1554 4361 1606 4403 ut
1653 4353 1887 4405 erraretis
1931 4369 1965 4406 a

382 4415 517 4483 Deo,
554 4415 1091 4494 iduplicabitisdecies
1144 4431 1337 4494 tantum
1379 4422 1646 4494 conversi,
1688 4431 1964 4494 quaerentes

379 4504 508 4541 eunt.
541 4490 640 4554 Qui
665 4495 796 4544 enim
823 4492 1019 4545 induxit
1040 4493 1094 4544 in
1121 4507 1206 4544 vos
1228 4493 1382 4556 mula,
1409 4492 1604 4544 inducet
1631 4492 1683 4544 in
1699 4490 1795 4546 'vos
1819 4503 1963 4547 teter-

379 4575 494 4630 nam
514 4561 888 4630 jucunditatem
932 4580 1048 4616 cum
1088 4562 1246 4615 salute
1277 4573 1435 4616 vestra
1475 4561 1702 4630 (Baruch
1749 4579 1820 4626 tv,
1869 4564 1965 4620 26-

379 4628 488 4701 29).
516 4628 562 4686 Ο
600 4633 881 4687 clementia
928 4634 1052 4689 Dei!
1085 4628 1533 4703 quemadmodum
1567 4633 1744 4702 lapsos
1775 4651 1958 4703 provo-

378 4711 544 4774 catiut
569 4719 627 4757 se
651 4704 891 4774 erigant!
921 4706 1186 4773 quomodo
1218 4705 1459 4758 hortatur
1486 4715 1540 4758 ut
1567 4715 1686 4774 post
1723 4721 1959 4760 errorem

380 4770 638 4844 idolorum
662 4770 994 4830 revertantur
1018 4776 1085 4830 ad
1114 4792 1232 4828 eum
1255 4777 1267 4828 l
1296 4777 1443 4844 quasi
1469 4770 1616 4844 pater
1643 4775 1958 4842 benevolus,

380 4841 502 4896 filiis
542 4846 652 4898 suis
683 4844 1066 4913 jucunditatem
1100 4841 1386 4915 perennem
1422 4841 1677 4916 promittit
1706 4847 1886 4900 salutis
1914 4841 1960 4901 si

376 4927 435 4967 se
480 4919 765 4986 corrigant.
815 4917 942 4971 Item
985 4919 1123 4986 apud
1165 4917 1410 4971 eumdem
1459 4919 1594 4971 inter
1627 4926 1818 4971 caetera
1851 4934 1864 4970 :
1899 4917 1961 4970 Et

379 4987 633 5038 restituam
677 4986 794 5040 illos
822 4988 876 5040 in
901 4996 1086 5041 tenam
1123 4989 1271 5041 istam
1296 5030 1310 5050 ,
1339 4997 1384 5040 et
1425 4987 1740 5056 recediﬁcabo
1764 5005 1847 5042 eos
1871 5029 1885 5050 ,
1915 5000 1960 5042 et

380 5069 477 5109 non
515 5056 784 5130 destituam
801 5074 821 5123 ;
842 5069 889 5111 et
915 5058 1209 5130 reptantabo
1239 5075 1324 5112 eos
1343 5100 1358 5124 ,
1403 5067 1448 5111 et
1489 5075 1588 5130 non
1615 5057 1822 5130 evellam
1850 5057 1963 5130 (Je-

376 5140 500 5179 rem.
534 5143 688 5199 xxiv,
723 5129 777 5196 6)
809 5147 822 5182 :
859 5138 913 5181 ut
941 5131 1060 5199 quia
1090 5131 1442 5184 comminatus
1466 5129 1710 5194 dixerat,
1743 5129 1960 5184 Sacrifi-

376 5210 503 5251 cans
523 5198 626 5253 diis
648 5241 663 5265 ,
693 5198 1065 5264 eradicabitur;
1098 5217 1163 5256 ne
1191 5209 1470 5269 peccantes
1494 5201 1542 5253 in
1580 5201 1741 5254 Deum
1768 5201 1961 5270 despe-

378 5279 558 5342 rarent
585 5270 651 5324 de
675 5286 733 5324 se
752 5312 767 5336 ,
799 5272 946 5339 quasi
969 5272 1080 5341 jam
1105 5274 1193 5342 qui
1221 5273 1649 5326 sacriﬁcaverunt
1670 5271 1824 5325 idolis
1845 5287 1962 5326 era-

380 5336 570 5413 dicati,
603 5336 888 5410 replantari
916 5336 1019 5396 non
1054 5336 1289 5413 poSsent;
1324 5342 1566 5397 hortatur
1590 5357 1685 5397 eos
1707 5384 1720 5406 ,
1763 5344 1882 5412 quia
1913 5343 1958 5398 si

377 5412 687 5478 paeniteant,
716 5423 967 5482 poterunt
990 5412 1064 5467 ad
1083 5423 1276 5468 statum
1308 5428 1459 5468 suum
1490 5415 1769 5480 pristinum
1795 5415 1961 5468 refor-

377 5482 529 5536 mari.
561 5482 832 5539 Sententia
861 5485 1002 5538 enim
1046 5495 1169 5539 tunc
1196 5494 1372 5538 manet
1395 5526 1409 5547 ,
1445 5485 1488 5538 si
1516 5500 1620 5538 non
1647 5484 1960 5539 emendetur

375 5551 646 5626 delictum.
671 5556 906 5624 Denique
932 5556 1174 5610 Ninivitis
1207 5556 1544 5625 przedicatum
1566 5566 1665 5620 est,
1691 5557 1814 5626 quia
1841 5564 1961 5625 post

376 5623 606 5695 triduum
645 5623 975 5681 everteretur
1023 5623 1220 5682 civitas
1237 5641 1440 5682 eorum.
1477 5629 1651 5692 Quare
1699 5623 1817 5695 post
1843 5623 1960 5680 Vtri-

373 5694 538 5768 duum
564 5737 577 5760 ,
609 5698 709 5752 nisi
737 5708 794 5752 ut-
830 5707 919 5752 aut
960 5700 1312 5768 pteniterent,
1343 5709 1397 5754 et
1423 5694 1720 5768 auferretur
1744 5706 1960 5753 senten-

373 5765 479 5833 tia;
507 5777 599 5823 aut
639 5769 690 5824 in
718 5785 782 5824 eo
813 5765 1215 5839 permanentes,
1237 5769 1433 5842 justius
1459 5767 1806 5840 deperirent?
1849 5770 1961 5828 Hoc

437 5878 455 5915 ί
483 5889 565 5936 ιιι.
586 5884 817 5950 Colbert.,
839 5885 1089 5953 diarium.

1855 403 2216 464 APPENDIX.

3526 411 3669 476 8506

2081 526 2164 572 est
2187 517 2326 586 quod
2354 517 2486 573 dixit
2515 533 2609 588 per
2623 518 2957 599 prophetam,
2984 521 3122 599 Nolo
3145 533 3357 582 mortem
3382 529 3663 599 morientis,

2081 599 2274 642 tantum
2304 600 2358 642 ut
2382 601 2657 644 revertatur
2677 601 2722 645 et
2742 594 2891 646 vivat.
2919 593 2994 649 lta
3025 596 3217 650 factum
3245 611 3327 652 est
3353 610 3408 654 ut
3437 593 3663 657 moritu;

2081 660 2153 713 ris
2197 670 2530 742 peccatorum
2559 664 3040 742 causanNinivitis,
3085 667 3449 738 ignosceretur
3489 675 3663 742 pugni-

2083 729 2242 804 ientia
2290 733 2663 803 subsequente.
2715 734 2905 804 lltquid
2938 738 3079 792 enim
3102 729 3322 794 ccutum
3367 729 3521 796 annis
3563 746 3664 801 sub

2077 799 2191 883 hinc
2212 817 2388 886 arcam
2418 799 3232 886 inienimusiahricatarn_(_Gen._
3250 827 3305 873 ν,
3337 812 3427 878 5i;
3451 829 3521 866 vn
3539 855 3554 878 ,
3579 799 3661 886 6),

2080 872 2181 926 nisi
2210 880 2266 926 ut
2291 873 2529 949 videntes
2557 885 2611 930 et
2638 877 2914 933 audientes
2940 881 3063 949 quid
3078 872 3388 937 immineret
3408 872 3664 940 emenda;

2078 954 2199 1021 rent
2241 945 2349 1021 se?_
2379 944 2654 1021 Neminem
2697 949 2838 1021 enim
2871 944 3008 1005 Deus
3034 953 3144 1006 vult
3183 954 3374 1021 perire.
3414 955 3548 1009 Hinc
3586 964 3669 1011 est

2079 1013 2217 1068 unde
2246 1015 2295 1094 in
2318 1015 2602 1072 Salomone
2634 1018 2856 1094 legimus
2878 1061 2891 1083 ,
2924 1013 3206 1094 Quoniam,
3235 1024 3438 1094 inquit,
3465 1026 3666 1080 Altissi-

2078 1101 2189 1139 mus
2225 1086 2553 1166 m_i.s.ertus-est
2583 1086 3150 1166 pmnitentibuleccli.
3190 1086 3521 1166 xtt,'5).vEt
3564 1099 3666 1153 ite-

2077 1171 2226 1234 rum,
2255 1157 2310 1210 Μ
2315 1159 2509 1234 isereris
2534 1157 2788 1234 omnium,
2817 1163 2932 1231 quia
2959 1157 3127 1218 omnia
3158 1157 3317 1234 potes,
3357 1157 3402 1220 et
3429 1167 3668 1222 dissimu-

2078 1226 2162 1309 nlas‘
2204 1240 2405 1309 peccata
2436 1229 2694 1309 hominum
2736 1226 2940 1309 propter
2973 1226 3323 1309 paenitentiam
3363 1237 3530 1309 (Sap.
3566 1256 3622 1294 x1
3645 1281 3661 1307 ,

2076 1296 2190 1377 ξιλ.
2219 1300 2330 1353 Hoc
2369 1316 2528 1377 sensu
2561 1311 2629 1377 et;
2659 1296 2913 1377 Dominus
2955 1296 3148 1377 dolens
3181 1323 3340 1377 super
3368 1296 3663 1377 ‘per'lidiard

2075 1367 2377 1450 intimorum
2403 1413 2418 1438 ,
2459 1375 2568 1450 ait:
2600 1373 2918 1450 Jerusalem,
2942 1367 3262 1450 Jerusalem:
3287 1367 3401 1446 quat;
3422 1381 3663 1450 interﬁcis

2077 1437 2398 1519 PrOphetas2
2429 1452 2472 1494 et
2512 1443 2712 1512 lepidas
2743 1437 2920 1519 missoit
2948 1448 3128 1519 adite;
3161 1437 3353 1519 quoties
3383 1451 3517 1504 volui
3542 1437 3666 1506 bon-

2075 1527 2284 1598 gre'gare
2324 1511 2486 1598 ﬁlios.
2511 1511 2651 1598 tuos,
2700 1511 3150 1598 quemadn‘toduim
3161 1511 3356 1598 gallina
3397 1533 3664 1598 congregat

2078 1577 2241 1664 puﬂos
2267 1577 2382 1637 suos
2405 1583 2496 1638 sub
2519 1586 2623 1664 ριὶε
2647 1577 2772 1664 suis,
2802 1597 2847 1641 et
2869 1590 3073 1642 noluisti
3096 1577 3308 1664 (iii'atth.
3338 1608 3462 1646 xxut
3482 1577 3516 1658 ,ν
3532 1577 3658 1664 δῆῑ

2076 1651 2238 1732 igitur
2277 1670 2497 1732 semper
2517 1651 2769 1732 Dominus
2797 1673 2895 1727 per
2923 1651 3310 1731 totam‘Legem
3356 1651 3663 1732 peccatores

2074 1723 2141 1777 ad
2181 1739 2239 1778 se
2256 1726 2500 1802 converti
2528 1727 2767 1782 hortatur
2790 1723 2812 1796 ,’
2830 1733 3016 1785 nolens
3039 1747 3172 1800 opus
3191 1723 3658 1802 suum-perditioni

2075 1810 2194 1848 esse
2219 1793 2543 1862 obnoxium;
2571 1793 2937 1874 cum_nec_alia
2959 1793 3117 1857 causa
3141 1803 3277 1857 datae
3311 1793 3467 1874 Legis
3497 1815 3661 1874 esset,

2074 1881 2230 1934 quam
2269 1877 2323 1920 ut
2367 1884 2430 1922 ex
2470 1884 2652 1924 errore
2695 1871 2934 1926 homines
2961 1880 3342 1928 convertantur
3370 1871 3436 1928 a'd
3467 1871 3666 1932 verita;

2076 1943 2182 1991 tem
2216 1956 2228 1991 :
2260 1937 2328 1991 ita
2355 1948 2529 1993 tamen
2555 1982 2569 2002 ,
2603 1949 2659 1993 ut
2686 1941 2738 1994 in
2785 1941 2932 1997 Novo
2963 1943 3306 1999 Testamento
3335 1954 3520 2001 auctor
3562 1947 3660 2002 Le-

2073 2009 2154 2077 gis
2176 2007 2488 2086 clementior
2515 2011 2786 2086 videatur,
2812 2014 2933 2086 quia
2966 2023 3204 2086 tempore
3225 2031 3330 2086 quo
3359 2032 3665 2072 sacramen-

2078 2088 2200 2156 _tum_
2217 2079 2334 2133 Filii
2356 2082 2434 2156 sui
2473 2083 2675 2156 Domini
2709 2079 2876 2156 nostri
2907 2079 3515 2156 manifestare-dignatus
3543 2098 3623 2142 est
3643 2130 3660 2154 ,

2073 2148 2267 2229 largior
2291 2160 2344 2205 et
2382 2152 2596 2229 uberior
2626 2154 3062 2229 iirmisericordia
3089 2172 3209 2229 esse
3237 2148 3402 2212 voluit
3422 2200 3436 2223 ,
3459 2170 3516 2212 ut
3545 2148 3664 2229 plus

2075 2222 2259 2298 gratia:
2287 2222 2763 2298 prmdicanteiFilio
2788 2238 2948 2298 esset,
2979 2243 3138 2297 quam
3168 2227 3339 2298 fuerat
3365 2222 3661 2298 praedican-

2077 2290 2217 2368 tibus
2244 2293 2431 2368 ser_vis.
2466 2292 2574 2348 Nec
2608 2296 2877 2368 humerito
2909 2315 2920 2350 :
2951 2290 3027 2351 sic
3056 2301 3196 2351 enim
3223 2297 3319 2352 fuit
3347 2290 3561 2368 dignum
3606 2310 3663 2355 ut

2075 2361 2274 2440 majora
2311 2362 2448 2440 dona
2489 2378 2583 2440 per
2607 2365 2798 2419 Filium
2818 2407 2832 2430 ,
2865 2382 3021 2440 quam
3054 2384 3149 2440 per
3177 2361 3662 2440 famulos'largire-

2075 2439 2179 2484 tur.
2213 2431 2454 2502 Denique
2479 2431 2544 2487 ad
2574 2450 2632 2488 se
2665 2431 2938 2490 conversis
2983 2431 3324 2492 credentibus
3369 2431 3546 2495 omnia
3591 2442 3666 2496 si-

2073 2503 2182 2554 mul
2222 2516 2436 2571 peccata
2475 2505 2754 2569 concedit,
2786 2507 2929 2561 nulla
2975 2509 3357 2564 interveniente
3400 2511 3662 2567 lamenta-

2074 2573 2217 2654 tione
2263 2575 2606 2656 paenitentiae.
2644 2576 2791 2632 Unde
2819 2577 2943 2632 dicit
2979 2579 3172 2634 Paulus
3195 2581 3468 2703 agostolus
3491 2623 3505 2646 ,
3539 2583 3665 2638 Sine

2075 2653 2367 2703 paenitentia
2411 2648 2544 2700 enim
2587 2657 2704 2700 sunt
2733 2648 2867 2700 dona
2907 2658 2953 2701 et
2996 2652 3189 2703 vacatio
3265 2653 3310 2703 ei
3338 2656 3352 2703 l
3378 2650 3530 2703 Rom.
3573 2670 3660 2703 xu-

2072 2645 2367 2766 gwnitentia
2411 2648 2544 2700 enim
2587 2657 2704 2700 sunt
2733 2648 2867 2700 dona
2907 2658 2953 2701 et
2996 2652 3189 2704 vacatio
3216 2645 3310 2706 Dei
3338 2656 3354 2718 (
3378 2645 3530 2706 Rom.
3573 2670 3660 2719 xl,

2111 2714 2188 2766 9).
2218 2715 2345 2766 Post
2370 2727 2546 2766 autem
2574 2718 2616 2766 si
2649 2719 2982 2766 peccaverint
3004 2761 3018 2766 _
3051 2736 3146 2766 nar
3177 2723 3541 2766 nmnimntinm
3572 2741 3660 2766 nn.

2111 2714 2188 2784 9).
2218 2715 2345 2770 Post
2370 2727 2546 2792 autem
2574 2718 2618 2792 si
2649 2719 3020 2792 peccaverint,
3051 2736 3146 2789 per
3177 2714 3541 2790 patuiténtiam
3571 2714 3662 2792 po;

2075 2788 2470 2863 teruiitntereri
2501 2788 2709 2863 veniam
2734 2805 2749 2854 ;
2779 2798 2836 2843 ut
2867 2791 2986 2858 quia
3020 2788 3138 2860 pOSt
3163 2788 3434 2861 acceptam
3457 2788 3662 2863 gratui-

2075 2863 2181 2933 tam
2211 2857 2627 2933 misericordiam
2654 2857 3035 2933 peccaverunt,
3069 2879 3173 2916 non
3195 2857 3305 2932 jani
3335 2857 3530 2933 gratis,
3562 2865 3658 2922 sed

2073 2927 2460 3005 interveniente
2484 2927 2688 3005 gemitu
2711 2939 2766 2985 et
2797 2929 2935 3005 fletu
2959 2933 3163 3005 possint
3187 2927 3253 2989 ad
3279 2927 3662 3005 indulgentiam

2076 3000 2371 3075 pervenire.
2398 3001 2726 3075 lmpossibile
2745 3011 2827 3056 est
2855 3000 2996 3075 enim
3033 3003 3232 3058 homini
3249 3015 3306 3060 ut
3328 3000 3657 3075 non'peccet.

2073 3066 2225 3123 Unde
2249 3066 2776 3148 Joannesiapostolus
2799 3113 2812 3136 ,
2842 3072 2904 3148 Si
2933 3073 3206 3148 dixerimus
3229 3118 3244 3141 ,
3288 3066 3496 3146 inquit',
3526 3081 3662 3148 quia

2073 3151 2333 3214 peccatum
2354 3159 2453 3195 non
2475 3143 2710 3197 habemus
2731 3186 2744 3206 ,
2772 3161 2862 3198 nos
2886 3144 3023 3214 ipsos
3056 3147 3339 3202 seducimus
3361 3143 3378 3212 ξ
3408 3159 3454 3202 et
3478 3143 3662 3204 veritas

2070 3210 2125 3288 in
2151 3212 2292 3265 nobis
2314 3229 2413 3266 non
2438 3222 2528 3266 est.
2561 3214 2622 3288 Si
2642 3210 2938 3288 conﬁtemur
2961 3226 3165 3277 peccata
3186 3210 3393 3283 nostra,
3421 3220 3586 3288 ﬁdelis
3611 3230 3660 3276 et

2065 3280 2361 3355 justusest,
2390 3293 2443 3335 ut
2487 3285 2703 3338 remittat
2731 3280 2870 3339 nobis
2903 3297 3138 3355 peccata,
3168 3298 3214 3342 et
3244 3280 3445 3344 mundat
3482 3307 3573 3345 nos
3597 3292 3661 3346 ab

2073 3353 2209 3428 omni
2238 3353 2488 3428 injustitia
2515 3355 2557 3422 (Ι
2579 3355 2736 3428 Joan.
2765 3372 2814 3423 ι,
2853 3353 2930 3428 8).
2961 3356 3111 3428 Sicut
3153 3359 3316 3413 David
3343 3362 3535 3415 meruit
3562 3378 3658 3418 ve-

2072 3422 2213 3499 niam
2244 3422 2808 3499 et__rei‘ormatiouem,
2839 3422 2968 3499 cum,
2994 3427 3338 3485 confiteretur
3362 3441 3657 3499 peccatum.

2071 3491 2258 3569 Certe
2296 3494 2610 3569 Christianis
2666 3498 2898 3569 |_oquitur
2943 3498 3176 3554 Joannes
3224 3491 3517 3569 apostolus.
3571 3503 3663 3559 Ait

2073 3563 2214 3617 enim
2247 3564 2298 3618 in
2328 3565 2582 3636 subjectis
2605 3609 2620 3631 ,
2658 3563 2830 3623 Πιξοιὶ
2855 3570 2986 3634 mei,
3013 3571 3120 3625 Iitec
3138 3563 3300 3626 scribo
3320 3571 3458 3628 vobis
3479 3583 3532 3626 ut
3556 3590 3659 3630 non

2073 3635 2284 3714 peccetis
2313 3651 2331 3688 :
2359 3647 2405 3714 e_t
2429 3638 2472 3689 si
2491 3638 3240 3714 quispeccaverigadvocatum
3265 3642 3502 3714 habemus
3521 3646 3660 3714 apud

2073 3703 2284 3780 Patren:
2308 3747 2321 3770 ,
2361 3703 2538 3780 desum
2559 3703 2816 3762 Christum
2845 3710 2955 3779 (Id.
2986 3726 3057 3774 ιι,
3095 3713 3168 3776 1).
3193 3712 3302 3766 Hoc
3339 3713 3501 3780 dicit,
3533 3703 3662 3771 utsi

2075 3783 2195 3853 post
2223 3776 2552 3843 Baptismum
2583 3776 2977 3847 peccaveri'mus
2995 3822 3029 3853 ,ί
3044 3783 3359 3836 advocatum
3389 3776 3658 3853 supplices

2072 3846 2422 3918 deprecemur
2445 3891 2460 3914 ,
2493 3859 2551 3903 ut
2586 3846 2777 3904 exoret
2822 3864 2917 3918 pro
2947 3852 3100 3906 nobis
3143 3853 3374 3907 Patrem.
3415 3846 3474 3908 Si
3495 3846 3656 3910 'enim

2072 3917 2211 3995 apud
2253 3927 2465 3995 veteres
2493 3930 2707 3995 nostros
2736 3917 3045 3989 poenitentia
3079 3923 3262 3995 habuit
3289 3924 3461 3979 locum
3482 3965 3498 3990 ,
3521 3941 3658 3995 quo-

2075 3987 2243 4062 modo
2270 3989 2382 4043 fieri
2399 3998 2584 4062 potest
2612 4000 2667 4044 ut
2693 3987 2794 4046 hoc
2825 4000 3062 4060 tempore
3087 3994 3260 4048 locum
3291 4011 3394 4048 non
3427 3987 3650 4062 habéat,

2071 4059 2282 4137 quando
2307 4059 2477 4137 major
2514 4062 2795 4116 clementia
2821 4059 3207 4137 prtedicationis
3232 4066 3337 4137 est?
3362 4075 3416 4122 et
3437 4067 3526 4137 qui
3554 4059 3655 4122 ini-

2074 4130 2226 4203 micis
2266 4131 2517 4186 misertus
2539 4142 2622 4203 est
2646 4130 2883 4187 vocando
2910 4134 3028 4188 illos
3055 4135 3120 4188 ad
3160 4136 3380 4203 gratiam
3403 4178 3418 4202 ,
3453 4130 3655 4195 'amieis

2071 4198 2225 4254 factis
2247 4217 2352 4255 non
2379 4202 2713 4257 miserebitur
2733 4220 2853 4258 cum
2886 4205 3130 4259 mercede
3146 4198 3490 4262 {Tribulatio
3509 4211 3652 4265 enim

2071 4272 2247 4347 cordis
2268 4315 2281 4335 ,
2309 4283 2622 4347 niercesiest
2655 4275 2976 4347 ptenitentis.
3010 4276 3160 4347 Quod
3187 4278 3232 4331 si
3265 4288 3406 4333 esset
3436 4295 3616 4334 verum
3639 4323 3654 4347 ,

2073 4342 2316 4397 dolerent
2345 4345 2360 4374 ί
2391 4343 2632 4399 homines
2656 4342 2736 4399 ex
2767 4345 2993 4400 inimicis
3020 4346 3187 4400 factos
3213 4362 3272 4400 se
3299 4349 3518 4404 amicos.
3551 4342 3658 4407 Aut

2070 4415 2241 4489 qualis
2260 4414 2604 4489 testimandus
2630 4426 2743 4489 erat
2771 4416 2860 4471 ille
2884 4459 2898 4482 ,
2931 4417 2975 4470 si
3006 4417 3234 4472 inimicis
3259 4433 3365 4473 non
3393 4422 3656 4489 paeniten-

2072 4485 2214 4559 tibus
2241 4485 2657 4559 misericordiam
2687 4488 2870 4552 daret,
2898 4489 3082 4543 amicis
3108 4504 3234 4543 vero
3260 4498 3314 4543 et
3353 4485 3657 4559 paenitenti-

2069 4554 2169 4608 bus
2199 4573 2302 4608 non
2343 4557 2494 4611 daret
2519 4557 2541 4609 ?
2568 4557 2831 4612 Praeterea
2855 4574 2975 4612 cum
3003 4561 3135 4614 sciat
3174 4554 3427 4617 Dominus
3465 4561 3654 4618 diabo-

2070 4625 2177 4678 lum
2213 4626 2472 4698 adversus
2495 4627 2786 4698 amicosiet
2813 4643 2996 4683 servos
3041 4630 3132 4683 Dei
3163 4629 3281 4698 plus
3311 4646 3370 4686 se
3395 4633 3653 4690 extollere

2069 4697 2334 4771 etstevire
2361 4714 2374 4750 ε
2405 4696 2544 4771 unde
2561 4697 2688 4771 dicit
2708 4697 2898 4754 Petrus
2921 4696 3224 4771 Apostolus,
3264 4699 3477 4771 Vigilate
3502 4713 3551 4758 et
3569 4721 3648 4759 so-

2068 4764 2354 4843 briiestote,
2377 4769 2493 4843 quia
2521 4768 2838 4823 adversarius
2866 4764 3024 4824 vester
3043 4764 3272 4843 diabolus
3292 4764 3509 4843 fremens
3544 4776 3646 4829 sic-

2068 4847 2121 4889 ut
2165 4838 2241 4918 leo
2269 4839 2530 4904 circumit,
2566 4856 2964 4918 quati-ensguent
2995 4841 3263 4918 devoretll
3291 4838 3432 4897 Petr.
3457 4847 3602 4918 Δγηὸ)
3635 4864 3648 4900 :

2069 4909 2316 4979 quoniam
2337 4924 2464 4979 ergo
2490 4909 2638 4964 novit
2668 4909 2917 4966 Dominus
2945 4909 3306 4967 adversarium
3329 4929 3426 4969 nos
3453 4909 3653 4974 habere

2071 4977 2470 5035 horrendum'et
2506 4980 2736 5035 validum
2759 4997 2774 5047 ;
2797 4986 2838 5036 si
2867 4983 2988 5037 victi
3011 4984 3079 5038 ab
3106 4999 3173 5038 eo
3201 4983 3457 5042 fuerimus
3479 5026 3493 5050 ,
3541 4989 3654 5044 vult

2069 5064 2166 5104 nos
2199 5049 2265 5128 ad
2303 5051 2555 5128 auxilium
2580 5067 2734 5107 suum
2765 5053 3080 5128 confugere,
3110 5053 3300 5111 dolens
3323 5049 3488 5112 elisos
3511 5074 3645 5128 nos,

2070 5130 2151 5197 ut-
2176 5122 2382 5197 virt_ut_e_
2409 5126 2524 5197 ejus
2567 5125 2795 5197 reparati
2839 5122 3046 5197 fortiter
3082 5141 3454 5197 repugnemus.
3497 5122 3648 5186 Sicut

2069 5192 2211 5267 enim
2237 5193 2338 5267 nisi
2369 5193 2592 5267 breviati
2612 5192 2939 5267 fueriut_dies
2967 5195 3060 5262 illi,
3089 5192 3374 5267 quos'dicit
3395 5199 3654 5257 Dominus

2069 5260 2278 5343 (Matth.
2304 5280 2459 5343 _x)_t_tv,
2482 5265 2598 5335 22),
2629 5265 2778 5343 nulla
2803 5265 2894 5321 fiet
2913 5260 3054 5320 salva
3080 5260 3322 5343 caro;_ita
3344 5277 3399 5343 et
3417 5277 3461 5326 si
3484 5287 3648 5343 nege-

2071 5343 2155 5407 t_ur
2177 5333 2476 5407 hominibus
2507 5333 2844 5407 ptenitentia,
2874 5353 3032 5393 nemo
3075 5333 3267 5407 poterit
3303 5341 3481 5397 salvus
3510 5333 3648 5400 fieri.

2068 5404 2124 5459 Si
2152 5406 2292 5476 enim
2331 5404 2516 5473 nemo,
2544 5406 2748 5476 inquit,
2788 5404 3089 5476 gloriabitur
3110 5411 3352 5466 mundum
3391 5428 3447 5468 se
3470 5414 3653 5471 habere

2067 5492 2154 5551 cor
2179 5473 2357 5547 (Prov.
2378 5494 2446 5532 xx
2462 5518 2488 5551 _,
2510 5473 2674 5551 9);_et
2690 5473 2815 5533 alibi
2835 5520 2849 5542 ,
2883 5477 3068 5546 Nemo,
3094 5481 3169 5535 ait
3191 5522 3206 5544 ,
3237 5483 3346 5537 sine
3365 5484 3533 5551 sorde,
3559 5502 3653 5542 nec

2067 5547 2239 5619 infans
2261 5551 2406 5602 unius
2435 5547 2680 5622 diei'(.lob
2732 5565 2825 5605 xlv
2843 5590 2860 5618 ,
2887 5551 2948 5624 4)
2977 5569 2991 5606 :
3013 5552 3132 5622 quis
3157 5555 3352 5623 poterit
3379 5547 3611 5613 evadere
3628 5596 3646 5628 ,

2066 5704 2148 5817 ιυιῗ
2166 5701 3653 5840 ὲὲῗι.ἳ3ἑ⁵ὲὲε“ὸαέτέιῖῗι¹ξιωῗῗῗίρῑηνῧω⁶ωωῗεῖοὲτῗῗωίαῗ¹“ε¹ἲῖῑ

2065 5835 2201 5877 erant
2213 5824 2346 5897 {non
2377 5824 2716 5894 ignosceretur,
2745 5824 3079 5897 quad'dictum
3099 5839 3170 5886 est
3190 5824 3438 5889 Νόυαιὶωά
3453 5824 3512 5895 si

2066 5902 2248 5956 Ws
2263 5889 2495 5958 adeer
2523 5897 2619 5944 θη·
