  <div class='ocr_page' id='page_1' title='image "/cluster/home/n/w/nwhite01/storage/ocr_20150623/35/hvd.32044015706302/506.png"; bbox 0 0 4070 6468; ppageno 0'>
   <div class='ocr_carea' id='block_1_1' title="bbox 337 350 478 412">
    <p class='ocr_par' dir='ltr' id='par_1_1' title="bbox 337 350 478 412">
     <span class='ocr_line' id='line_1_1' title="bbox 337 350 478 412; baseline -0.035 0"><span class='ocrx_word' id='word_1_1' title='bbox 337 350 478 412; x_wconf 74' lang='grc'><strong>2315</strong></span> 
     </span>
    </p>
   </div>
   <div class='ocr_carea' id='block_1_2' title="bbox 341 463 1917 536">
    <p class='ocr_par' dir='ltr' id='par_1_2' title="bbox 341 463 1917 536">
     <span class='ocr_line' id='line_1_2' title="bbox 341 463 1917 536; baseline -0.003 -12"><span class='ocrx_word' id='word_1_2' title='bbox 341 486 481 532; x_wconf 88' lang='lat' dir='ltr'><strong>men,</strong></span> <span class='ocrx_word' id='word_1_3' title='bbox 518 478 661 522; x_wconf 90' lang='lat' dir='ltr'><strong>tuum</strong></span> <span class='ocrx_word' id='word_1_4' title='bbox 693 463 937 534; x_wconf 79' lang='lat' dir='ltr'><strong>posuisti;</strong></span> <span class='ocrx_word' id='word_1_5' title='bbox 970 465 1118 536; x_wconf 86' lang='lat' dir='ltr'><strong>quasi</strong></span> <span class='ocrx_word' id='word_1_6' title='bbox 1143 465 1228 521; x_wconf 89' lang='lat' dir='ltr'><strong>illc</strong></span> <span class='ocrx_word' id='word_1_7' title='bbox 1262 479 1364 520; x_wconf 89' lang='lat' dir='ltr'><strong>non</strong></span> <span class='ocrx_word' id='word_1_8' title='bbox 1388 463 1654 520; x_wconf 83' lang='lat' dir='ltr'><strong>sufﬁceret</strong></span> <span class='ocrx_word' id='word_1_9' title='bbox 1677 463 1740 518; x_wconf 82' lang='lat' dir='ltr'><strong>ad</strong></span> <span class='ocrx_word' id='word_1_10' title='bbox 1765 473 1917 520; x_wconf 87' lang='lat' dir='ltr'><strong>tuen-</strong></span> 
     </span>
    </p>
   </div>
   <div class='ocr_carea' id='block_1_3' title="bbox 341 539 980 594">
    <p class='ocr_par' dir='ltr' id='par_1_3' title="bbox 341 539 980 594">
     <span class='ocr_line' id='line_1_3' title="bbox 341 539 980 594; baseline -0.009 0"><span class='ocrx_word' id='word_1_11' title='bbox 341 543 460 594; x_wconf 88' lang='lat' dir='ltr'><strong>dam</strong></span> <span class='ocrx_word' id='word_1_12' title='bbox 493 539 783 593; x_wconf 72' lang='lat' dir='ltr'><strong>Ecclesium</strong></span> <span class='ocrx_word' id='word_1_13' title='bbox 811 553 980 590; x_wconf 90' lang='lat' dir='ltr'><strong>suam.</strong></span> 
     </span>
    </p>
   </div>
   <div class='ocr_carea' id='block_1_4' title="bbox 395 607 1923 683">
    <p class='ocr_par' dir='ltr' id='par_1_4' title="bbox 395 607 1923 683">
     <span class='ocr_line' id='line_1_4' title="bbox 395 607 1923 683; baseline -0.004 -17"><span class='ocrx_word' id='word_1_14' title='bbox 395 611 502 666; x_wconf 76' lang='lat' dir='ltr'><strong>CIII</strong></span> <span class='ocrx_word' id='word_1_15' title='bbox 545 612 645 683; x_wconf 64' lang='lat' dir='ltr'><strong>(et).</strong></span> <span class='ocrx_word' id='word_1_16' title='bbox 677 638 745 683; x_wconf 50' lang='grc' dir='ltr'><strong>-έ</strong></span> <span class='ocrx_word' id='word_1_17' title='bbox 781 607 1145 683; x_wconf 69' lang='lat' dir='ltr'><strong>Quomodo-in</strong></span> <span class='ocrx_word' id='word_1_18' title='bbox 1185 608 1418 683; x_wconf 83' lang='lat' dir='ltr'><strong>Levitico</strong></span> <span class='ocrx_word' id='word_1_19' title='bbox 1464 608 1714 683; x_wconf 79' lang='lat' dir='ltr'><strong>Dominus</strong></span> <span class='ocrx_word' id='word_1_20' title='bbox 1759 607 1923 683; x_wconf 59' lang='lat' dir='ltr'><strong>sacri:</strong></span> 
     </span>
    </p>
   </div>
   <div class='ocr_carea' id='block_1_5' title="bbox 343 678 1921 748">
    <p class='ocr_par' dir='ltr' id='par_1_5' title="bbox 343 678 1921 748">
     <span class='ocr_line' id='line_1_5' title="bbox 343 678 1921 748; baseline -0.003 -13"><span class='ocrx_word' id='word_1_21' title='bbox 343 682 459 736; x_wconf 86' lang='lat' dir='ltr'><strong>ﬁcia</strong></span> <span class='ocrx_word' id='word_1_22' title='bbox 485 691 534 734; x_wconf 78' lang='lat' dir='ltr'><strong>et</strong></span> <span class='ocrx_word' id='word_1_23' title='bbox 557 678 799 734; x_wconf 82' lang='lat' dir='ltr'><strong>libamina</strong></span> <span class='ocrx_word' id='word_1_24' title='bbox 825 678 1088 732; x_wconf 63' lang='lat' dir='ltr'><strong>offerenda</strong></span> <span class='ocrx_word' id='word_1_25' title='bbox 1109 682 1376 747; x_wconf 86' lang='lat' dir='ltr'><strong>pra-cepit,</strong></span> <span class='ocrx_word' id='word_1_26' title='bbox 1400 695 1517 748; x_wconf 54' lang='lat' dir='ltr'><strong>qua!</strong></span> <span class='ocrx_word' id='word_1_27' title='bbox 1539 679 1660 731; x_wconf 87' lang='lat' dir='ltr'><strong>alibi</strong></span> <span class='ocrx_word' id='word_1_28' title='bbox 1690 678 1921 746; x_wconf 82' lang='lat' dir='ltr'><strong>respuit?</strong></span> 
     </span>
    </p>
   </div>
   <div class='ocr_carea' id='block_1_6' title="bbox 338 749 1919 808">
    <p class='ocr_par' dir='ltr' id='par_1_6' title="bbox 338 749 1919 808">
     <span class='ocr_line' id='line_1_6' title="bbox 338 749 1919 808; baseline -0.003 -1"><span class='ocrx_word' id='word_1_29' title='bbox 338 769 455 807; x_wconf 93' lang='lat' dir='ltr'><strong>cum</strong></span> <span class='ocrx_word' id='word_1_30' title='bbox 478 760 681 808; x_wconf 83' lang='lat' dir='ltr'><strong>constet</strong></span> <span class='ocrx_word' id='word_1_31' title='bbox 710 753 758 803; x_wconf 91' lang='lat' dir='ltr'><strong>in</strong></span> <span class='ocrx_word' id='word_1_32' title='bbox 787 751 1016 803; x_wconf 80' lang='lat' dir='ltr'><strong>Levitico</strong></span> <span class='ocrx_word' id='word_1_33' title='bbox 1041 749 1105 803; x_wconf 89' lang='lat' dir='ltr'><strong>de</strong></span> <span class='ocrx_word' id='word_1_34' title='bbox 1127 749 1396 803; x_wconf 80' lang='lat' dir='ltr'><strong>sacrificiis</strong></span> <span class='ocrx_word' id='word_1_35' title='bbox 1423 749 1707 802; x_wconf 79' lang='lat' dir='ltr'><strong>afferendis</strong></span> <span class='ocrx_word' id='word_1_36' title='bbox 1740 749 1919 802; x_wconf 87' lang='lat' dir='ltr'><strong>Domi-</strong></span> 
     </span>
    </p>
   </div>
   <div class='ocr_carea' id='block_1_7' title="bbox 337 819 1920 880">
    <p class='ocr_par' dir='ltr' id='par_1_7' title="bbox 337 819 1920 880">
     <span class='ocr_line' id='line_1_7' title="bbox 337 819 1920 880; baseline -0.004 -2"><span class='ocrx_word' id='word_1_37' title='bbox 337 841 461 878; x_wconf 91' lang='lat' dir='ltr'><strong>num</strong></span> <span class='ocrx_word' id='word_1_38' title='bbox 487 823 762 876; x_wconf 74' lang='lat' dir='ltr'><strong>mandasse</strong></span> <span class='ocrx_word' id='word_1_39' title='bbox 778 821 1037 880; x_wconf 84' lang='lat' dir='ltr'><strong>Patribus,</strong></span> <span class='ocrx_word' id='word_1_40' title='bbox 1055 827 1112 874; x_wconf 91' lang='lat' dir='ltr'><strong>ut</strong></span> <span class='ocrx_word' id='word_1_41' title='bbox 1133 820 1384 874; x_wconf 82' lang='lat' dir='ltr'><strong>offerrent</strong></span> <span class='ocrx_word' id='word_1_42' title='bbox 1398 820 1643 873; x_wconf 84' lang='lat' dir='ltr'><strong>libamina</strong></span> <span class='ocrx_word' id='word_1_43' title='bbox 1661 819 1740 872; x_wconf 89' lang='lat' dir='ltr'><strong>vel</strong></span> <span class='ocrx_word' id='word_1_44' title='bbox 1758 820 1920 873; x_wconf 84' lang='lat' dir='ltr'><strong>sacri-</strong></span> 
     </span>
    </p>
   </div>
   <div class='ocr_carea' id='block_1_8' title="bbox 341 889 1918 959">
    <p class='ocr_par' dir='ltr' id='par_1_8' title="bbox 341 889 1918 959">
     <span class='ocr_line' id='line_1_8' title="bbox 341 889 1918 959; baseline -0.003 -12"><span class='ocrx_word' id='word_1_45' title='bbox 341 896 476 956; x_wconf 77' lang='lat' dir='ltr'><strong>ficia,</strong></span> <span class='ocrx_word' id='word_1_46' title='bbox 497 896 605 948; x_wconf 82' lang='lat' dir='ltr'><strong>sive</strong></span> <span class='ocrx_word' id='word_1_47' title='bbox 631 893 934 946; x_wconf 90' lang='lat' dir='ltr'><strong>holocausta</strong></span> <span class='ocrx_word' id='word_1_48' title='bbox 961 909 971 942; x_wconf 95' lang='lat'>:</span> <span class='ocrx_word' id='word_1_49' title='bbox 1005 891 1230 959; x_wconf 81' lang='lat' dir='ltr'><strong>denique</strong></span> <span class='ocrx_word' id='word_1_50' title='bbox 1261 892 1336 944; x_wconf 88' lang='lat' dir='ltr'><strong>sic</strong></span> <span class='ocrx_word' id='word_1_51' title='bbox 1355 891 1482 943; x_wconf 90' lang='lat' dir='ltr'><strong>dicit</strong></span> <span class='ocrx_word' id='word_1_52' title='bbox 1523 905 1613 956; x_wconf 78' lang='lat' dir='ltr'><strong>per</strong></span> <span class='ocrx_word' id='word_1_53' title='bbox 1633 889 1918 943; x_wconf 82' lang='lat' dir='ltr'><strong>Jeremiam</strong></span> 
     </span>
    </p>
   </div>
   <div class='ocr_carea' id='block_1_9' title="bbox 339 960 1921 1032">
    <p class='ocr_par' dir='ltr' id='par_1_9' title="bbox 339 960 1921 1032">
     <span class='ocr_line' id='line_1_9' title="bbox 339 960 1921 1032; baseline -0.003 -14"><span class='ocrx_word' id='word_1_54' title='bbox 339 969 670 1032; x_wconf 85' lang='lat' dir='ltr'><strong>prophetam,</strong></span> <span class='ocrx_word' id='word_1_55' title='bbox 695 962 817 1016; x_wconf 71' lang='lat' dir='ltr'><strong>Haec</strong></span> <span class='ocrx_word' id='word_1_56' title='bbox 839 963 958 1014; x_wconf 85' lang='lat' dir='ltr'><strong>dicit</strong></span> <span class='ocrx_word' id='word_1_57' title='bbox 984 962 1248 1025; x_wconf 83' lang='lat' dir='ltr'><strong>Dominus,</strong></span> <span class='ocrx_word' id='word_1_58' title='bbox 1277 960 1586 1032; x_wconf 79' lang='lat' dir='ltr'><strong>Hoiocausta</strong></span> <span class='ocrx_word' id='word_1_59' title='bbox 1607 970 1769 1014; x_wconf 85' lang='lat' dir='ltr'><strong>vestra</strong></span> <span class='ocrx_word' id='word_1_60' title='bbox 1799 977 1921 1014; x_wconf 85' lang='lat' dir='ltr'><strong>cou-</strong></span> 
     </span>
    </p>
   </div>
   <div class='ocr_carea' id='block_1_10' title="bbox 337 1031 1920 1105">
    <p class='ocr_par' dir='ltr' id='par_1_10' title="bbox 337 1031 1920 1105">
     <span class='ocr_line' id='line_1_10' title="bbox 337 1031 1920 1105; baseline -0.003 -19"><span class='ocrx_word' id='word_1_61' title='bbox 337 1031 536 1105; x_wconf 64' lang='lat' dir='ltr'><strong>grt&#39;qate</strong></span> <span class='ocrx_word' id='word_1_62' title='bbox 557 1052 667 1087; x_wconf 87' lang='lat' dir='ltr'><strong>cum</strong></span> <span class='ocrx_word' id='word_1_63' title='bbox 694 1034 954 1105; x_wconf 82' lang='lat' dir='ltr'><strong>sacriﬁciis</strong></span> <span class='ocrx_word' id='word_1_64' title='bbox 981 1033 1171 1096; x_wconf 82' lang='lat' dir='ltr'><strong>vestris,</strong></span> <span class='ocrx_word' id='word_1_65' title='bbox 1189 1044 1234 1085; x_wconf 86' lang='lat' dir='ltr'><strong>et</strong></span> <span class='ocrx_word' id='word_1_66' title='bbox 1257 1031 1554 1084; x_wconf 87' lang='lat' dir='ltr'><strong>mauducate</strong></span> <span class='ocrx_word' id='word_1_67' title='bbox 1575 1047 1781 1105; x_wconf 81' lang='lat' dir='ltr'><strong>carnes;</strong></span> <span class='ocrx_word' id='word_1_68' title='bbox 1801 1031 1920 1105; x_wconf 74' lang='lat' dir='ltr'><strong>quia</strong></span> 
     </span>
    </p>
   </div>
   <div class='ocr_carea' id='block_1_11' title="bbox 335 1102 1920 1172">
    <p class='ocr_par' dir='ltr' id='par_1_11' title="bbox 335 1102 1920 1172">
     <span class='ocr_line' id='line_1_11' title="bbox 335 1102 1920 1172; baseline -0.002 -14"><span class='ocrx_word' id='word_1_69' title='bbox 335 1102 434 1158; x_wconf 68' lang='lat' dir='ltr'><strong>iam</strong></span> <span class='ocrx_word' id='word_1_70' title='bbox 475 1124 586 1160; x_wconf 85' lang='lat' dir='ltr'><strong>sunt</strong></span> <span class='ocrx_word' id='word_1_71' title='bbox 618 1107 810 1158; x_wconf 85' lang='lat' dir='ltr'><strong>locutus</strong></span> <span class='ocrx_word' id='word_1_72' title='bbox 846 1104 912 1156; x_wconf 86' lang='lat' dir='ltr'><strong>ad</strong></span> <span class='ocrx_word' id='word_1_73' title='bbox 941 1113 1103 1172; x_wconf 77' lang='lat' dir='ltr'><strong>patres</strong></span> <span class='ocrx_word' id='word_1_74' title='bbox 1133 1114 1315 1156; x_wconf 81' lang='lat' dir='ltr'><strong>vestros</strong></span> <span class='ocrx_word' id='word_1_75' title='bbox 1339 1144 1352 1166; x_wconf 94' lang='lat'><strong>,</strong></span> <span class='ocrx_word' id='word_1_76' title='bbox 1393 1119 1550 1168; x_wconf 84' lang='lat' dir='ltr'><strong>neque</strong></span> <span class='ocrx_word' id='word_1_77' title='bbox 1589 1103 1821 1172; x_wconf 68' lang='lat' dir='ltr'><strong>mandari</strong></span> <span class='ocrx_word' id='word_1_78' title='bbox 1857 1102 1920 1155; x_wconf 85' lang='lat' dir='ltr'><strong>il-</strong></span> 
     </span>
    </p>
   </div>
   <div class='ocr_carea' id='block_1_12' title="bbox 334 1171 1915 1300">
    <p class='ocr_par' dir='ltr' id='par_1_12' title="bbox 334 1171 1915 1300">
     <span class='ocr_line' id='line_1_12' title="bbox 334 1171 1915 1300; baseline -0.003 -71"><span class='ocrx_word' id='word_1_79' title='bbox 334 1178 680 1300; x_wconf 50' lang='lat' dir='ltr'><strong>,elqith)die</strong></span> <span class='ocrx_word' id='word_1_80' title='bbox 719 1176 868 1229; x_wconf 78' lang='lat' dir='ltr'><strong>eduxi</strong></span> <span class='ocrx_word' id='word_1_81' title='bbox 905 1171 1018 1228; x_wconf 82' lang='lat' dir='ltr'><strong>illos</strong></span> <span class='ocrx_word' id='word_1_82' title='bbox 1043 1175 1104 1227; x_wconf 84' lang='lat' dir='ltr'><strong>de</strong></span> <span class='ocrx_word' id='word_1_83' title='bbox 1143 1183 1274 1226; x_wconf 84' lang='lat' dir='ltr'><strong>terra</strong></span> <span class='ocrx_word' id='word_1_84' title='bbox 1313 1171 1531 1243; x_wconf 57' lang='lat' dir='ltr'><strong>{Egypti</strong></span> <span class='ocrx_word' id='word_1_85' title='bbox 1564 1171 1777 1244; x_wconf 77' lang='lat' dir='ltr'><strong>(Jerem.</strong></span> <span class='ocrx_word' id='word_1_86' title='bbox 1813 1189 1915 1239; x_wconf 83' lang='lat' dir='ltr'><strong>vn,</strong></span> 
     </span>
    </p>
   </div>
   <div class='ocr_carea' id='block_1_13' title="bbox 332 1249 612 1314">
    <p class='ocr_par' dir='ltr' id='par_1_13' title="bbox 332 1249 612 1314">
     <span class='ocr_line' id='line_1_13' title="bbox 332 1249 612 1314; baseline -0.007 -14"><span class='ocrx_word' id='word_1_87' title='bbox 332 1249 391 1300; x_wconf 61' lang='grc' dir='ltr'>ει</span> <span class='ocrx_word' id='word_1_88' title='bbox 423 1262 466 1300; x_wconf 76' lang='grc' dir='ltr'>ει</span> <span class='ocrx_word' id='word_1_89' title='bbox 495 1249 612 1314; x_wconf 68' lang='lat'><strong>2:2).</strong></span> 
     </span>
    </p>
   </div>
   <div class='ocr_carea' id='block_1_14' title="bbox 407 1312 1912 1384">
    <p class='ocr_par' dir='ltr' id='par_1_14' title="bbox 407 1312 1912 1384">
     <span class='ocr_line' id='line_1_14' title="bbox 407 1312 1912 1384; baseline -0.005 -12"><span class='ocrx_word' id='word_1_90' title='bbox 407 1319 480 1372; x_wconf 88' lang='lat' dir='ltr'><strong>De</strong></span> <span class='ocrx_word' id='word_1_91' title='bbox 512 1312 833 1371; x_wconf 76' lang='lat' dir='ltr'><strong>holocaustis</strong></span> <span class='ocrx_word' id='word_1_92' title='bbox 862 1325 914 1369; x_wconf 91' lang='lat' dir='ltr'><strong>et</strong></span> <span class='ocrx_word' id='word_1_93' title='bbox 950 1314 1221 1368; x_wconf 88' lang='lat' dir='ltr'><strong>sacriﬁciis</strong></span> <span class='ocrx_word' id='word_1_94' title='bbox 1243 1357 1255 1374; x_wconf 90' lang='lat'><strong>.</strong></span> <span class='ocrx_word' id='word_1_95' title='bbox 1298 1315 1342 1368; x_wconf 92' lang='lat' dir='ltr'><strong>si</strong></span> <span class='ocrx_word' id='word_1_96' title='bbox 1385 1315 1596 1384; x_wconf 84' lang='lat' dir='ltr'><strong>penitus</strong></span> <span class='ocrx_word' id='word_1_97' title='bbox 1635 1312 1912 1375; x_wconf 88' lang='lat' dir='ltr'><strong>advertas,</strong></span> 
     </span>
    </p>
   </div>
   <div class='ocr_carea' id='block_1_15' title="bbox 332 1386 1914 1452">
    <p class='ocr_par' dir='ltr' id='par_1_15' title="bbox 332 1386 1914 1452">
     <span class='ocr_line' id='line_1_15' title="bbox 332 1386 1914 1452; baseline -0.002 -12"><span class='ocrx_word' id='word_1_98' title='bbox 332 1404 436 1442; x_wconf 93' lang='lat' dir='ltr'><strong>non</strong></span> <span class='ocrx_word' id='word_1_99' title='bbox 464 1398 547 1444; x_wconf 88' lang='lat' dir='ltr'><strong>est</strong></span> <span class='ocrx_word' id='word_1_100' title='bbox 574 1389 640 1442; x_wconf 89' lang='lat' dir='ltr'><strong>de</strong></span> <span class='ocrx_word' id='word_1_101' title='bbox 682 1389 779 1440; x_wconf 90' lang='lat' dir='ltr'><strong>hac</strong></span> <span class='ocrx_word' id='word_1_102' title='bbox 807 1403 863 1441; x_wconf 91' lang='lat' dir='ltr'><strong>re</strong></span> <span class='ocrx_word' id='word_1_103' title='bbox 893 1386 1064 1439; x_wconf 82' lang='lat' dir='ltr'><strong>facere</strong></span> <span class='ocrx_word' id='word_1_104' title='bbox 1091 1387 1436 1452; x_wconf 76' lang='lat' dir='ltr'><strong>qtuestionent</strong></span> <span class='ocrx_word' id='word_1_105' title='bbox 1463 1403 1474 1437; x_wconf 93' lang='lat'>:</span> <span class='ocrx_word' id='word_1_106' title='bbox 1501 1401 1601 1440; x_wconf 90' lang='lat' dir='ltr'><strong>nec</strong></span> <span class='ocrx_word' id='word_1_107' title='bbox 1636 1386 1914 1438; x_wconf 89' lang='lat' dir='ltr'><strong>tneutitum</strong></span> 
     </span>
    </p>
   </div>
   <div class='ocr_carea' id='block_1_16' title="bbox 335 1456 1917 1525">
    <p class='ocr_par' dir='ltr' id='par_1_16' title="bbox 335 1456 1917 1525">
     <span class='ocr_line' id='line_1_16' title="bbox 335 1456 1917 1525; baseline -0.003 -13"><span class='ocrx_word' id='word_1_108' title='bbox 335 1459 612 1512; x_wconf 89' lang='lat' dir='ltr'><strong>Dominum</strong></span> <span class='ocrx_word' id='word_1_109' title='bbox 634 1471 723 1513; x_wconf 90' lang='lat' dir='ltr'><strong>aut</strong></span> <span class='ocrx_word' id='word_1_110' title='bbox 748 1458 1079 1511; x_wconf 90' lang='lat' dir='ltr'><strong>immutatum</strong></span> <span class='ocrx_word' id='word_1_111' title='bbox 1108 1467 1278 1525; x_wconf 85' lang='lat' dir='ltr'><strong>putes,</strong></span> <span class='ocrx_word' id='word_1_112' title='bbox 1303 1466 1356 1509; x_wconf 86' lang='grc' dir='ltr'><strong>ιιι</strong></span> <span class='ocrx_word' id='word_1_113' title='bbox 1379 1456 1672 1515; x_wconf 88' lang='lat' dir='ltr'><strong>mandaret,</strong></span> <span class='ocrx_word' id='word_1_114' title='bbox 1696 1463 1751 1508; x_wconf 92' lang='lat' dir='ltr'><strong>et</strong></span> <span class='ocrx_word' id='word_1_115' title='bbox 1775 1464 1917 1523; x_wconf 90' lang='lat' dir='ltr'><strong>post-</strong></span> 
     </span>
    </p>
   </div>
   <div class='ocr_carea' id='block_1_17' title="bbox 329 1525 1916 1598">
    <p class='ocr_par' dir='ltr' id='par_1_17' title="bbox 329 1525 1916 1598">
     <span class='ocr_line' id='line_1_17' title="bbox 329 1525 1916 1598; baseline -0.005 -14"><span class='ocrx_word' id='word_1_116' title='bbox 329 1544 392 1584; x_wconf 89' lang='lat' dir='ltr'><strong>ea</strong></span> <span class='ocrx_word' id='word_1_117' title='bbox 435 1530 736 1598; x_wconf 88' lang='lat' dir='ltr'><strong>denegaret.</strong></span> <span class='ocrx_word' id='word_1_118' title='bbox 773 1529 844 1582; x_wconf 89' lang='lat' dir='ltr'><strong>De</strong></span> <span class='ocrx_word' id='word_1_119' title='bbox 875 1527 1172 1598; x_wconf 74' lang='lat' dir='ltr'><strong>hujusn&#39;todi</strong></span> <span class='ocrx_word' id='word_1_120' title='bbox 1212 1528 1352 1580; x_wconf 91' lang='lat' dir='ltr'><strong>enim</strong></span> <span class='ocrx_word' id='word_1_121' title='bbox 1384 1527 1670 1598; x_wconf 79' lang='lat' dir='ltr'><strong>sacrificiis</strong></span> <span class='ocrx_word' id='word_1_122' title='bbox 1688 1533 1742 1578; x_wconf 91' lang='lat' dir='ltr'><strong>et</strong></span> <span class='ocrx_word' id='word_1_123' title='bbox 1784 1525 1916 1598; x_wconf 82' lang='lat' dir='ltr'><strong>liba-</strong></span> 
     </span>
    </p>
   </div>
   <div class='ocr_carea' id='block_1_18' title="bbox 329 1594 1914 1658">
    <p class='ocr_par' dir='ltr' id='par_1_18' title="bbox 329 1594 1914 1658">
     <span class='ocr_line' id='line_1_18' title="bbox 329 1594 1914 1658; baseline -0.002 -6"><span class='ocrx_word' id='word_1_124' title='bbox 329 1601 562 1654; x_wconf 86' lang='lat' dir='ltr'><strong>minibus</strong></span> <span class='ocrx_word' id='word_1_125' title='bbox 576 1594 680 1652; x_wconf 57' lang='lat' dir='ltr'><strong>&#39;seu</strong></span> <span class='ocrx_word' id='word_1_126' title='bbox 721 1594 1038 1652; x_wconf 58' lang='lat' dir='ltr'><strong>holocauStis</strong></span> <span class='ocrx_word' id='word_1_127' title='bbox 1071 1597 1199 1650; x_wconf 81' lang='lat' dir='ltr'><strong>nihil</strong></span> <span class='ocrx_word' id='word_1_128' title='bbox 1227 1598 1489 1650; x_wconf 89' lang='lat' dir='ltr'><strong>invenitur</strong></span> <span class='ocrx_word' id='word_1_129' title='bbox 1518 1596 1817 1658; x_wconf 79' lang='lat' dir='ltr'><strong>mandasse,</strong></span> <span class='ocrx_word' id='word_1_130' title='bbox 1845 1594 1914 1650; x_wconf 88' lang='lat' dir='ltr'><strong>de</strong></span> 
     </span>
    </p>
   </div>
   <div class='ocr_carea' id='block_1_19' title="bbox 329 1667 1912 1739">
    <p class='ocr_par' dir='ltr' id='par_1_19' title="bbox 329 1667 1912 1739">
     <span class='ocr_line' id='line_1_19' title="bbox 329 1667 1912 1739; baseline -0.001 -17"><span class='ocrx_word' id='word_1_131' title='bbox 329 1671 518 1739; x_wconf 85' lang='lat' dir='ltr'><strong>quibus</strong></span> <span class='ocrx_word' id='word_1_132' title='bbox 545 1686 684 1724; x_wconf 90' lang='lat' dir='ltr'><strong>nunc</strong></span> <span class='ocrx_word' id='word_1_133' title='bbox 712 1685 769 1724; x_wconf 90' lang='lat' dir='ltr'><strong>se</strong></span> <span class='ocrx_word' id='word_1_134' title='bbox 795 1670 1024 1722; x_wconf 89' lang='lat' dir='ltr'><strong>locutum</strong></span> <span class='ocrx_word' id='word_1_135' title='bbox 1070 1677 1306 1721; x_wconf 90' lang='lat' dir='ltr'><strong>testatur.</strong></span> <span class='ocrx_word' id='word_1_136' title='bbox 1335 1669 1454 1739; x_wconf 88' lang='lat' dir='ltr'><strong>Duo</strong></span> <span class='ocrx_word' id='word_1_137' title='bbox 1482 1667 1678 1739; x_wconf 89' lang='lat' dir='ltr'><strong>etenim</strong></span> <span class='ocrx_word' id='word_1_138' title='bbox 1719 1681 1912 1734; x_wconf 89' lang='lat' dir='ltr'><strong>genera</strong></span> 
     </span>
    </p>
   </div>
   <div class='ocr_carea' id='block_1_20' title="bbox 327 1738 1910 1806">
    <p class='ocr_par' dir='ltr' id='par_1_20' title="bbox 327 1738 1910 1806">
     <span class='ocr_line' id='line_1_20' title="bbox 327 1738 1910 1806; baseline -0.003 -13"><span class='ocrx_word' id='word_1_139' title='bbox 327 1738 707 1795; x_wconf 85' lang='lat' dir='ltr'><strong>sacriﬁciorum</strong></span> <span class='ocrx_word' id='word_1_140' title='bbox 734 1740 982 1794; x_wconf 80' lang='lat' dir='ltr'><strong>adverte:</strong></span> <span class='ocrx_word' id='word_1_141' title='bbox 1013 1754 1174 1792; x_wconf 88' lang='lat' dir='ltr'><strong>unum</strong></span> <span class='ocrx_word' id='word_1_142' title='bbox 1209 1738 1346 1806; x_wconf 88' lang='lat' dir='ltr'><strong>qttod</strong></span> <span class='ocrx_word' id='word_1_143' title='bbox 1377 1754 1466 1805; x_wconf 90' lang='lat' dir='ltr'><strong>per</strong></span> <span class='ocrx_word' id='word_1_144' title='bbox 1489 1738 1689 1806; x_wconf 90' lang='lat' dir='ltr'><strong>singula</strong></span> <span class='ocrx_word' id='word_1_145' title='bbox 1717 1751 1910 1804; x_wconf 85' lang='lat' dir='ltr'><strong>genera</strong></span> 
     </span>
    </p>
   </div>
   <div class='ocr_carea' id='block_1_21' title="bbox 325 1807 1910 1877">
    <p class='ocr_par' dir='ltr' id='par_1_21' title="bbox 325 1807 1910 1877">
     <span class='ocr_line' id='line_1_21' title="bbox 325 1807 1910 1877; baseline -0.004 -13"><span class='ocrx_word' id='word_1_146' title='bbox 325 1811 506 1864; x_wconf 75' lang='lat' dir='ltr'><strong>olferri</strong></span> <span class='ocrx_word' id='word_1_147' title='bbox 535 1812 835 1864; x_wconf 84' lang='lat' dir='ltr'><strong>mandatum</strong></span> <span class='ocrx_word' id='word_1_148' title='bbox 863 1821 963 1875; x_wconf 91' lang='lat' dir='ltr'><strong>est,</strong></span> <span class='ocrx_word' id='word_1_149' title='bbox 996 1820 1048 1862; x_wconf 93' lang='lat' dir='ltr'><strong>et</strong></span> <span class='ocrx_word' id='word_1_150' title='bbox 1085 1809 1226 1862; x_wconf 85' lang='lat' dir='ltr'><strong>aliud</strong></span> <span class='ocrx_word' id='word_1_151' title='bbox 1265 1810 1402 1877; x_wconf 89' lang='lat' dir='ltr'><strong>quod</strong></span> <span class='ocrx_word' id='word_1_152' title='bbox 1453 1809 1802 1862; x_wconf 88' lang='lat' dir='ltr'><strong>voluntarium</strong></span> <span class='ocrx_word' id='word_1_153' title='bbox 1831 1807 1910 1859; x_wconf 91' lang='lat' dir='ltr'><strong>di-</strong></span> 
     </span>
    </p>
   </div>
   <div class='ocr_carea' id='block_1_22' title="bbox 325 1877 1910 1949">
    <p class='ocr_par' dir='ltr' id='par_1_22' title="bbox 325 1877 1910 1949">
     <span class='ocr_line' id='line_1_22' title="bbox 325 1877 1910 1949; baseline -0.001 -15"><span class='ocrx_word' id='word_1_154' title='bbox 325 1892 468 1936; x_wconf 86' lang='lat' dir='ltr'><strong>ctum</strong></span> <span class='ocrx_word' id='word_1_155' title='bbox 487 1894 583 1936; x_wconf 59' lang='lat' dir='ltr'><strong>est.</strong></span> <span class='ocrx_word' id='word_1_156' title='bbox 606 1881 735 1935; x_wconf 91' lang='lat' dir='ltr'><strong>Illud</strong></span> <span class='ocrx_word' id='word_1_157' title='bbox 762 1897 888 1949; x_wconf 77' lang='lat' dir='ltr'><strong>ergo</strong></span> <span class='ocrx_word' id='word_1_158' title='bbox 911 1879 1048 1948; x_wconf 91' lang='lat' dir='ltr'><strong>quod</strong></span> <span class='ocrx_word' id='word_1_159' title='bbox 1073 1896 1164 1947; x_wconf 89' lang='lat' dir='ltr'><strong>per</strong></span> <span class='ocrx_word' id='word_1_160' title='bbox 1191 1880 1400 1935; x_wconf 86' lang='lat' dir='ltr'><strong>diversa</strong></span> <span class='ocrx_word' id='word_1_161' title='bbox 1429 1895 1643 1948; x_wconf 85' lang='lat' dir='ltr'><strong>genera,</strong></span> <span class='ocrx_word' id='word_1_162' title='bbox 1675 1877 1786 1932; x_wconf 86' lang='lat' dir='ltr'><strong>sive</strong></span> <span class='ocrx_word' id='word_1_163' title='bbox 1815 1893 1910 1946; x_wconf 89' lang='lat' dir='ltr'><strong>pro</strong></span> 
     </span>
    </p>
   </div>
   <div class='ocr_carea' id='block_1_23' title="bbox 325 1950 1904 2022">
    <p class='ocr_par' dir='ltr' id='par_1_23' title="bbox 325 1950 1904 2022">
     <span class='ocr_line' id='line_1_23' title="bbox 325 1950 1904 2022; baseline -0.001 -18"><span class='ocrx_word' id='word_1_164' title='bbox 325 1953 576 2022; x_wconf 74' lang='lat' dir='ltr'><strong>peccatis,</strong></span> <span class='ocrx_word' id='word_1_165' title='bbox 601 1953 712 2006; x_wconf 88' lang='lat' dir='ltr'><strong>sive</strong></span> <span class='ocrx_word' id='word_1_166' title='bbox 735 1968 827 2019; x_wconf 88' lang='lat' dir='ltr'><strong>pro</strong></span> <span class='ocrx_word' id='word_1_167' title='bbox 857 1951 1218 2020; x_wconf 81' lang='lat' dir='ltr'><strong>printogcnitis</strong></span> <span class='ocrx_word' id='word_1_168' title='bbox 1247 1950 1423 2022; x_wconf 82' lang='lat' dir='ltr'><strong>offerri</strong></span> <span class='ocrx_word' id='word_1_169' title='bbox 1455 1957 1773 2016; x_wconf 71' lang='lat' dir='ltr'><strong>praeceptum</strong></span> <span class='ocrx_word' id='word_1_170' title='bbox 1803 1957 1904 2022; x_wconf 76' lang='lat' dir='ltr'><strong>est,</strong></span> 
     </span>
    </p>
   </div>
   <div class='ocr_carea' id='block_1_24' title="bbox 323 2019 1908 2091">
    <p class='ocr_par' dir='ltr' id='par_1_24' title="bbox 323 2019 1908 2091">
     <span class='ocr_line' id='line_1_24' title="bbox 323 2019 1908 2091; baseline -0.001 -17"><span class='ocrx_word' id='word_1_171' title='bbox 323 2019 449 2090; x_wconf 82' lang='lat' dir='ltr'><strong>quid</strong></span> <span class='ocrx_word' id='word_1_172' title='bbox 488 2032 540 2078; x_wconf 84' lang='lat' dir='ltr'><strong>et</strong></span> <span class='ocrx_word' id='word_1_173' title='bbox 566 2025 721 2091; x_wconf 93' lang='lat' dir='ltr'><strong>quale</strong></span> <span class='ocrx_word' id='word_1_174' title='bbox 754 2031 807 2074; x_wconf 85' lang='lat' dir='ltr'><strong>et</strong></span> <span class='ocrx_word' id='word_1_175' title='bbox 833 2019 1098 2090; x_wconf 88' lang='lat' dir='ltr'><strong>quomodo</strong></span> <span class='ocrx_word' id='word_1_176' title='bbox 1139 2021 1465 2074; x_wconf 82' lang='lat' dir='ltr'><strong>oll&#39;erendum</strong></span> <span class='ocrx_word' id='word_1_177' title='bbox 1495 2029 1658 2084; x_wconf 87' lang='lat' dir='ltr'><strong>esset,</strong></span> <span class='ocrx_word' id='word_1_178' title='bbox 1692 2019 1908 2073; x_wconf 83' lang='lat' dir='ltr'><strong>manda-</strong></span> 
     </span>
    </p>
   </div>
   <div class='ocr_carea' id='block_1_25' title="bbox 324 2091 1908 2158">
    <p class='ocr_par' dir='ltr' id='par_1_25' title="bbox 324 2091 1908 2158">
     <span class='ocr_line' id='line_1_25' title="bbox 324 2091 1908 2158; baseline -0.002 -11"><span class='ocrx_word' id='word_1_179' title='bbox 324 2102 436 2147; x_wconf 90' lang='lat' dir='ltr'><strong>tum</strong></span> <span class='ocrx_word' id='word_1_180' title='bbox 478 2104 577 2148; x_wconf 89' lang='lat' dir='ltr'><strong>est.</strong></span> <span class='ocrx_word' id='word_1_181' title='bbox 619 2093 942 2148; x_wconf 85' lang='lat' dir='ltr'><strong>Sacriﬁcium</strong></span> <span class='ocrx_word' id='word_1_182' title='bbox 978 2103 1152 2146; x_wconf 90' lang='lat' dir='ltr'><strong>autem</strong></span> <span class='ocrx_word' id='word_1_183' title='bbox 1192 2091 1545 2146; x_wconf 91' lang='lat' dir='ltr'><strong>voluntarium</strong></span> <span class='ocrx_word' id='word_1_184' title='bbox 1593 2107 1696 2144; x_wconf 92' lang='lat' dir='ltr'><strong>non</strong></span> <span class='ocrx_word' id='word_1_185' title='bbox 1729 2092 1908 2158; x_wconf 88' lang='lat' dir='ltr'><strong>utique</strong></span> 
     </span>
    </p>
   </div>
   <div class='ocr_carea' id='block_1_26' title="bbox 325 2160 1905 2230">
    <p class='ocr_par' dir='ltr' id='par_1_26' title="bbox 325 2160 1905 2230">
     <span class='ocr_line' id='line_1_26' title="bbox 325 2160 1905 2230; baseline -0.001 -14"><span class='ocrx_word' id='word_1_186' title='bbox 325 2165 628 2217; x_wconf 84' lang='lat' dir='ltr'><strong>mandatum</strong></span> <span class='ocrx_word' id='word_1_187' title='bbox 659 2174 758 2220; x_wconf 89' lang='lat' dir='ltr'><strong>est.</strong></span> <span class='ocrx_word' id='word_1_188' title='bbox 792 2164 910 2230; x_wconf 86' lang='lat' dir='ltr'><strong>quia</strong></span> <span class='ocrx_word' id='word_1_189' title='bbox 944 2163 1164 2215; x_wconf 90' lang='lat' dir='ltr'><strong>arbitrio</strong></span> <span class='ocrx_word' id='word_1_190' title='bbox 1195 2163 1473 2215; x_wconf 76' lang='lat' dir='ltr'><strong>remissum</strong></span> <span class='ocrx_word' id='word_1_191' title='bbox 1512 2169 1612 2226; x_wconf 88' lang='lat' dir='ltr'><strong>est,</strong></span> <span class='ocrx_word' id='word_1_192' title='bbox 1649 2171 1704 2214; x_wconf 93' lang='lat' dir='ltr'><strong>ut</strong></span> <span class='ocrx_word' id='word_1_193' title='bbox 1733 2160 1778 2213; x_wconf 91' lang='lat' dir='ltr'><strong>si</strong></span> <span class='ocrx_word' id='word_1_194' title='bbox 1808 2161 1905 2214; x_wconf 87' lang='lat' dir='ltr'><strong>ali-</strong></span> 
     </span>
    </p>
   </div>
   <div class='ocr_carea' id='block_1_27' title="bbox 321 2231 1902 2304">
    <p class='ocr_par' dir='ltr' id='par_1_27' title="bbox 321 2231 1902 2304">
     <span class='ocr_line' id='line_1_27' title="bbox 321 2231 1902 2304; baseline -0.003 -18"><span class='ocrx_word' id='word_1_195' title='bbox 321 2237 442 2304; x_wconf 87' lang='lat' dir='ltr'><strong>quis</strong></span> <span class='ocrx_word' id='word_1_196' title='bbox 465 2235 712 2288; x_wconf 84' lang='lat' dir='ltr'><strong>voluisset</strong></span> <span class='ocrx_word' id='word_1_197' title='bbox 735 2234 944 2296; x_wconf 80' lang='lat' dir='ltr'><strong>offerre,</strong></span> <span class='ocrx_word' id='word_1_198' title='bbox 971 2233 1109 2300; x_wconf 88' lang='lat' dir='ltr'><strong>quod</strong></span> <span class='ocrx_word' id='word_1_199' title='bbox 1138 2233 1207 2285; x_wconf 90' lang='lat' dir='ltr'><strong>illi</strong></span> <span class='ocrx_word' id='word_1_200' title='bbox 1234 2233 1406 2304; x_wconf 86' lang='lat' dir='ltr'><strong>visum</strong></span> <span class='ocrx_word' id='word_1_201' title='bbox 1420 2233 1629 2304; x_wconf 68' lang='lat' dir='ltr'><strong>fuisset,</strong></span> <span class='ocrx_word' id='word_1_202' title='bbox 1653 2231 1902 2304; x_wconf 70' lang='lat' dir='ltr'><strong>offerret:</strong></span> 
     </span>
    </p>
   </div>
   <div class='ocr_carea' id='block_1_28' title="bbox 323 2302 1906 2369">
    <p class='ocr_par' dir='ltr' id='par_1_28' title="bbox 323 2302 1906 2369">
     <span class='ocr_line' id='line_1_28' title="bbox 323 2302 1906 2369; baseline -0.001 -13"><span class='ocrx_word' id='word_1_203' title='bbox 323 2302 648 2358; x_wconf 71' lang='lat' dir='ltr'><strong>voluntaria‘</strong></span> <span class='ocrx_word' id='word_1_204' title='bbox 676 2307 816 2358; x_wconf 90' lang='lat' dir='ltr'><strong>enim</strong></span> <span class='ocrx_word' id='word_1_205' title='bbox 862 2315 1014 2357; x_wconf 89' lang='lat' dir='ltr'><strong>erant</strong></span> <span class='ocrx_word' id='word_1_206' title='bbox 1043 2304 1155 2356; x_wconf 41' lang='lat' dir='ltr'><strong>huic</strong></span> <span class='ocrx_word' id='word_1_207' title='bbox 1189 2302 1462 2356; x_wconf 82' lang='lat' dir='ltr'><strong>sacrificia.</strong></span> <span class='ocrx_word' id='word_1_208' title='bbox 1503 2302 1568 2354; x_wconf 86' lang='lat' dir='ltr'><strong>Et</strong></span> <span class='ocrx_word' id='word_1_209' title='bbox 1593 2302 1710 2369; x_wconf 88' lang='lat' dir='ltr'><strong>quia</strong></span> <span class='ocrx_word' id='word_1_210' title='bbox 1743 2302 1906 2369; x_wconf 87' lang='lat' dir='ltr'><strong>negli-</strong></span> 
     </span>
    </p>
   </div>
   <div class='ocr_carea' id='block_1_29' title="bbox 320 2371 1906 2444">
    <p class='ocr_par' dir='ltr' id='par_1_29' title="bbox 320 2371 1906 2444">
     <span class='ocr_line' id='line_1_29' title="bbox 320 2371 1906 2444; baseline -0.003 -15"><span class='ocrx_word' id='word_1_211' title='bbox 320 2385 508 2444; x_wconf 86' lang='lat' dir='ltr'><strong>genter</strong></span> <span class='ocrx_word' id='word_1_212' title='bbox 550 2390 602 2429; x_wconf 86' lang='lat' dir='ltr'><strong>et</strong></span> <span class='ocrx_word' id='word_1_213' title='bbox 643 2375 931 2444; x_wconf 84' lang='lat' dir='ltr'><strong>improvide</strong></span> <span class='ocrx_word' id='word_1_214' title='bbox 966 2375 1076 2426; x_wconf 71' lang='lat' dir='ltr'><strong>haec</strong></span> <span class='ocrx_word' id='word_1_215' title='bbox 1107 2373 1430 2433; x_wconf 73' lang='lat' dir='ltr'><strong>oll&#39;m&#39;ebaut,</strong></span> <span class='ocrx_word' id='word_1_216' title='bbox 1459 2371 1906 2444; x_wconf 15' lang='lat' dir='ltr'><strong>nonideliheran-</strong></span> 
     </span>
    </p>
   </div>
   <div class='ocr_carea' id='block_1_30' title="bbox 322 2441 1904 2515">
    <p class='ocr_par' dir='ltr' id='par_1_30' title="bbox 322 2441 1904 2515">
     <span class='ocr_line' id='line_1_30' title="bbox 322 2441 1904 2515; baseline -0.003 -17"><span class='ocrx_word' id='word_1_217' title='bbox 322 2441 424 2511; x_wconf 74' lang='lat' dir='ltr'><strong>tes,</strong></span> <span class='ocrx_word' id='word_1_218' title='bbox 452 2448 568 2515; x_wconf 85' lang='lat' dir='ltr'><strong>quia</strong></span> <span class='ocrx_word' id='word_1_219' title='bbox 605 2447 692 2513; x_wconf 85' lang='lat' dir='ltr'><strong>qui</strong></span> <span class='ocrx_word' id='word_1_220' title='bbox 719 2441 942 2500; x_wconf 45' lang='lat' dir='ltr'><strong>&#39;ol&#39;l&#39;et‘ret</strong></span> <span class='ocrx_word' id='word_1_221' title='bbox 971 2445 1271 2513; x_wconf 78' lang='lat' dir='ltr'><strong>potentiori,</strong></span> <span class='ocrx_word' id='word_1_222' title='bbox 1305 2458 1523 2515; x_wconf 87' lang='lat' dir='ltr'><strong>munera</strong></span> <span class='ocrx_word' id='word_1_223' title='bbox 1547 2443 1713 2515; x_wconf 81' lang='lat' dir='ltr'><strong>electa</strong></span> <span class='ocrx_word' id='word_1_224' title='bbox 1741 2441 1904 2515; x_wconf 72' lang='lat' dir='ltr'><strong>oifer-</strong></span> 
     </span>
    </p>
   </div>
   <div class='ocr_carea' id='block_1_31' title="bbox 321 2512 1898 2578">
    <p class='ocr_par' dir='ltr' id='par_1_31' title="bbox 321 2512 1898 2578">
     <span class='ocr_line' id='line_1_31' title="bbox 321 2512 1898 2578; baseline -0.001 -10"><span class='ocrx_word' id='word_1_225' title='bbox 321 2526 434 2578; x_wconf 89' lang='lat' dir='ltr'><strong>ret;</strong></span> <span class='ocrx_word' id='word_1_226' title='bbox 471 2512 675 2570; x_wconf 85' lang='lat' dir='ltr'><strong>idcireo</strong></span> <span class='ocrx_word' id='word_1_227' title='bbox 715 2516 904 2570; x_wconf 87' lang='lat' dir='ltr'><strong>dicitur</strong></span> <span class='ocrx_word' id='word_1_228' title='bbox 933 2512 1030 2577; x_wconf 91' lang='lat' dir='ltr'><strong>eis,</strong></span> <span class='ocrx_word' id='word_1_229' title='bbox 1073 2515 1185 2568; x_wconf 87' lang='lat' dir='ltr'><strong>Non</strong></span> <span class='ocrx_word' id='word_1_230' title='bbox 1229 2514 1469 2568; x_wconf 89' lang='lat' dir='ltr'><strong>mandavi</strong></span> <span class='ocrx_word' id='word_1_231' title='bbox 1503 2513 1650 2565; x_wconf 82' lang='lat' dir='ltr'><strong>vobis</strong></span> <span class='ocrx_word' id='word_1_232' title='bbox 1678 2513 1744 2566; x_wconf 88' lang='lat' dir='ltr'><strong>de</strong></span> <span class='ocrx_word' id='word_1_233' title='bbox 1775 2512 1855 2565; x_wconf 92' lang='lat' dir='ltr'><strong>his</strong></span> <span class='ocrx_word' id='word_1_234' title='bbox 1885 2531 1898 2566; x_wconf 93' lang='lat'><strong>:</strong></span> 
     </span>
    </p>
   </div>
   <div class='ocr_carea' id='block_1_32' title="bbox 319 2584 1901 2654">
    <p class='ocr_par' dir='ltr' id='par_1_32' title="bbox 319 2584 1901 2654">
     <span class='ocr_line' id='line_1_32' title="bbox 319 2584 1901 2654; baseline -0.003 -14"><span class='ocrx_word' id='word_1_235' title='bbox 319 2589 412 2640; x_wconf 81' lang='lat' dir='ltr'><strong>Sed</strong></span> <span class='ocrx_word' id='word_1_236' title='bbox 435 2592 477 2640; x_wconf 89' lang='lat' dir='ltr'><strong>si</strong></span> <span class='ocrx_word' id='word_1_237' title='bbox 501 2588 676 2650; x_wconf 86' lang='lat' dir='ltr'><strong>vultis,</strong></span> <span class='ocrx_word' id='word_1_238' title='bbox 697 2586 898 2640; x_wconf 88' lang='lat' dir='ltr'><strong>debetis</strong></span> <span class='ocrx_word' id='word_1_239' title='bbox 919 2603 1036 2654; x_wconf 80' lang='lat' dir='ltr'><strong>qua:</strong></span> <span class='ocrx_word' id='word_1_240' title='bbox 1053 2587 1205 2653; x_wconf 82' lang='lat' dir='ltr'><strong>digna</strong></span> <span class='ocrx_word' id='word_1_241' title='bbox 1229 2597 1350 2638; x_wconf 89' lang='lat' dir='ltr'><strong>sunt</strong></span> <span class='ocrx_word' id='word_1_242' title='bbox 1370 2584 1578 2638; x_wconf 77' lang='lat' dir='ltr'><strong>offerre.</strong></span> <span class='ocrx_word' id='word_1_243' title='bbox 1600 2584 1686 2637; x_wconf 88' lang='lat' dir='ltr'><strong>Sic</strong></span> <span class='ocrx_word' id='word_1_244' title='bbox 1701 2584 1901 2637; x_wconf 88' lang='lat' dir='ltr'><strong>etenim</strong></span> 
     </span>
    </p>
   </div>
   <div class='ocr_carea' id='block_1_33' title="bbox 320 2654 1902 2725">
    <p class='ocr_par' dir='ltr' id='par_1_33' title="bbox 320 2654 1902 2725">
     <span class='ocr_line' id='line_1_33' title="bbox 320 2654 1902 2725; baseline -0.003 -14"><span class='ocrx_word' id='word_1_245' title='bbox 320 2655 605 2722; x_wconf 88' lang='lat' dir='ltr'><strong>invenitur,</strong></span> <span class='ocrx_word' id='word_1_246' title='bbox 632 2666 686 2711; x_wconf 91' lang='lat' dir='ltr'><strong>et</strong></span> <span class='ocrx_word' id='word_1_247' title='bbox 717 2657 846 2710; x_wconf 88' lang='lat' dir='ltr'><strong>Cain</strong></span> <span class='ocrx_word' id='word_1_248' title='bbox 875 2671 1144 2725; x_wconf 82' lang='lat' dir='ltr'><strong>peccasse,</strong></span> <span class='ocrx_word' id='word_1_249' title='bbox 1177 2671 1295 2710; x_wconf 83' lang='lat' dir='ltr'><strong>cum</strong></span> <span class='ocrx_word' id='word_1_250' title='bbox 1327 2671 1430 2707; x_wconf 91' lang='lat' dir='ltr'><strong>non</strong></span> <span class='ocrx_word' id='word_1_251' title='bbox 1459 2654 1762 2725; x_wconf 76' lang='lat' dir='ltr'><strong>considerat</strong></span> <span class='ocrx_word' id='word_1_252' title='bbox 1795 2655 1902 2725; x_wconf 82' lang='lat' dir='ltr'><strong>Deo</strong></span> 
     </span>
    </p>
   </div>
   <div class='ocr_carea' id='block_1_34' title="bbox 322 2723 1900 2796">
    <p class='ocr_par' dir='ltr' id='par_1_34' title="bbox 322 2723 1900 2796">
     <span class='ocr_line' id='line_1_34' title="bbox 322 2723 1900 2796; baseline -0.001 -16"><span class='ocrx_word' id='word_1_253' title='bbox 322 2727 436 2781; x_wconf 66' lang='lat' dir='ltr'><strong>bare</strong></span> <span class='ocrx_word' id='word_1_254' title='bbox 462 2729 657 2782; x_wconf 89' lang='lat' dir='ltr'><strong>debere</strong></span> <span class='ocrx_word' id='word_1_255' title='bbox 686 2723 896 2790; x_wconf 70' lang='lat' dir='ltr'><strong>offerri,</strong></span> <span class='ocrx_word' id='word_1_256' title='bbox 927 2743 1048 2796; x_wconf 66' lang='lat' dir='ltr'><strong>qua:</strong></span> <span class='ocrx_word' id='word_1_257' title='bbox 1087 2729 1286 2796; x_wconf 83' lang='lat' dir='ltr'><strong>potiora</strong></span> <span class='ocrx_word' id='word_1_258' title='bbox 1324 2735 1464 2779; x_wconf 90' lang='lat' dir='ltr'><strong>sunt.</strong></span> <span class='ocrx_word' id='word_1_259' title='bbox 1497 2724 1628 2778; x_wconf 91' lang='lat' dir='ltr'><strong>Cum</strong></span> <span class='ocrx_word' id='word_1_260' title='bbox 1666 2726 1804 2778; x_wconf 92' lang='lat' dir='ltr'><strong>enim</strong></span> <span class='ocrx_word' id='word_1_261' title='bbox 1834 2723 1900 2778; x_wconf 86' lang='lat' dir='ltr'><strong>ad</strong></span> 
     </span>
    </p>
   </div>
   <div class='ocr_carea' id='block_1_35' title="bbox 322 2795 1900 2868">
    <p class='ocr_par' dir='ltr' id='par_1_35' title="bbox 322 2795 1900 2868">
     <span class='ocr_line' id='line_1_35' title="bbox 322 2795 1900 2868; baseline 0 -20"><span class='ocrx_word' id='word_1_262' title='bbox 322 2799 707 2868; x_wconf 87' lang='lat' dir='ltr'><strong>propitiandum</strong></span> <span class='ocrx_word' id='word_1_263' title='bbox 759 2800 922 2852; x_wconf 90' lang='lat' dir='ltr'><strong>Deum</strong></span> <span class='ocrx_word' id='word_1_264' title='bbox 949 2795 1079 2851; x_wconf 80' lang='lat' dir='ltr'><strong>Ith</strong></span> <span class='ocrx_word' id='word_1_265' title='bbox 1115 2795 1308 2868; x_wconf 78' lang='lat' dir='ltr'><strong>oITerre</strong></span> <span class='ocrx_word' id='word_1_266' title='bbox 1343 2812 1414 2868; x_wconf 85' lang='lat' dir='ltr'><strong>se</strong></span> <span class='ocrx_word' id='word_1_267' title='bbox 1441 2796 1705 2858; x_wconf 90' lang='lat' dir='ltr'><strong>dicerent,</strong></span> <span class='ocrx_word' id='word_1_268' title='bbox 1741 2796 1790 2868; x_wconf 93' lang='lat' dir='ltr'><strong>in</strong></span> <span class='ocrx_word' id='word_1_269' title='bbox 1835 2810 1900 2868; x_wconf 82' lang='lat' dir='ltr'><strong>eo</strong></span> 
     </span>
    </p>
   </div>
   <div class='ocr_carea' id='block_1_36' title="bbox 321 2865 1898 2939">
    <p class='ocr_par' dir='ltr' id='par_1_36' title="bbox 321 2865 1898 2939">
     <span class='ocr_line' id='line_1_36' title="bbox 321 2865 1898 2939; baseline -0.001 -18"><span class='ocrx_word' id='word_1_270' title='bbox 321 2865 436 2938; x_wconf 84' lang='lat' dir='ltr'><strong>ipso</strong></span> <span class='ocrx_word' id='word_1_271' title='bbox 467 2869 824 2939; x_wconf 89' lang='lat' dir='ltr'><strong>provocabant</strong></span> <span class='ocrx_word' id='word_1_272' title='bbox 867 2869 1029 2922; x_wconf 91' lang='lat' dir='ltr'><strong>Deum</strong></span> <span class='ocrx_word' id='word_1_273' title='bbox 1053 2867 1135 2939; x_wconf 78' lang='lat' dir='ltr'><strong>ad</strong></span> <span class='ocrx_word' id='word_1_274' title='bbox 1168 2867 1580 2936; x_wconf 83' lang='lat' dir='ltr'><strong>indignationem</strong></span> <span class='ocrx_word' id='word_1_275' title='bbox 1603 2907 1618 2932; x_wconf 86' lang='lat'><strong>,</strong></span> <span class='ocrx_word' id='word_1_276' title='bbox 1659 2875 1718 2939; x_wconf 73' lang='grc' dir='ltr'><strong>ιιι</strong></span> <span class='ocrx_word' id='word_1_277' title='bbox 1755 2867 1804 2918; x_wconf 91' lang='lat' dir='ltr'><strong>in</strong></span> <span class='ocrx_word' id='word_1_278' title='bbox 1846 2865 1898 2919; x_wconf 89' lang='lat' dir='ltr'><strong>id</strong></span> 
     </span>
    </p>
   </div>
   <div class='ocr_carea' id='block_1_37' title="bbox 319 2936 1900 3008">
    <p class='ocr_par' dir='ltr' id='par_1_37' title="bbox 319 2936 1900 3008">
     <span class='ocr_line' id='line_1_37' title="bbox 319 2936 1900 3008; baseline -0.001 -16"><span class='ocrx_word' id='word_1_279' title='bbox 319 2936 732 3008; x_wconf 47' lang='lat' dir='ltr'><strong>duod&#39;dicerent</strong></span> <span class='ocrx_word' id='word_1_280' title='bbox 770 2956 827 2992; x_wconf 88' lang='lat' dir='ltr'><strong>se</strong></span> <span class='ocrx_word' id='word_1_281' title='bbox 868 2939 1003 2992; x_wconf 84' lang='lat' dir='ltr'><strong>bene</strong></span> <span class='ocrx_word' id='word_1_282' title='bbox 1043 2937 1251 3001; x_wconf 87' lang='lat' dir='ltr'><strong>facere,</strong></span> <span class='ocrx_word' id='word_1_283' title='bbox 1297 2945 1574 3008; x_wconf 70' lang='lat' dir='ltr'><strong>peccarent</strong></span> <span class='ocrx_word' id='word_1_284' title='bbox 1614 2936 1900 2990; x_wconf 73' lang='lat' dir='ltr'><strong>offerentes</strong></span> 
     </span>
    </p>
   </div>
   <div class='ocr_carea' id='block_1_38' title="bbox 320 3007 1896 3079">
    <p class='ocr_par' dir='ltr' id='par_1_38' title="bbox 320 3007 1896 3079">
     <span class='ocr_line' id='line_1_38' title="bbox 320 3007 1896 3079; baseline -0.004 -16"><span class='ocrx_word' id='word_1_285' title='bbox 320 3007 427 3064; x_wconf 92' lang='lat' dir='ltr'><strong>Deo</strong></span> <span class='ocrx_word' id='word_1_286' title='bbox 458 3011 759 3065; x_wconf 69' lang='lat' dir='ltr'><strong>holocausta</strong></span> <span class='ocrx_word' id='word_1_287' title='bbox 787 3010 1020 3079; x_wconf 88' lang='lat' dir='ltr'><strong>indigna.</strong></span> <span class='ocrx_word' id='word_1_288' title='bbox 1067 3008 1212 3062; x_wconf 90' lang='lat' dir='ltr'><strong>Unde</strong></span> <span class='ocrx_word' id='word_1_289' title='bbox 1239 3007 1367 3061; x_wconf 91' lang='lat' dir='ltr'><strong>dicit</strong></span> <span class='ocrx_word' id='word_1_290' title='bbox 1406 3008 1456 3060; x_wconf 91' lang='lat' dir='ltr'><strong>in</strong></span> <span class='ocrx_word' id='word_1_291' title='bbox 1486 3007 1735 3079; x_wconf 80' lang='lat' dir='ltr'><strong>Malachia</strong></span> <span class='ocrx_word' id='word_1_292' title='bbox 1775 3023 1896 3079; x_wconf 81' lang='lat' dir='ltr'><strong>pro-</strong></span> 
     </span>
    </p>
   </div>
   <div class='ocr_carea' id='block_1_39' title="bbox 319 3077 1900 3150">
    <p class='ocr_par' dir='ltr' id='par_1_39' title="bbox 319 3077 1900 3150">
     <span class='ocr_line' id='line_1_39' title="bbox 319 3077 1900 3150; baseline -0.001 -18"><span class='ocrx_word' id='word_1_293' title='bbox 319 3081 472 3150; x_wconf 75' lang='lat' dir='ltr'><strong>pheta</strong></span> <span class='ocrx_word' id='word_1_294' title='bbox 495 3125 508 3146; x_wconf 92' lang='lat'><strong>,</strong></span> <span class='ocrx_word' id='word_1_295' title='bbox 541 3082 601 3135; x_wconf 86' lang='lat' dir='ltr'><strong>Si</strong></span> <span class='ocrx_word' id='word_1_296' title='bbox 637 3077 996 3134; x_wconf 45' lang='lat' dir='ltr'><strong>adducatis&#39;ad</strong></span> <span class='ocrx_word' id='word_1_297' title='bbox 1025 3080 1271 3150; x_wconf 69' lang='lat' dir='ltr'><strong>victimam</strong></span> <span class='ocrx_word' id='word_1_298' title='bbox 1307 3094 1493 3131; x_wconf 80' lang='lat' dir='ltr'><strong>cwcum</strong></span> <span class='ocrx_word' id='word_1_299' title='bbox 1535 3086 1640 3150; x_wconf 10' lang='lat' dir='ltr'><strong>aut!</strong></span> <span class='ocrx_word' id='word_1_300' title='bbox 1664 3077 1900 3130; x_wconf 87' lang='lat' dir='ltr'><strong>claudum</strong></span> 
     </span>
    </p>
   </div>
   <div class='ocr_carea' id='block_1_40' title="bbox 315 3147 1900 3222">
    <p class='ocr_par' dir='ltr' id='par_1_40' title="bbox 315 3147 1900 3222">
     <span class='ocr_line' id='line_1_40' title="bbox 315 3147 1900 3222; baseline -0.001 -20"><span class='ocrx_word' id='word_1_301' title='bbox 315 3147 401 3203; x_wconf 80' lang='lat' dir='ltr'><strong>aut</strong></span> <span class='ocrx_word' id='word_1_302' title='bbox 422 3169 633 3222; x_wconf 64' lang='lat' dir='ltr'><strong>(egrum,</strong></span> <span class='ocrx_word' id='word_1_303' title='bbox 661 3170 759 3206; x_wconf 85' lang='lat' dir='ltr'><strong>non</strong></span> <span class='ocrx_word' id='word_1_304' title='bbox 781 3162 849 3206; x_wconf 83' lang='lat' dir='ltr'><strong>est</strong></span> <span class='ocrx_word' id='word_1_305' title='bbox 871 3152 1073 3204; x_wconf 85' lang='lat' dir='ltr'><strong>bonum.</strong></span> <span class='ocrx_word' id='word_1_306' title='bbox 1096 3147 1243 3222; x_wconf 69' lang='lat' dir='ltr'><strong>Olfer</strong></span> <span class='ocrx_word' id='word_1_307' title='bbox 1262 3160 1424 3222; x_wconf 82' lang='lat' dir='ltr'><strong>au_tcm</strong></span> <span class='ocrx_word' id='word_1_308' title='bbox 1446 3164 1504 3222; x_wconf 85' lang='lat' dir='ltr'><strong>ea</strong></span> <span class='ocrx_word' id='word_1_309' title='bbox 1524 3147 1642 3200; x_wconf 82' lang='lat' dir='ltr'><strong>duci</strong></span> <span class='ocrx_word' id='word_1_310' title='bbox 1666 3158 1752 3222; x_wconf 84' lang='lat' dir='ltr'><strong>aut</strong></span> <span class='ocrx_word' id='word_1_311' title='bbox 1769 3164 1900 3217; x_wconf 74' lang='lat' dir='ltr'><strong>pra:-</strong></span> 
     </span>
    </p>
   </div>
   <div class='ocr_carea' id='block_1_41' title="bbox 318 3218 1898 3290">
    <p class='ocr_par' dir='ltr' id='par_1_41' title="bbox 318 3218 1898 3290">
     <span class='ocr_line' id='line_1_41' title="bbox 318 3218 1898 3290; baseline -0.001 -16"><span class='ocrx_word' id='word_1_312' title='bbox 318 3218 482 3290; x_wconf 73' lang='grc' dir='ltr'><strong>ι)οεὶιό</strong></span> <span class='ocrx_word' id='word_1_313' title='bbox 513 3233 595 3275; x_wconf 83' lang='lat' dir='ltr'><strong>tuo</strong></span> <span class='ocrx_word' id='word_1_314' title='bbox 617 3265 630 3289; x_wconf 92' lang='lat'><strong>,</strong></span> <span class='ocrx_word' id='word_1_315' title='bbox 674 3223 716 3275; x_wconf 87' lang='lat' dir='ltr'><strong>si</strong></span> <span class='ocrx_word' id='word_1_316' title='bbox 756 3223 991 3288; x_wconf 84' lang='lat' dir='ltr'><strong>suscipiet</strong></span> <span class='ocrx_word' id='word_1_317' title='bbox 1030 3230 1112 3285; x_wconf 89' lang='lat' dir='ltr'><strong>te,</strong></span> <span class='ocrx_word' id='word_1_318' title='bbox 1145 3221 1265 3272; x_wconf 83' lang='lat' dir='ltr'><strong>dicit</strong></span> <span class='ocrx_word' id='word_1_319' title='bbox 1305 3218 1550 3290; x_wconf 79' lang='lat' dir='ltr'><strong>Dominus</strong></span> <span class='ocrx_word' id='word_1_320' title='bbox 1587 3220 1898 3287; x_wconf 79' lang='lat' dir='ltr'><strong>omnipotens</strong></span> 
     </span>
    </p>
   </div>
   <div class='ocr_carea' id='block_1_42' title="bbox 316 3289 1898 3363">
    <p class='ocr_par' dir='ltr' id='par_1_42' title="bbox 316 3289 1898 3363">
     <span class='ocr_line' id='line_1_42' title="bbox 316 3289 1898 3363; baseline -0.002 -18"><span class='ocrx_word' id='word_1_321' title='bbox 316 3289 576 3363; x_wconf 83' lang='lat' dir='ltr'><strong>(Malaclt.</strong></span> <span class='ocrx_word' id='word_1_322' title='bbox 612 3310 647 3358; x_wconf 82' lang='grc' dir='ltr'>ι,</span> <span class='ocrx_word' id='word_1_323' title='bbox 679 3293 766 3360; x_wconf 84' lang='grc'><strong>8).</strong></span> <span class='ocrx_word' id='word_1_324' title='bbox 812 3293 941 3345; x_wconf 88' lang='lat' dir='ltr'><strong>Iliuc</strong></span> <span class='ocrx_word' id='word_1_325' title='bbox 979 3301 1060 3363; x_wconf 82' lang='lat' dir='ltr'><strong>est</strong></span> <span class='ocrx_word' id='word_1_326' title='bbox 1098 3301 1149 3342; x_wconf 92' lang='lat' dir='ltr'><strong>ut</strong></span> <span class='ocrx_word' id='word_1_327' title='bbox 1182 3306 1274 3363; x_wconf 83' lang='lat' dir='ltr'><strong>per</strong></span> <span class='ocrx_word' id='word_1_328' title='bbox 1304 3289 1488 3363; x_wconf 82' lang='lat' dir='ltr'><strong>Isaiam</strong></span> <span class='ocrx_word' id='word_1_329' title='bbox 1520 3289 1585 3363; x_wconf 86' lang='lat' dir='ltr'><strong>de</strong></span> <span class='ocrx_word' id='word_1_330' title='bbox 1623 3291 1808 3363; x_wconf 74' lang='lat' dir='ltr'><strong>eadem</strong></span> <span class='ocrx_word' id='word_1_331' title='bbox 1839 3305 1898 3363; x_wconf 77' lang='lat' dir='ltr'><strong>re</strong></span> 
     </span>
    </p>
   </div>
   <div class='ocr_carea' id='block_1_43' title="bbox 315 3359 1898 3431">
    <p class='ocr_par' dir='ltr' id='par_1_43' title="bbox 315 3359 1898 3431">
     <span class='ocr_line' id='line_1_43' title="bbox 315 3359 1898 3431; baseline -0.003 -14"><span class='ocrx_word' id='word_1_332' title='bbox 315 3359 565 3431; x_wconf 65' lang='lat' dir='ltr'><strong>QUeratur</strong></span> <span class='ocrx_word' id='word_1_333' title='bbox 589 3365 756 3418; x_wconf 88' lang='lat' dir='ltr'><strong>Deus.</strong></span> <span class='ocrx_word' id='word_1_334' title='bbox 786 3365 985 3420; x_wconf 83' lang='lat' dir='ltr'><strong>dicens.</strong></span> <span class='ocrx_word' id='word_1_335' title='bbox 1009 3361 1127 3429; x_wconf 90' lang='lat' dir='ltr'><strong>Quo</strong></span> <span class='ocrx_word' id='word_1_336' title='bbox 1153 3361 1278 3414; x_wconf 90' lang='lat' dir='ltr'><strong>mihi</strong></span> <span class='ocrx_word' id='word_1_337' title='bbox 1309 3375 1438 3414; x_wconf 88' lang='lat' dir='ltr'><strong>oves</strong></span> <span class='ocrx_word' id='word_1_338' title='bbox 1464 3359 1757 3431; x_wconf 84' lang='lat' dir='ltr'><strong>Itoiocausti</strong></span> <span class='ocrx_word' id='word_1_339' title='bbox 1785 3360 1898 3431; x_wconf 72' lang='lat' dir='ltr'><strong>tui?</strong></span> 
     </span>
    </p>
   </div>
   <div class='ocr_carea' id='block_1_44' title="bbox 317 3429 1898 3503">
    <p class='ocr_par' dir='ltr' id='par_1_44' title="bbox 317 3429 1898 3503">
     <span class='ocr_line' id='line_1_44' title="bbox 317 3429 1898 3503; baseline -0.001 -17"><span class='ocrx_word' id='word_1_340' title='bbox 317 3429 496 3503; x_wconf 81' lang='lat' dir='ltr'><strong>Neque</strong></span> <span class='ocrx_word' id='word_1_341' title='bbox 529 3437 576 3488; x_wconf 89' lang='lat' dir='ltr'><strong>itt</strong></span> <span class='ocrx_word' id='word_1_342' title='bbox 619 3434 888 3489; x_wconf 88' lang='lat' dir='ltr'><strong>sacriliciis</strong></span> <span class='ocrx_word' id='word_1_343' title='bbox 918 3433 1018 3486; x_wconf 88' lang='lat' dir='ltr'><strong>tuis</strong></span> <span class='ocrx_word' id='word_1_344' title='bbox 1051 3431 1317 3503; x_wconf 81' lang='lat' dir='ltr'><strong>honorasti</strong></span> <span class='ocrx_word' id='word_1_345' title='bbox 1359 3447 1463 3484; x_wconf 89' lang='lat' dir='ltr'><strong>me.</strong></span> <span class='ocrx_word' id='word_1_346' title='bbox 1505 3429 1617 3483; x_wconf 85' lang='lat' dir='ltr'><strong>Non</strong></span> <span class='ocrx_word' id='word_1_347' title='bbox 1660 3431 1800 3484; x_wconf 89' lang='lat' dir='ltr'><strong>enim</strong></span> <span class='ocrx_word' id='word_1_348' title='bbox 1831 3430 1898 3503; x_wconf 83' lang='lat' dir='ltr'><strong>ad</strong></span> 
     </span>
    </p>
   </div>
   <div class='ocr_carea' id='block_1_45' title="bbox 316 3502 1896 3564">
    <p class='ocr_par' dir='ltr' id='par_1_45' title="bbox 316 3502 1896 3564">
     <span class='ocr_line' id='line_1_45' title="bbox 316 3502 1896 3564; baseline -0.001 -8"><span class='ocrx_word' id='word_1_349' title='bbox 316 3502 420 3558; x_wconf 85' lang='lat' dir='ltr'><strong>hoc</strong></span> <span class='ocrx_word' id='word_1_350' title='bbox 448 3516 498 3559; x_wconf 92' lang='lat' dir='ltr'><strong>te</strong></span> <span class='ocrx_word' id='word_1_351' title='bbox 529 3505 646 3564; x_wconf 84' lang='lat' dir='ltr'><strong>feci,</strong></span> <span class='ocrx_word' id='word_1_352' title='bbox 679 3515 735 3558; x_wconf 92' lang='lat' dir='ltr'><strong>ut</strong></span> <span class='ocrx_word' id='word_1_353' title='bbox 765 3504 1034 3557; x_wconf 84' lang='lat' dir='ltr'><strong>laborares</strong></span> <span class='ocrx_word' id='word_1_354' title='bbox 1061 3504 1113 3556; x_wconf 91' lang='lat' dir='ltr'><strong>in</strong></span> <span class='ocrx_word' id='word_1_355' title='bbox 1145 3502 1330 3564; x_wconf 88' lang='lat' dir='ltr'><strong>thure,</strong></span> <span class='ocrx_word' id='word_1_356' title='bbox 1367 3509 1458 3554; x_wconf 90' lang='lat' dir='ltr'><strong>aut</strong></span> <span class='ocrx_word' id='word_1_357' title='bbox 1499 3510 1554 3554; x_wconf 89' lang='grc' dir='ltr'><strong>ιιι</strong></span> <span class='ocrx_word' id='word_1_358' title='bbox 1582 3502 1896 3556; x_wconf 89' lang='lat' dir='ltr'><strong>mercareris</strong></span> 
     </span>
    </p>
   </div>
   <div class='ocr_carea' id='block_1_46' title="bbox 315 3571 1894 3646">
    <p class='ocr_par' dir='ltr' id='par_1_46' title="bbox 315 3571 1894 3646">
     <span class='ocr_line' id='line_1_46' title="bbox 315 3571 1894 3646; baseline -0.001 -19"><span class='ocrx_word' id='word_1_359' title='bbox 315 3575 441 3628; x_wconf 90' lang='lat' dir='ltr'><strong>tnilti</strong></span> <span class='ocrx_word' id='word_1_360' title='bbox 489 3584 708 3646; x_wconf 80' lang='lat' dir='ltr'><strong>argento</strong></span> <span class='ocrx_word' id='word_1_361' title='bbox 768 3576 1076 3636; x_wconf 85' lang='lat' dir='ltr'><strong>incensum;</strong></span> <span class='ocrx_word' id='word_1_362' title='bbox 1125 3588 1221 3646; x_wconf 87' lang='lat' dir='ltr'><strong>nec</strong></span> <span class='ocrx_word' id='word_1_363' title='bbox 1263 3571 1470 3640; x_wconf 90' lang='lat' dir='ltr'><strong>adipem</strong></span> <span class='ocrx_word' id='word_1_364' title='bbox 1497 3572 1894 3646; x_wconf 75' lang='lat' dir='ltr'><strong>sacriﬁciorum</strong></span> 
     </span>
    </p>
   </div>
   <div class='ocr_carea' id='block_1_47' title="bbox 317 3641 1895 3714">
    <p class='ocr_par' dir='ltr' id='par_1_47' title="bbox 317 3641 1895 3714">
     <span class='ocr_line' id='line_1_47' title="bbox 317 3641 1895 3714; baseline -0.003 -15"><span class='ocrx_word' id='word_1_365' title='bbox 317 3655 524 3700; x_wconf 84' lang='lat' dir='ltr'><strong>tuorum</strong></span> <span class='ocrx_word' id='word_1_366' title='bbox 551 3641 826 3714; x_wconf 67' lang='lat' dir='ltr'><strong>concupivi</strong></span> <span class='ocrx_word' id='word_1_367' title='bbox 869 3663 880 3697; x_wconf 89' lang='lat'>:</span> <span class='ocrx_word' id='word_1_368' title='bbox 909 3647 956 3698; x_wconf 76' lang='grc' dir='ltr'><strong>ιιι</strong></span> <span class='ocrx_word' id='word_1_369' title='bbox 979 3643 1210 3714; x_wconf 88' lang='lat' dir='ltr'><strong>peccatis</strong></span> <span class='ocrx_word' id='word_1_370' title='bbox 1230 3641 1539 3714; x_wconf 11' lang='lat' dir='ltr'><strong>autetnituis</strong></span> <span class='ocrx_word' id='word_1_371' title='bbox 1561 3651 1617 3696; x_wconf 91' lang='lat' dir='ltr'><strong>et</strong></span> <span class='ocrx_word' id='word_1_372' title='bbox 1643 3643 1895 3712; x_wconf 91' lang='lat' dir='ltr'><strong>iniquita-</strong></span> 
     </span>
    </p>
   </div>
   <div class='ocr_carea' id='block_1_48' title="bbox 317 3711 1896 3786">
    <p class='ocr_par' dir='ltr' id='par_1_48' title="bbox 317 3711 1896 3786">
     <span class='ocr_line' id='line_1_48' title="bbox 317 3711 1896 3786; baseline -0.002 -17"><span class='ocrx_word' id='word_1_373' title='bbox 317 3717 453 3772; x_wconf 89' lang='lat' dir='ltr'><strong>tibus</strong></span> <span class='ocrx_word' id='word_1_374' title='bbox 474 3718 682 3772; x_wconf 88' lang='lat' dir='ltr'><strong>astitisti</strong></span> <span class='ocrx_word' id='word_1_375' title='bbox 711 3711 836 3770; x_wconf 79' lang='lat' dir='ltr'><strong>tnihi</strong></span> <span class='ocrx_word' id='word_1_376' title='bbox 863 3711 1018 3786; x_wconf 80' lang='lat' dir='ltr'><strong>(lsai.</strong></span> <span class='ocrx_word' id='word_1_377' title='bbox 1045 3732 1081 3780; x_wconf 89' lang='grc' dir='ltr'>ι,</span> <span class='ocrx_word' id='word_1_378' title='bbox 1108 3715 1166 3768; x_wconf 85' lang='grc' dir='ltr'>Η</span> <span class='ocrx_word' id='word_1_379' title='bbox 1189 3714 1228 3784; x_wconf 91' lang='grc'><strong>).</strong></span> <span class='ocrx_word' id='word_1_380' title='bbox 1259 3711 1589 3786; x_wconf 78' lang='lat' dir='ltr'><strong>Manifestum</strong></span> <span class='ocrx_word' id='word_1_381' title='bbox 1617 3711 1896 3786; x_wconf 67' lang='lat' dir='ltr'><strong>estitaque</strong></span> 
     </span>
    </p>
   </div>
   <div class='ocr_carea' id='block_1_49' title="bbox 313 3782 1894 3857">
    <p class='ocr_par' dir='ltr' id='par_1_49' title="bbox 313 3782 1894 3857">
     <span class='ocr_line' id='line_1_49' title="bbox 313 3782 1894 3857; baseline -0.003 -17"><span class='ocrx_word' id='word_1_382' title='bbox 313 3797 455 3857; x_wconf 87' lang='lat' dir='ltr'><strong>ortas</strong></span> <span class='ocrx_word' id='word_1_383' title='bbox 482 3804 598 3842; x_wconf 79' lang='lat' dir='ltr'><strong>esse</strong></span> <span class='ocrx_word' id='word_1_384' title='bbox 618 3782 902 3857; x_wconf 76' lang='lat' dir='ltr'><strong>querelas:</strong></span> <span class='ocrx_word' id='word_1_385' title='bbox 933 3788 1051 3854; x_wconf 88' lang='lat' dir='ltr'><strong>quia</strong></span> <span class='ocrx_word' id='word_1_386' title='bbox 1075 3782 1192 3839; x_wconf 85' lang='lat' dir='ltr'><strong>eum</strong></span> <span class='ocrx_word' id='word_1_387' title='bbox 1220 3784 1521 3857; x_wconf 63' lang='lat' dir='ltr'><strong>voluntaria</strong></span> <span class='ocrx_word' id='word_1_388' title='bbox 1537 3782 1793 3857; x_wconf 82' lang='lat' dir='ltr'><strong>sacriﬁcia</strong></span> <span class='ocrx_word' id='word_1_389' title='bbox 1816 3785 1894 3857; x_wconf 76' lang='lat' dir='ltr'><strong>oi-</strong></span> 
     </span>
    </p>
   </div>
   <div class='ocr_carea' id='block_1_50' title="bbox 316 3853 1894 3924">
    <p class='ocr_par' dir='ltr' id='par_1_50' title="bbox 316 3853 1894 3924">
     <span class='ocr_line' id='line_1_50' title="bbox 316 3853 1894 3924; baseline -0.003 -13"><span class='ocrx_word' id='word_1_390' title='bbox 316 3853 656 3924; x_wconf 84' lang='lat' dir='ltr'><strong>ferrent,non</strong></span> <span class='ocrx_word' id='word_1_391' title='bbox 690 3861 738 3911; x_wconf 91' lang='lat' dir='ltr'><strong>in</strong></span> <span class='ocrx_word' id='word_1_392' title='bbox 772 3857 852 3910; x_wconf 87' lang='lat' dir='ltr'><strong>his</strong></span> <span class='ocrx_word' id='word_1_393' title='bbox 883 3853 1045 3910; x_wconf 75' lang='lat' dir='ltr'><strong>Deum</strong></span> <span class='ocrx_word' id='word_1_394' title='bbox 1078 3855 1426 3919; x_wconf 87' lang='lat' dir='ltr'><strong>honorabant,</strong></span> <span class='ocrx_word' id='word_1_395' title='bbox 1446 3853 1728 3924; x_wconf 83' lang='lat' dir='ltr'><strong>olferentes</strong></span> <span class='ocrx_word' id='word_1_396' title='bbox 1760 3854 1894 3906; x_wconf 81' lang='lat' dir='ltr'><strong>indi—</strong></span> 
     </span>
    </p>
   </div>
   <div class='ocr_carea' id='block_1_51' title="bbox 311 3923 1894 3997">
    <p class='ocr_par' dir='ltr' id='par_1_51' title="bbox 311 3923 1894 3997">
     <span class='ocr_line' id='line_1_51' title="bbox 311 3923 1894 3997; baseline -0.002 -17"><span class='ocrx_word' id='word_1_397' title='bbox 311 3944 432 3997; x_wconf 83' lang='lat' dir='ltr'><strong>gna,</strong></span> <span class='ocrx_word' id='word_1_398' title='bbox 462 3923 582 3982; x_wconf 89' lang='lat' dir='ltr'><strong>cum</strong></span> <span class='ocrx_word' id='word_1_399' title='bbox 613 3930 724 3982; x_wconf 72' lang='lat' dir='ltr'><strong>haec</strong></span> <span class='ocrx_word' id='word_1_400' title='bbox 753 3929 933 3996; x_wconf 88' lang='lat' dir='ltr'><strong>utique</strong></span> <span class='ocrx_word' id='word_1_401' title='bbox 965 3944 1066 3980; x_wconf 91' lang='lat' dir='ltr'><strong>non</strong></span> <span class='ocrx_word' id='word_1_402' title='bbox 1089 3935 1267 3980; x_wconf 89' lang='lat' dir='ltr'><strong>essent</strong></span> <span class='ocrx_word' id='word_1_403' title='bbox 1291 3925 1634 3997; x_wconf 77' lang='lat' dir='ltr'><strong>necessitatis.</strong></span> <span class='ocrx_word' id='word_1_404' title='bbox 1676 3923 1731 3997; x_wconf 77' lang='lat' dir='ltr'><strong>Si</strong></span> <span class='ocrx_word' id='word_1_405' title='bbox 1752 3925 1894 3978; x_wconf 87' lang='lat' dir='ltr'><strong>enim</strong></span> 
     </span>
    </p>
   </div>
   <div class='ocr_carea' id='block_1_52' title="bbox 313 3995 1895 4063">
    <p class='ocr_par' dir='ltr' id='par_1_52' title="bbox 313 3995 1895 4063">
     <span class='ocr_line' id='line_1_52' title="bbox 313 3995 1895 4063; baseline -0.003 -11"><span class='ocrx_word' id='word_1_406' title='bbox 313 3995 556 4052; x_wconf 79' lang='lat' dir='ltr'><strong>mandata</strong></span> <span class='ocrx_word' id='word_1_407' title='bbox 581 3998 825 4062; x_wconf 82' lang='lat' dir='ltr'><strong>fuissent,</strong></span> <span class='ocrx_word' id='word_1_408' title='bbox 853 3995 1184 4051; x_wconf 82' lang='lat' dir='ltr'><strong>necessitate</strong></span> <span class='ocrx_word' id='word_1_409' title='bbox 1227 3995 1537 4049; x_wconf 85' lang='lat' dir='ltr'><strong>videbantur</strong></span> <span class='ocrx_word' id='word_1_410' title='bbox 1569 3995 1895 4063; x_wconf 91' lang='lat' dir='ltr'><strong>qualiacum-</strong></span> 
     </span>
    </p>
   </div>
   <div class='ocr_carea' id='block_1_53' title="bbox 311 4065 1890 4139">
    <p class='ocr_par' dir='ltr' id='par_1_53' title="bbox 311 4065 1890 4139">
     <span class='ocr_line' id='line_1_53' title="bbox 311 4065 1890 4139; baseline -0.003 -16"><span class='ocrx_word' id='word_1_411' title='bbox 311 4084 413 4138; x_wconf 90' lang='lat' dir='ltr'><strong>que</strong></span> <span class='ocrx_word' id='word_1_412' title='bbox 435 4069 624 4124; x_wconf 76' lang='lat' dir='ltr'><strong>olfcrre</strong></span> <span class='ocrx_word' id='word_1_413' title='bbox 641 4087 656 4133; x_wconf 93' lang='lat'><strong>;</strong></span> <span class='ocrx_word' id='word_1_414' title='bbox 673 4069 882 4139; x_wconf 87' lang='lat' dir='ltr'><strong>quando</strong></span> <span class='ocrx_word' id='word_1_415' title='bbox 902 4078 1076 4122; x_wconf 86' lang='lat' dir='ltr'><strong>autem</strong></span> <span class='ocrx_word' id='word_1_416' title='bbox 1094 4067 1310 4139; x_wconf 87' lang='lat' dir='ltr'><strong>arbitrio</strong></span> <span class='ocrx_word' id='word_1_417' title='bbox 1331 4081 1427 4139; x_wconf 84' lang='lat' dir='ltr'><strong>suo</strong></span> <span class='ocrx_word' id='word_1_418' title='bbox 1450 4065 1562 4118; x_wconf 69' lang='grc' dir='ltr'>1ιιυο</span> <span class='ocrx_word' id='word_1_419' title='bbox 1579 4065 1890 4139; x_wconf 75' lang='lat' dir='ltr'><strong>offerebant,</strong></span> 
     </span>
    </p>
   </div>
   <div class='ocr_carea' id='block_1_54' title="bbox 313 4136 1892 4208">
    <p class='ocr_par' dir='ltr' id='par_1_54' title="bbox 313 4136 1892 4208">
     <span class='ocr_line' id='line_1_54' title="bbox 313 4136 1892 4208; baseline -0.001 -16"><span class='ocrx_word' id='word_1_420' title='bbox 313 4136 431 4193; x_wconf 75' lang='lat' dir='ltr'><strong>{alia</strong></span> <span class='ocrx_word' id='word_1_421' title='bbox 464 4136 726 4194; x_wconf 78' lang='lat' dir='ltr'><strong>debebant</strong></span> <span class='ocrx_word' id='word_1_422' title='bbox 745 4140 955 4205; x_wconf 81' lang='lat' dir='ltr'><strong>offerre,</strong></span> <span class='ocrx_word' id='word_1_423' title='bbox 987 4155 1049 4192; x_wconf 84' lang='lat' dir='ltr'><strong>ex</strong></span> <span class='ocrx_word' id='word_1_424' title='bbox 1077 4137 1268 4208; x_wconf 87' lang='lat' dir='ltr'><strong>quibus</strong></span> <span class='ocrx_word' id='word_1_425' title='bbox 1297 4137 1682 4208; x_wconf 85' lang='lat' dir='ltr'><strong>obsequiutnin</strong></span> <span class='ocrx_word' id='word_1_426' title='bbox 1710 4151 1767 4188; x_wconf 89' lang='lat' dir='ltr'><strong>se</strong></span> <span class='ocrx_word' id='word_1_427' title='bbox 1800 4136 1892 4208; x_wconf 89' lang='lat' dir='ltr'><strong>Dei</strong></span> 
     </span>
    </p>
   </div>
   <div class='ocr_carea' id='block_1_55' title="bbox 312 4206 1894 4278">
    <p class='ocr_par' dir='ltr' id='par_1_55' title="bbox 312 4206 1894 4278">
     <span class='ocr_line' id='line_1_55' title="bbox 312 4206 1894 4278; baseline 0.001 -20"><span class='ocrx_word' id='word_1_428' title='bbox 312 4211 670 4265; x_wconf 83' lang='lat' dir='ltr'><strong>ostenderent.</strong></span> <span class='ocrx_word' id='word_1_429' title='bbox 703 4212 806 4265; x_wconf 89' lang='lat' dir='ltr'><strong>Sed</strong></span> <span class='ocrx_word' id='word_1_430' title='bbox 836 4212 956 4278; x_wconf 90' lang='lat' dir='ltr'><strong>quia</strong></span> <span class='ocrx_word' id='word_1_431' title='bbox 987 4206 1193 4262; x_wconf 82' lang='lat' dir='ltr'><strong>animus</strong></span> <span class='ocrx_word' id='word_1_432' title='bbox 1227 4209 1434 4261; x_wconf 89' lang='lat' dir='ltr'><strong>illorum</strong></span> <span class='ocrx_word' id='word_1_433' title='bbox 1465 4206 1750 4278; x_wconf 84' lang='lat' dir='ltr'><strong>cupiditate</strong></span> <span class='ocrx_word' id='word_1_434' title='bbox 1783 4207 1894 4260; x_wconf 90' lang='lat' dir='ltr'><strong>ido-</strong></span> 
     </span>
    </p>
   </div>
   <div class='ocr_carea' id='block_1_56' title="bbox 313 4276 1893 4346">
    <p class='ocr_par' dir='ltr' id='par_1_56' title="bbox 313 4276 1893 4346">
     <span class='ocr_line' id='line_1_56' title="bbox 313 4276 1893 4346; baseline -0.003 -12"><span class='ocrx_word' id='word_1_435' title='bbox 313 4281 481 4334; x_wconf 84' lang='lat' dir='ltr'><strong>lorum</strong></span> <span class='ocrx_word' id='word_1_436' title='bbox 517 4283 748 4343; x_wconf 87' lang='lat' dir='ltr'><strong>errabat,</strong></span> <span class='ocrx_word' id='word_1_437' title='bbox 779 4276 1166 4334; x_wconf 80' lang='lat' dir='ltr'><strong>inconsiderate</strong></span> <span class='ocrx_word' id='word_1_438' title='bbox 1197 4278 1310 4332; x_wconf 70' lang='lat' dir='ltr'><strong>lucc</strong></span> <span class='ocrx_word' id='word_1_439' title='bbox 1335 4278 1576 4346; x_wconf 76' lang='lat' dir='ltr'><strong>agebant.</strong></span> <span class='ocrx_word' id='word_1_440' title='bbox 1609 4276 1768 4346; x_wconf 90' lang='lat' dir='ltr'><strong>Igitur</strong></span> <span class='ocrx_word' id='word_1_441' title='bbox 1796 4279 1893 4330; x_wconf 91' lang='lat' dir='ltr'><strong>du-</strong></span> 
     </span>
    </p>
   </div>
   <div class='ocr_carea' id='block_1_57' title="bbox 313 4348 1891 4421">
    <p class='ocr_par' dir='ltr' id='par_1_57' title="bbox 313 4348 1891 4421">
     <span class='ocr_line' id='line_1_57' title="bbox 313 4348 1891 4421; baseline -0.002 -17"><span class='ocrx_word' id='word_1_442' title='bbox 313 4354 428 4419; x_wconf 89' lang='lat' dir='ltr'><strong>plici</strong></span> <span class='ocrx_word' id='word_1_443' title='bbox 458 4369 652 4421; x_wconf 82' lang='lat' dir='ltr'><strong>genere</strong></span> <span class='ocrx_word' id='word_1_444' title='bbox 673 4350 1078 4419; x_wconf 66' lang='lat' dir='ltr'><strong>eXprobrantnr,</strong></span> <span class='ocrx_word' id='word_1_445' title='bbox 1102 4350 1222 4421; x_wconf 87' lang='lat' dir='ltr'><strong>quia</strong></span> <span class='ocrx_word' id='word_1_446' title='bbox 1247 4359 1300 4402; x_wconf 90' lang='lat' dir='ltr'><strong>et</strong></span> <span class='ocrx_word' id='word_1_447' title='bbox 1324 4350 1498 4416; x_wconf 89' lang='lat' dir='ltr'><strong>inique</strong></span> <span class='ocrx_word' id='word_1_448' title='bbox 1524 4359 1759 4421; x_wconf 77' lang='lat' dir='ltr'><strong>agentes,</strong></span> <span class='ocrx_word' id='word_1_449' title='bbox 1785 4348 1891 4402; x_wconf 88' lang='lat' dir='ltr'><strong>Deo</strong></span> 
     </span>
    </p>
   </div>
   <div class='ocr_carea' id='block_1_58' title="bbox 311 4417 1886 4488">
    <p class='ocr_par' dir='ltr' id='par_1_58' title="bbox 311 4417 1886 4488">
     <span class='ocr_line' id='line_1_58' title="bbox 311 4417 1886 4488; baseline -0.002 -14"><span class='ocrx_word' id='word_1_450' title='bbox 311 4417 573 4477; x_wconf 74' lang='lat' dir='ltr'><strong>audebant</strong></span> <span class='ocrx_word' id='word_1_451' title='bbox 601 4417 827 4483; x_wconf 77' lang='lat' dir='ltr'><strong>offerre;</strong></span> <span class='ocrx_word' id='word_1_452' title='bbox 860 4431 912 4475; x_wconf 90' lang='lat' dir='ltr'><strong>et</strong></span> <span class='ocrx_word' id='word_1_453' title='bbox 952 4437 1068 4488; x_wconf 80' lang='lat' dir='ltr'><strong>quae</strong></span> <span class='ocrx_word' id='word_1_454' title='bbox 1109 4417 1317 4488; x_wconf 85' lang='lat' dir='ltr'><strong>indigna</strong></span> <span class='ocrx_word' id='word_1_455' title='bbox 1350 4429 1518 4479; x_wconf 90' lang='lat' dir='ltr'><strong>erant,</strong></span> <span class='ocrx_word' id='word_1_456' title='bbox 1551 4417 1840 4472; x_wconf 79' lang='lat' dir='ltr'><strong>offerebant</strong></span> <span class='ocrx_word' id='word_1_457' title='bbox 1874 4437 1886 4471; x_wconf 84' lang='lat'><strong><em>:</em></strong></span> 
     </span>
    </p>
   </div>
   <div class='ocr_carea' id='block_1_59' title="bbox 311 4488 1895 4563">
    <p class='ocr_par' dir='ltr' id='par_1_59' title="bbox 311 4488 1895 4563">
     <span class='ocr_line' id='line_1_59' title="bbox 311 4488 1895 4563; baseline -0.003 -18"><span class='ocrx_word' id='word_1_458' title='bbox 311 4510 428 4546; x_wconf 86' lang='lat' dir='ltr'><strong>cum</strong></span> <span class='ocrx_word' id='word_1_459' title='bbox 459 4495 620 4563; x_wconf 85' lang='lat' dir='ltr'><strong>iniqui</strong></span> <span class='ocrx_word' id='word_1_460' title='bbox 661 4505 807 4547; x_wconf 87' lang='lat' dir='ltr'><strong>actus</strong></span> <span class='ocrx_word' id='word_1_461' title='bbox 846 4508 950 4563; x_wconf 87' lang='lat' dir='ltr'><strong>non</strong></span> <span class='ocrx_word' id='word_1_462' title='bbox 977 4490 1251 4563; x_wconf 70' lang='lat' dir='ltr'><strong>sacrifiiiis</strong></span> <span class='ocrx_word' id='word_1_463' title='bbox 1279 4488 1640 4563; x_wconf 67' lang='lat' dir='ltr'><strong>redimantur,</strong></span> <span class='ocrx_word' id='word_1_464' title='bbox 1683 4489 1775 4540; x_wconf 78' lang='lat' dir='ltr'><strong>sed</strong></span> <span class='ocrx_word' id='word_1_465' title='bbox 1819 4489 1895 4541; x_wconf 63' lang='grc'><strong>1³-</strong></span> 
     </span>
    </p>
   </div>
   <div class='ocr_carea' id='block_1_60' title="bbox 313 4558 1891 4628">
    <p class='ocr_par' dir='ltr' id='par_1_60' title="bbox 313 4558 1891 4628">
     <span class='ocr_line' id='line_1_60' title="bbox 313 4558 1891 4628; baseline -0.002 -13"><span class='ocrx_word' id='word_1_466' title='bbox 313 4558 633 4618; x_wconf 69' lang='grc' dir='ltr'>ιιιειιιειιὶιῖιιρ</span> <span class='ocrx_word' id='word_1_467' title='bbox 655 4561 1099 4618; x_wconf 89' lang='lat' dir='ltr'><strong>etntisericordia.</strong></span> <span class='ocrx_word' id='word_1_468' title='bbox 1128 4560 1273 4615; x_wconf 86' lang='lat' dir='ltr'><strong>Unde</strong></span> <span class='ocrx_word' id='word_1_469' title='bbox 1296 4559 1423 4612; x_wconf 88' lang='lat' dir='ltr'><strong>dicit</strong></span> <span class='ocrx_word' id='word_1_470' title='bbox 1446 4558 1611 4612; x_wconf 90' lang='lat' dir='ltr'><strong>David</strong></span> <span class='ocrx_word' id='word_1_471' title='bbox 1633 4573 1751 4611; x_wconf 89' lang='lat' dir='ltr'><strong>cum</strong></span> <span class='ocrx_word' id='word_1_472' title='bbox 1769 4574 1891 4628; x_wconf 89' lang='lat' dir='ltr'><strong>pec-</strong></span> 
     </span>
    </p>
   </div>
   <div class='ocr_carea' id='block_1_61' title="bbox 311 4629 1888 4701">
    <p class='ocr_par' dir='ltr' id='par_1_61' title="bbox 311 4629 1888 4701">
     <span class='ocr_line' id='line_1_61' title="bbox 311 4629 1888 4701; baseline -0.003 -15"><span class='ocrx_word' id='word_1_473' title='bbox 311 4645 483 4688; x_wconf 77' lang='lat' dir='ltr'><strong>casset</strong></span> <span class='ocrx_word' id='word_1_474' title='bbox 503 4677 514 4698; x_wconf 89' lang='lat'><strong>,</strong></span> <span class='ocrx_word' id='word_1_475' title='bbox 563 4635 623 4690; x_wconf 91' lang='lat' dir='ltr'><strong>Si</strong></span> <span class='ocrx_word' id='word_1_476' title='bbox 650 4636 904 4698; x_wconf 83' lang='lat' dir='ltr'><strong>uoluisses,</strong></span> <span class='ocrx_word' id='word_1_477' title='bbox 936 4632 1184 4701; x_wconf 80' lang='lat' dir='ltr'><strong>sacriﬁcia</strong></span> <span class='ocrx_word' id='word_1_478' title='bbox 1222 4631 1468 4701; x_wconf 75' lang='lat' dir='ltr'><strong>dedissem</strong></span> <span class='ocrx_word' id='word_1_479' title='bbox 1493 4645 1512 4682; x_wconf 91' lang='lat'><strong><em>:</em></strong></span> <span class='ocrx_word' id='word_1_480' title='bbox 1542 4629 1710 4701; x_wconf 84' lang='lat' dir='ltr'><strong>utique</strong></span> <span class='ocrx_word' id='word_1_481' title='bbox 1744 4630 1888 4682; x_wconf 84' lang='lat' dir='ltr'><strong>Italo-</strong></span> 
     </span>
    </p>
   </div>
   <div class='ocr_carea' id='block_1_62' title="bbox 311 4700 1888 4771">
    <p class='ocr_par' dir='ltr' id='par_1_62' title="bbox 311 4700 1888 4771">
     <span class='ocr_line' id='line_1_62' title="bbox 311 4700 1888 4771; baseline -0.003 -15"><span class='ocrx_word' id='word_1_482' title='bbox 311 4707 495 4757; x_wconf 85' lang='lat' dir='ltr'><strong>caustis</strong></span> <span class='ocrx_word' id='word_1_483' title='bbox 525 4723 624 4760; x_wconf 83' lang='lat' dir='ltr'><strong>non</strong></span> <span class='ocrx_word' id='word_1_484' title='bbox 654 4705 991 4758; x_wconf 80' lang='lat' dir='ltr'><strong>delcctaberis.</strong></span> <span class='ocrx_word' id='word_1_485' title='bbox 1027 4700 1345 4771; x_wconf 72' lang='lat' dir='ltr'><strong>sacri/icium</strong></span> <span class='ocrx_word' id='word_1_486' title='bbox 1379 4700 1483 4753; x_wconf 89' lang='lat' dir='ltr'><strong>Deo</strong></span> <span class='ocrx_word' id='word_1_487' title='bbox 1520 4700 1727 4771; x_wconf 75' lang='lat' dir='ltr'><strong>spiritus</strong></span> <span class='ocrx_word' id='word_1_488' title='bbox 1765 4716 1888 4753; x_wconf 84' lang='lat' dir='ltr'><strong>cou-</strong></span> 
     </span>
    </p>
   </div>
   <div class='ocr_carea' id='block_1_63' title="bbox 314 4769 1891 4838">
    <p class='ocr_par' dir='ltr' id='par_1_63' title="bbox 314 4769 1891 4838">
     <span class='ocr_line' id='line_1_63' title="bbox 314 4769 1891 4838; baseline -0.001 -12"><span class='ocrx_word' id='word_1_489' title='bbox 314 4776 616 4838; x_wconf 80' lang='lat' dir='ltr'><strong>tribulatus;</strong></span> <span class='ocrx_word' id='word_1_490' title='bbox 652 4787 698 4829; x_wconf 83' lang='lat' dir='ltr'><strong>et</strong></span> <span class='ocrx_word' id='word_1_491' title='bbox 736 4792 822 4828; x_wconf 88' lang='lat' dir='ltr'><strong>cor</strong></span> <span class='ocrx_word' id='word_1_492' title='bbox 855 4775 1118 4827; x_wconf 83' lang='lat' dir='ltr'><strong>contritum</strong></span> <span class='ocrx_word' id='word_1_493' title='bbox 1167 4769 1212 4826; x_wconf 83' lang='lat' dir='ltr'><strong>et</strong></span> <span class='ocrx_word' id='word_1_494' title='bbox 1252 4772 1573 4824; x_wconf 87' lang='lat' dir='ltr'><strong>Itumiliatum</strong></span> <span class='ocrx_word' id='word_1_495' title='bbox 1615 4769 1751 4824; x_wconf 82' lang='lat' dir='ltr'><strong>Deus</strong></span> <span class='ocrx_word' id='word_1_496' title='bbox 1791 4787 1891 4824; x_wconf 82' lang='lat' dir='ltr'><strong>non</strong></span> 
     </span>
    </p>
   </div>
   <div class='ocr_carea' id='block_1_64' title="bbox 309 4840 1890 4919">
    <p class='ocr_par' dir='ltr' id='par_1_64' title="bbox 309 4840 1890 4919">
     <span class='ocr_line' id='line_1_64' title="bbox 309 4840 1890 4919; baseline -0.003 -20"><span class='ocrx_word' id='word_1_497' title='bbox 309 4850 498 4919; x_wconf 79' lang='lat' dir='ltr'><strong>spernit</strong></span> <span class='ocrx_word' id='word_1_498' title='bbox 529 4845 713 4919; x_wconf 86' lang='lat' dir='ltr'><strong>(Psal.</strong></span> <span class='ocrx_word' id='word_1_499' title='bbox 747 4863 810 4908; x_wconf 81' lang='lat' dir='ltr'><strong>L,</strong></span> <span class='ocrx_word' id='word_1_500' title='bbox 855 4847 951 4909; x_wconf 81' lang='grc'><strong>18,</strong></span> <span class='ocrx_word' id='word_1_501' title='bbox 989 4845 1109 4919; x_wconf 69' lang='lat' dir='ltr'><strong>tu).</strong></span> <span class='ocrx_word' id='word_1_502' title='bbox 1143 4843 1379 4911; x_wconf 89' lang='lat' dir='ltr'><strong>Denique</strong></span> <span class='ocrx_word' id='word_1_503' title='bbox 1403 4840 1784 4919; x_wconf 42' lang='lat' dir='ltr'><strong>dicit-Samuel</strong></span> <span class='ocrx_word' id='word_1_504' title='bbox 1823 4841 1890 4894; x_wconf 88' lang='lat' dir='ltr'><strong>ad</strong></span> 
     </span>
    </p>
   </div>
   <div class='ocr_carea' id='block_1_65' title="bbox 310 4912 1890 4986">
    <p class='ocr_par' dir='ltr' id='par_1_65' title="bbox 310 4912 1890 4986">
     <span class='ocr_line' id='line_1_65' title="bbox 310 4912 1890 4986; baseline -0.004 -15"><span class='ocrx_word' id='word_1_505' title='bbox 310 4912 453 4978; x_wconf 74' lang='lat' dir='ltr'><strong>Saill,</strong></span> <span class='ocrx_word' id='word_1_506' title='bbox 497 4912 584 4986; x_wconf 86' lang='lat' dir='ltr'><strong>qui</strong></span> <span class='ocrx_word' id='word_1_507' title='bbox 611 4933 729 4971; x_wconf 91' lang='lat' dir='ltr'><strong>cum</strong></span> <span class='ocrx_word' id='word_1_508' title='bbox 759 4912 1515 4986; x_wconf 64' lang='lat' dir='ltr'><strong>contempsissetpraeceptum</strong></span> <span class='ocrx_word' id='word_1_509' title='bbox 1546 4912 1772 4986; x_wconf 80' lang='lat' dir='ltr'><strong>Domini,</strong></span> <span class='ocrx_word' id='word_1_510' title='bbox 1805 4927 1890 4986; x_wconf 53' lang='lat' dir='ltr'><strong>sa.</strong></span> 
     </span>
    </p>
   </div>
   <div class='ocr_carea' id='block_1_66' title="bbox 309 4981 1886 5057">
    <p class='ocr_par' dir='ltr' id='par_1_66' title="bbox 309 4981 1886 5057">
     <span class='ocr_line' id='line_1_66' title="bbox 309 4981 1886 5057; baseline -0.004 -17"><span class='ocrx_word' id='word_1_511' title='bbox 309 4981 694 5041; x_wconf 38' lang='lat' dir='ltr'><strong>orificio-Deum</strong></span> <span class='ocrx_word' id='word_1_512' title='bbox 718 4988 935 5057; x_wconf 87' lang='lat' dir='ltr'><strong>putabat</strong></span> <span class='ocrx_word' id='word_1_513' title='bbox 957 4981 1110 5057; x_wconf 83' lang='lat' dir='ltr'><strong>posse</strong></span> <span class='ocrx_word' id='word_1_514' title='bbox 1139 4984 1353 5053; x_wconf 89' lang='lat' dir='ltr'><strong>placari,</strong></span> <span class='ocrx_word' id='word_1_515' title='bbox 1376 4981 1672 5057; x_wconf 71' lang='lat' dir='ltr'><strong>Nouenim,</strong></span> <span class='ocrx_word' id='word_1_516' title='bbox 1700 4984 1886 5051; x_wconf 90' lang='lat' dir='ltr'><strong>inquit,</strong></span> 
     </span>
    </p>
   </div>
   <div class='ocr_carea' id='block_1_67' title="bbox 311 5053 1890 5127">
    <p class='ocr_par' dir='ltr' id='par_1_67' title="bbox 311 5053 1890 5127">
     <span class='ocr_line' id='line_1_67' title="bbox 311 5053 1890 5127; baseline -0.002 -18"><span class='ocrx_word' id='word_1_517' title='bbox 311 5061 410 5117; x_wconf 75' lang='lat' dir='ltr'><strong>vult</strong></span> <span class='ocrx_word' id='word_1_518' title='bbox 449 5057 588 5112; x_wconf 83' lang='lat' dir='ltr'><strong>Deus</strong></span> <span class='ocrx_word' id='word_1_519' title='bbox 618 5053 922 5124; x_wconf 70' lang='lat' dir='ltr'><strong>sacriﬁcium</strong></span> <span class='ocrx_word' id='word_1_520' title='bbox 949 5053 1131 5127; x_wconf 66' lang='lat' dir='ltr'><strong>inagis,</strong></span> <span class='ocrx_word' id='word_1_521' title='bbox 1172 5072 1320 5127; x_wconf 73' lang='lat' dir='ltr'><strong>quant</strong></span> <span class='ocrx_word' id='word_1_522' title='bbox 1347 5053 1516 5127; x_wconf 75' lang='lat' dir='ltr'><strong>audiri</strong></span> <span class='ocrx_word' id='word_1_523' title='bbox 1527 5069 1707 5127; x_wconf 77' lang='lat' dir='ltr'><strong>_t_toce_m</strong></span> <span class='ocrx_word' id='word_1_524' title='bbox 1744 5070 1890 5127; x_wconf 72' lang='lat' dir='ltr'><strong>suam</strong></span> 
     </span>
    </p>
   </div>
   <div class='ocr_carea' id='block_1_68' title="bbox 311 5121 1888 5197">
    <p class='ocr_par' dir='ltr' id='par_1_68' title="bbox 311 5121 1888 5197">
     <span class='ocr_line' id='line_1_68' title="bbox 311 5121 1888 5197; baseline -0.003 -17"><span class='ocrx_word' id='word_1_525' title='bbox 311 5129 360 5193; x_wconf 87' lang='lat' dir='ltr'><strong>(I</strong></span> <span class='ocrx_word' id='word_1_526' title='bbox 405 5129 532 5197; x_wconf 79' lang='lat' dir='ltr'><strong>Reg.</strong></span> <span class='ocrx_word' id='word_1_527' title='bbox 571 5145 658 5192; x_wconf 81' lang='lat' dir='ltr'><strong>xv,</strong></span> <span class='ocrx_word' id='word_1_528' title='bbox 699 5121 822 5197; x_wconf 58' lang='grc' dir='ltr'><strong>ἓξ).</strong></span> <span class='ocrx_word' id='word_1_529' title='bbox 871 5128 936 5180; x_wconf 82' lang='grc' dir='ltr'>Ει</span> <span class='ocrx_word' id='word_1_530' title='bbox 966 5121 1236 5194; x_wconf 67' lang='lat' dir='ltr'><strong>Scriptura</strong></span> <span class='ocrx_word' id='word_1_531' title='bbox 1279 5125 1439 5187; x_wconf 85' lang='lat' dir='ltr'><strong>dicit,</strong></span> <span class='ocrx_word' id='word_1_532' title='bbox 1473 5121 1888 5197; x_wconf 72' lang='lat' dir='ltr'><strong>Misericordiam</strong></span> 
     </span>
    </p>
   </div>
   <div class='ocr_carea' id='block_1_69' title="bbox 308 5195 1886 5270">
    <p class='ocr_par' dir='ltr' id='par_1_69' title="bbox 308 5195 1886 5270">
     <span class='ocr_line' id='line_1_69' title="bbox 308 5195 1886 5270; baseline -0.003 -20"><span class='ocrx_word' id='word_1_533' title='bbox 308 5200 419 5252; x_wconf 83' lang='lat' dir='ltr'><strong>volo</strong></span> <span class='ocrx_word' id='word_1_534' title='bbox 454 5195 568 5270; x_wconf 72' lang='lat' dir='ltr'><strong>plus</strong></span> <span class='ocrx_word' id='word_1_535' title='bbox 595 5217 742 5269; x_wconf 85' lang='lat' dir='ltr'><strong>quam</strong></span> <span class='ocrx_word' id='word_1_536' title='bbox 785 5195 1088 5270; x_wconf 77' lang='lat' dir='ltr'><strong>sacri/icium</strong></span> <span class='ocrx_word' id='word_1_537' title='bbox 1115 5197 1274 5270; x_wconf 81' lang='lat' dir='ltr'><strong>(Osee</strong></span> <span class='ocrx_word' id='word_1_538' title='bbox 1303 5213 1379 5270; x_wconf 79' lang='lat' dir='ltr'><strong>Vt,</strong></span> <span class='ocrx_word' id='word_1_539' title='bbox 1408 5197 1449 5270; x_wconf 82' lang='lat'><strong>_6</strong></span> <span class='ocrx_word' id='word_1_540' title='bbox 1557 5195 1722 5270; x_wconf 70' lang='grc' dir='ltr'><strong>ι1ιιι1ςιεί</strong></span> <span class='ocrx_word' id='word_1_541' title='bbox 1767 5210 1886 5270; x_wconf 81' lang='lat' dir='ltr'><strong>cum</strong></span> 
     </span>
    </p>
   </div>
   <div class='ocr_carea' id='block_1_70' title="bbox 312 5265 1890 5337">
    <p class='ocr_par' dir='ltr' id='par_1_70' title="bbox 312 5265 1890 5337">
     <span class='ocr_line' id='line_1_70' title="bbox 312 5265 1890 5337; baseline -0.003 -17"><span class='ocrx_word' id='word_1_542' title='bbox 312 5265 491 5337; x_wconf 81' lang='lat' dir='ltr'><strong>injusti</strong></span> <span class='ocrx_word' id='word_1_543' title='bbox 518 5265 717 5333; x_wconf 82' lang='lat' dir='ltr'><strong>essent,</strong></span> <span class='ocrx_word' id='word_1_544' title='bbox 759 5282 811 5323; x_wconf 90' lang='lat' dir='ltr'><strong>et</strong></span> <span class='ocrx_word' id='word_1_545' title='bbox 841 5265 1306 5333; x_wconf 80' lang='lat' dir='ltr'><strong>immisericordes,</strong></span> <span class='ocrx_word' id='word_1_546' title='bbox 1334 5266 1688 5320; x_wconf 87' lang='lat' dir='ltr'><strong>oblationibus</strong></span> <span class='ocrx_word' id='word_1_547' title='bbox 1713 5265 1890 5334; x_wconf 77' lang='lat' dir='ltr'><strong>propi-</strong></span> 
     </span>
    </p>
   </div>
   <div class='ocr_carea' id='block_1_71' title="bbox 309 5338 1884 5404">
    <p class='ocr_par' dir='ltr' id='par_1_71' title="bbox 309 5338 1884 5404">
     <span class='ocr_line' id='line_1_71' title="bbox 309 5338 1884 5404; baseline -0.003 -11"><span class='ocrx_word' id='word_1_548' title='bbox 309 5340 437 5393; x_wconf 87' lang='lat' dir='ltr'><strong>tittttt</strong></span> <span class='ocrx_word' id='word_1_549' title='bbox 468 5342 634 5394; x_wconf 90' lang='lat' dir='ltr'><strong>Deum</strong></span> <span class='ocrx_word' id='word_1_550' title='bbox 663 5341 774 5393; x_wconf 84' lang='lat' dir='ltr'><strong>ﬁeri</strong></span> <span class='ocrx_word' id='word_1_551' title='bbox 799 5341 1190 5393; x_wconf 84' lang='lat' dir='ltr'><strong>arbitrabantur</strong></span> <span class='ocrx_word' id='word_1_552' title='bbox 1224 5359 1235 5390; x_wconf 87' lang='lat'><strong>:</strong></span> <span class='ocrx_word' id='word_1_553' title='bbox 1269 5340 1402 5391; x_wconf 89' lang='lat' dir='ltr'><strong>sicut</strong></span> <span class='ocrx_word' id='word_1_554' title='bbox 1431 5347 1484 5390; x_wconf 91' lang='lat' dir='ltr'><strong>et</strong></span> <span class='ocrx_word' id='word_1_555' title='bbox 1506 5338 1884 5404; x_wconf 64' lang='lat' dir='ltr'><strong>nuncquidam</strong></span> 
     </span>
    </p>
   </div>
   <div class='ocr_carea' id='block_1_72' title="bbox 309 5409 1882 5480">
    <p class='ocr_par' dir='ltr' id='par_1_72' title="bbox 309 5409 1882 5480">
     <span class='ocr_line' id='line_1_72' title="bbox 309 5409 1882 5480; baseline -0.003 -18"><span class='ocrx_word' id='word_1_556' title='bbox 309 5422 625 5478; x_wconf 83' lang='lat' dir='ltr'><strong>spernentes</strong></span> <span class='ocrx_word' id='word_1_557' title='bbox 647 5411 924 5480; x_wconf 87' lang='lat' dir='ltr'><strong>justitiam,</strong></span> <span class='ocrx_word' id='word_1_558' title='bbox 956 5410 1310 5464; x_wconf 89' lang='lat' dir='ltr'><strong>oblationibus</strong></span> <span class='ocrx_word' id='word_1_559' title='bbox 1339 5409 1539 5463; x_wconf 90' lang='lat' dir='ltr'><strong>laudari</strong></span> <span class='ocrx_word' id='word_1_560' title='bbox 1583 5423 1640 5461; x_wconf 90' lang='lat' dir='ltr'><strong>se</strong></span> <span class='ocrx_word' id='word_1_561' title='bbox 1682 5416 1882 5475; x_wconf 89' lang='lat' dir='ltr'><strong>putant.</strong></span> 
     </span>
    </p>
   </div>
   <div class='ocr_carea' id='block_1_73' title="bbox 311 5480 1887 5551">
    <p class='ocr_par' dir='ltr' id='par_1_73' title="bbox 311 5480 1887 5551">
     <span class='ocr_line' id='line_1_73' title="bbox 311 5480 1887 5551; baseline -0.003 -17"><span class='ocrx_word' id='word_1_562' title='bbox 311 5480 452 5535; x_wconf 83' lang='lat' dir='ltr'><strong>Bona</strong></span> <span class='ocrx_word' id='word_1_563' title='bbox 483 5493 566 5536; x_wconf 88' lang='lat' dir='ltr'><strong>est</strong></span> <span class='ocrx_word' id='word_1_564' title='bbox 593 5498 719 5551; x_wconf 86' lang='lat' dir='ltr'><strong>ergo</strong></span> <span class='ocrx_word' id='word_1_565' title='bbox 746 5483 962 5546; x_wconf 86' lang='lat' dir='ltr'><strong>oblatio,</strong></span> <span class='ocrx_word' id='word_1_566' title='bbox 991 5481 1031 5533; x_wconf 88' lang='lat' dir='ltr'><strong>si</strong></span> <span class='ocrx_word' id='word_1_567' title='bbox 1064 5491 1303 5534; x_wconf 84' lang='lat' dir='ltr'><strong>servetur</strong></span> <span class='ocrx_word' id='word_1_568' title='bbox 1322 5480 1545 5548; x_wconf 84' lang='lat' dir='ltr'><strong>justitia,</strong></span> <span class='ocrx_word' id='word_1_569' title='bbox 1573 5489 1630 5551; x_wconf 81' lang='lat' dir='ltr'><strong>et</strong></span> <span class='ocrx_word' id='word_1_570' title='bbox 1657 5495 1759 5531; x_wconf 90' lang='lat' dir='ltr'><strong>non</strong></span> <span class='ocrx_word' id='word_1_571' title='bbox 1797 5494 1887 5530; x_wconf 86' lang='lat' dir='ltr'><strong>tte-</strong></span> 
     </span>
    </p>
   </div>
   <div class='ocr_carea' id='block_1_74' title="bbox 229 5549 1888 5620">
    <p class='ocr_par' dir='ltr' id='par_1_74' title="bbox 229 5549 1888 5620">
     <span class='ocr_line' id='line_1_74' title="bbox 229 5549 1888 5620; baseline -0.001 -16"><span class='ocrx_word' id='word_1_572' title='bbox 229 5567 234 5570; x_wconf 92' lang='grc'><strong>·</strong></span> <span class='ocrx_word' id='word_1_573' title='bbox 306 5553 534 5620; x_wconf 80' lang='lat' dir='ltr'><strong>gligatur</strong></span> <span class='ocrx_word' id='word_1_574' title='bbox 580 5549 974 5615; x_wconf 81' lang='lat' dir='ltr'><strong>misericordia;</strong></span> <span class='ocrx_word' id='word_1_575' title='bbox 1007 5551 1128 5620; x_wconf 90' lang='lat' dir='ltr'><strong>quia</strong></span> <span class='ocrx_word' id='word_1_576' title='bbox 1168 5551 1304 5620; x_wconf 88' lang='lat' dir='ltr'><strong>quod</strong></span> <span class='ocrx_word' id='word_1_577' title='bbox 1338 5551 1488 5604; x_wconf 90' lang='lat' dir='ltr'><strong>nobis</strong></span> <span class='ocrx_word' id='word_1_578' title='bbox 1528 5549 1790 5618; x_wconf 89' lang='lat' dir='ltr'><strong>petimus,</strong></span> <span class='ocrx_word' id='word_1_579' title='bbox 1835 5558 1888 5603; x_wconf 91' lang='lat' dir='ltr'><strong>et</strong></span> 
     </span>
    </p>
   </div>
   <div class='ocr_carea' id='block_1_75' title="bbox 307 5624 1004 5694">
    <p class='ocr_par' dir='ltr' id='par_1_75' title="bbox 307 5624 1004 5694">
     <span class='ocr_line' id='line_1_75' title="bbox 307 5624 1004 5694; baseline -0.001 -19"><span class='ocrx_word' id='word_1_580' title='bbox 307 5624 423 5677; x_wconf 86' lang='lat' dir='ltr'><strong>aliis</strong></span> <span class='ocrx_word' id='word_1_581' title='bbox 448 5634 702 5694; x_wconf 69' lang='lat' dir='ltr'><strong>pt&#39;arstare</strong></span> <span class='ocrx_word' id='word_1_582' title='bbox 733 5624 1004 5677; x_wconf 85' lang='lat' dir='ltr'><strong>debemus.</strong></span> 
     </span>
    </p>
   </div>
   <div class='ocr_carea' id='block_1_76' title="bbox 369 5719 946 5779">
    <p class='ocr_par' dir='ltr' id='par_1_76' title="bbox 369 5719 946 5779">
     <span class='ocr_line' id='line_1_76' title="bbox 369 5719 946 5779; baseline -0.009 -9"><span class='ocrx_word' id='word_1_583' title='bbox 369 5721 386 5752; x_wconf 71' lang='grc'>³</span> <span class='ocrx_word' id='word_1_584' title='bbox 423 5726 503 5769; x_wconf 74' lang='lat' dir='ltr'><strong>Its.</strong></span> <span class='ocrx_word' id='word_1_585' title='bbox 527 5719 754 5779; x_wconf 86' lang='lat' dir='ltr'><strong>colbert.,</strong></span> <span class='ocrx_word' id='word_1_586' title='bbox 779 5719 946 5770; x_wconf 72' lang='lat' dir='ltr'><strong>votiva.</strong></span> 
     </span>
    </p>
   </div>
   <div class='ocr_carea' id='block_1_77' title="bbox 367 5798 1636 5864">
    <p class='ocr_par' dir='ltr' id='par_1_77' title="bbox 367 5798 1636 5864">
     <span class='ocr_line' id='line_1_77' title="bbox 367 5798 1636 5864; baseline -0.002 -13"><span class='ocrx_word' id='word_1_587' title='bbox 367 5803 442 5864; x_wconf 83' lang='grc' dir='ltr'><strong>(α)</strong></span> <span class='ocrx_word' id='word_1_588' title='bbox 467 5811 577 5851; x_wconf 64' lang='lat' dir='ltr'><strong>llaec</strong></span> <span class='ocrx_word' id='word_1_589' title='bbox 599 5801 804 5864; x_wconf 75' lang='lat' dir='ltr'><strong>qua-stin</strong></span> <span class='ocrx_word' id='word_1_590' title='bbox 827 5803 971 5850; x_wconf 85' lang='lat' dir='ltr'><strong>deest</strong></span> <span class='ocrx_word' id='word_1_591' title='bbox 995 5801 1041 5848; x_wconf 91' lang='lat' dir='ltr'><strong>in</strong></span> <span class='ocrx_word' id='word_1_592' title='bbox 1064 5808 1168 5848; x_wconf 78' lang='lat' dir='ltr'><strong>Mss.</strong></span> <span class='ocrx_word' id='word_1_593' title='bbox 1195 5798 1394 5848; x_wconf 86' lang='lat' dir='ltr'><strong>secundi</strong></span> <span class='ocrx_word' id='word_1_594' title='bbox 1418 5799 1636 5861; x_wconf 81' lang='lat' dir='ltr'><strong>generis.</strong></span> 
     </span>
    </p>
   </div>
   <div class='ocr_carea' id='block_1_78' title="bbox 465 5886 1155 5947">
    <p class='ocr_par' dir='ltr' id='par_1_78' title="bbox 465 5886 1155 5947">
     <span class='ocr_line' id='line_1_78' title="bbox 465 5886 1155 5947; baseline -0.006 0"><span class='ocrx_word' id='word_1_595' title='bbox 465 5886 692 5947; x_wconf 69' lang='grc' dir='ltr'><strong>ΒΑΜιτ.</strong></span> <span class='ocrx_word' id='word_1_596' title='bbox 728 5889 997 5945; x_wconf 76' lang='lat' dir='ltr'><strong>AUGUST.</strong></span> <span class='ocrx_word' id='word_1_597' title='bbox 1051 5886 1155 5944; x_wconf 94' lang='lat' dir='ltr'><strong>III.</strong></span> 
     </span>
    </p>
   </div>
   <div class='ocr_carea' id='block_1_79' title="bbox 1779 346 3603 424">
    <p class='ocr_par' dir='ltr' id='par_1_79' title="bbox 1779 346 3603 424">
     <span class='ocr_line' id='line_1_79' title="bbox 1779 346 3603 424; baseline 0.01 -20"><span class='ocrx_word' id='word_1_598' title='bbox 1779 346 2142 408; x_wconf 76' lang='lat' dir='ltr'><strong>APPENDIX.</strong></span> <span class='ocrx_word' id='word_1_599' title='bbox 3464 367 3560 423; x_wconf 69' lang='lat'><strong>2&#39;5!</strong></span> <span class='ocrx_word' id='word_1_600' title='bbox 3576 366 3603 424; x_wconf 87' lang='grc' dir='ltr'><strong>ι</strong></span> 
     </span>
    </p>
   </div>
   <div class='ocr_carea' id='block_1_80' title="bbox 2507 487 3107 530">
    <p class='ocr_par' dir='ltr' id='par_1_80' title="bbox 2507 487 3107 530">
     <span class='ocr_line' id='line_1_80' title="bbox 2507 487 3107 530; baseline 0.01 -5"><span class='ocrx_word' id='word_1_601' title='bbox 2507 487 2570 526; x_wconf 76' lang='lat' dir='ltr'><strong>DE</strong></span> <span class='ocrx_word' id='word_1_602' title='bbox 2619 488 2670 525; x_wconf 77' lang='grc' dir='ltr'>Εἰ</span> <span class='ocrx_word' id='word_1_603' title='bbox 2687 489 2908 529; x_wconf 70' lang='grc' dir='ltr'><strong>ᾹΧῦΕωΟ</strong></span> <span class='ocrx_word' id='word_1_604' title='bbox 2940 491 3107 530; x_wconf 57' lang='grc' dir='ltr'><strong>ιυςκε.</strong></span> 
     </span>
    </p>
   </div>
   <div class='ocr_carea' id='block_1_81' title="bbox 2100 538 3602 612">
    <p class='ocr_par' dir='ltr' id='par_1_81' title="bbox 2100 538 3602 612">
     <span class='ocr_line' id='line_1_81' title="bbox 2100 538 3602 612; baseline 0.013 -20"><span class='ocrx_word' id='word_1_605' title='bbox 2100 539 2206 594; x_wconf 81' lang='lat' dir='ltr'><strong>CIV</strong></span> <span class='ocrx_word' id='word_1_606' title='bbox 2253 538 2346 608; x_wconf 74' lang='grc' dir='ltr'>(ιι).</span> <span class='ocrx_word' id='word_1_607' title='bbox 2393 572 2464 582; x_wconf 92' lang='lat'><strong><em>—</em></strong></span> <span class='ocrx_word' id='word_1_608' title='bbox 2512 543 2694 597; x_wconf 85' lang='lat' dir='ltr'><strong>Sciens</strong></span> <span class='ocrx_word' id='word_1_609' title='bbox 2743 545 2992 599; x_wconf 88' lang='lat' dir='ltr'><strong>Dominus</strong></span> <span class='ocrx_word' id='word_1_610' title='bbox 3066 548 3255 601; x_wconf 88' lang='lat' dir='ltr'><strong>bellum</strong></span> <span class='ocrx_word' id='word_1_611' title='bbox 3323 552 3602 612; x_wconf 79' lang='lat' dir='ltr'><strong>Judaicnm</strong></span> 
     </span>
    </p>
   </div>
   <div class='ocr_carea' id='block_1_82' title="bbox 2028 609 3601 688">
    <p class='ocr_par' dir='ltr' id='par_1_82' title="bbox 2028 609 3601 688">
     <span class='ocr_line' id='line_1_82' title="bbox 2028 609 3601 688; baseline 0.013 -26"><span class='ocrx_word' id='word_1_612' title='bbox 2028 609 2279 665; x_wconf 84' lang='lat' dir='ltr'><strong>adversus</strong></span> <span class='ocrx_word' id='word_1_613' title='bbox 2304 627 2361 666; x_wconf 89' lang='lat' dir='ltr'><strong>sc</strong></span> <span class='ocrx_word' id='word_1_614' title='bbox 2385 614 2632 688; x_wconf 81' lang='lat' dir='ltr'><strong>futurum,</strong></span> <span class='ocrx_word' id='word_1_615' title='bbox 2653 614 2784 668; x_wconf 81' lang='lat' dir='ltr'><strong>dixit</strong></span> <span class='ocrx_word' id='word_1_616' title='bbox 2803 616 3074 684; x_wconf 87' lang='lat' dir='ltr'><strong>discipulis</strong></span> <span class='ocrx_word' id='word_1_617' title='bbox 3090 621 3199 672; x_wconf 71' lang='lat' dir='ltr'><strong>suis</strong></span> <span class='ocrx_word' id='word_1_618' title='bbox 3215 630 3262 670; x_wconf 80' lang='lat' dir='ltr'><strong>ut</strong></span> <span class='ocrx_word' id='word_1_619' title='bbox 3288 623 3483 688; x_wconf 75' lang='lat' dir='ltr'><strong>gladios</strong></span> <span class='ocrx_word' id='word_1_620' title='bbox 3501 609 3601 682; x_wconf 82' lang='lat' dir='ltr'><strong>sibi</strong></span> 
     </span>
    </p>
   </div>
   <div class='ocr_carea' id='block_1_83' title="bbox 2031 686 3603 756">
    <p class='ocr_par' dir='ltr' id='par_1_83' title="bbox 2031 686 3603 756">
     <span class='ocr_line' id='line_1_83' title="bbox 2031 686 3603 756; baseline 0.011 -23"><span class='ocrx_word' id='word_1_621' title='bbox 2031 693 2274 756; x_wconf 76' lang='lat' dir='ltr'><strong>pararent</strong></span> <span class='ocrx_word' id='word_1_622' title='bbox 2303 699 2448 756; x_wconf 13' lang='lat' dir='ltr'><strong>:iquo</strong></span> <span class='ocrx_word' id='word_1_623' title='bbox 2470 686 2636 742; x_wconf 73' lang='lat' dir='ltr'><strong>Iacto.</strong></span> <span class='ocrx_word' id='word_1_624' title='bbox 2674 700 2792 739; x_wconf 88' lang='lat' dir='ltr'><strong>cum</strong></span> <span class='ocrx_word' id='word_1_625' title='bbox 2821 697 3050 756; x_wconf 69' lang='lat' dir='ltr'><strong>emptum</strong></span> <span class='ocrx_word' id='word_1_626' title='bbox 3079 702 3221 744; x_wconf 73' lang='lat' dir='ltr'><strong>esset</strong></span> <span class='ocrx_word' id='word_1_627' title='bbox 3250 686 3441 748; x_wconf 77' lang='lat' dir='ltr'><strong>ltellutn</strong></span> <span class='ocrx_word' id='word_1_628' title='bbox 3467 696 3603 754; x_wconf 85' lang='lat' dir='ltr'><strong>duce</strong></span> 
     </span>
    </p>
   </div>
   <div class='ocr_carea' id='block_1_84' title="bbox 2025 751 3602 834">
    <p class='ocr_par' dir='ltr' id='par_1_84' title="bbox 2025 751 3602 834">
     <span class='ocr_line' id='line_1_84' title="bbox 2025 751 3602 834; baseline 0.012 -31"><span class='ocrx_word' id='word_1_629' title='bbox 2025 751 2156 834; x_wconf 60' lang='lat' dir='ltr'><strong>inda</strong></span> <span class='ocrx_word' id='word_1_630' title='bbox 2203 751 2464 834; x_wconf 34' lang='lat' dir='ltr'><strong>Scariote‘,</strong></span> <span class='ocrx_word' id='word_1_631' title='bbox 2507 757 2688 834; x_wconf 72' lang='lat' dir='ltr'><strong>videns</strong></span> <span class='ocrx_word' id='word_1_632' title='bbox 2733 751 2920 811; x_wconf 78' lang='lat' dir='ltr'><strong>Petrus</strong></span> <span class='ocrx_word' id='word_1_633' title='bbox 2953 761 3221 834; x_wconf 83' lang='lat' dir='ltr'><strong>apostolus</strong></span> <span class='ocrx_word' id='word_1_634' title='bbox 3270 751 3602 834; x_wconf 79' lang='lat' dir='ltr'><strong>insurgentes</strong></span> 
     </span>
    </p>
   </div>
   <div class='ocr_carea' id='block_1_85' title="bbox 2029 821 3602 897">
    <p class='ocr_par' dir='ltr' id='par_1_85' title="bbox 2029 821 3602 897">
     <span class='ocr_line' id='line_1_85' title="bbox 2029 821 3602 897; baseline 0.013 -23"><span class='ocrx_word' id='word_1_635' title='bbox 2029 821 2226 897; x_wconf 85' lang='lat' dir='ltr'><strong>hostes,</strong></span> <span class='ocrx_word' id='word_1_636' title='bbox 2258 825 2471 897; x_wconf 87' lang='lat' dir='ltr'><strong>protulit</strong></span> <span class='ocrx_word' id='word_1_637' title='bbox 2490 825 2739 892; x_wconf 85' lang='lat' dir='ltr'><strong>gladium,</strong></span> <span class='ocrx_word' id='word_1_638' title='bbox 2764 835 2818 881; x_wconf 90' lang='lat' dir='ltr'><strong>et</strong></span> <span class='ocrx_word' id='word_1_639' title='bbox 2843 821 3133 897; x_wconf 84' lang='lat' dir='ltr'><strong>amputavit</strong></span> <span class='ocrx_word' id='word_1_640' title='bbox 3155 821 3446 888; x_wconf 72' lang='lat' dir='ltr'><strong>auriculatii</strong></span> <span class='ocrx_word' id='word_1_641' title='bbox 3459 821 3602 894; x_wconf 82' lang='lat' dir='ltr'><strong>servi</strong></span> 
     </span>
    </p>
   </div>
   <div class='ocr_carea' id='block_1_86' title="bbox 2024 893 3602 968">
    <p class='ocr_par' dir='ltr' id='par_1_86' title="bbox 2024 893 3602 968">
     <span class='ocr_line' id='line_1_86' title="bbox 2024 893 3602 968; baseline 0.01 -23"><span class='ocrx_word' id='word_1_642' title='bbox 2024 893 2379 968; x_wconf 75' lang='lat' dir='ltr'><strong>sacerdotum.</strong></span> <span class='ocrx_word' id='word_1_643' title='bbox 2428 895 2573 968; x_wconf 77' lang='lat' dir='ltr'><strong>Tunc</strong></span> <span class='ocrx_word' id='word_1_644' title='bbox 2624 893 3054 968; x_wconf 73' lang='lat' dir='ltr'><strong>Dominusjussit</strong></span> <span class='ocrx_word' id='word_1_645' title='bbox 3104 903 3280 968; x_wconf 88' lang='lat' dir='ltr'><strong>Petro,</strong></span> <span class='ocrx_word' id='word_1_646' title='bbox 3333 915 3387 959; x_wconf 91' lang='lat' dir='ltr'><strong>ut</strong></span> <span class='ocrx_word' id='word_1_647' title='bbox 3417 893 3602 961; x_wconf 52' lang='lat' dir='ltr'><strong>reconé</strong></span> 
     </span>
    </p>
   </div>
   <div class='ocr_carea' id='block_1_87' title="bbox 2023 961 3600 1047">
    <p class='ocr_par' dir='ltr' id='par_1_87' title="bbox 2023 961 3600 1047">
     <span class='ocr_line' id='line_1_87' title="bbox 2023 961 3600 1047; baseline 0.011 -32"><span class='ocrx_word' id='word_1_648' title='bbox 2023 961 2174 1046; x_wconf 75' lang='lat' dir='ltr'><strong>deret</strong></span> <span class='ocrx_word' id='word_1_649' title='bbox 2197 965 2425 1047; x_wconf 76' lang='lat' dir='ltr'><strong>gladium</strong></span> <span class='ocrx_word' id='word_1_650' title='bbox 2460 966 2510 1047; x_wconf 63' lang='lat' dir='ltr'><strong>iii</strong></span> <span class='ocrx_word' id='word_1_651' title='bbox 2539 967 2742 1047; x_wconf 80' lang='lat' dir='ltr'><strong>thecam</strong></span> <span class='ocrx_word' id='word_1_652' title='bbox 2772 961 2916 1047; x_wconf 61' lang='lat' dir='ltr'><strong>suam</strong></span> <span class='ocrx_word' id='word_1_653' title='bbox 2947 972 3171 1047; x_wconf 64' lang='lat' dir='ltr'><strong>:__()tt_tt_tfs</strong></span> <span class='ocrx_word' id='word_1_654' title='bbox 3196 961 3352 1047; x_wconf 79' lang='lat' dir='ltr'><strong>enim,</strong></span> <span class='ocrx_word' id='word_1_655' title='bbox 3390 977 3555 1047; x_wconf 87' lang='lat' dir='ltr'><strong>inquit</strong></span> <span class='ocrx_word' id='word_1_656' title='bbox 3580 1019 3600 1046; x_wconf 90' lang='lat'><strong>,</strong></span> 
     </span>
    </p>
   </div>
   <div class='ocr_carea' id='block_1_88' title="bbox 2024 1036 3596 1117">
    <p class='ocr_par' dir='ltr' id='par_1_88' title="bbox 2024 1036 3596 1117">
     <span class='ocr_line' id='line_1_88' title="bbox 2024 1036 3596 1117; baseline 0.013 -33"><span class='ocrx_word' id='word_1_657' title='bbox 2024 1036 2108 1117; x_wconf 63' lang='lat' dir='ltr'><strong>qui</strong></span> <span class='ocrx_word' id='word_1_658' title='bbox 2145 1037 2344 1117; x_wconf 64' lang='lat' dir='ltr'><strong>accepit</strong></span> <span class='ocrx_word' id='word_1_659' title='bbox 2372 1037 2616 1117; x_wconf 63' lang='lat' dir='ltr'><strong>gladium,</strong></span> <span class='ocrx_word' id='word_1_660' title='bbox 2663 1039 2833 1117; x_wconf 79' lang='lat' dir='ltr'><strong>gladio</strong></span> <span class='ocrx_word' id='word_1_661' title='bbox 2859 1040 3034 1117; x_wconf 67' lang='lat' dir='ltr'><strong>peribit</strong></span> <span class='ocrx_word' id='word_1_662' title='bbox 3061 1043 3268 1117; x_wconf 81' lang='lat' dir='ltr'><strong>Matth.</strong></span> <span class='ocrx_word' id='word_1_663' title='bbox 3317 1036 3472 1112; x_wconf 52' lang='lat' dir='ltr'><strong>itm;</strong></span> <span class='ocrx_word' id='word_1_664' title='bbox 3495 1049 3555 1103; x_wconf 80' lang='grc'><strong>51</strong></span> 
     </span>
    </p>
   </div>
   <div class='ocr_carea' id='block_1_89' title="bbox 2025 1104 3599 1186">
    <p class='ocr_par' dir='ltr' id='par_1_89' title="bbox 2025 1104 3599 1186">
     <span class='ocr_line' id='line_1_89' title="bbox 2025 1104 3599 1186; baseline 0.008 -28"><span class='ocrx_word' id='word_1_665' title='bbox 2025 1104 2132 1186; x_wconf 49' lang='grc'><strong>52).</strong></span> <span class='ocrx_word' id='word_1_666' title='bbox 2155 1104 2718 1186; x_wconf 67' lang='lat' dir='ltr'><strong>thuidpararijussit,</strong></span> <span class='ocrx_word' id='word_1_667' title='bbox 2738 1111 2824 1178; x_wconf 91' lang='lat' dir='ltr'><strong>qui</strong></span> <span class='ocrx_word' id='word_1_668' title='bbox 2844 1104 3104 1186; x_wconf 83' lang='lat' dir='ltr'><strong>prohibuit</strong></span> <span class='ocrx_word' id='word_1_669' title='bbox 3120 1126 3422 1183; x_wconf 87' lang='lat' dir='ltr'><strong>percutere;</strong></span> <span class='ocrx_word' id='word_1_670' title='bbox 3450 1104 3599 1176; x_wconf 59' lang='lat' dir='ltr'><strong>iam;</strong></span> 
     </span>
    </p>
   </div>
   <div class='ocr_carea' id='block_1_90' title="bbox 2022 1178 3595 1256">
    <p class='ocr_par' dir='ltr' id='par_1_90' title="bbox 2022 1178 3595 1256">
     <span class='ocr_line' id='line_1_90' title="bbox 2022 1178 3595 1256; baseline 0.008 -28"><span class='ocrx_word' id='word_1_671' title='bbox 2022 1178 2179 1229; x_wconf 90' lang='lat' dir='ltr'><strong>etiam</strong></span> <span class='ocrx_word' id='word_1_672' title='bbox 2215 1178 2398 1255; x_wconf 85' lang='lat' dir='ltr'><strong>mortis</strong></span> <span class='ocrx_word' id='word_1_673' title='bbox 2425 1178 2707 1256; x_wconf 78' lang='lat' dir='ltr'><strong>designans</strong></span> <span class='ocrx_word' id='word_1_674' title='bbox 2737 1178 2878 1256; x_wconf 79' lang='lat' dir='ltr'><strong>eum,</strong></span> <span class='ocrx_word' id='word_1_675' title='bbox 2907 1183 2993 1251; x_wconf 90' lang='lat' dir='ltr'><strong>qui</strong></span> <span class='ocrx_word' id='word_1_676' title='bbox 3041 1178 3357 1252; x_wconf 70' lang='lat' dir='ltr'><strong>pert-usserit</strong></span> <span class='ocrx_word' id='word_1_677' title='bbox 3382 1189 3556 1256; x_wconf 85' lang='lat' dir='ltr'><strong>gladio</strong></span> <span class='ocrx_word' id='word_1_678' title='bbox 3580 1233 3595 1250; x_wconf 82' lang='lat'><strong>,</strong></span> 
     </span>
    </p>
   </div>
   <div class='ocr_carea' id='block_1_91' title="bbox 2023 1249 3600 1325">
    <p class='ocr_par' dir='ltr' id='par_1_91' title="bbox 2023 1249 3600 1325">
     <span class='ocr_line' id='line_1_91' title="bbox 2023 1249 3600 1325; baseline 0.011 -28"><span class='ocrx_word' id='word_1_679' title='bbox 2023 1260 2141 1325; x_wconf 64' lang='lat' dir='ltr'><strong>cum</strong></span> <span class='ocrx_word' id='word_1_680' title='bbox 2171 1263 2274 1302; x_wconf 93' lang='lat' dir='ltr'><strong>non</strong></span> <span class='ocrx_word' id='word_1_681' title='bbox 2294 1249 2470 1325; x_wconf 74' lang='lat' dir='ltr'><strong>utique</strong></span> <span class='ocrx_word' id='word_1_682' title='bbox 2490 1250 2684 1325; x_wconf 77' lang='lat' dir='ltr'><strong>injuste</strong></span> <span class='ocrx_word' id='word_1_683' title='bbox 2704 1249 2942 1325; x_wconf 75' lang='lat' dir='ltr'><strong>videatur</strong></span> <span class='ocrx_word' id='word_1_684' title='bbox 2962 1249 3228 1322; x_wconf 80' lang='lat' dir='ltr'><strong>apostolus</strong></span> <span class='ocrx_word' id='word_1_685' title='bbox 3251 1249 3600 1325; x_wconf 72' lang='lat' dir='ltr'><strong>perciississe?</strong></span> 
     </span>
    </p>
   </div>
   <div class='ocr_carea' id='block_1_92' title="bbox 2022 1315 3596 1394">
    <p class='ocr_par' dir='ltr' id='par_1_92' title="bbox 2022 1315 3596 1394">
     <span class='ocr_line' id='line_1_92' title="bbox 2022 1315 3596 1394; baseline 0.011 -26"><span class='ocrx_word' id='word_1_686' title='bbox 2022 1315 2286 1382; x_wconf 89' lang='lat' dir='ltr'><strong>Quantum</strong></span> <span class='ocrx_word' id='word_1_687' title='bbox 2329 1315 2470 1372; x_wconf 89' lang='lat' dir='ltr'><strong>enim</strong></span> <span class='ocrx_word' id='word_1_688' title='bbox 2511 1315 2738 1389; x_wconf 80' lang='lat' dir='ltr'><strong>pertinet</strong></span> <span class='ocrx_word' id='word_1_689' title='bbox 2779 1322 2862 1394; x_wconf 75' lang='lat' dir='ltr'><strong>ad</strong></span> <span class='ocrx_word' id='word_1_690' title='bbox 2889 1315 3120 1388; x_wconf 76' lang='lat' dir='ltr'><strong>Petrum,</strong></span> <span class='ocrx_word' id='word_1_691' title='bbox 3175 1315 3433 1394; x_wconf 74' lang='lat' dir='ltr'><strong>percussit</strong></span> <span class='ocrx_word' id='word_1_692' title='bbox 3474 1346 3596 1386; x_wconf 89' lang='lat' dir='ltr'><strong>eum</strong></span> 
     </span>
    </p>
   </div>
   <div class='ocr_carea' id='block_1_93' title="bbox 2021 1391 3597 1468">
    <p class='ocr_par' dir='ltr' id='par_1_93' title="bbox 2021 1391 3597 1468">
     <span class='ocr_line' id='line_1_93' title="bbox 2021 1391 3597 1468; baseline 0.01 -28"><span class='ocrx_word' id='word_1_693' title='bbox 2021 1402 2177 1468; x_wconf 74' lang='lat' dir='ltr'><strong>quem</strong></span> <span class='ocrx_word' id='word_1_694' title='bbox 2203 1397 2384 1468; x_wconf 74' lang='lat' dir='ltr'><strong>contra</strong></span> <span class='ocrx_word' id='word_1_695' title='bbox 2411 1404 2469 1443; x_wconf 90' lang='lat' dir='ltr'><strong>se</strong></span> <span class='ocrx_word' id='word_1_696' title='bbox 2494 1391 3006 1468; x_wconf 71' lang='lat' dir='ltr'><strong>artnatunt_videltat.</strong></span> <span class='ocrx_word' id='word_1_697' title='bbox 3045 1391 3307 1452; x_wconf 70' lang='lat' dir='ltr'><strong>Itesistere</strong></span> <span class='ocrx_word' id='word_1_698' title='bbox 3335 1404 3473 1454; x_wconf 89' lang='lat' dir='ltr'><strong>enim</strong></span> <span class='ocrx_word' id='word_1_699' title='bbox 3499 1401 3597 1457; x_wconf 86' lang='lat' dir='ltr'><strong>de-</strong></span> 
     </span>
    </p>
   </div>
   <div class='ocr_carea' id='block_1_94' title="bbox 2019 1457 3599 1526">
    <p class='ocr_par' dir='ltr' id='par_1_94' title="bbox 2019 1457 3599 1526">
     <span class='ocr_line' id='line_1_94' title="bbox 2019 1457 3599 1526; baseline 0.011 -16"><span class='ocrx_word' id='word_1_700' title='bbox 2019 1457 2134 1510; x_wconf 88' lang='lat' dir='ltr'><strong>bttit</strong></span> <span class='ocrx_word' id='word_1_701' title='bbox 2163 1459 2377 1525; x_wconf 80' lang='lat' dir='ltr'><strong>ingratis</strong></span> <span class='ocrx_word' id='word_1_702' title='bbox 2403 1461 2589 1520; x_wconf 89' lang='lat' dir='ltr'><strong>servis.</strong></span> <span class='ocrx_word' id='word_1_703' title='bbox 2619 1471 2674 1514; x_wconf 91' lang='lat' dir='ltr'><strong>et</strong></span> <span class='ocrx_word' id='word_1_704' title='bbox 2700 1461 2764 1515; x_wconf 92' lang='lat' dir='ltr'><strong>ad</strong></span> <span class='ocrx_word' id='word_1_705' title='bbox 2796 1463 3073 1518; x_wconf 89' lang='lat' dir='ltr'><strong>Dominum</strong></span> <span class='ocrx_word' id='word_1_706' title='bbox 3103 1469 3394 1524; x_wconf 82' lang='lat' dir='ltr'><strong>necandum</strong></span> <span class='ocrx_word' id='word_1_707' title='bbox 3423 1488 3599 1526; x_wconf 88' lang='lat' dir='ltr'><strong>arma-</strong></span> 
     </span>
    </p>
   </div>
   <div class='ocr_carea' id='block_1_95' title="bbox 2021 1526 3597 1624">
    <p class='ocr_par' dir='ltr' id='par_1_95' title="bbox 2021 1526 3597 1624">
     <span class='ocr_line' id='line_1_95' title="bbox 2021 1526 3597 1624; baseline 0.01 -41"><span class='ocrx_word' id='word_1_708' title='bbox 2021 1526 2189 1624; x_wconf 50' lang='grc' dir='ltr'><strong>2ξὶβί</strong></span> <span class='ocrx_word' id='word_1_709' title='bbox 2213 1531 2413 1624; x_wconf 76' lang='lat' dir='ltr'><strong>singula</strong></span> <span class='ocrx_word' id='word_1_710' title='bbox 2441 1531 3143 1624; x_wconf 64' lang='lat' dir='ltr'><strong>membrainspieiascausze,</strong></span> <span class='ocrx_word' id='word_1_711' title='bbox 3167 1539 3319 1619; x_wconf 69' lang='lat' dir='ltr'><strong>cujus</strong></span> <span class='ocrx_word' id='word_1_712' title='bbox 3347 1542 3421 1595; x_wconf 92' lang='lat' dir='ltr'><strong>vis</strong></span> <span class='ocrx_word' id='word_1_713' title='bbox 3448 1555 3597 1624; x_wconf 86' lang='lat' dir='ltr'><strong>pate-</strong></span> 
     </span>
    </p>
   </div>
   <div class='ocr_carea' id='block_1_96' title="bbox 2019 1596 3595 1680">
    <p class='ocr_par' dir='ltr' id='par_1_96' title="bbox 2019 1596 3595 1680">
     <span class='ocr_line' id='line_1_96' title="bbox 2019 1596 3595 1680; baseline 0.012 -31"><span class='ocrx_word' id='word_1_714' title='bbox 2019 1596 2430 1680; x_wconf 64' lang='lat' dir='ltr'><strong>iierirationem,</strong></span> <span class='ocrx_word' id='word_1_715' title='bbox 2459 1601 2695 1656; x_wconf 84' lang='lat' dir='ltr'><strong>invenies</strong></span> <span class='ocrx_word' id='word_1_716' title='bbox 2717 1596 2892 1680; x_wconf 51' lang='lat' dir='ltr'><strong>et_&#39;alia</strong></span> <span class='ocrx_word' id='word_1_717' title='bbox 2917 1622 3033 1674; x_wconf 68' lang='lat' dir='ltr'><strong>quae</strong></span> <span class='ocrx_word' id='word_1_718' title='bbox 3061 1596 3297 1676; x_wconf 71' lang='lat' dir='ltr'><strong>requiras</strong></span> <span class='ocrx_word' id='word_1_719' title='bbox 3316 1612 3398 1665; x_wconf 90' lang='lat' dir='ltr'><strong>his</strong></span> <span class='ocrx_word' id='word_1_720' title='bbox 3417 1596 3595 1668; x_wconf 85' lang='lat' dir='ltr'><strong>dictis.</strong></span> 
     </span>
    </p>
   </div>
   <div class='ocr_carea' id='block_1_97' title="bbox 2017 1666 3596 1749">
    <p class='ocr_par' dir='ltr' id='par_1_97' title="bbox 2017 1666 3596 1749">
     <span class='ocr_line' id='line_1_97' title="bbox 2017 1666 3596 1749; baseline 0.013 -30"><span class='ocrx_word' id='word_1_721' title='bbox 2017 1666 2150 1749; x_wconf 87' lang='lat' dir='ltr'><strong>Quid</strong></span> <span class='ocrx_word' id='word_1_722' title='bbox 2183 1671 2322 1749; x_wconf 79' lang='lat' dir='ltr'><strong>enim</strong></span> <span class='ocrx_word' id='word_1_723' title='bbox 2358 1687 2488 1749; x_wconf 73' lang='lat' dir='ltr'><strong>opus</strong></span> <span class='ocrx_word' id='word_1_724' title='bbox 2517 1683 2652 1749; x_wconf 76' lang='lat' dir='ltr'><strong>erat,</strong></span> <span class='ocrx_word' id='word_1_725' title='bbox 2686 1684 2740 1726; x_wconf 92' lang='lat' dir='ltr'><strong>ut</strong></span> <span class='ocrx_word' id='word_1_726' title='bbox 2769 1673 2852 1728; x_wconf 92' lang='lat' dir='ltr'><strong>hic</strong></span> <span class='ocrx_word' id='word_1_727' title='bbox 2875 1666 2962 1749; x_wconf 83' lang='lat' dir='ltr'><strong>qui</strong></span> <span class='ocrx_word' id='word_1_728' title='bbox 3001 1666 3256 1746; x_wconf 78' lang='lat' dir='ltr'><strong>spiriiuali</strong></span> <span class='ocrx_word' id='word_1_729' title='bbox 3288 1682 3450 1735; x_wconf 89' lang='lat' dir='ltr'><strong>fretus</strong></span> <span class='ocrx_word' id='word_1_730' title='bbox 3479 1666 3596 1739; x_wconf 80' lang='lat' dir='ltr'><strong>erat</strong></span> 
     </span>
    </p>
   </div>
   <div class='ocr_carea' id='block_1_98' title="bbox 2016 1741 3596 1822">
    <p class='ocr_par' dir='ltr' id='par_1_98' title="bbox 2016 1741 3596 1822">
     <span class='ocr_line' id='line_1_98' title="bbox 2016 1741 3596 1822; baseline 0.011 -31"><span class='ocrx_word' id='word_1_731' title='bbox 2016 1741 2232 1822; x_wconf 72' lang='lat' dir='ltr'><strong>virtute,</strong></span> <span class='ocrx_word' id='word_1_732' title='bbox 2269 1741 2471 1822; x_wconf 75' lang='lat' dir='ltr'><strong>gladios</strong></span> <span class='ocrx_word' id='word_1_733' title='bbox 2508 1742 2718 1811; x_wconf 86' lang='lat' dir='ltr'><strong>juberet</strong></span> <span class='ocrx_word' id='word_1_734' title='bbox 2733 1741 2908 1822; x_wconf 80' lang='lat' dir='ltr'><strong>parari</strong></span> <span class='ocrx_word' id='word_1_735' title='bbox 2939 1741 3177 1802; x_wconf 67' lang='lat' dir='ltr'><strong>carnales</strong></span> <span class='ocrx_word' id='word_1_736' title='bbox 3209 1770 3218 1800; x_wconf 91' lang='lat'>:</span> <span class='ocrx_word' id='word_1_737' title='bbox 3251 1762 3303 1803; x_wconf 88' lang='lat' dir='ltr'><strong>et</strong></span> <span class='ocrx_word' id='word_1_738' title='bbox 3331 1755 3428 1820; x_wconf 82' lang='lat' dir='ltr'><strong>qui</strong></span> <span class='ocrx_word' id='word_1_739' title='bbox 3451 1755 3596 1822; x_wconf 87' lang='lat' dir='ltr'><strong>prius</strong></span> 
     </span>
    </p>
   </div>
   <div class='ocr_carea' id='block_1_99' title="bbox 2009 1812 3595 1885">
    <p class='ocr_par' dir='ltr' id='par_1_99' title="bbox 2009 1812 3595 1885">
     <span class='ocr_line' id='line_1_99' title="bbox 2009 1812 3595 1885; baseline 0.011 -24"><span class='ocrx_word' id='word_1_740' title='bbox 2009 1812 2250 1885; x_wconf 77' lang='lat' dir='ltr'><strong>jussitin</strong></span> <span class='ocrx_word' id='word_1_741' title='bbox 2281 1812 2362 1866; x_wconf 86' lang='lat' dir='ltr'><strong>via</strong></span> <span class='ocrx_word' id='word_1_742' title='bbox 2395 1828 2492 1885; x_wconf 85' lang='lat' dir='ltr'><strong>nec</strong></span> <span class='ocrx_word' id='word_1_743' title='bbox 2523 1829 2697 1881; x_wconf 89' lang='lat' dir='ltr'><strong>peram</strong></span> <span class='ocrx_word' id='word_1_744' title='bbox 2728 1813 2872 1880; x_wconf 87' lang='lat' dir='ltr'><strong>ferri,</strong></span> <span class='ocrx_word' id='word_1_745' title='bbox 2915 1833 3012 1870; x_wconf 80' lang='lat' dir='ltr'><strong>nec</strong></span> <span class='ocrx_word' id='word_1_746' title='bbox 3039 1812 3464 1885; x_wconf 36' lang='lat' dir='ltr'><strong>pecuniamfnec&#39;</strong></span> <span class='ocrx_word' id='word_1_747' title='bbox 3487 1827 3595 1878; x_wconf 90' lang='lat' dir='ltr'><strong>vir-</strong></span> 
     </span>
    </p>
   </div>
   <div class='ocr_carea' id='block_1_100' title="bbox 2013 1881 3597 2002">
    <p class='ocr_par' dir='ltr' id='par_1_100' title="bbox 2013 1881 3597 2002">
     <span class='ocr_line' id='line_1_100' title="bbox 2013 1881 3597 2002; baseline 0.011 -70"><span class='ocrx_word' id='word_1_748' title='bbox 2013 1881 2268 2002; x_wconf 49' lang='lat' dir='ltr'><strong>gamild.</strong></span> <span class='ocrx_word' id='word_1_749' title='bbox 2302 1899 2363 1965; x_wconf 42' lang='grc' dir='ltr'><strong>κη</strong></span> <span class='ocrx_word' id='word_1_750' title='bbox 2386 1884 2503 1964; x_wconf 71' lang='lat' dir='ltr'><strong>I0);</strong></span> <span class='ocrx_word' id='word_1_751' title='bbox 2539 1899 2677 1938; x_wconf 92' lang='lat' dir='ltr'><strong>nunc</strong></span> <span class='ocrx_word' id='word_1_752' title='bbox 2700 1885 2910 1954; x_wconf 87' lang='lat' dir='ltr'><strong>juberet</strong></span> <span class='ocrx_word' id='word_1_753' title='bbox 2939 1881 3137 1950; x_wconf 78' lang='lat' dir='ltr'><strong>haberi,</strong></span> <span class='ocrx_word' id='word_1_754' title='bbox 3163 1907 3277 1958; x_wconf 72' lang='lat' dir='ltr'><strong>quae</strong></span> <span class='ocrx_word' id='word_1_755' title='bbox 3307 1881 3450 1960; x_wconf 80' lang='lat' dir='ltr'><strong>prius</strong></span> <span class='ocrx_word' id='word_1_756' title='bbox 3475 1911 3597 1963; x_wconf 81' lang='lat' dir='ltr'><strong>pro-</strong></span> 
     </span>
     <span class='ocr_line' id='line_1_101' title="bbox 2035 1951 3592 2002; baseline 0 0"><span class='ocrx_word' id='word_1_757' title='bbox 2035 1951 2222 2002; x_wconf 74' lang='lat' dir='ltr'><strong>IIIJIIII?</strong></span> <span class='ocrx_word' id='word_1_758' title='bbox 2262 1953 2576 2002; x_wconf 85' lang='lat' dir='ltr'><strong>Incmtamus</strong></span> <span class='ocrx_word' id='word_1_759' title='bbox 2615 1971 2760 2002; x_wconf 78' lang='lat' dir='ltr'><strong>emo-</strong></span> <span class='ocrx_word' id='word_1_760' title='bbox 2806 1972 2902 2002; x_wconf 70' lang='lat' dir='ltr'><strong>cur</strong></span> <span class='ocrx_word' id='word_1_761' title='bbox 2929 1959 3130 2002; x_wconf 65' lang='lat' dir='ltr'><strong>gladio:</strong></span> <span class='ocrx_word' id='word_1_762' title='bbox 3173 1964 3378 2002; x_wconf 68' lang='grc' dir='ltr'>ίιιςςμιοῐι</span> <span class='ocrx_word' id='word_1_763' title='bbox 3424 1966 3592 2002; x_wconf 63' lang='lat' dir='ltr'><strong>nni-np:</strong></span> 
     </span>
    </p>
   </div>
   <div class='ocr_carea' id='block_1_101' title="bbox 2035 1951 3595 2032">
    <p class='ocr_par' dir='ltr' id='par_1_101' title="bbox 2035 1951 3595 2032">
     <span class='ocr_line' id='line_1_102' title="bbox 2035 1951 3595 2032; baseline 0.012 -30"><span class='ocrx_word' id='word_1_764' title='bbox 2035 1951 2576 2032; x_wconf 67' lang='lat' dir='ltr'><strong>lII)&quot;ll?__!ltCipI_3il_lllS</strong></span> <span class='ocrx_word' id='word_1_765' title='bbox 2615 1951 2761 2032; x_wconf 79' lang='lat' dir='ltr'><strong>ergo,</strong></span> <span class='ocrx_word' id='word_1_766' title='bbox 2806 1972 2902 2032; x_wconf 77' lang='lat' dir='ltr'><strong>cur</strong></span> <span class='ocrx_word' id='word_1_767' title='bbox 2929 1959 3130 2032; x_wconf 78' lang='lat' dir='ltr'><strong>gladios</strong></span> <span class='ocrx_word' id='word_1_768' title='bbox 3165 1951 3382 2027; x_wconf 72' lang='lat' dir='ltr'><strong>jusserit</strong></span> <span class='ocrx_word' id='word_1_769' title='bbox 3424 1951 3595 2032; x_wconf 73' lang='lat' dir='ltr'><strong>parari</strong></span> 
     </span>
    </p>
   </div>
   <div class='ocr_carea' id='block_1_102' title="bbox 2012 2024 3594 2104">
    <p class='ocr_par' dir='ltr' id='par_1_102' title="bbox 2012 2024 3594 2104">
     <span class='ocr_line' id='line_1_103' title="bbox 2012 2024 3594 2104; baseline 0.011 -30"><span class='ocrx_word' id='word_1_770' title='bbox 2012 2033 2082 2103; x_wconf 43' lang='lat' dir='ltr'><strong>et.</strong></span> <span class='ocrx_word' id='word_1_771' title='bbox 2109 2024 2276 2104; x_wconf 79' lang='lat' dir='ltr'><strong>occidi</strong></span> <span class='ocrx_word' id='word_1_772' title='bbox 2324 2024 2694 2104; x_wconf 52' lang='lat' dir='ltr'><strong>prohibuerit,</strong></span> <span class='ocrx_word' id='word_1_773' title='bbox 2728 2024 3030 2104; x_wconf 71' lang='lat' dir='ltr'><strong>ertplzmare.</strong></span> <span class='ocrx_word' id='word_1_774' title='bbox 3076 2024 3195 2104; x_wconf 51' lang='lat' dir='ltr'><strong>lion</strong></span> <span class='ocrx_word' id='word_1_775' title='bbox 3240 2024 3594 2091; x_wconf 56' lang='lat' dir='ltr'><strong>solutn&#39;euim</strong></span> 
     </span>
    </p>
   </div>
   <div class='ocr_carea' id='block_1_103' title="bbox 2014 2097 3593 2170">
    <p class='ocr_par' dir='ltr' id='par_1_103' title="bbox 2014 2097 3593 2170">
     <span class='ocr_line' id='line_1_104' title="bbox 2014 2097 3593 2170; baseline 0.01 -26"><span class='ocrx_word' id='word_1_776' title='bbox 2014 2097 2368 2162; x_wconf 88' lang='lat' dir='ltr'><strong>inimicorum,</strong></span> <span class='ocrx_word' id='word_1_777' title='bbox 2402 2111 2580 2170; x_wconf 78' lang='lat' dir='ltr'><strong>verum</strong></span> <span class='ocrx_word' id='word_1_778' title='bbox 2608 2097 2764 2150; x_wconf 88' lang='lat' dir='ltr'><strong>etiam</strong></span> <span class='ocrx_word' id='word_1_779' title='bbox 2797 2099 3027 2167; x_wconf 90' lang='lat' dir='ltr'><strong>ipsorum</strong></span> <span class='ocrx_word' id='word_1_780' title='bbox 3055 2101 3432 2170; x_wconf 85' lang='lat' dir='ltr'><strong>discipulorum</strong></span> <span class='ocrx_word' id='word_1_781' title='bbox 3464 2123 3593 2161; x_wconf 89' lang='lat' dir='ltr'><strong>suo-</strong></span> 
     </span>
    </p>
   </div>
   <div class='ocr_carea' id='block_1_104' title="bbox 2013 2166 3592 2244">
    <p class='ocr_par' dir='ltr' id='par_1_104' title="bbox 2013 2166 3592 2244">
     <span class='ocr_line' id='line_1_105' title="bbox 2013 2166 3592 2244; baseline 0.009 -29"><span class='ocrx_word' id='word_1_782' title='bbox 2013 2178 2128 2216; x_wconf 90' lang='lat' dir='ltr'><strong>rum</strong></span> <span class='ocrx_word' id='word_1_783' title='bbox 2152 2166 2426 2244; x_wconf 75' lang='lat' dir='ltr'><strong>causa,_ad</strong></span> <span class='ocrx_word' id='word_1_784' title='bbox 2464 2166 2900 2244; x_wconf 76' lang='lat' dir='ltr'><strong>superventurum</strong></span> <span class='ocrx_word' id='word_1_785' title='bbox 2925 2170 3119 2244; x_wconf 76' lang='lat' dir='ltr'><strong>bellum</strong></span> <span class='ocrx_word' id='word_1_786' title='bbox 3147 2166 3292 2227; x_wconf 74' lang='lat' dir='ltr'><strong>arma</strong></span> <span class='ocrx_word' id='word_1_787' title='bbox 3323 2178 3592 2244; x_wconf 87' lang='lat' dir='ltr'><strong>procurari</strong></span> 
     </span>
    </p>
   </div>
   <div class='ocr_carea' id='block_1_105' title="bbox 2013 2236 3596 2312">
    <p class='ocr_par' dir='ltr' id='par_1_105' title="bbox 2013 2236 3596 2312">
     <span class='ocr_line' id='line_1_106' title="bbox 2013 2236 3596 2312; baseline 0.011 -27"><span class='ocrx_word' id='word_1_788' title='bbox 2013 2237 2282 2312; x_wconf 74' lang='lat' dir='ltr'><strong>przecepit.</strong></span> <span class='ocrx_word' id='word_1_789' title='bbox 2324 2236 2468 2312; x_wconf 77' lang='lat' dir='ltr'><strong>Nova</strong></span> <span class='ocrx_word' id='word_1_790' title='bbox 2498 2237 2638 2312; x_wconf 85' lang='lat' dir='ltr'><strong>enim</strong></span> <span class='ocrx_word' id='word_1_791' title='bbox 2667 2248 2723 2312; x_wconf 84' lang='lat' dir='ltr'><strong>et</strong></span> <span class='ocrx_word' id='word_1_792' title='bbox 2750 2239 3006 2312; x_wconf 76' lang='lat' dir='ltr'><strong>mirabilis</strong></span> <span class='ocrx_word' id='word_1_793' title='bbox 3045 2259 3129 2296; x_wconf 90' lang='lat' dir='ltr'><strong>res</strong></span> <span class='ocrx_word' id='word_1_794' title='bbox 3173 2236 3338 2298; x_wconf 74' lang='lat' dir='ltr'><strong>futura</strong></span> <span class='ocrx_word' id='word_1_795' title='bbox 3371 2259 3502 2311; x_wconf 88' lang='lat' dir='ltr'><strong>erat,</strong></span> <span class='ocrx_word' id='word_1_796' title='bbox 3537 2256 3596 2302; x_wconf 85' lang='grc' dir='ltr'><strong>ιιι</strong></span> 
     </span>
    </p>
   </div>
   <div class='ocr_carea' id='block_1_106' title="bbox 2012 2306 3595 2381">
    <p class='ocr_par' dir='ltr' id='par_1_106' title="bbox 2012 2306 3595 2381">
     <span class='ocr_line' id='line_1_107' title="bbox 2012 2306 3595 2381; baseline 0.01 -25"><span class='ocrx_word' id='word_1_797' title='bbox 2012 2306 2058 2381; x_wconf 79' lang='lat' dir='ltr'><strong>is</strong></span> <span class='ocrx_word' id='word_1_798' title='bbox 2078 2306 2174 2372; x_wconf 75' lang='lat' dir='ltr'><strong>qui.</strong></span> <span class='ocrx_word' id='word_1_799' title='bbox 2194 2319 2326 2359; x_wconf 89' lang='lat' dir='ltr'><strong>nova</strong></span> <span class='ocrx_word' id='word_1_800' title='bbox 2352 2316 2402 2360; x_wconf 87' lang='lat' dir='ltr'><strong>et</strong></span> <span class='ocrx_word' id='word_1_801' title='bbox 2432 2307 2666 2381; x_wconf 81' lang='lat' dir='ltr'><strong>inaudita</strong></span> <span class='ocrx_word' id='word_1_802' title='bbox 2683 2309 2828 2376; x_wconf 84' lang='lat' dir='ltr'><strong>signa</strong></span> <span class='ocrx_word' id='word_1_803' title='bbox 2853 2307 3092 2381; x_wconf 79' lang='lat' dir='ltr'><strong>faciebat,</strong></span> <span class='ocrx_word' id='word_1_804' title='bbox 3124 2313 3199 2365; x_wconf 88' lang='lat' dir='ltr'><strong>sic</strong></span> <span class='ocrx_word' id='word_1_805' title='bbox 3225 2317 3397 2381; x_wconf 81' lang='lat' dir='ltr'><strong>subito</strong></span> <span class='ocrx_word' id='word_1_806' title='bbox 3421 2306 3595 2372; x_wconf 81' lang='lat' dir='ltr'><strong>humi-</strong></span> 
     </span>
    </p>
   </div>
   <div class='ocr_carea' id='block_1_107' title="bbox 2011 2371 3594 2445">
    <p class='ocr_par' dir='ltr' id='par_1_107' title="bbox 2011 2371 3594 2445">
     <span class='ocr_line' id='line_1_108' title="bbox 2011 2371 3594 2445; baseline 0.008 -22"><span class='ocrx_word' id='word_1_807' title='bbox 2011 2371 2248 2438; x_wconf 83' lang='lat' dir='ltr'><strong>liaretur,</strong></span> <span class='ocrx_word' id='word_1_808' title='bbox 2289 2384 2344 2429; x_wconf 89' lang='grc' dir='ltr'><strong>ιιι</strong></span> <span class='ocrx_word' id='word_1_809' title='bbox 2381 2386 2435 2430; x_wconf 92' lang='lat' dir='ltr'><strong>et</strong></span> <span class='ocrx_word' id='word_1_810' title='bbox 2461 2371 2772 2430; x_wconf 70' lang='lat' dir='ltr'><strong>verberibus</strong></span> <span class='ocrx_word' id='word_1_811' title='bbox 2815 2379 3164 2445; x_wconf 81' lang='lat' dir='ltr'><strong>subjiceretur</strong></span> <span class='ocrx_word' id='word_1_812' title='bbox 3207 2394 3258 2437; x_wconf 87' lang='lat' dir='ltr'><strong>et</strong></span> <span class='ocrx_word' id='word_1_813' title='bbox 3302 2380 3482 2441; x_wconf 79' lang='lat' dir='ltr'><strong>morti.</strong></span> <span class='ocrx_word' id='word_1_814' title='bbox 3516 2371 3594 2443; x_wconf 77' lang='lat' dir='ltr'><strong>No</strong></span> 
     </span>
    </p>
   </div>
   <div class='ocr_carea' id='block_1_108' title="bbox 2009 2447 3594 2526">
    <p class='ocr_par' dir='ltr' id='par_1_108' title="bbox 2009 2447 3594 2526">
     <span class='ocr_line' id='line_1_109' title="bbox 2009 2447 3594 2526; baseline 0.011 -29"><span class='ocrx_word' id='word_1_815' title='bbox 2009 2457 2138 2526; x_wconf 68' lang='lat' dir='ltr'><strong>ergo</strong></span> <span class='ocrx_word' id='word_1_816' title='bbox 2175 2447 2315 2526; x_wconf 76' lang='lat' dir='ltr'><strong>velut</strong></span> <span class='ocrx_word' id='word_1_817' title='bbox 2362 2448 2688 2526; x_wconf 70' lang='lat' dir='ltr'><strong>imprzescius</strong></span> <span class='ocrx_word' id='word_1_818' title='bbox 2719 2449 2831 2526; x_wconf 64' lang='lat' dir='ltr'><strong>haec</strong></span> <span class='ocrx_word' id='word_1_819' title='bbox 2878 2451 2981 2517; x_wconf 88' lang='lat' dir='ltr'><strong>pati</strong></span> <span class='ocrx_word' id='word_1_820' title='bbox 3022 2452 3306 2526; x_wconf 80' lang='lat' dir='ltr'><strong>videretur,</strong></span> <span class='ocrx_word' id='word_1_821' title='bbox 3349 2466 3402 2510; x_wconf 88' lang='lat' dir='ltr'><strong>et</strong></span> <span class='ocrx_word' id='word_1_822' title='bbox 3429 2473 3460 2512; x_wconf 76' lang='grc' dir='ltr'><strong>ιι</strong></span> <span class='ocrx_word' id='word_1_823' title='bbox 3488 2472 3594 2526; x_wconf 89' lang='lat' dir='ltr'><strong>quo</strong></span> 
     </span>
    </p>
   </div>
   <div class='ocr_carea' id='block_1_109' title="bbox 2009 2512 3594 2594">
    <p class='ocr_par' dir='ltr' id='par_1_109' title="bbox 2009 2512 3594 2594">
     <span class='ocr_line' id='line_1_110' title="bbox 2009 2512 3594 2594; baseline 0.011 -28"><span class='ocrx_word' id='word_1_824' title='bbox 2009 2512 2145 2569; x_wconf 80' lang='lat' dir='ltr'><strong>forte</strong></span> <span class='ocrx_word' id='word_1_825' title='bbox 2162 2516 2342 2594; x_wconf 64' lang='lat' dir='ltr'><strong>virtus</strong></span> <span class='ocrx_word' id='word_1_826' title='bbox 2383 2512 2708 2594; x_wconf 63' lang='lat' dir='ltr'><strong>recessisset,</strong></span> <span class='ocrx_word' id='word_1_827' title='bbox 2735 2512 3079 2594; x_wconf 39' lang='lat' dir='ltr'><strong>llaec-omnia</strong></span> <span class='ocrx_word' id='word_1_828' title='bbox 3123 2523 3199 2576; x_wconf 87' lang='lat' dir='ltr'><strong>sic</strong></span> <span class='ocrx_word' id='word_1_829' title='bbox 3227 2512 3594 2594; x_wconf 47' lang='lat' dir='ltr'><strong>praedixit,lut</strong></span> 
     </span>
    </p>
   </div>
   <div class='ocr_carea' id='block_1_110' title="bbox 2008 2587 3590 2668">
    <p class='ocr_par' dir='ltr' id='par_1_110' title="bbox 2008 2587 3590 2668">
     <span class='ocr_line' id='line_1_111' title="bbox 2008 2587 3590 2668; baseline 0.011 -31"><span class='ocrx_word' id='word_1_830' title='bbox 2008 2599 2114 2639; x_wconf 90' lang='lat' dir='ltr'><strong>non</strong></span> <span class='ocrx_word' id='word_1_831' title='bbox 2136 2587 2410 2668; x_wconf 79' lang='lat' dir='ltr'><strong>dubitaret</strong></span> <span class='ocrx_word' id='word_1_832' title='bbox 2432 2588 2499 2641; x_wconf 92' lang='lat' dir='ltr'><strong>de</strong></span> <span class='ocrx_word' id='word_1_833' title='bbox 2515 2588 2628 2668; x_wconf 81' lang='lat' dir='ltr'><strong>_Itis.</strong></span> <span class='ocrx_word' id='word_1_834' title='bbox 2657 2588 2754 2668; x_wconf 78' lang='lat' dir='ltr'><strong>St&#39;d_</strong></span> <span class='ocrx_word' id='word_1_835' title='bbox 2781 2592 3029 2668; x_wconf 74' lang='lat' dir='ltr'><strong>przescius</strong></span> <span class='ocrx_word' id='word_1_836' title='bbox 3058 2587 3240 2648; x_wconf 80' lang='lat' dir='ltr'><strong>contra</strong></span> <span class='ocrx_word' id='word_1_837' title='bbox 3274 2596 3386 2652; x_wconf 65' lang='lat' dir='ltr'><strong>haec</strong></span> <span class='ocrx_word' id='word_1_838' title='bbox 3414 2587 3590 2668; x_wconf 72' lang='lat' dir='ltr'><strong>sepa—</strong></span> 
     </span>
    </p>
   </div>
   <div class='ocr_carea' id='block_1_111' title="bbox 2007 2658 3590 2736">
    <p class='ocr_par' dir='ltr' id='par_1_111' title="bbox 2007 2658 3590 2736">
     <span class='ocr_line' id='line_1_112' title="bbox 2007 2658 3590 2736; baseline 0.011 -27"><span class='ocrx_word' id='word_1_839' title='bbox 2007 2666 2185 2736; x_wconf 80' lang='lat' dir='ltr'><strong>raret;</strong></span> <span class='ocrx_word' id='word_1_840' title='bbox 2217 2668 2267 2736; x_wconf 82' lang='lat' dir='ltr'><strong>et</strong></span> <span class='ocrx_word' id='word_1_841' title='bbox 2285 2658 2417 2736; x_wconf 77' lang='lat' dir='ltr'><strong>quia</strong></span> <span class='ocrx_word' id='word_1_842' title='bbox 2445 2658 2712 2736; x_wconf 81' lang='lat' dir='ltr'><strong>voluntate</strong></span> <span class='ocrx_word' id='word_1_843' title='bbox 2739 2659 3044 2736; x_wconf 84' lang='lat' dir='ltr'><strong>humiliatus</strong></span> <span class='ocrx_word' id='word_1_844' title='bbox 3071 2674 3170 2724; x_wconf 89' lang='lat' dir='ltr'><strong>est,</strong></span> <span class='ocrx_word' id='word_1_845' title='bbox 3203 2681 3306 2720; x_wconf 92' lang='lat' dir='ltr'><strong>non</strong></span> <span class='ocrx_word' id='word_1_846' title='bbox 3340 2658 3590 2726; x_wconf 71' lang='lat' dir='ltr'><strong>resistere</strong></span> 
     </span>
    </p>
   </div>
   <div class='ocr_carea' id='block_1_112' title="bbox 2005 2727 3590 2808">
    <p class='ocr_par' dir='ltr' id='par_1_112' title="bbox 2005 2727 3590 2808">
     <span class='ocr_line' id='line_1_113' title="bbox 2005 2727 3590 2808; baseline 0.011 -31"><span class='ocrx_word' id='word_1_847' title='bbox 2005 2727 2181 2808; x_wconf 66' lang='lat' dir='ltr'><strong>acrius</strong></span> <span class='ocrx_word' id='word_1_848' title='bbox 2228 2727 2451 2808; x_wconf 73' lang='lat' dir='ltr'><strong>inimicis</strong></span> <span class='ocrx_word' id='word_1_849' title='bbox 2483 2728 2694 2808; x_wconf 77' lang='lat' dir='ltr'><strong>juberet</strong></span> <span class='ocrx_word' id='word_1_850' title='bbox 2726 2746 2749 2808; x_wconf 86' lang='lat'><strong>:_</strong></span> <span class='ocrx_word' id='word_1_851' title='bbox 2774 2732 2824 2783; x_wconf 93' lang='lat' dir='ltr'><strong>in</strong></span> <span class='ocrx_word' id='word_1_852' title='bbox 2854 2740 3055 2784; x_wconf 88' lang='lat' dir='ltr'><strong>tantum</strong></span> <span class='ocrx_word' id='word_1_853' title='bbox 3086 2736 3316 2801; x_wconf 89' lang='lat' dir='ltr'><strong>scipsum</strong></span> <span class='ocrx_word' id='word_1_854' title='bbox 3348 2754 3467 2794; x_wconf 90' lang='lat' dir='ltr'><strong>esse</strong></span> <span class='ocrx_word' id='word_1_855' title='bbox 3497 2739 3590 2808; x_wconf 88' lang='lat' dir='ltr'><strong>qui</strong></span> 
     </span>
    </p>
   </div>
   <div class='ocr_carea' id='block_1_113' title="bbox 2008 2793 3589 2875">
    <p class='ocr_par' dir='ltr' id='par_1_113' title="bbox 2008 2793 3589 2875">
     <span class='ocr_line' id='line_1_114' title="bbox 2008 2793 3589 2875; baseline 0.011 -27"><span class='ocrx_word' id='word_1_856' title='bbox 2008 2793 2179 2875; x_wconf 63' lang='lat' dir='ltr'><strong>[uerat</strong></span> <span class='ocrx_word' id='word_1_857' title='bbox 2195 2793 2504 2875; x_wconf 67' lang='lat' dir='ltr'><strong>ostendens,</strong></span> <span class='ocrx_word' id='word_1_858' title='bbox 2528 2799 2702 2867; x_wconf 89' lang='lat' dir='ltr'><strong>utjatn</strong></span> <span class='ocrx_word' id='word_1_859' title='bbox 2719 2800 2986 2875; x_wconf 58' lang='lat' dir='ltr'><strong>detentus,</strong></span> <span class='ocrx_word' id='word_1_860' title='bbox 3011 2793 3193 2858; x_wconf 81' lang='lat' dir='ltr'><strong>aurern</strong></span> <span class='ocrx_word' id='word_1_861' title='bbox 3216 2824 3331 2875; x_wconf 68' lang='lat' dir='ltr'><strong>quae</strong></span> <span class='ocrx_word' id='word_1_862' title='bbox 3352 2793 3589 2866; x_wconf 70' lang='lat' dir='ltr'><strong>abscissa</strong></span> 
     </span>
    </p>
   </div>
   <div class='ocr_carea' id='block_1_114' title="bbox 2005 2864 3584 2946">
    <p class='ocr_par' dir='ltr' id='par_1_114' title="bbox 2005 2864 3584 2946">
     <span class='ocr_line' id='line_1_115' title="bbox 2005 2864 3584 2946; baseline 0.01 -28"><span class='ocrx_word' id='word_1_863' title='bbox 2005 2864 2178 2946; x_wconf 77' lang='lat' dir='ltr'><strong>fuerat</strong></span> <span class='ocrx_word' id='word_1_864' title='bbox 2206 2871 2546 2932; x_wconf 87' lang='lat' dir='ltr'><strong>restitueret;</strong></span> <span class='ocrx_word' id='word_1_865' title='bbox 2580 2864 2636 2946; x_wconf 73' lang='grc' dir='ltr'><strong>ιιι</strong></span> <span class='ocrx_word' id='word_1_866' title='bbox 2659 2870 2796 2939; x_wconf 89' lang='lat' dir='ltr'><strong>quod</strong></span> <span class='ocrx_word' id='word_1_867' title='bbox 2821 2864 2993 2946; x_wconf 79' lang='lat' dir='ltr'><strong>gladio</strong></span> <span class='ocrx_word' id='word_1_868' title='bbox 3020 2864 3272 2944; x_wconf 74' lang='lat' dir='ltr'><strong>operanio</strong></span> <span class='ocrx_word' id='word_1_869' title='bbox 3293 2864 3584 2946; x_wconf 80' lang='lat' dir='ltr'><strong>deciderat,</strong></span> 
     </span>
    </p>
   </div>
   <div class='ocr_carea' id='block_1_115' title="bbox 2006 2937 3588 3017">
    <p class='ocr_par' dir='ltr' id='par_1_115' title="bbox 2006 2937 3588 3017">
     <span class='ocr_line' id='line_1_116' title="bbox 2006 2937 3588 3017; baseline 0.011 -27"><span class='ocrx_word' id='word_1_870' title='bbox 2006 2937 2293 3017; x_wconf 80' lang='lat' dir='ltr'><strong>redderet:</strong></span> <span class='ocrx_word' id='word_1_871' title='bbox 2337 2956 2440 2994; x_wconf 90' lang='lat' dir='ltr'><strong>non</strong></span> <span class='ocrx_word' id='word_1_872' title='bbox 2486 2940 2640 3017; x_wconf 70' lang='lat' dir='ltr'><strong>quasi</strong></span> <span class='ocrx_word' id='word_1_873' title='bbox 2679 2937 2910 2995; x_wconf 72' lang='lat' dir='ltr'><strong>carnalis</strong></span> <span class='ocrx_word' id='word_1_874' title='bbox 2956 2937 3136 3012; x_wconf 73' lang='lat' dir='ltr'><strong>utique</strong></span> <span class='ocrx_word' id='word_1_875' title='bbox 3185 2949 3439 3017; x_wconf 89' lang='lat' dir='ltr'><strong>medicus,</strong></span> <span class='ocrx_word' id='word_1_876' title='bbox 3490 2937 3588 3007; x_wconf 81' lang='lat' dir='ltr'><strong>sed</strong></span> 
     </span>
    </p>
   </div>
   <div class='ocr_carea' id='block_1_116' title="bbox 2005 3010 3586 3089">
    <p class='ocr_par' dir='ltr' id='par_1_116' title="bbox 2005 3010 3586 3089">
     <span class='ocr_line' id='line_1_117' title="bbox 2005 3010 3586 3089; baseline 0.011 -29"><span class='ocrx_word' id='word_1_877' title='bbox 2005 3010 2459 3089; x_wconf 58' lang='lat' dir='ltr'><strong>quasicorporutn</strong></span> <span class='ocrx_word' id='word_1_878' title='bbox 2488 3010 2730 3066; x_wconf 87' lang='lat' dir='ltr'><strong>conditor</strong></span> <span class='ocrx_word' id='word_1_879' title='bbox 2755 3027 2890 3089; x_wconf 77' lang='lat' dir='ltr'><strong>opus</strong></span> <span class='ocrx_word' id='word_1_880' title='bbox 2906 3010 3062 3089; x_wconf 80' lang='lat' dir='ltr'><strong>suum</strong></span> <span class='ocrx_word' id='word_1_881' title='bbox 3091 3025 3387 3074; x_wconf 88' lang='lat' dir='ltr'><strong>truncatum</strong></span> <span class='ocrx_word' id='word_1_882' title='bbox 3419 3010 3586 3076; x_wconf 76' lang='lat' dir='ltr'><strong>refin-</strong></span> 
     </span>
    </p>
   </div>
   <div class='ocr_carea' id='block_1_117' title="bbox 2005 3079 3588 3158">
    <p class='ocr_par' dir='ltr' id='par_1_117' title="bbox 2005 3079 3588 3158">
     <span class='ocr_line' id='line_1_118' title="bbox 2005 3079 3588 3158; baseline 0.012 -29"><span class='ocrx_word' id='word_1_883' title='bbox 2005 3079 2097 3158; x_wconf 69' lang='lat' dir='ltr'><strong>_XII.</strong></span> <span class='ocrx_word' id='word_1_884' title='bbox 2131 3079 2238 3134; x_wconf 91' lang='lat' dir='ltr'><strong>Nec</strong></span> <span class='ocrx_word' id='word_1_885' title='bbox 2260 3083 2400 3134; x_wconf 88' lang='lat' dir='ltr'><strong>enint</strong></span> <span class='ocrx_word' id='word_1_886' title='bbox 2417 3091 2652 3158; x_wconf 67' lang='lat' dir='ltr'><strong>possunt</strong></span> <span class='ocrx_word' id='word_1_887' title='bbox 2678 3079 2867 3158; x_wconf 80' lang='lat' dir='ltr'><strong>medici</strong></span> <span class='ocrx_word' id='word_1_888' title='bbox 2899 3084 3132 3158; x_wconf 86' lang='lat' dir='ltr'><strong>abscissa</strong></span> <span class='ocrx_word' id='word_1_889' title='bbox 3155 3094 3392 3158; x_wconf 88' lang='lat' dir='ltr'><strong>corporis</strong></span> <span class='ocrx_word' id='word_1_890' title='bbox 3419 3107 3588 3147; x_wconf 82' lang='lat' dir='ltr'><strong>mem-</strong></span> 
     </span>
    </p>
   </div>
   <div class='ocr_carea' id='block_1_118' title="bbox 2006 3148 3582 3230">
    <p class='ocr_par' dir='ltr' id='par_1_118' title="bbox 2006 3148 3582 3230">
     <span class='ocr_line' id='line_1_119' title="bbox 2006 3148 3582 3230; baseline 0.01 -28"><span class='ocrx_word' id='word_1_891' title='bbox 2006 3148 2097 3230; x_wconf 79' lang='lat' dir='ltr'><strong>bra</strong></span> <span class='ocrx_word' id='word_1_892' title='bbox 2118 3166 2385 3230; x_wconf 58' lang='lat' dir='ltr'><strong>reparare:</strong></span> <span class='ocrx_word' id='word_1_893' title='bbox 2416 3148 2670 3230; x_wconf 63' lang='lat' dir='ltr'><strong>Utauiem</strong></span> <span class='ocrx_word' id='word_1_894' title='bbox 2692 3153 2780 3206; x_wconf 88' lang='lat' dir='ltr'><strong>Dei</strong></span> <span class='ocrx_word' id='word_1_895' title='bbox 2801 3154 2967 3230; x_wconf 80' lang='lat' dir='ltr'><strong>virtus</strong></span> <span class='ocrx_word' id='word_1_896' title='bbox 2990 3157 3040 3209; x_wconf 90' lang='lat' dir='ltr'><strong>itt</strong></span> <span class='ocrx_word' id='word_1_897' title='bbox 3068 3158 3156 3211; x_wconf 92' lang='lat' dir='ltr'><strong>illo</strong></span> <span class='ocrx_word' id='word_1_898' title='bbox 3179 3148 3280 3212; x_wconf 80' lang='lat' dir='ltr'><strong>non</strong></span> <span class='ocrx_word' id='word_1_899' title='bbox 3304 3162 3582 3230; x_wconf 87' lang='lat' dir='ltr'><strong>diminuta,</strong></span> 
     </span>
    </p>
   </div>
   <div class='ocr_carea' id='block_1_119' title="bbox 2004 3219 3587 3289">
    <p class='ocr_par' dir='ltr' id='par_1_119' title="bbox 2004 3219 3587 3289">
     <span class='ocr_line' id='line_1_120' title="bbox 2004 3219 3587 3289; baseline 0.01 -16"><span class='ocrx_word' id='word_1_900' title='bbox 2004 3219 2097 3274; x_wconf 88' lang='lat' dir='ltr'><strong>sed</strong></span> <span class='ocrx_word' id='word_1_901' title='bbox 2147 3220 2214 3274; x_wconf 88' lang='lat' dir='ltr'><strong>ita</strong></span> <span class='ocrx_word' id='word_1_902' title='bbox 2263 3231 2318 3274; x_wconf 90' lang='lat' dir='ltr'><strong>ut</strong></span> <span class='ocrx_word' id='word_1_903' title='bbox 2363 3221 2531 3276; x_wconf 85' lang='lat' dir='ltr'><strong>fuerat</strong></span> <span class='ocrx_word' id='word_1_904' title='bbox 2571 3223 2744 3277; x_wconf 88' lang='lat' dir='ltr'><strong>inesse</strong></span> <span class='ocrx_word' id='word_1_905' title='bbox 2787 3224 3076 3286; x_wconf 86' lang='lat' dir='ltr'><strong>videretur.</strong></span> <span class='ocrx_word' id='word_1_906' title='bbox 3111 3238 3164 3283; x_wconf 91' lang='lat' dir='ltr'><strong>et</strong></span> <span class='ocrx_word' id='word_1_907' title='bbox 3194 3230 3317 3284; x_wconf 85' lang='lat' dir='ltr'><strong>illud</strong></span> <span class='ocrx_word' id='word_1_908' title='bbox 3352 3219 3587 3289; x_wconf 66' lang='lat' dir='ltr'><strong>tirmarei</strong></span> 
     </span>
    </p>
   </div>
   <div class='ocr_carea' id='block_1_120' title="bbox 2003 3291 3583 3368">
    <p class='ocr_par' dir='ltr' id='par_1_120' title="bbox 2003 3291 3583 3368">
     <span class='ocr_line' id='line_1_121' title="bbox 2003 3291 3583 3368; baseline 0.01 -27"><span class='ocrx_word' id='word_1_909' title='bbox 2003 3291 2142 3359; x_wconf 86' lang='lat' dir='ltr'><strong>quod</strong></span> <span class='ocrx_word' id='word_1_910' title='bbox 2167 3292 2403 3368; x_wconf 67' lang='lat' dir='ltr'><strong>dixerat,</strong></span> <span class='ocrx_word' id='word_1_911' title='bbox 2423 3291 2725 3368; x_wconf 29' lang='lat' dir='ltr'><strong>Potes-tatem</strong></span> <span class='ocrx_word' id='word_1_912' title='bbox 2747 3295 2903 3348; x_wconf 84' lang='lat' dir='ltr'><strong>habeo</strong></span> <span class='ocrx_word' id='word_1_913' title='bbox 2921 3299 3137 3364; x_wconf 85' lang='lat' dir='ltr'><strong>ponendi</strong></span> <span class='ocrx_word' id='word_1_914' title='bbox 3156 3301 3376 3354; x_wconf 84' lang='lat' dir='ltr'><strong>animant</strong></span> <span class='ocrx_word' id='word_1_915' title='bbox 3399 3320 3583 3368; x_wconf 85' lang='lat' dir='ltr'><strong>meam,</strong></span> 
     </span>
    </p>
   </div>
   <div class='ocr_carea' id='block_1_121' title="bbox 2003 3363 3582 3445">
    <p class='ocr_par' dir='ltr' id='par_1_121' title="bbox 2003 3363 3582 3445">
     <span class='ocr_line' id='line_1_122' title="bbox 2003 3363 3582 3445; baseline 0.013 -35"><span class='ocrx_word' id='word_1_916' title='bbox 2003 3370 2047 3445; x_wconf 67' lang='lat' dir='ltr'><strong>et</strong></span> <span class='ocrx_word' id='word_1_917' title='bbox 2071 3371 2357 3430; x_wconf 83' lang='lat' dir='ltr'><strong>potestatem</strong></span> <span class='ocrx_word' id='word_1_918' title='bbox 2385 3363 2538 3445; x_wconf 79' lang='lat' dir='ltr'><strong>habeo</strong></span> <span class='ocrx_word' id='word_1_919' title='bbox 2565 3365 2740 3445; x_wconf 69' lang='lat' dir='ltr'><strong>iiemm</strong></span> <span class='ocrx_word' id='word_1_920' title='bbox 2766 3363 2994 3445; x_wconf 74' lang='lat' dir='ltr'><strong>sumendi</strong></span> <span class='ocrx_word' id='word_1_921' title='bbox 3019 3384 3128 3420; x_wconf 85' lang='lat' dir='ltr'><strong>eam</strong></span> <span class='ocrx_word' id='word_1_922' title='bbox 3157 3368 3334 3436; x_wconf 85' lang='lat' dir='ltr'><strong>(Joatt.</strong></span> <span class='ocrx_word' id='word_1_923' title='bbox 3372 3389 3427 3435; x_wconf 75' lang='grc' dir='ltr'><strong>χ,</strong></span> <span class='ocrx_word' id='word_1_924' title='bbox 3456 3363 3582 3445; x_wconf 72' lang='grc' dir='ltr'><strong>18)ξ</strong></span> 
     </span>
    </p>
   </div>
   <div class='ocr_carea' id='block_1_122' title="bbox 2006 3432 3587 3514">
    <p class='ocr_par' dir='ltr' id='par_1_122' title="bbox 2006 3432 3587 3514">
     <span class='ocr_line' id='line_1_123' title="bbox 2006 3432 3587 3514; baseline 0.011 -32"><span class='ocrx_word' id='word_1_925' title='bbox 2006 3432 2103 3514; x_wconf 71' lang='lat' dir='ltr'><strong>hac</strong></span> <span class='ocrx_word' id='word_1_926' title='bbox 2128 3449 2254 3514; x_wconf 61' lang='lat' dir='ltr'><strong>ergo</strong></span> <span class='ocrx_word' id='word_1_927' title='bbox 2279 3449 2455 3514; x_wconf 40' lang='lat' dir='ltr'><strong>c:t.t_t_sa_</strong></span> <span class='ocrx_word' id='word_1_928' title='bbox 2481 3434 2691 3514; x_wconf 66' lang='lat' dir='ltr'><strong>gladios</strong></span> <span class='ocrx_word' id='word_1_929' title='bbox 2711 3439 2902 3503; x_wconf 89' lang='lat' dir='ltr'><strong>parari,</strong></span> <span class='ocrx_word' id='word_1_930' title='bbox 2937 3453 3040 3490; x_wconf 92' lang='lat' dir='ltr'><strong>non</strong></span> <span class='ocrx_word' id='word_1_931' title='bbox 3072 3432 3244 3492; x_wconf 87' lang='lat' dir='ltr'><strong>tamen</strong></span> <span class='ocrx_word' id='word_1_932' title='bbox 3273 3432 3442 3497; x_wconf 89' lang='lat' dir='ltr'><strong>occidi</strong></span> <span class='ocrx_word' id='word_1_933' title='bbox 3469 3432 3587 3514; x_wconf 69' lang='lat' dir='ltr'><strong>jus-</strong></span> 
     </span>
    </p>
   </div>
   <div class='ocr_carea' id='block_1_123' title="bbox 2003 3502 3586 3578">
    <p class='ocr_par' dir='ltr' id='par_1_123' title="bbox 2003 3502 3586 3578">
     <span class='ocr_line' id='line_1_124' title="bbox 2003 3502 3586 3578; baseline 0.011 -25"><span class='ocrx_word' id='word_1_934' title='bbox 2003 3502 2090 3578; x_wconf 78' lang='lat' dir='ltr'><strong>sit.</strong></span> <span class='ocrx_word' id='word_1_935' title='bbox 2139 3502 2287 3557; x_wconf 88' lang='lat' dir='ltr'><strong>Nunc</strong></span> <span class='ocrx_word' id='word_1_936' title='bbox 2331 3504 2458 3578; x_wconf 83' lang='lat' dir='ltr'><strong>illud</strong></span> <span class='ocrx_word' id='word_1_937' title='bbox 2497 3502 2788 3578; x_wconf 64' lang='lat' dir='ltr'><strong>ostendere</strong></span> <span class='ocrx_word' id='word_1_938' title='bbox 2830 3517 3091 3575; x_wconf 85' lang='lat' dir='ltr'><strong>superest,</strong></span> <span class='ocrx_word' id='word_1_939' title='bbox 3135 3527 3299 3578; x_wconf 89' lang='lat' dir='ltr'><strong>quare</strong></span> <span class='ocrx_word' id='word_1_940' title='bbox 3326 3502 3586 3570; x_wconf 75' lang='lat' dir='ltr'><strong>conltiens</strong></span> 
     </span>
    </p>
   </div>
   <div class='ocr_carea' id='block_1_124' title="bbox 2003 3571 3581 3652">
    <p class='ocr_par' dir='ltr' id='par_1_124' title="bbox 2003 3571 3581 3652">
     <span class='ocr_line' id='line_1_125' title="bbox 2003 3571 3581 3652; baseline 0.011 -29"><span class='ocrx_word' id='word_1_941' title='bbox 2003 3571 2194 3652; x_wconf 69' lang='lat' dir='ltr'><strong>factum</strong></span> <span class='ocrx_word' id='word_1_942' title='bbox 2225 3575 2448 3652; x_wconf 71' lang='lat' dir='ltr'><strong>apostoli</strong></span> <span class='ocrx_word' id='word_1_943' title='bbox 2479 3574 2652 3652; x_wconf 83' lang='lat' dir='ltr'><strong>_Petri,</strong></span> <span class='ocrx_word' id='word_1_944' title='bbox 2701 3590 2821 3628; x_wconf 91' lang='lat' dir='ltr'><strong>eum</strong></span> <span class='ocrx_word' id='word_1_945' title='bbox 2866 3571 2953 3652; x_wconf 78' lang='lat' dir='ltr'><strong>qui</strong></span> <span class='ocrx_word' id='word_1_946' title='bbox 2982 3571 3170 3652; x_wconf 79' lang='lat' dir='ltr'><strong>gladio</strong></span> <span class='ocrx_word' id='word_1_947' title='bbox 3213 3597 3336 3635; x_wconf 85' lang='lat' dir='ltr'><strong>usus</strong></span> <span class='ocrx_word' id='word_1_948' title='bbox 3379 3583 3536 3639; x_wconf 88' lang='lat' dir='ltr'><strong>fuerit</strong></span> <span class='ocrx_word' id='word_1_949' title='bbox 3565 3627 3581 3652; x_wconf 87' lang='lat'><strong>,</strong></span> 
     </span>
    </p>
   </div>
   <div class='ocr_carea' id='block_1_125' title="bbox 2000 3643 3584 3718">
    <p class='ocr_par' dir='ltr' id='par_1_125' title="bbox 2000 3643 3584 3718">
     <span class='ocr_line' id='line_1_126' title="bbox 2000 3643 3584 3718; baseline 0.008 -22"><span class='ocrx_word' id='word_1_950' title='bbox 2000 3643 2176 3718; x_wconf 74' lang='lat' dir='ltr'><strong>gladio</strong></span> <span class='ocrx_word' id='word_1_951' title='bbox 2206 3645 2337 3718; x_wconf 60' lang='lat' dir='ltr'><strong>dixit</strong></span> <span class='ocrx_word' id='word_1_952' title='bbox 2382 3645 2576 3718; x_wconf 84' lang='lat' dir='ltr'><strong>perire,</strong></span> <span class='ocrx_word' id='word_1_953' title='bbox 2605 3643 2899 3718; x_wconf 58' lang='lat' dir='ltr'><strong>cuntnom</strong></span> <span class='ocrx_word' id='word_1_954' title='bbox 2923 3643 3112 3715; x_wconf 76' lang='lat' dir='ltr'><strong>injuste</strong></span> <span class='ocrx_word' id='word_1_955' title='bbox 3139 3655 3462 3718; x_wconf 85' lang='lat' dir='ltr'><strong>percussisse</strong></span> <span class='ocrx_word' id='word_1_956' title='bbox 3504 3643 3584 3709; x_wconf 55' lang='lat' dir='ltr'><strong>vi:-</strong></span> 
     </span>
    </p>
   </div>
   <div class='ocr_carea' id='block_1_126' title="bbox 2001 3713 3583 3788">
    <p class='ocr_par' dir='ltr' id='par_1_126' title="bbox 2001 3713 3583 3788">
     <span class='ocr_line' id='line_1_127' title="bbox 2001 3713 3583 3788; baseline 0.009 -23"><span class='ocrx_word' id='word_1_957' title='bbox 2001 3713 2180 3788; x_wconf 73' lang='lat' dir='ltr'><strong>deat-tt</strong></span> <span class='ocrx_word' id='word_1_958' title='bbox 2248 3714 2380 3768; x_wconf 50' lang='grc' dir='ltr'>ἐτι-ιιι</span> <span class='ocrx_word' id='word_1_959' title='bbox 2408 3716 2542 3768; x_wconf 91' lang='lat' dir='ltr'><strong>sicut</strong></span> <span class='ocrx_word' id='word_1_960' title='bbox 2584 3716 2909 3788; x_wconf 84' lang='lat' dir='ltr'><strong>signiﬁcatur</strong></span> <span class='ocrx_word' id='word_1_961' title='bbox 2936 3713 2986 3770; x_wconf 84' lang='lat' dir='ltr'><strong>in</strong></span> <span class='ocrx_word' id='word_1_962' title='bbox 3016 3713 3176 3784; x_wconf 79' lang='lat' dir='ltr'><strong>Luca,</strong></span> <span class='ocrx_word' id='word_1_963' title='bbox 3213 3721 3324 3788; x_wconf 86' lang='lat' dir='ltr'><strong>ipso</strong></span> <span class='ocrx_word' id='word_1_964' title='bbox 3359 3725 3583 3779; x_wconf 87' lang='lat' dir='ltr'><strong>Domino</strong></span> 
     </span>
    </p>
   </div>
   <div class='ocr_carea' id='block_1_127' title="bbox 2003 3785 3584 3856">
    <p class='ocr_par' dir='ltr' id='par_1_127' title="bbox 2003 3785 3584 3856">
     <span class='ocr_line' id='line_1_128' title="bbox 2003 3785 3584 3856; baseline 0.009 -21"><span class='ocrx_word' id='word_1_965' title='bbox 2003 3785 2339 3856; x_wconf 76' lang='lat' dir='ltr'><strong>permittente</strong></span> <span class='ocrx_word' id='word_1_966' title='bbox 2382 3787 2660 3854; x_wconf 88' lang='lat' dir='ltr'><strong>percussit,</strong></span> <span class='ocrx_word' id='word_1_967' title='bbox 2705 3795 2758 3839; x_wconf 86' lang='lat' dir='ltr'><strong>et</strong></span> <span class='ocrx_word' id='word_1_968' title='bbox 2786 3791 2862 3840; x_wconf 90' lang='lat' dir='ltr'><strong>sic</strong></span> <span class='ocrx_word' id='word_1_969' title='bbox 2907 3788 3197 3856; x_wconf 90' lang='lat' dir='ltr'><strong>prohibitus</strong></span> <span class='ocrx_word' id='word_1_970' title='bbox 3233 3785 3355 3845; x_wconf 66' lang='lat' dir='ltr'><strong>hare</strong></span> <span class='ocrx_word' id='word_1_971' title='bbox 3383 3795 3584 3850; x_wconf 85' lang='lat' dir='ltr'><strong>audivit</strong></span> 
     </span>
    </p>
   </div>
   <div class='ocr_carea' id='block_1_128' title="bbox 2002 3853 3584 3928">
    <p class='ocr_par' dir='ltr' id='par_1_128' title="bbox 2002 3853 3584 3928">
     <span class='ocr_line' id='line_1_129' title="bbox 2002 3853 3584 3928; baseline 0.009 -23"><span class='ocrx_word' id='word_1_972' title='bbox 2002 3853 2152 3928; x_wconf 88' lang='lat' dir='ltr'><strong>(Luc.</strong></span> <span class='ocrx_word' id='word_1_973' title='bbox 2187 3872 2326 3928; x_wconf 56' lang='lat' dir='ltr'><strong>axu.</strong></span> <span class='ocrx_word' id='word_1_974' title='bbox 2360 3857 2448 3916; x_wconf 69' lang='lat'><strong>49,</strong></span> <span class='ocrx_word' id='word_1_975' title='bbox 2498 3856 2610 3924; x_wconf 80' lang='lat'><strong>50).</strong></span> <span class='ocrx_word' id='word_1_976' title='bbox 2657 3857 2780 3928; x_wconf 89' lang='lat' dir='ltr'><strong>Ideo</strong></span> <span class='ocrx_word' id='word_1_977' title='bbox 2823 3853 3018 3912; x_wconf 84' lang='lat' dir='ltr'><strong>etenim</strong></span> <span class='ocrx_word' id='word_1_978' title='bbox 3051 3863 3362 3926; x_wconf 77' lang='lat' dir='ltr'><strong>permissum</strong></span> <span class='ocrx_word' id='word_1_979' title='bbox 3395 3874 3494 3928; x_wconf 90' lang='lat' dir='ltr'><strong>est,</strong></span> <span class='ocrx_word' id='word_1_980' title='bbox 3527 3879 3584 3920; x_wconf 83' lang='lat' dir='ltr'><strong>ut</strong></span> 
     </span>
    </p>
   </div>
   <div class='ocr_carea' id='block_1_129' title="bbox 1999 3925 3580 3995">
    <p class='ocr_par' dir='ltr' id='par_1_129' title="bbox 1999 3925 3580 3995">
     <span class='ocr_line' id='line_1_130' title="bbox 1999 3925 3580 3995; baseline 0.009 -19"><span class='ocrx_word' id='word_1_981' title='bbox 1999 3933 2054 3977; x_wconf 88' lang='lat' dir='ltr'><strong>et</strong></span> <span class='ocrx_word' id='word_1_982' title='bbox 2078 3925 2346 3990; x_wconf 86' lang='lat' dir='ltr'><strong>vindicare</strong></span> <span class='ocrx_word' id='word_1_983' title='bbox 2375 3942 2432 3979; x_wconf 88' lang='lat' dir='ltr'><strong>se</strong></span> <span class='ocrx_word' id='word_1_984' title='bbox 2455 3942 2609 3992; x_wconf 88' lang='lat' dir='ltr'><strong>posse</strong></span> <span class='ocrx_word' id='word_1_985' title='bbox 2632 3927 2917 3994; x_wconf 86' lang='lat' dir='ltr'><strong>videretur,</strong></span> <span class='ocrx_word' id='word_1_986' title='bbox 2945 3931 3033 3982; x_wconf 82' lang='lat' dir='ltr'><strong>sed</strong></span> <span class='ocrx_word' id='word_1_987' title='bbox 3053 3925 3234 3995; x_wconf 87' lang='lat' dir='ltr'><strong>nolle;</strong></span> <span class='ocrx_word' id='word_1_988' title='bbox 3264 3944 3390 3987; x_wconf 89' lang='lat' dir='ltr'><strong>etut</strong></span> <span class='ocrx_word' id='word_1_989' title='bbox 3413 3925 3580 3990; x_wconf 81' lang='lat' dir='ltr'><strong>virtus</strong></span> 
     </span>
    </p>
   </div>
   <div class='ocr_carea' id='block_1_130' title="bbox 2001 3996 3582 4068">
    <p class='ocr_par' dir='ltr' id='par_1_130' title="bbox 2001 3996 3582 4068">
     <span class='ocr_line' id='line_1_131' title="bbox 2001 3996 3582 4068; baseline 0.009 -21"><span class='ocrx_word' id='word_1_990' title='bbox 2001 3996 2370 4050; x_wconf 88' lang='lat' dir='ltr'><strong>ostenderetur</strong></span> <span class='ocrx_word' id='word_1_991' title='bbox 2399 3997 2450 4050; x_wconf 91' lang='lat' dir='ltr'><strong>in</strong></span> <span class='ocrx_word' id='word_1_992' title='bbox 2479 4013 2544 4051; x_wconf 92' lang='lat' dir='ltr'><strong>eo</strong></span> <span class='ocrx_word' id='word_1_993' title='bbox 2573 4013 2808 4060; x_wconf 81' lang='lat' dir='ltr'><strong>manere,</strong></span> <span class='ocrx_word' id='word_1_994' title='bbox 2838 4000 2888 4052; x_wconf 91' lang='lat' dir='ltr'><strong>in</strong></span> <span class='ocrx_word' id='word_1_995' title='bbox 2915 4015 3020 4068; x_wconf 90' lang='lat' dir='ltr'><strong>quo</strong></span> <span class='ocrx_word' id='word_1_996' title='bbox 3050 4001 3238 4066; x_wconf 88' lang='lat' dir='ltr'><strong>fuerat,</strong></span> <span class='ocrx_word' id='word_1_997' title='bbox 3273 4015 3327 4056; x_wconf 92' lang='lat' dir='ltr'><strong>ut</strong></span> <span class='ocrx_word' id='word_1_998' title='bbox 3355 4006 3406 4058; x_wconf 92' lang='lat' dir='ltr'><strong>in</strong></span> <span class='ocrx_word' id='word_1_999' title='bbox 3436 4018 3582 4061; x_wconf 73' lang='lat' dir='ltr'><strong>utro~</strong></span> 
     </span>
    </p>
   </div>
   <div class='ocr_carea' id='block_1_131' title="bbox 1999 4068 3582 4138">
    <p class='ocr_par' dir='ltr' id='par_1_131' title="bbox 1999 4068 3582 4138">
     <span class='ocr_line' id='line_1_132' title="bbox 1999 4068 3582 4138; baseline 0.008 -19"><span class='ocrx_word' id='word_1_1000' title='bbox 1999 4081 2102 4134; x_wconf 91' lang='lat' dir='ltr'><strong>que</strong></span> <span class='ocrx_word' id='word_1_1001' title='bbox 2132 4068 2398 4122; x_wconf 88' lang='lat' dir='ltr'><strong>vindicare</strong></span> <span class='ocrx_word' id='word_1_1002' title='bbox 2428 4084 2484 4121; x_wconf 80' lang='lat' dir='ltr'><strong>se</strong></span> <span class='ocrx_word' id='word_1_1003' title='bbox 2510 4083 2661 4135; x_wconf 87' lang='lat' dir='ltr'><strong>posse</strong></span> <span class='ocrx_word' id='word_1_1004' title='bbox 2684 4084 2784 4123; x_wconf 92' lang='lat' dir='ltr'><strong>non</strong></span> <span class='ocrx_word' id='word_1_1005' title='bbox 2807 4071 3190 4138; x_wconf 76' lang='lat' dir='ltr'><strong>ambigeretur;</strong></span> <span class='ocrx_word' id='word_1_1006' title='bbox 3229 4074 3424 4128; x_wconf 89' lang='lat' dir='ltr'><strong>inimici</strong></span> <span class='ocrx_word' id='word_1_1007' title='bbox 3454 4092 3582 4132; x_wconf 90' lang='lat' dir='ltr'><strong>vero</strong></span> 
     </span>
    </p>
   </div>
   <div class='ocr_carea' id='block_1_132' title="bbox 2001 4138 3584 4210">
    <p class='ocr_par' dir='ltr' id='par_1_132' title="bbox 2001 4138 3584 4210">
     <span class='ocr_line' id='line_1_133' title="bbox 2001 4138 3584 4210; baseline 0.006 -20"><span class='ocrx_word' id='word_1_1008' title='bbox 2001 4149 2098 4210; x_wconf 86' lang='lat' dir='ltr'><strong>pro</strong></span> <span class='ocrx_word' id='word_1_1009' title='bbox 2134 4146 2282 4210; x_wconf 75' lang='lat' dir='ltr'><strong>certo</strong></span> <span class='ocrx_word' id='word_1_1010' title='bbox 2313 4138 2566 4210; x_wconf 69' lang='lat' dir='ltr'><strong>haberent</strong></span> <span class='ocrx_word' id='word_1_1011' title='bbox 2603 4139 2778 4210; x_wconf 89' lang='lat' dir='ltr'><strong>datam</strong></span> <span class='ocrx_word' id='word_1_1012' title='bbox 2823 4139 2920 4194; x_wconf 87' lang='lat' dir='ltr'><strong>sibi</strong></span> <span class='ocrx_word' id='word_1_1013' title='bbox 2960 4143 3025 4194; x_wconf 91' lang='lat' dir='ltr'><strong>ab</strong></span> <span class='ocrx_word' id='word_1_1014' title='bbox 3052 4155 3118 4194; x_wconf 90' lang='lat' dir='ltr'><strong>co</strong></span> <span class='ocrx_word' id='word_1_1015' title='bbox 3159 4152 3491 4210; x_wconf 89' lang='lat' dir='ltr'><strong>potestatem,</strong></span> <span class='ocrx_word' id='word_1_1016' title='bbox 3526 4158 3584 4201; x_wconf 84' lang='lat' dir='ltr'><strong>ut</strong></span> 
     </span>
    </p>
   </div>
   <div class='ocr_carea' id='block_1_133' title="bbox 2001 4207 3582 4278">
    <p class='ocr_par' dir='ltr' id='par_1_133' title="bbox 2001 4207 3582 4278">
     <span class='ocr_line' id='line_1_134' title="bbox 2001 4207 3582 4278; baseline 0.007 -18"><span class='ocrx_word' id='word_1_1017' title='bbox 2001 4207 2100 4262; x_wconf 91' lang='lat' dir='ltr'><strong>hoc</strong></span> <span class='ocrx_word' id='word_1_1018' title='bbox 2126 4207 2380 4262; x_wconf 86' lang='lat' dir='ltr'><strong>facerent.</strong></span> <span class='ocrx_word' id='word_1_1019' title='bbox 2408 4207 2521 4262; x_wconf 88' lang='lat' dir='ltr'><strong>Non</strong></span> <span class='ocrx_word' id='word_1_1020' title='bbox 2553 4209 2693 4261; x_wconf 90' lang='lat' dir='ltr'><strong>enim</strong></span> <span class='ocrx_word' id='word_1_1021' title='bbox 2719 4210 2888 4263; x_wconf 89' lang='lat' dir='ltr'><strong>victus</strong></span> <span class='ocrx_word' id='word_1_1022' title='bbox 2917 4207 3222 4278; x_wconf 83' lang='lat' dir='ltr'><strong>apparebat,</strong></span> <span class='ocrx_word' id='word_1_1023' title='bbox 3253 4215 3344 4267; x_wconf 85' lang='lat' dir='ltr'><strong>sed</strong></span> <span class='ocrx_word' id='word_1_1024' title='bbox 3369 4207 3582 4272; x_wconf 89' lang='lat' dir='ltr'><strong>tradens</strong></span> 
     </span>
    </p>
   </div>
   <div class='ocr_carea' id='block_1_134' title="bbox 1998 4278 3584 4351">
    <p class='ocr_par' dir='ltr' id='par_1_134' title="bbox 1998 4278 3584 4351">
     <span class='ocr_line' id='line_1_135' title="bbox 1998 4278 3584 4351; baseline 0.006 -19"><span class='ocrx_word' id='word_1_1025' title='bbox 1998 4293 2057 4332; x_wconf 88' lang='lat' dir='ltr'><strong>se</strong></span> <span class='ocrx_word' id='word_1_1026' title='bbox 2078 4279 2342 4351; x_wconf 85' lang='lat' dir='ltr'><strong>voluntati</strong></span> <span class='ocrx_word' id='word_1_1027' title='bbox 2369 4295 2574 4351; x_wconf 72' lang='lat' dir='ltr'><strong>eorum.</strong></span> <span class='ocrx_word' id='word_1_1028' title='bbox 2604 4278 2778 4351; x_wconf 82' lang='lat' dir='ltr'><strong>Quare</strong></span> <span class='ocrx_word' id='word_1_1029' title='bbox 2809 4295 2935 4346; x_wconf 75' lang='lat' dir='ltr'><strong>ergo</strong></span> <span class='ocrx_word' id='word_1_1030' title='bbox 2961 4284 3218 4334; x_wconf 84' lang='lat' dir='ltr'><strong>Sententia</strong></span> <span class='ocrx_word' id='word_1_1031' title='bbox 3247 4286 3366 4337; x_wconf 89' lang='lat' dir='ltr'><strong>data</strong></span> <span class='ocrx_word' id='word_1_1032' title='bbox 3393 4295 3493 4351; x_wconf 88' lang='lat' dir='ltr'><strong>est,</strong></span> <span class='ocrx_word' id='word_1_1033' title='bbox 3528 4297 3584 4342; x_wconf 94' lang='lat' dir='ltr'><strong>ut</strong></span> 
     </span>
    </p>
   </div>
   <div class='ocr_carea' id='block_1_135' title="bbox 1997 4349 3581 4423">
    <p class='ocr_par' dir='ltr' id='par_1_135' title="bbox 1997 4349 3581 4423">
     <span class='ocr_line' id='line_1_136' title="bbox 1997 4349 3581 4423; baseline 0.007 -22"><span class='ocrx_word' id='word_1_1034' title='bbox 1997 4350 2085 4423; x_wconf 81' lang='lat' dir='ltr'><strong>qui</strong></span> <span class='ocrx_word' id='word_1_1035' title='bbox 2129 4349 2357 4419; x_wconf 80' lang='lat' dir='ltr'><strong>gladium</strong></span> <span class='ocrx_word' id='word_1_1036' title='bbox 2405 4349 2615 4423; x_wconf 76' lang='lat' dir='ltr'><strong>accipit,</strong></span> <span class='ocrx_word' id='word_1_1037' title='bbox 2662 4349 2837 4418; x_wconf 89' lang='lat' dir='ltr'><strong>gladio</strong></span> <span class='ocrx_word' id='word_1_1038' title='bbox 2865 4361 3083 4420; x_wconf 85' lang='lat' dir='ltr'><strong>pereat;</strong></span> <span class='ocrx_word' id='word_1_1039' title='bbox 3119 4353 3216 4405; x_wconf 84' lang='lat' dir='ltr'><strong>nisi</strong></span> <span class='ocrx_word' id='word_1_1040' title='bbox 3264 4356 3402 4423; x_wconf 90' lang='lat' dir='ltr'><strong>quod</strong></span> <span class='ocrx_word' id='word_1_1041' title='bbox 3449 4349 3581 4412; x_wconf 82' lang='lat' dir='ltr'><strong>nulli</strong></span> 
     </span>
    </p>
   </div>
   <div class='ocr_carea' id='block_1_136' title="bbox 1999 4419 3582 4488">
    <p class='ocr_par' dir='ltr' id='par_1_136' title="bbox 1999 4419 3582 4488">
     <span class='ocr_line' id='line_1_137' title="bbox 1999 4419 3582 4488; baseline 0.005 -16"><span class='ocrx_word' id='word_1_1042' title='bbox 1999 4420 2151 4485; x_wconf 85' lang='lat' dir='ltr'><strong>licet,</strong></span> <span class='ocrx_word' id='word_1_1043' title='bbox 2201 4429 2419 4488; x_wconf 82' lang='lat' dir='ltr'><strong>excepto</strong></span> <span class='ocrx_word' id='word_1_1044' title='bbox 2460 4419 2658 4487; x_wconf 88' lang='lat' dir='ltr'><strong>judice,</strong></span> <span class='ocrx_word' id='word_1_1045' title='bbox 2705 4419 3023 4488; x_wconf 78' lang='lat' dir='ltr'><strong>queinquam</strong></span> <span class='ocrx_word' id='word_1_1046' title='bbox 3071 4423 3243 4488; x_wconf 72' lang='lat' dir='ltr'><strong>gladio</strong></span> <span class='ocrx_word' id='word_1_1047' title='bbox 3284 4419 3582 4481; x_wconf 62' lang='lat' dir='ltr'><strong>occidi-re?</strong></span> 
     </span>
    </p>
   </div>
   <div class='ocr_carea' id='block_1_137' title="bbox 1999 4490 3576 4561">
    <p class='ocr_par' dir='ltr' id='par_1_137' title="bbox 1999 4490 3576 4561">
     <span class='ocr_line' id='line_1_138' title="bbox 1999 4490 3576 4561; baseline 0.004 -18"><span class='ocrx_word' id='word_1_1048' title='bbox 1999 4492 2253 4558; x_wconf 80' lang='lat' dir='ltr'><strong>Apostolo</strong></span> <span class='ocrx_word' id='word_1_1049' title='bbox 2294 4500 2468 4544; x_wconf 89' lang='lat' dir='ltr'><strong>autem</strong></span> <span class='ocrx_word' id='word_1_1050' title='bbox 2501 4490 2657 4543; x_wconf 83' lang='lat' dir='ltr'><strong>Petro</strong></span> <span class='ocrx_word' id='word_1_1051' title='bbox 2689 4507 2853 4558; x_wconf 89' lang='lat' dir='ltr'><strong>usque</strong></span> <span class='ocrx_word' id='word_1_1052' title='bbox 2882 4492 2946 4544; x_wconf 88' lang='lat' dir='ltr'><strong>ad</strong></span> <span class='ocrx_word' id='word_1_1053' title='bbox 2981 4494 3078 4545; x_wconf 89' lang='lat' dir='ltr'><strong>hoc</strong></span> <span class='ocrx_word' id='word_1_1054' title='bbox 3109 4495 3420 4560; x_wconf 56' lang='lat' dir='ltr'><strong>permissum</strong></span> <span class='ocrx_word' id='word_1_1055' title='bbox 3455 4507 3537 4550; x_wconf 89' lang='lat' dir='ltr'><strong>est</strong></span> <span class='ocrx_word' id='word_1_1056' title='bbox 3560 4539 3576 4561; x_wconf 90' lang='lat'><strong>,</strong></span> 
     </span>
    </p>
   </div>
   <div class='ocr_carea' id='block_1_138' title="bbox 2000 4561 3578 4626">
    <p class='ocr_par' dir='ltr' id='par_1_138' title="bbox 2000 4561 3578 4626">
     <span class='ocr_line' id='line_1_139' title="bbox 2000 4561 3578 4626; baseline 0.006 -14"><span class='ocrx_word' id='word_1_1057' title='bbox 2000 4570 2054 4612; x_wconf 90' lang='lat' dir='ltr'><strong>ttt</strong></span> <span class='ocrx_word' id='word_1_1058' title='bbox 2083 4561 2320 4614; x_wconf 89' lang='lat' dir='ltr'><strong>dolorem</strong></span> <span class='ocrx_word' id='word_1_1059' title='bbox 2352 4561 2565 4625; x_wconf 88' lang='lat' dir='ltr'><strong>faceret,</strong></span> <span class='ocrx_word' id='word_1_1060' title='bbox 2598 4576 2700 4615; x_wconf 90' lang='lat' dir='ltr'><strong>non</strong></span> <span class='ocrx_word' id='word_1_1061' title='bbox 2729 4561 2869 4626; x_wconf 87' lang='lat' dir='ltr'><strong>qttod</strong></span> <span class='ocrx_word' id='word_1_1062' title='bbox 2895 4564 3178 4616; x_wconf 73' lang='lat' dir='ltr'><strong>occideret.</strong></span> <span class='ocrx_word' id='word_1_1063' title='bbox 3212 4564 3290 4616; x_wconf 86' lang='lat' dir='ltr'><strong>0b</strong></span> <span class='ocrx_word' id='word_1_1064' title='bbox 3319 4565 3418 4619; x_wconf 90' lang='lat' dir='ltr'><strong>hoc</strong></span> <span class='ocrx_word' id='word_1_1065' title='bbox 3435 4569 3578 4622; x_wconf 87' lang='lat' dir='ltr'><strong>cuitu</strong></span> 
     </span>
    </p>
   </div>
   <div class='ocr_carea' id='block_1_139' title="bbox 1997 4631 3575 4705">
    <p class='ocr_par' dir='ltr' id='par_1_139' title="bbox 1997 4631 3575 4705">
     <span class='ocr_line' id='line_1_140' title="bbox 1997 4631 3575 4705; baseline 0.006 -23"><span class='ocrx_word' id='word_1_1066' title='bbox 1997 4631 2215 4705; x_wconf 81' lang='lat' dir='ltr'><strong>audivit,</strong></span> <span class='ocrx_word' id='word_1_1067' title='bbox 2245 4647 2310 4705; x_wconf 86' lang='lat' dir='ltr'><strong>ne</strong></span> <span class='ocrx_word' id='word_1_1068' title='bbox 2342 4631 2532 4705; x_wconf 79' lang='lat' dir='ltr'><strong>iterum</strong></span> <span class='ocrx_word' id='word_1_1069' title='bbox 2576 4641 2892 4705; x_wconf 80' lang='lat' dir='ltr'><strong>percuteret.</strong></span> <span class='ocrx_word' id='word_1_1070' title='bbox 2931 4633 3116 4685; x_wconf 82' lang='lat' dir='ltr'><strong>Didicit</strong></span> <span class='ocrx_word' id='word_1_1071' title='bbox 3146 4644 3418 4700; x_wconf 67' lang='lat' dir='ltr'><strong>prieterea,</strong></span> <span class='ocrx_word' id='word_1_1072' title='bbox 3454 4641 3575 4705; x_wconf 88' lang='lat' dir='ltr'><strong>quia</strong></span> 
     </span>
    </p>
   </div>
   <div class='ocr_carea' id='block_1_140' title="bbox 1998 4699 3581 4768">
    <p class='ocr_par' dir='ltr' id='par_1_140' title="bbox 1998 4699 3581 4768">
     <span class='ocr_line' id='line_1_141' title="bbox 1998 4699 3581 4768; baseline 0.004 -14"><span class='ocrx_word' id='word_1_1073' title='bbox 1998 4699 2300 4754; x_wconf 83' lang='lat' dir='ltr'><strong>Christianis</strong></span> <span class='ocrx_word' id='word_1_1074' title='bbox 2337 4700 2444 4768; x_wconf 87' lang='lat' dir='ltr'><strong>jattt</strong></span> <span class='ocrx_word' id='word_1_1075' title='bbox 2495 4699 2643 4753; x_wconf 89' lang='lat' dir='ltr'><strong>factis</strong></span> <span class='ocrx_word' id='word_1_1076' title='bbox 2686 4701 2929 4756; x_wconf 88' lang='lat' dir='ltr'><strong>occidere</strong></span> <span class='ocrx_word' id='word_1_1077' title='bbox 2961 4719 3063 4756; x_wconf 91' lang='lat' dir='ltr'><strong>non</strong></span> <span class='ocrx_word' id='word_1_1078' title='bbox 3096 4699 3233 4756; x_wconf 78' lang='lat' dir='ltr'><strong>l’cet.</strong></span> <span class='ocrx_word' id='word_1_1079' title='bbox 3287 4706 3338 4758; x_wconf 94' lang='lat' dir='ltr'><strong>In</strong></span> <span class='ocrx_word' id='word_1_1080' title='bbox 3373 4699 3581 4761; x_wconf 80' lang='lat' dir='ltr'><strong>miseri-</strong></span> 
     </span>
    </p>
   </div>
   <div class='ocr_carea' id='block_1_141' title="bbox 1997 4770 3576 4842">
    <p class='ocr_par' dir='ltr' id='par_1_141' title="bbox 1997 4770 3576 4842">
     <span class='ocr_line' id='line_1_142' title="bbox 1997 4770 3576 4842; baseline 0.006 -20"><span class='ocrx_word' id='word_1_1081' title='bbox 1997 4771 2175 4842; x_wconf 88' lang='lat' dir='ltr'><strong>cordia</strong></span> <span class='ocrx_word' id='word_1_1082' title='bbox 2205 4772 2346 4824; x_wconf 89' lang='lat' dir='ltr'><strong>enitn</strong></span> <span class='ocrx_word' id='word_1_1083' title='bbox 2393 4770 2595 4842; x_wconf 85' lang='lat' dir='ltr'><strong>positis,</strong></span> <span class='ocrx_word' id='word_1_1084' title='bbox 2627 4772 2742 4842; x_wconf 88' lang='lat' dir='ltr'><strong>lege</strong></span> <span class='ocrx_word' id='word_1_1085' title='bbox 2767 4773 2902 4840; x_wconf 69' lang='lat' dir='ltr'><strong>juris</strong></span> <span class='ocrx_word' id='word_1_1086' title='bbox 2931 4774 3124 4825; x_wconf 92' lang='lat' dir='ltr'><strong>mundo</strong></span> <span class='ocrx_word' id='word_1_1087' title='bbox 3153 4777 3336 4828; x_wconf 76' lang='lat' dir='ltr'><strong>crediti</strong></span> <span class='ocrx_word' id='word_1_1088' title='bbox 3367 4779 3436 4830; x_wconf 90' lang='lat' dir='ltr'><strong>uti</strong></span> <span class='ocrx_word' id='word_1_1089' title='bbox 3472 4795 3576 4832; x_wconf 88' lang='lat' dir='ltr'><strong>nou</strong></span> 
     </span>
    </p>
   </div>
   <div class='ocr_carea' id='block_1_142' title="bbox 2000 4841 3575 4912">
    <p class='ocr_par' dir='ltr' id='par_1_142' title="bbox 2000 4841 3575 4912">
     <span class='ocr_line' id='line_1_143' title="bbox 2000 4841 3575 4912; baseline 0.006 -19"><span class='ocrx_word' id='word_1_1090' title='bbox 2000 4841 2122 4912; x_wconf 79' lang='lat' dir='ltr'><strong>licet</strong></span> <span class='ocrx_word' id='word_1_1091' title='bbox 2148 4857 2352 4911; x_wconf 54' lang='lat' dir='ltr'><strong>aspere.</strong></span> <span class='ocrx_word' id='word_1_1092' title='bbox 2389 4841 2519 4894; x_wconf 86' lang='lat' dir='ltr'><strong>Illud</strong></span> <span class='ocrx_word' id='word_1_1093' title='bbox 2557 4841 2732 4896; x_wconf 88' lang='lat' dir='ltr'><strong>autem</strong></span> <span class='ocrx_word' id='word_1_1094' title='bbox 2773 4844 2912 4912; x_wconf 90' lang='lat' dir='ltr'><strong>quod</strong></span> <span class='ocrx_word' id='word_1_1095' title='bbox 2957 4853 3088 4896; x_wconf 80' lang='lat' dir='ltr'><strong>ante</strong></span> <span class='ocrx_word' id='word_1_1096' title='bbox 3121 4847 3365 4898; x_wconf 81' lang='lat' dir='ltr'><strong>cuntilnts</strong></span> <span class='ocrx_word' id='word_1_1097' title='bbox 3409 4847 3457 4900; x_wconf 88' lang='lat' dir='ltr'><strong>itt</strong></span> <span class='ocrx_word' id='word_1_1098' title='bbox 3492 4850 3575 4902; x_wconf 86' lang='lat' dir='ltr'><strong>via</strong></span> 
     </span>
    </p>
   </div>
   <div class='ocr_carea' id='block_1_143' title="bbox 1997 4909 3572 4982">
    <p class='ocr_par' dir='ltr' id='par_1_143' title="bbox 1997 4909 3572 4982">
     <span class='ocr_line' id='line_1_144' title="bbox 1997 4909 3572 4982; baseline 0.004 -17"><span class='ocrx_word' id='word_1_1099' title='bbox 1997 4909 2270 4980; x_wconf 84' lang='lat' dir='ltr'><strong>discipulis</strong></span> <span class='ocrx_word' id='word_1_1100' title='bbox 2296 4912 2572 4966; x_wconf 88' lang='lat' dir='ltr'><strong>mandasse</strong></span> <span class='ocrx_word' id='word_1_1101' title='bbox 2600 4909 2823 4973; x_wconf 82' lang='lat' dir='ltr'><strong>videtur,</strong></span> <span class='ocrx_word' id='word_1_1102' title='bbox 2858 4924 2913 4966; x_wconf 92' lang='lat' dir='ltr'><strong>ut</strong></span> <span class='ocrx_word' id='word_1_1103' title='bbox 2948 4913 3075 4966; x_wconf 90' lang='lat' dir='ltr'><strong>nihil</strong></span> <span class='ocrx_word' id='word_1_1104' title='bbox 3117 4915 3361 4969; x_wconf 84' lang='lat' dir='ltr'><strong>tollerent</strong></span> <span class='ocrx_word' id='word_1_1105' title='bbox 3394 4919 3443 4970; x_wconf 91' lang='lat' dir='ltr'><strong>in</strong></span> <span class='ocrx_word' id='word_1_1106' title='bbox 3473 4919 3572 4982; x_wconf 85' lang='lat' dir='ltr'><strong>via,</strong></span> 
     </span>
    </p>
   </div>
   <div class='ocr_carea' id='block_1_144' title="bbox 2000 4984 3576 5053">
    <p class='ocr_par' dir='ltr' id='par_1_144' title="bbox 2000 4984 3576 5053">
     <span class='ocr_line' id='line_1_145' title="bbox 2000 4984 3576 5053; baseline 0.005 -21"><span class='ocrx_word' id='word_1_1107' title='bbox 2000 4984 2142 5051; x_wconf 81' lang='lat' dir='ltr'><strong>pacis</strong></span> <span class='ocrx_word' id='word_1_1108' title='bbox 2172 4993 2252 5036; x_wconf 92' lang='lat' dir='ltr'><strong>est</strong></span> <span class='ocrx_word' id='word_1_1109' title='bbox 2291 4998 2468 5046; x_wconf 89' lang='lat' dir='ltr'><strong>causa,</strong></span> <span class='ocrx_word' id='word_1_1110' title='bbox 2499 4994 2550 5036; x_wconf 91' lang='lat' dir='ltr'><strong>et</strong></span> <span class='ocrx_word' id='word_1_1111' title='bbox 2579 4985 2744 5053; x_wconf 88' lang='lat' dir='ltr'><strong>gratia</strong></span> <span class='ocrx_word' id='word_1_1112' title='bbox 2772 4985 3042 5048; x_wconf 88' lang='lat' dir='ltr'><strong>virtutum,</strong></span> <span class='ocrx_word' id='word_1_1113' title='bbox 3092 4995 3144 5038; x_wconf 90' lang='lat' dir='ltr'><strong>et</strong></span> <span class='ocrx_word' id='word_1_1114' title='bbox 3169 4987 3451 5043; x_wconf 74' lang='lat' dir='ltr'><strong>affabilitas</strong></span> <span class='ocrx_word' id='word_1_1115' title='bbox 3477 4991 3576 5042; x_wconf 91' lang='lat' dir='ltr'><strong>do-</strong></span> 
     </span>
    </p>
   </div>
   <div class='ocr_carea' id='block_1_145' title="bbox 1997 5053 3574 5125">
    <p class='ocr_par' dir='ltr' id='par_1_145' title="bbox 1997 5053 3574 5125">
     <span class='ocr_line' id='line_1_146' title="bbox 1997 5053 3574 5125; baseline 0.003 -18"><span class='ocrx_word' id='word_1_1116' title='bbox 1997 5053 2201 5107; x_wconf 63' lang='lat' dir='ltr'><strong>ctrinae.</strong></span> <span class='ocrx_word' id='word_1_1117' title='bbox 2251 5053 2383 5120; x_wconf 89' lang='lat' dir='ltr'><strong>Quid</strong></span> <span class='ocrx_word' id='word_1_1118' title='bbox 2414 5055 2553 5107; x_wconf 87' lang='lat' dir='ltr'><strong>enim</strong></span> <span class='ocrx_word' id='word_1_1119' title='bbox 2595 5070 2723 5124; x_wconf 83' lang='lat' dir='ltr'><strong>opus</strong></span> <span class='ocrx_word' id='word_1_1120' title='bbox 2768 5065 2879 5107; x_wconf 93' lang='lat' dir='ltr'><strong>erat</strong></span> <span class='ocrx_word' id='word_1_1121' title='bbox 2921 5055 3102 5107; x_wconf 89' lang='lat' dir='ltr'><strong>tollere</strong></span> <span class='ocrx_word' id='word_1_1122' title='bbox 3143 5057 3338 5125; x_wconf 81' lang='lat' dir='ltr'><strong>aliquid</strong></span> <span class='ocrx_word' id='word_1_1123' title='bbox 3369 5060 3418 5111; x_wconf 91' lang='lat' dir='ltr'><strong>in</strong></span> <span class='ocrx_word' id='word_1_1124' title='bbox 3453 5061 3534 5112; x_wconf 90' lang='lat' dir='ltr'><strong>via</strong></span> <span class='ocrx_word' id='word_1_1125' title='bbox 3559 5100 3574 5123; x_wconf 88' lang='lat'><strong>,</strong></span> 
     </span>
    </p>
   </div>
   <div class='ocr_carea' id='block_1_146' title="bbox 1998 5125 3577 5194">
    <p class='ocr_par' dir='ltr' id='par_1_146' title="bbox 1998 5125 3577 5194">
     <span class='ocr_line' id='line_1_147' title="bbox 1998 5125 3577 5194; baseline 0.006 -19"><span class='ocrx_word' id='word_1_1126' title='bbox 1998 5125 2186 5192; x_wconf 82' lang='lat' dir='ltr'><strong>quibus</strong></span> <span class='ocrx_word' id='word_1_1127' title='bbox 2207 5126 2477 5194; x_wconf 73' lang='lat' dir='ltr'><strong>signorum</strong></span> <span class='ocrx_word' id='word_1_1128' title='bbox 2507 5141 2661 5178; x_wconf 85' lang='lat' dir='ltr'><strong>causa</strong></span> <span class='ocrx_word' id='word_1_1129' title='bbox 2687 5127 2858 5178; x_wconf 89' lang='lat' dir='ltr'><strong>omnia</strong></span> <span class='ocrx_word' id='word_1_1130' title='bbox 2889 5125 3155 5180; x_wconf 77' lang='lat' dir='ltr'><strong>offerenda</strong></span> <span class='ocrx_word' id='word_1_1131' title='bbox 3180 5127 3373 5182; x_wconf 83' lang='lat' dir='ltr'><strong>erant?</strong></span> <span class='ocrx_word' id='word_1_1132' title='bbox 3399 5133 3467 5183; x_wconf 83' lang='lat' dir='ltr'><strong>At</strong></span> <span class='ocrx_word' id='word_1_1133' title='bbox 3489 5131 3577 5184; x_wconf 92' lang='lat' dir='ltr'><strong>ubi</strong></span> 
     </span>
    </p>
   </div>
   <div class='ocr_carea' id='block_1_147' title="bbox 1999 5195 3578 5269">
    <p class='ocr_par' dir='ltr' id='par_1_147' title="bbox 1999 5195 3578 5269">
     <span class='ocr_line' id='line_1_148' title="bbox 1999 5195 3578 5269; baseline 0.004 -21"><span class='ocrx_word' id='word_1_1134' title='bbox 1999 5205 2224 5269; x_wconf 83' lang='lat' dir='ltr'><strong>tempus,</strong></span> <span class='ocrx_word' id='word_1_1135' title='bbox 2259 5211 2363 5269; x_wconf 91' lang='lat' dir='ltr'><strong>quo</strong></span> <span class='ocrx_word' id='word_1_1136' title='bbox 2390 5212 2446 5248; x_wconf 89' lang='lat' dir='ltr'><strong>se</strong></span> <span class='ocrx_word' id='word_1_1137' title='bbox 2474 5197 2578 5269; x_wconf 77' lang='lat' dir='ltr'><strong>pati</strong></span> <span class='ocrx_word' id='word_1_1138' title='bbox 2607 5195 2883 5269; x_wconf 73' lang='lat' dir='ltr'><strong>permisit,</strong></span> <span class='ocrx_word' id='word_1_1139' title='bbox 2909 5195 3146 5269; x_wconf 82' lang='lat' dir='ltr'><strong>advenit,</strong></span> <span class='ocrx_word' id='word_1_1140' title='bbox 3194 5209 3406 5266; x_wconf 90' lang='lat' dir='ltr'><strong>propter</strong></span> <span class='ocrx_word' id='word_1_1141' title='bbox 3435 5201 3578 5269; x_wconf 89' lang='lat' dir='ltr'><strong>quod</strong></span> 
     </span>
    </p>
   </div>
   <div class='ocr_carea' id='block_1_148' title="bbox 1999 5265 3579 5340">
    <p class='ocr_par' dir='ltr' id='par_1_148' title="bbox 1999 5265 3579 5340">
     <span class='ocr_line' id='line_1_149' title="bbox 1999 5265 3579 5340; baseline 0.004 -21"><span class='ocrx_word' id='word_1_1142' title='bbox 1999 5267 2109 5320; x_wconf 77' lang='lat' dir='ltr'><strong>rixa</strong></span> <span class='ocrx_word' id='word_1_1143' title='bbox 2159 5268 2324 5340; x_wconf 83' lang='lat' dir='ltr'><strong>magis</strong></span> <span class='ocrx_word' id='word_1_1144' title='bbox 2352 5283 2506 5340; x_wconf 85' lang='lat' dir='ltr'><strong>quam</strong></span> <span class='ocrx_word' id='word_1_1145' title='bbox 2541 5267 2730 5318; x_wconf 88' lang='lat' dir='ltr'><strong>bellum</strong></span> <span class='ocrx_word' id='word_1_1146' title='bbox 2775 5265 3118 5329; x_wconf 89' lang='lat' dir='ltr'><strong>imminebat;</strong></span> <span class='ocrx_word' id='word_1_1147' title='bbox 3151 5265 3383 5323; x_wconf 84' lang='lat' dir='ltr'><strong>armatos</strong></span> <span class='ocrx_word' id='word_1_1148' title='bbox 3426 5265 3579 5340; x_wconf 84' lang='lat' dir='ltr'><strong>jubet</strong></span> 
     </span>
    </p>
   </div>
   <div class='ocr_carea' id='block_1_149' title="bbox 1997 5336 3575 5408">
    <p class='ocr_par' dir='ltr' id='par_1_149' title="bbox 1997 5336 3575 5408">
     <span class='ocr_line' id='line_1_150' title="bbox 1997 5336 3575 5408; baseline 0.005 -19"><span class='ocrx_word' id='word_1_1149' title='bbox 1997 5352 2115 5390; x_wconf 88' lang='lat' dir='ltr'><strong>esse</strong></span> <span class='ocrx_word' id='word_1_1150' title='bbox 2162 5336 2449 5404; x_wconf 78' lang='lat' dir='ltr'><strong>dISt&#39;ipuIOS</strong></span> <span class='ocrx_word' id='word_1_1151' title='bbox 2484 5356 2496 5390; x_wconf 94' lang='lat'><strong>:</strong></span> <span class='ocrx_word' id='word_1_1152' title='bbox 2530 5353 2629 5388; x_wconf 91' lang='lat' dir='ltr'><strong>non</strong></span> <span class='ocrx_word' id='word_1_1153' title='bbox 2664 5347 2717 5389; x_wconf 92' lang='lat' dir='ltr'><strong>ut</strong></span> <span class='ocrx_word' id='word_1_1154' title='bbox 2747 5349 3060 5408; x_wconf 88' lang='lat' dir='ltr'><strong>repugnaret</strong></span> <span class='ocrx_word' id='word_1_1155' title='bbox 3087 5340 3172 5408; x_wconf 91' lang='lat' dir='ltr'><strong>qui</strong></span> <span class='ocrx_word' id='word_1_1156' title='bbox 3206 5342 3311 5407; x_wconf 90' lang='lat' dir='ltr'><strong>pati</strong></span> <span class='ocrx_word' id='word_1_1157' title='bbox 3345 5336 3575 5403; x_wconf 78' lang='lat' dir='ltr'><strong>volebat.</strong></span> 
     </span>
    </p>
   </div>
   <div class='ocr_carea' id='block_1_150' title="bbox 1998 5407 3578 5480">
    <p class='ocr_par' dir='ltr' id='par_1_150' title="bbox 1998 5407 3578 5480">
     <span class='ocr_line' id='line_1_151' title="bbox 1998 5407 3578 5480; baseline 0.007 -23"><span class='ocrx_word' id='word_1_1158' title='bbox 1998 5408 2110 5480; x_wconf 80' lang='lat' dir='ltr'><strong>sed,</strong></span> <span class='ocrx_word' id='word_1_1159' title='bbox 2140 5418 2196 5460; x_wconf 91' lang='lat' dir='ltr'><strong>ttt</strong></span> <span class='ocrx_word' id='word_1_1160' title='bbox 2220 5407 2350 5472; x_wconf 82' lang='lat' dir='ltr'><strong>dixi,</strong></span> <span class='ocrx_word' id='word_1_1161' title='bbox 2383 5418 2437 5460; x_wconf 89' lang='lat' dir='ltr'><strong>ut</strong></span> <span class='ocrx_word' id='word_1_1162' title='bbox 2465 5408 2738 5476; x_wconf 74' lang='lat' dir='ltr'><strong>przescium</strong></span> <span class='ocrx_word' id='word_1_1163' title='bbox 2770 5423 2826 5461; x_wconf 88' lang='lat' dir='ltr'><strong>se</strong></span> <span class='ocrx_word' id='word_1_1164' title='bbox 2856 5407 3007 5480; x_wconf 80' lang='lat' dir='ltr'><strong>hujus</strong></span> <span class='ocrx_word' id='word_1_1165' title='bbox 3036 5407 3130 5469; x_wconf 79' lang='lat' dir='ltr'><strong>rei,</strong></span> <span class='ocrx_word' id='word_1_1166' title='bbox 3159 5419 3210 5464; x_wconf 87' lang='lat' dir='ltr'><strong>et</strong></span> <span class='ocrx_word' id='word_1_1167' title='bbox 3239 5413 3288 5463; x_wconf 86' lang='lat' dir='ltr'><strong>in</strong></span> <span class='ocrx_word' id='word_1_1168' title='bbox 3319 5422 3578 5480; x_wconf 83' lang='lat' dir='ltr'><strong>potestate</strong></span> 
     </span>
    </p>
   </div>
   <div class='ocr_carea' id='block_1_151' title="bbox 1999 5477 3577 5547">
    <p class='ocr_par' dir='ltr' id='par_1_151' title="bbox 1999 5477 3577 5547">
     <span class='ocr_line' id='line_1_152' title="bbox 1999 5477 3577 5547; baseline 0.004 -16"><span class='ocrx_word' id='word_1_1169' title='bbox 1999 5477 2197 5532; x_wconf 87' lang='lat' dir='ltr'><strong>habere</strong></span> <span class='ocrx_word' id='word_1_1170' title='bbox 2216 5480 2515 5547; x_wconf 81' lang='lat' dir='ltr'><strong>passionem</strong></span> <span class='ocrx_word' id='word_1_1171' title='bbox 2540 5494 2685 5530; x_wconf 73' lang='lat' dir='ltr'><strong>suam</strong></span> <span class='ocrx_word' id='word_1_1172' title='bbox 2709 5478 3051 5544; x_wconf 83' lang='lat' dir='ltr'><strong>ostenderet;</strong></span> <span class='ocrx_word' id='word_1_1173' title='bbox 3078 5477 3378 5536; x_wconf 73' lang='lat' dir='ltr'><strong>humiliarct</strong></span> <span class='ocrx_word' id='word_1_1174' title='bbox 3399 5493 3577 5539; x_wconf 84' lang='lat' dir='ltr'><strong>autem</strong></span> 
     </span>
    </p>
   </div>
   <div class='ocr_carea' id='block_1_152' title="bbox 1997 5549 3432 5617">
    <p class='ocr_par' dir='ltr' id='par_1_152' title="bbox 1997 5549 3432 5617">
     <span class='ocr_line' id='line_1_153' title="bbox 1997 5549 3432 5617; baseline 0.003 -15"><span class='ocrx_word' id='word_1_1175' title='bbox 1997 5564 2054 5603; x_wconf 89' lang='lat' dir='ltr'><strong>se</strong></span> <span class='ocrx_word' id='word_1_1176' title='bbox 2085 5550 2326 5602; x_wconf 70' lang='lat' dir='ltr'><strong>human-.e</strong></span> <span class='ocrx_word' id='word_1_1177' title='bbox 2353 5549 2532 5601; x_wconf 78' lang='lat' dir='ltr'><strong>salutis</strong></span> <span class='ocrx_word' id='word_1_1178' title='bbox 2559 5564 2738 5610; x_wconf 84' lang='lat' dir='ltr'><strong>causa,</strong></span> <span class='ocrx_word' id='word_1_1179' title='bbox 2768 5549 2907 5617; x_wconf 90' lang='lat' dir='ltr'><strong>quod</strong></span> <span class='ocrx_word' id='word_1_1180' title='bbox 2935 5567 3030 5603; x_wconf 89' lang='lat' dir='ltr'><strong>suo</strong></span> <span class='ocrx_word' id='word_1_1181' title='bbox 3070 5553 3184 5605; x_wconf 88' lang='lat' dir='ltr'><strong>loco</strong></span> <span class='ocrx_word' id='word_1_1182' title='bbox 3209 5552 3432 5606; x_wconf 86' lang='lat' dir='ltr'><strong>dicetur.</strong></span> 
     </span>
    </p>
   </div>
   <div class='ocr_carea' id='block_1_153' title="bbox 2079 5619 3578 5693">
    <p class='ocr_par' dir='ltr' id='par_1_153' title="bbox 2079 5619 3578 5693">
     <span class='ocr_line' id='line_1_154' title="bbox 2079 5619 3578 5693; baseline 0.003 -18"><span class='ocrx_word' id='word_1_1183' title='bbox 2079 5620 2162 5675; x_wconf 74' lang='lat' dir='ltr'><strong>CV</strong></span> <span class='ocrx_word' id='word_1_1184' title='bbox 2205 5621 2296 5693; x_wconf 76' lang='grc' dir='ltr'><strong>(ὁ).</strong></span> <span class='ocrx_word' id='word_1_1185' title='bbox 2317 5650 2386 5660; x_wconf 89' lang='grc'><strong><em>-</em></strong></span> <span class='ocrx_word' id='word_1_1186' title='bbox 2416 5619 2690 5685; x_wconf 85' lang='lat' dir='ltr'><strong>Quomodo</strong></span> <span class='ocrx_word' id='word_1_1187' title='bbox 2714 5619 2991 5689; x_wconf 79' lang='lat' dir='ltr'><strong>Prophetia</strong></span> <span class='ocrx_word' id='word_1_1188' title='bbox 3014 5623 3237 5692; x_wconf 84' lang='lat' dir='ltr'><strong>quadret</strong></span> <span class='ocrx_word' id='word_1_1189' title='bbox 3256 5639 3376 5679; x_wconf 90' lang='lat' dir='ltr'><strong>cunt</strong></span> <span class='ocrx_word' id='word_1_1190' title='bbox 3404 5625 3578 5682; x_wconf 83' lang='lat' dir='ltr'><strong>Evan—</strong></span> 
     </span>
    </p>
   </div>
   <div class='ocr_carea' id='block_1_154' title="bbox 2057 5733 3308 5861">
    <p class='ocr_par' dir='ltr' id='par_1_154' title="bbox 2057 5733 3308 5861">
     <span class='ocr_line' id='line_1_155' title="bbox 2057 5733 3308 5861; baseline 0.003 -78"><span class='ocrx_word' id='word_1_1191' title='bbox 2057 5736 2132 5861; x_wconf 49' lang='lat' dir='ltr'><strong>Ea;</strong></span> <span class='ocrx_word' id='word_1_1192' title='bbox 2154 5743 2261 5784; x_wconf 69' lang='lat' dir='ltr'><strong>Haec</strong></span> <span class='ocrx_word' id='word_1_1193' title='bbox 2279 5736 2482 5797; x_wconf 67' lang='lat' dir='ltr'><strong>qumstio</strong></span> <span class='ocrx_word' id='word_1_1194' title='bbox 2501 5733 2642 5784; x_wconf 88' lang='lat' dir='ltr'><strong>deest</strong></span> <span class='ocrx_word' id='word_1_1195' title='bbox 2667 5736 2713 5783; x_wconf 90' lang='lat' dir='ltr'><strong>in</strong></span> <span class='ocrx_word' id='word_1_1196' title='bbox 2739 5742 2842 5784; x_wconf 77' lang='lat' dir='ltr'><strong>Mss.</strong></span> <span class='ocrx_word' id='word_1_1197' title='bbox 2867 5737 3064 5785; x_wconf 89' lang='lat' dir='ltr'><strong>secundi</strong></span> <span class='ocrx_word' id='word_1_1198' title='bbox 3089 5739 3308 5799; x_wconf 85' lang='lat' dir='ltr'><strong>generis.</strong></span> 
     </span>
     <span class='ocr_line' id='line_1_156' title="bbox 2081 5796 3308 5861; baseline 0.002 -14"><span class='ocrx_word' id='word_1_1199' title='bbox 2081 5796 2109 5847; x_wconf 88' lang='lat' dir='ltr'><strong>b</strong></span> <span class='ocrx_word' id='word_1_1200' title='bbox 2155 5805 2262 5847; x_wconf 72' lang='lat' dir='ltr'><strong>Haec</strong></span> <span class='ocrx_word' id='word_1_1201' title='bbox 2283 5797 2489 5861; x_wconf 65' lang='lat' dir='ltr'><strong>quaestio</strong></span> <span class='ocrx_word' id='word_1_1202' title='bbox 2518 5797 2660 5846; x_wconf 82' lang='lat' dir='ltr'><strong>deest</strong></span> <span class='ocrx_word' id='word_1_1203' title='bbox 2686 5798 2732 5846; x_wconf 88' lang='lat' dir='ltr'><strong>in</strong></span> <span class='ocrx_word' id='word_1_1204' title='bbox 2757 5805 2861 5847; x_wconf 70' lang='lat' dir='ltr'><strong>Mss.</strong></span> <span class='ocrx_word' id='word_1_1205' title='bbox 2887 5799 3087 5848; x_wconf 87' lang='lat' dir='ltr'><strong>secundi</strong></span> <span class='ocrx_word' id='word_1_1206' title='bbox 3110 5801 3308 5861; x_wconf 80' lang='lat' dir='ltr'><strong>generis</strong></span> 
     </span>
    </p>
   </div>
   <div class='ocr_carea' id='block_1_155' title="bbox 2081 5796 3328 5864">
    <p class='ocr_par' dir='ltr' id='par_1_155' title="bbox 2081 5796 3328 5864">
     <span class='ocr_line' id='line_1_157' title="bbox 2081 5796 3328 5864; baseline 0.003 -17"><span class='ocrx_word' id='word_1_1207' title='bbox 2081 5796 2132 5861; x_wconf 74' lang='grc' dir='ltr'><strong>ὁ)</strong></span> <span class='ocrx_word' id='word_1_1208' title='bbox 2155 5805 2262 5847; x_wconf 72' lang='lat' dir='ltr'><strong>Haec</strong></span> <span class='ocrx_word' id='word_1_1209' title='bbox 2283 5796 2489 5861; x_wconf 79' lang='lat' dir='ltr'><strong>qtucstio</strong></span> <span class='ocrx_word' id='word_1_1210' title='bbox 2518 5797 2660 5846; x_wconf 82' lang='lat' dir='ltr'><strong>deest</strong></span> <span class='ocrx_word' id='word_1_1211' title='bbox 2686 5798 2732 5846; x_wconf 88' lang='lat' dir='ltr'><strong>in</strong></span> <span class='ocrx_word' id='word_1_1212' title='bbox 2757 5805 2861 5847; x_wconf 70' lang='lat' dir='ltr'><strong>Mss.</strong></span> <span class='ocrx_word' id='word_1_1213' title='bbox 2887 5796 3328 5864; x_wconf 64' lang='lat' dir='ltr'><strong>secutuli&#39;generis.</strong></span> 
     </span>
    </p>
   </div>
   <div class='ocr_carea' id='block_1_156' title="bbox 2547 5881 3171 5966">
    <p class='ocr_par' dir='ltr' id='par_1_156' title="bbox 2547 5881 3171 5966">
     <span class='ocr_line' id='line_1_158' title="bbox 2547 5881 3171 5966; baseline 0.006 -21"><span class='ocrx_word' id='word_1_1214' title='bbox 2547 5881 3110 5966; x_wconf 75' lang='lat' dir='ltr'><strong>(Soixante-treizc</strong></span> <span class='ocrx_word' id='word_1_1215' title='bbox 3147 5889 3171 5949; x_wconf 86' lang='grc' dir='ltr'><em>Ι</em></span> 
     </span>
    </p>
   </div>
  </div>
