4042 6464
483 415 625 487 23:9

491 556 543 598 et
577 543 650 617 ad»
670 543 992 617 nutrimenta
1023 545 1287 614 pertinent
1314 559 1496 598 eorum
1520 588 1532 608 ,
1566 562 1684 614 qum
1706 547 1986 617 gignuntur
2010 546 2062 600 in

489 615 712 682 mundo,
739 621 796 668 et
818 613 881 668 ad
899 613 1046 686 signa
1073 625 1366 684 temporum
1397 617 1554 670 certis
1574 613 1847 672 curticulis
1877 633 2063 672 neces-

489 687 650 748 saria,
685 701 888 739 necnon
906 696 958 740 et
984 687 1046 738 ad
1063 695 1306 740 ornatum
1339 689 1496 740 totius
1523 689 1724 741 mundi.
1754 687 1898 743 Sicut
1923 690 2075 742 enim'

487 757 554 828 ad
583 767 952 828 ornamentum
981 756 1171 812 domus
1198 757 1452 826 pertinet,
1485 759 1528 812 si
1570 774 1778 812 camera
1807 759 1924 828 ejus
1969 759 2064 812 ha-

485 827 613 882 beat
639 843 768 881 auro
796 827 1042 883 distincta
1069 829 1333 897 laquearia
1358 845 1372 892 ;
1420 829 1488 882 ita
1519 837 1571 883 et
1597 829 1795 884 mundo
1820 827 2063 884 amatum

487 907 740 967 prmstant
781 898 946 952 stella:
971 897 1180 953 diversa
1209 899 1325 952 luce
1367 899 1641 968 fulgentes.
1685 899 1812 954 Luci
1855 901 2064 968 itaque,

489 985 609 1037 qtae
633 968 772 1028 facta
798 979 879 1040 est
909 969 1052 1040 prior
1071 1010 1084 1034 ,
1113 976 1195 1023 est
1219 969 1426 1040 additus
1453 970 1702 1040 splendor
1725 971 1875 1034 solis,
1910 972 1978 1024 ita
2007 981 2065 1025 ut

489 1055 724 1094 connexa
769 1039 875 1092 sint
905 1039 1018 1110 luce
1067 1049 1120 1094 et
1162 1039 1446 1092 individua.
1482 1039 1632 1093 Nocti
1686 1049 1895 1104 autem,
1947 1056 2067 1110 qua:

492 1117 608 1162 erat
637 1111 915 1164 tenebrosa
941 1153 953 1170 ,
987 1109 1166 1164 datum
1193 1120 1269 1180 esi
1301 1110 1558 1165 luminare
1591 1128 1602 1163 :
1637 1120 1690 1163 et
1715 1113 1834 1180 quia
1881 1109 2068 1180 quarta

491 1182 694 1234 decima
723 1181 817 1232 fuit
863 1181 981 1233 luna
1010 1181 1216 1250 quando
1251 1179 1386 1233 facta
1415 1189 1527 1250 est,
1559 1181 1635 1236 sic
1661 1179 1758 1244 ait,
1789 1179 2068 1234 Luniinare

494 1253 690 1314 minus,
737 1251 790 1303 in
829 1249 1196 1304 inchoationem
1244 1252 1402 1304 noctis
1431 1267 1449 1304 :
1495 1249 1630 1304 facta
1677 1251 1906 1316 etenim,
1961 1259 2068 1304 tota

496 1331 648 1392 nocte
697 1322 845 1375 luxit.
873 1324 909 1373 Α
936 1331 1083 1392 parte
1111 1337 1236 1390 ergo
1263 1320 1328 1374 ad
1359 1331 1522 1374 totum
1549 1321 1749 1376 dictum
1771 1332 1884 1386 est,
1911 1323 1961 1374 in
1983 1323 2068 1374 in-

489 1391 801 1445 plicationem
847 1393 1038 1457 noctis;
1087 1394 1206 1462 quia
1235 1405 1342 1446 non
1391 1405 1866 1462 sempervespere
1910 1393 2066 1446 lucet.

493 1461 775 1516 Luminarc
802 1473 977 1516 autem
1004 1464 1172 1532 majus
1193 1503 1207 1527 ,
1242 1463 1379 1530 quod
1408 1463 1572 1516 solem
1603 1461 1857 1528 dicimus,
1889 1471 2070 1516 manet

493 1534 544 1586 in
575 1533 725 1586 initio
753 1533 855 1587 dici
878 1573 892 1594 ,
923 1534 1044 1603 quia
1077 1534 1228 1586 simul
1267 1548 1387 1587 cum
1431 1535 1548 1586 luce
1589 1533 1763 1599 priore
1791 1543 2070 1586 concretus

491 1611 590 1657 est.
615 1603 806 1658 Tribus
830 1619 955 1674 ergo
971 1605 1156 1658 diebus
1182 1605 1296 1658 sine
1318 1603 1662 1656 luminaribus
1685 1603 1768 1656 his
1793 1603 1886 1656 fuit
1913 1619 2069 1674 mun-

491 1675 624 1738 dus;
671 1689 774 1727 uon
802 1676 943 1728 enim
971 1684 1122 1728 erant
1165 1674 1340 1728 adhuc
1368 1674 1559 1742 quibus
1592 1674 1907 1741 proficerent
1949 1673 2070 1727 offi-

490 1745 569 1798 cia
600 1759 804 1798 eorum.
834 1747 901 1797 At
945 1745 1028 1798 ubi
1062 1755 1238 1798 autem
1277 1744 1522 1813 produxit
1552 1753 1689 1797 terra
1719 1744 1934 1798 herbam
1983 1759 2072 1813 pa-

493 1815 635 1878 buli,
690 1824 744 1868 ct
799 1815 940 1884 ligna
992 1815 1296 1881 fructifera;
1347 1815 1647 1869 necessaria
1703 1815 1912 1867 fuerunt
1953 1830 2072 1884 qum

491 1885 790 1940 enutrirent
811 1887 892 1938 vel
919 1896 1298 1940 conservarent
1317 1901 1432 1956 qua:
1456 1893 1606 1940 erant
1639 1885 1913 1956 producta.
1941 1883 2071 1953 Quia

490 1971 618 2025 ergo
638 1958 910 2016 generatio
927 1957 1099 2009 omnis
1121 1956 1309 2010 horum
1330 1957 1626 2008 interventu
1647 1955 1936 2023 perficitur,
1969 1971 2072 2009 non

491 2027 722 2094 oportuit
743 2027 887 2095 prius
904 2026 1015 2080 haec
1039 2027 1172 2093 fieri,
1191 2045 1254 2082 ne
1271 2042 1455 2082 eorum
1469 2026 1656 2080 effectu
1675 2041 1792 2094 qua:
1820 2026 2074 2092 producta

493 2097 558 2150 de
586 2106 722 2150 terra
742 2107 864 2150 sunt
883 2137 897 2160 ,
920 2109 1032 2150 orta
1063 2107 1402 2164 putarentur;
1434 2097 1524 2150 sed
1549 2097 1636 2150 illa
1661 2105 1784 2150 ante
1807 2097 1998 2162 facere,
2019 2105 2076 2150 ut

490 2167 569 2221 sic
591 2167 703 2222 hinc
719 2168 832 2222 sine
855 2169 936 2222 his
953 2168 1086 2220 facta
1111 2185 1228 2222 esse
1257 2185 1360 2222 non
1393 2167 1746 2236 ambigantur.
1764 2167 1954 2232 Quinta
1978 2167 2074 2220 dc-

491 2237 614 2291 inde
630 2238 732 2301 die,
754 2239 1078 2306 aquasjussit
1099 2240 1388 2306 producere
1406 2238 1612 2304 reptilia
1625 2237 1919 2290 animarum
1939 2237 2078 2290 viva-

497 2323 639 2372 rum,
659 2317 712 2362 et
738 2309 968 2361 volatilia
994 2309 1223 2362 volantia
1253 2323 1414 2377 super
1445 2317 1638 2361 terrain
1671 2307 1960 2360 secundum
1990 2309 2076 2360 tir-

492 2387 819 2432 mamentum
860 2379 979 2431 C(Bli
999 2420 1014 2442 ,
1045 2387 1100 2432 et
1128 2379 1316 2431 factum
1349 2387 1426 2431 est
1459 2378 1553 2430 sic.
1589 2377 1652 2430 Et
1681 2377 1821 2430 inter
1846 2387 2036 2431 cuitera
2056 2420 2071 2443 ,

497 2445 564 2501 Et
602 2449 757 2514 vidit,
802 2449 1003 2516 inquit,
1037 2448 1172 2501 Deus
1196 2450 1316 2518 quia
1354 2447 1482 2518 bona
1502 2457 1646 2518 cuni,
1691 2458 1739 2518 ei
1762 2447 1922 2512 dixit,
1953 2447 2074 2501 Cre-

493 2518 616 2590 scite
662 2529 706 2572 et
733 2515 1136 2590 multipiicamini
1183 2515 1338 2590 (Cen.
1375 2533 1411 2582 ι,
1440 2515 1530 2582 il,
1562 2515 1676 2588 22).
1727 2517 1850 2590 ideo
1897 2527 2074 2590 autem

494 2589 706 2657 adjecit,
737 2587 804 2642 Et
843 2587 964 2641 vidit
993 2587 1126 2642 Deus
1164 2587 1282 2657 quia
1323 2589 1452 2641 bona
1477 2597 1590 2640 sunt
1610 2587 1774 2656 ,quia
1803 2603 1843 2658 a
1863 2589 2080 2658 quibus-

493 2659 616 2713 dam
667 2658 919 2712 dicuntur
969 2659 1105 2712 mala
1161 2673 1312 2720 esse,
1369 2666 1426 2711 ut
1475 2658 1556 2712 vel
1607 2658 1684 2711 sic
1734 2657 2072 2712 erubescant.

495 2729 718 2797 Quando
740 2729 881 2784 enim
911 2729 1022 2784 Deo
1051 2739 1104 2783 et
1129 2729 1388 2783 conditori
1415 2743 1513 2782 suo
1546 2728 1786 2796 placent,
1819 2729 1947 2781 nulli
1971 2729 2076 2782 uti-

495 2817 597 2870 que
618 2800 816 2854 debent
839 2800 1141 2868 displicere.
1175 2799 1306 2853 Nam
1337 2800 1508 2852 solent
1528 2799 1706 2870 dicere
1727 2799 1902 2865 stulti,
1931 2799 2074 2865 Ideo,

493 2871 754 2939 inquiunt,
777 2870 940 2934 vidit,
973 2880 1026 2924 et
1047 2872 1354 2939 placuerunt
1381 2870 1426 2922 ei
1449 2869 1606 2939 ,qnia
1636 2879 1761 2924 ante
1789 2871 2075 2922 nesciebat.

494 2887 546 2924 ιιι
589 2887 754 2933 munt,
777 2887 940 2934 Vltlll,
973 2887 1026 2924 et
1047 2887 1354 2939 piacuerunt
1381 2887 1426 2922 ei
1449 2911 1463 2934 ,
1487 2887 1606 2938 quia
1636 2887 1761 2924 ante
1789 2887 2075 2922 neseienai.

494 2887 788 2996 Oitebetes
807 2981 823 3006 ,
852 2941 1117 3009 quomodo
1163 2939 1422 2994 nescivit?
1450 2938 1714 3010 Quidquid
1744 2940 1926 3006 voluit,
1953 2955 2077 3009 pro—

495 3011 712 3065 ductum
755 3020 857 3064 est.
886 3012 964 3064 An
992 3011 1110 3080 quis
1137 3012 1246 3064 vult
1285 3010 1424 3080 quod
1473 3009 1678 3064 nescit?
1707 3019 1763 3065 et
1791 3012 1880 3078 qui
1909 3019 2080 3078 potest

497 3081 706 3146 facere,
747 3091 920 3152 potest
948 3079 1050 3135 diei
1079 3081 1200 3152 quia
1229 3079 1399 3134 nescit
1431 3081 1568 3152 quod
1617 3081 1804 3152 faciat?
1845 3081 1908 3134 Et
1939 3079 2078 3149 quod

500 3153 729 3221 amplius
750 3149 867 3214 est,
897 3169 1000 3206 non
1035 3149 1146 3220 ipse
1173 3151 1328 3214 fecit,
1359 3149 1454 3205 sed
1481 3152 1636 3219 jussit
1677 3159 1734 3204 ut
1771 3151 1995 3214 fierent;
2027 3161 2080 3205 et

499 3223 590 3292 qui
614 3223 793 3290 jussit,
824 3239 928 3276 non
954 3232 1037 3276 est
1067 3222 1221 3292 hujus
1247 3223 1455 3292 virtutis
1485 3231 1540 3274 ut
1564 3221 1802 3292 faceret?
1828 3221 1930 3275 Sed
1957 3222 2080 3291 quia

501 3291 622 3346 huic
651 3293 828 3348 omnia
859 3291 1310 3361 possibiliasunt,
1332 3291 1550 3360 jubente
1578 3291 1677 3344 hoc
1705 3307 1822 3361 qua:
1841 3307 1953 3361 non
1983 3307 2078 3360 po-

501 3371 665 3423 terat,
698 3359 871 3432 coepit
889 3375 1080 3432 posse,
1113 3370 1171 3416 ut
1190 3359 1256 3414 ad
1289 3359 1443 3432 hujus
1471 3361 1679 3414 laudem
1722 3359 2009 3430 proficeret
2036 3364 2076 3415 ¹.

505 3433 709 3501 Duplex
734 3431 862 3501 ergo
883 3431 1053 3485 virtus
1084 3441 1194 3496 est,
1227 3439 1284 3484 ut
1311 3431 1675 3485 iuseusihilem
1708 3431 1920 3500 juberet
1955 3447 2080 3486 sen-

502 3502 677 3557 sibilia
709 3501 1022 3570 producere.
1055 3502 1217 3556 Sexto
1257 3517 1383 3554 vero
1413 3502 1498 3556 die
1529 3503 1859 3572 praecepitut
1887 3503 2082 3572 produ-

505 3581 653 3628 ceret
694 3582 832 3626 terra
884 3573 1114 3626 animam
1142 3573 1448 3638 viventem,
1490 3571 1882 3642 quiidrupedia.
1915 3584 1966 3627 et
1991 3574 2084 3627 be-

503 3645 632 3698 stias
680 3653 872 3708 terrae;
922 3651 976 3697 et
1022 3645 1216 3696 factum
1241 3651 1320 3697 est
1342 3644 1450 3702 sic.
1474 3651 1528 3698 et
1557 3643 1810 3711 producta
1840 3653 1981 3698 sunt.
2015 3645 2083 3698 Et

501 3714 632 3768 vidit
683 3716 856 3778 Deus,
906 3715 1026 3783 quia
1081 3713 1217 3768 bona
1266 3722 1422 3778 sunt,
1471 3723 1524 3767 et
1553 3714 1702 3768 Valde
1746 3713 1916 3778 bona,
1960 3715 2082 3784 quia

501 3785 680 3839 omnia
727 3785 1026 3840 necessaria
1079 3793 1220 3837 sunt.
1251 3784 1418 3853 Supra
1469 3784 1606 3837 dicta
1648 3800 1772 3852 ergo
1821 3785 1905 3839 die
1953 3787 2085 3839 dixit

504 3855 643 3909 Deus
675 3873 690 3908 :
722 3853 998 3909 Faciamus
1027 3855 1278 3908 hominem
1305 3855 1371 3908 ad
1407 3855 1676 3926 imaginem
1704 3864 1753 3908 et
1794 3855 2083 3909 similitudi-

504 3941 617 3979 nem
647 3936 908 3991 nostram,
953 3935 1008 3980 et
1056 3927 1275 3990 habeat,
1326 3926 1530 3994 inquit,
1565 3935 1880 3996 potestatem
1925 3942 2086 3995 super

504 3997 678 4048 omnia
710 4013 828 4069 quae
870 3997 1002 4050 facta
1020 4006 1151 4069 _sunt
1177 4011 1340 4069 super
1367 3995 1574 4069 terram?
1603 3995 1652 4068 (1
1661 3997 1784 4058 bid.,
1803 3997 1918 4069 26).
1967 3998 2083 4050 Pri-

507 4082 650 4120 mmn
693 4067 908 4136 quidem
937 4067 1058 4122 fecit
1085 4069 1222 4122 Deus
1250 4067 1573 4122 substantias
1601 4067 1665 4121 ex
1707 4067 1898 4136 quibus
1929 4083 2084 4120 mun-

505 4137 630 4208 dum
659 4137 1072 4208 cou'ipaginaret,
1104 4153 1209 4206 quo
1237 4147 1512 4208 compacto
1536 4178 1550 4200 ,
1579 4147 1630 4191 et
1657 4138 1902 4192 omnibus
1927 4153 2086 4192 orna-

508 4207 649 4276 tibus
691 4205 980 4274 decorate,
1029 4218 1082 4260 et
1117 4205 1434 4260 necessariis
1480 4209 1787 4272 honestate,
1817 4219 1932 4276 post
1986 4209 2086 4262 hoc

509 4275 778 4348 hominem
807 4277 933 4348 iecit
953 4317 968 4342 ,
1005 4279 1092 4344 qni
1116 4276 1382 4330 frueretur
1409 4291 1474 4330 eo
1494 4319 1508 4342 ,
1540 4285 1593 4329 et
1621 4275 1865 4333 omnibus
1891 4295 2008 4348 qum
2033 4281 2084 4331 in

509 4347 600 4400 illo
638 4355 778 4400 sunt.
805 4345 938 4400 Nam
983 4362 1103 4399 cum
1135 4348 1308 4416 omnia
1338 4363 1498 4416 super
1527 4357 1720 4400 teriam
1759 4365 1824 4401 ex
1854 4345 2004 4415 aquis
2034 4357 2088 4403 et

511 4426 650 4471 terra
684 4416 896 4485 produci
923 4417 1203 4486 jussiSset,
1248 4415 1516 4470 hominem
1545 4425 1718 4473 tamen
1753 4427 1810 4471 ut
1851 4418 2082 4484 faceret,

509 4487 694 4542 limum
726 4497 880 4540 terra:
919 4489 1164 4541 manibus
1191 4488 1608 4556 apprehendisse
1651 4487 1997 4550 describitur,
2033 4497 2088 4543 ut

510 4559 731 4612 multum
761 4557 976 4628 differre
1024 4559 1288 4611 hominem
1321 4559 1386 4611 ab
1427 4559 1508 4612 his
1533 4575 1650 4628 qua:
1681 4558 1910 4626 fecerat,
1957 4561 2086 4614 edo—

507 4638 672 4684 ceret.
730 4629 808 4683 Ad
857 4627 1110 4700 honorem
1155 4629 1308 4700 enini
1351 4627 1580 4683 hominis
1628 4631 1908 4700 pertinere
1943 4631 2084 4695 vult,

508 4700 720 4770 quando
749 4715 872 4754 eum
903 4699 994 4753 Dei
1019 4699 1261 4752 manibus
1285 4697 1479 4754 factum
1511 4697 1798 4766 describit,
1821 4711 1874 4754 et
1893 4699 2086 4754 factum

507 4769 575 4823 ad
607 4771 886 4834 imaginem
925 4779 978 4824 et
1018 4769 1416 4824 similitudinem
1467 4771 1591 4836 Dei,
1623 4771 1672 4823 id
1711 4781 1792 4825 est
1833 4771 2002 4825 Patris
2037 4782 2086 4826 et

509 4839 658 4896 Filii.-
695 4841 830 4906 Quid
857 4841 925 4894 sit
950 4851 1125 4894 autem
1152 4840 1218 4892 ad
1266 4841 1546 4910 imaginem
1589 4849 1644 4896 et
1687 4841 2088 4896 similitudinem

511 4911 644 4977 Dei,
673 4911 914 4979 quamvis
942 4911 1064 4964 alibi
1115 4911 1440 4976 dixerimus,
1493 4911 1578 4966 hic
1623 4921 1798 4966 tamen
1848 4911 1995 4966 locus
2037 4923 2090 4966 et

510 4997 668 5038 causa
697 4982 925 5049 postulat
955 4991 1012 5034 ut
1041 4985 1230 5035 iterant
1252 4981 1508 5034 dicamus.
1540 4981 1708 5036 Patris
1736 4982 1876 5036 enim
1906 4983 1970 5036 ad
1999 4982 2086 5035 Πὸ

509 5051 638 5105 lium
663 5052 822 5106 verba
849 5059 971 5104 sunt
1002 5051 1225 5106 dicentis
1243 5093 1256 5115 ,
1289 5051 1560 5104 Faciamus
1590 5053 1838 5106 hominem
1867 5053 1933 5104 ad
1959 5054 2090 5106 ima-

508 5123 676 5193 ginem
705 5131 752 5174 et
774 5121 1153 5176 similitudinem
1181 5131 1404 5176 nostram
1439 5137 1457 5193 ;
1501 5138 1800 5191 quanquam
1848 5124 1898 5176 in
1931 5139 2091 5192 Opere

510 5192 784 5262 utriusque
803 5193 1126 5262 intelligatur
1149 5209 1390 5262 persona,
1421 5192 1643 5246 dicentis
1665 5202 1717 5246 et
1733 5195 2088 5249 obaudientis.

514 5261 638 5334 Haec
683 5279 809 5334 ergo
857 5261 1028 5334 imago
1077 5261 1168 5316 Dei
1217 5273 1297 5316 est
1327 5263 1377 5316 in
1407 5263 1649 5326 homine,
1683 5273 1737 5316 ut
1764 5281 1897 5318 unus
1924 5266 2091 5319 factus

509 5332 580 5388 sit
604 5332 762 5402 quasi
803 5333 1055 5388 Dominus
1075 5375 1090 5398 ,
1141 5350 1204 5387 ex
1227 5351 1330 5402 quo
1353 5335 1534 5388 caeteri
1559 5335 1824 5388 orirentur
1843 5377 1856 5400 ,
1891 5335 2091 5390 habens

509 5403 792 5474 imperium
825 5405 913 5458 Dei
963 5403 1110 5474 quasi
1155 5405 1379 5459 vicarius
1408 5407 1552 5474 ejus;
1594 5405 1712 5474 quia
1771 5407 1946 5460 omnis
1997 5425 2088 5461 rex

511 5473 604 5528 Dei
653 5473 812 5530 habet
840 5473 1140 5544 imaginem.
1187 5475 1412 5545 Ideoque
1440 5473 1654 5529 mulier
1699 5491 1801 5530 non
1833 5487 1914 5530 est
1957 5476 2090 5531 facta

511 5545 575 5618 ad
632 5545 724 5618 Dei
771 5547 1080 5618 imaginenn
1122 5545 1209 5600 Sic
1233 5547 1452 5618 _etenim
1495 5547 1766 5618 dicit,iEt
1805 5547 2093 5618 facittDeus

514 5615 764 5688 hominem
788 5657 802 5682 ,
835 5617 908 5688 ad
921 5617 1196 5688 imaginem
1221 5615 1316 5670 Dei
1357 5619 1474 5688 fecit
1504 5635 1636 5671 eum.
1673 5615 1813 5672 l-liuc’
1833 5629 1913 5674 est
1939 5615 2092 5674 unde

510 5687 835 5754 Apostolus,
893 5685 980 5739 Vir
1007 5685 1238 5756 quidem,
1289 5685 1366 5759 ait
1379 5729 1394 5754 ,
1439 5706 1538 5742 non
1570 5689 1708 5742 debet
1749 5689 1911 5744 velare
1941 5699 2090 5759 caput

511 5772 678 5820 suum,
707 5759 827 5828 quia
848 5760 1014 5829 imago
1041 5769 1086 5812 et
1107 5759 1269 5828 gloria
1299 5758 1392 5814 Dei
1421 5771 1523 5824 est;
1552 5761 1740 5814 mulier
1767 5770 1942 5815 autem
1975 5758 2091 5816 ideo

579 5849 596 5878 ι
621 5854 697 5896 Er.
713 5849 860 5912 Lugd.
882 5857 1000 5913 Yeu-
1037 5856 1148 5899 Lov.
1165 5851 1236 5899 sic
1262 5849 1498 5913 exhibent
1513 5851 1640 5913 hunc
1657 5851 1814 5913 locum
1838 5865 1850 5901 :
1873 5860 2092 5913 Quamon

520 5917 737 5972 poterat,
787 5910 929 5975 erepit
968 5925 1096 5962 esse.
1143 5919 1192 5961 ut
1223 5911 1289 5962 ad
1313 5911 1457 5970 hujus
1479 5910 1964 5967 taudcnmroticeret.
2033 5923 2085 5962 it.

1464 430 1917 500 QUIESTIONES
1954 429 2044 488 EX
2085 423 2410 502 UTROQUE
2447 429 2711 489 ΜΙΧΤῙΜ.

3617 425 3754 489 2390

2175 548 2334 620 veiat,
2362 547 2482 620 quia
2512 564 2613 602 non
2645 555 2726 620 esi
2747 541 2909 620 gloria
2937 551 3022 600 aut
3051 543 3220 620 imago
3248 543 3339 620 Dei
3369 543 3410 618 (l
3433 543 3652 620 Cor-axi,
3679 549 3751 620 7).

2173 619 2470 674 Similitudo
2499 629 2674 673 autem
2705 618 2796 672 Dei
2825 619 2936 670 hrec
2957 624 3038 671 est
3064 617 3112 670 in
3141 617 3355 670 homine
3379 617 3392 679 ,
3447 626 3501 670 ut
3528 617 3664 671 sicut
3693 617 3754 674 ex

2173 691 2328 744 Patre
2359 689 2558 756 Filius,
2610 690 2684 742 sic
2713 705 2776 742 ex
2829 688 3038 742 homine
3077 689 3284 742 mulier.
3335 688 3392 741 ln
3441 689 3543 742 hoc
3593 691 3753 759 plane

2171 761 2384 832 dispar,
2413 761 2534 832 quia
2575 759 2688 832 lucc
2717 759 2848 814 facta
2870 801 2883 823 ,
2935 759 3024 832 ille
3047 775 3177 832 Vero
3205 769 3356 832 natus
3383 768 3484 832 est.
3523 761 3758 826 Quibus-

2171 831 2294 885 dam
2342 829 2516 886 tauien
2573 831 2778 885 videtur
2803 831 2979 883 omnia
3025 829 3179 884 simul
3233 829 3394 882 Deum
3442 829 3656 885 fecisse.
3701 833 3756 888 Si

2173 903 2314 956 enim
2345 903 2510 955 verbo
2530 944 2544 968 ,
2577 902 2849 972 inquiunt,
2891 899 3044 972 fecit,
3079 915 3242 972 quare
3263 901 3570 970 non_omuia
3600 904 3757 957 simul

2175 972 2360 1028 fecisse
2403 972 2646 1026 dicatur?
2685 971 2815 1026 Nam
2856 972 2940 1024 hic
2988 971 3256 1024 hominum
3289 986 3402 1024 mos
3429 981 3542 1036 est,
3581 983 3636 1026 ut
3668 989 3758 1040 per

2175 1052 2348 1111 partes
2374 1041 2564 1097 fecisse
2589 1043 2854 1098 credatur.
2887 1041 2962 1094 Ad
2994 1041 3280 1110 potentiam
3305 1057 3431 1109 ergo
3459 1043 3552 1095 Dei
3589 1045 3755 1112 magis

2175 1113 2348 1168 facere
2375 1113 2580 1168 videtur
2600 1114 2678 1176 ,‘si
2702 1130 2807 1166 uno
2837 1113 2920 1166 die
2952 1113 3126 1166 omnia
3147 1114 3214 1165 ah
3240 1128 3304 1165 eo
3332 1115 3464 1168 facta
3486 1113 3754 1168 dicantur.

2175 1184 2340 1237 Porro
2369 1195 2542 1237 autem
2593 1169 2833 1254 magnam
2863 1182 3244 1254 providentiam
3293 1183 3342 1236 in
3379 1186 3479 1238 hoc
3507 1199 3676 1253 Opere
3705 1195 3756 1240 ct

2173 1255 2358 1308 ordine
2387 1253 2718 1308 continemur.
2770 1253 2902 1308 Nam
2954 1254 3122 1323 potuit
3156 1253 3334 1322 utique
3372 1255 3530 1308 simul
3579 1256 3754 1312 facere

2174 1335 2394 1389 cuncta;
2445 1324 2538 1379 sed
2571 1325 2702 1378 ratio
2729 1324 3066 1378 multiformis
3097 1325 3394 1394 prohibuit,
3423 1335 3476 1378 et
3507 1327 3757 1394 sepositis

2175 1395 2258 1449 his
2283 1395 2562 1460 omnibus,
2611 1395 2894 1464 Scriptura:
2918 1395 3110 1448 divina:
3137 1395 3268 1448 fides
3308 1395 3608 1450 adhibemla
3639 1407 3722 1451 est
3741 1441 3756 1462 ,

2173 1481 2292 1536 qua:
2317 1467 2444 1519 dicit
2465 1507 2477 1524 ,
2515 1475 2566 1520 et
2593 1479 2734 1536 sa‘pe
2767 1465 2925 1530 dicit,
2958 1466 3078 1534 quia
3105 1467 3158 1518 in
3185 1481 3276 1520 sea:
3298 1507 3310 1528 ,
3351 1467 3548 1536 inquit,
3584 1469 3762 1524 diebus

2175 1535 2290 1607 fecit
2336 1536 2586 1590 Dominus
2619 1535 2754 1590 Deus
2806 1545 2919 1589 tuus
2959 1537 3138 1588 caelum
3187 1547 3230 1590 et
3261 1535 3484 1602 terram,
3533 1555 3676 1592 mare
3717 1551 3760 1592 et

2175 1608 2342 1679 omnia
2368 1623 2479 1679 qua:
2505 1608 2554 1679 in
2581 1608 2650 1659 eis
2683 1615 2794 1660 sunt
2820 1607 3009 1674 (Exod.
3039 1623 3130 1671 xx,
3163 1607 3272 1679 it).
3315 1607 3496 1661 Primo
3533 1611 3681 1662 enim
3709 1610 3759 1662 in

2176 1677 2294 1748 loco
2322 1677 2398 1732 sic
2441 1677 2737 1731 debuerunt
2765 1679 2873 1730 ticri
2898 1720 2911 1742 ,
2944 1685 3000 1730 ut
3041 1678 3294 1730 sentirent
3323 1693 3384 1731 ac
3413 1681 3612 1732 scirent
3641 1682 3760 1748 quia

2177 1747 2309 1802 facta
2331 1757 2456 1802 sunt
2475 1765 2488 1801 :
2513 1749 2722 1817 quando
2748 1749 2888 1802 enim
2911 1763 3014 1802 non
3038 1762 3094 1801 se
3113 1750 3288 1802 omnia
3309 1749 3460 1802 simul
3487 1747 3759 1818 viderunt,

2177 1819 2272 1872 sed
2323 1836 2481 1872 unum
2515 1819 2697 1881 hodie,
2749 1833 2867 1872 cras
2911 1819 3166 1882 alterum;
3215 1831 3578 1888 cognoverunt
3611 1823 3763 1873 initio

2179 1905 2238 1944 se
2266 1888 2545 1952 contineri,
2577 1899 2628 1944 et
2663 1890 2806 1942 nullo
2837 1889 2994 1943 modo
3021 1905 3178 1958 posse
3207 1891 3558 1944 :eternitatem
3589 1892 3764 1960 suspi-

2177 1961 2324 2026 cari,
2357 1963 2441 2014 ubi
2479 1975 2538 2014 se
2582 1961 2818 2027 partibus
2845 1961 3065 2014 invicem
3099 1972 3503 2029 recognoscunt.
3553 1961 3692 2016 Nam
3717 1965 3760 2017 si

2179 2033 2353 2085 omnia
2386 2031 2541 2084 simul
2572 2031 2932 2095 exsutissent,
2967 2045 3068 2084 non
3100 2040 3240 2084 esset
3285 2032 3362 2085 eis
3393 2047 3585 2086 sensus
3619 2033 3762 2086 infir-

2179 2103 2406 2164 mitatis,
2440 2102 2529 2156 sed
2553 2109 2794 2171 putarent
2825 2115 2882 2155 se
2909 2117 3010 2154 non
3039 2103 3286 2170 coepisse.
3315 2101 3444 2168 Quae
3470 2104 3616 2156 enim
3641 2119 3760 2158 vcr-

2179 2173 2247 2226 bo
2291 2173 2383 2227 Dei
2413 2173 2586 2226 suhito
2615 2172 2769 2225 simul
2799 2173 3066 2230 existunt.
3109 2187 3210 2225 non
3243 2187 3302 2226 se
3345 2173 3456 2226 fieri
3489 2175 3759 2240 sentiunt,

2180 2243 2280 2296 nisi
2324 2243 2462 2296 aliud
2488 2251 2610 2296 ante
2649 2257 2734 2308 se,
2763 2243 2902 2294 aliud
2933 2251 3054 2312 post
3081 2258 3139 2297 se
3159 2243 3404 2298 videndo.
3439 2245 3506 2297 Et
3527 2261 3595 2298 ne
3627 2245 3763 2299 forte

2181 2314 2309 2366 illud
2331 2315 2470 2382 quod
2501 2313 2724 2381 primum
2757 2313 2947 2366 factum
2977 2323 3057 2367 est
3081 2323 3224 2380 putet
3249 2328 3305 2366 se
3334 2314 3620 2380 infectum,
3647 2332 3760 2370 ma-

2175 2383 2291 2453 jora
2321 2393 2438 2452 post
2463 2383 2686 2437 se'l'acta
2717 2383 3014 2448 cernendo,
3069 2385 3170 2438 hoc
3197 2385 3365 2438 credit
3403 2385 3468 2440 de
3513 2400 3574 2440 se
3619 2387 3762 2454 quod

2181 2455 2310 2508 vidit
2337 2457 2386 2508 in
2413 2456 2580 2508 altero
2601 2453 2824 2524 potiore.
2859 2455 3094 2524 Denique
3137 2455 3313 2508 lumen
3340 2455 3476 2522 quod
3517 2453 3762 2525 dies'ap-

2181 2527 2438 2594 pellatur,
2492 2535 2614 2594 ante
2659 2539 2715 2578 se
2761 2525 2918 2594 habet
2957 2525 3152 2579 collum
3201 2533 3255 2578 et
3298 2535 3526 2590 terram,
3577 2527 3758 2592 idest,

2181 2593 2370 2665 aquam
2396 2605 2450 2650 et
2486 2593 2709 2648 aridam.
2739 2593 2867 2649 Cum
2912 2607 3088 2650 autem
3133 2596 3244 2664 ipsa
3274 2611 3408 2664 aqua
3437 2606 3494 2651 et
3528 2599 3682 2652 arida
3711 2607 3764 2652 ct

2182 2668 2414 2720 tenebrat
2439 2665 2655 2720 confusa
2682 2665 2904 2720 fuissent
2933 2666 3068 2720 facta
3092 2709 3106 2731 ,
3131 2668 3478 2721 aeternitatem
3507 2669 3611 2722 sibi
3645 2671 3758 2722 vin-

2183 2737 2360 2791 dicare
2389 2753 2490 2790 non
2519 2745 2783 2808 poterant,
2813 2737 2931 2808 quia
2961 2737 3092 2790 nihil
3123 2735 3312 2792 horum
3339 2747 3532 2791 statum
3556 2745 3616 2793 et
3643 2755 3764 2807 pro-

2183 2809 2456 2877 prietatem
2484 2807 2582 2860 sibi
2605 2821 2790 2860 ausum
2813 2807 2896 2861 est
2915 2808 3200 2862 vindicare.
3232 2809 3322 2862 Sol
3345 2809 3534 2862 iterum
3563 2821 3616 2864 et
3641 2811 3763 2866 luna

2181 2894 2300 2932 cum
2330 2879 2436 2932 sint
2465 2877 2792 2950 clarissima,
2842 2885 2964 2932 ante
2991 2894 3050 2932 se
3078 2879 3272 2932 habent
3300 2880 3482 2932 multa.
3531 2879 3606 2932 lla
3637 2897 3764 2950 ergo

2183 2953 2374 3003 factum
2421 2959 2535 3014 est,
2589 2958 2644 3001 ut
2671 2949 2874 3018 potiora
2919 2952 3239 3018 posteriora,
3287 2952 3554 3004 anteriora
3585 2949 3763 3006 autem

2183 3019 2430 3074 inferiora
2459 3034 2662 3073 cumse
2705 3019 2921 3086 vident,
2970 3021 3098 3073 nihil
3149 3022 3336 3073 horum
3389 3021 3486 3074 sibi
3533 3023 3766 3077 vindicet

2181 3090 2551 3144 aiternitatem.
2601 3089 2971 3158 Przetereaque
2997 3107 3088 3144 sex
3113 3091 3300 3144 diebus
3345 3106 3480 3159 opus
3507 3105 3761 3146 censum.

2184 3171 2382 3216 malum
2401 3203 2416 3227 ,
2467 3161 2627 3214 totius
2657 3159 2838 3214 mundi
2868 3169 3076 3216 aetatem
3105 3161 3158 3214 in
3182 3177 3240 3216 se
3271 3163 3542 3226 continet,
3588 3172 3644 3216 ut
3671 3180 3760 3218 sex

2184 3234 2388 3286 dierum
2429 3246 2619 3304 opera,
2640 3247 2757 3304 Asex
2789 3231 3008 3284 millium
3033 3247 3292 3304 annorum
3335 3232 3598 3287 haberent
3629 3236 3760 3304 figit-

2184 3319 2296 3358 ram
2327 3320 2340 3352 :
2371 3303 2490 3372 quia
2515 3302 2654 3372 quod
2685 3317 3000 3372 unoquoque
3027 3303 3220 3356 satculo
3249 3303 3482 3357 futurum
3504 3314 3640 3368 erat,
3669 3302 3764 3360 Sex

2185 3375 2387 3428 dierum
2436 3389 2528 3442 per
2576 3373 2814 3426 ordinem
2865 3372 3113 3442 operibus
3161 3374 3493 3438 continetur;
3543 3385 3759 3442 utputa,

2184 3445 2307 3514 quia
2332 3443 2596 3514 prioribus
2618 3444 2825 3498 saeculis
2846 3452 2990 3496 tanta
3014 3444 3246 3514 cognitio
3275 3445 3365 3498 Dei
3395 3445 3446 3497 in
3479 3448 3636 3498 terris
3658 3464 3762 3500 non

2186 3523 2301 3570 erat
2337 3515 2509 3568 futura
2525 3556 2540 3580 ,
2567 3515 2681 3568 sine
2701 3514 2986 3585 splendore
3009 3515 3304 3585 anteriores
3325 3515 3437 3570 dies
3476 3517 3728 3570 videntur
3751 3536 3764 3571 :

2187 3596 2245 3638 ut
2265 3595 2440 3639 autem
2472 3595 2592 3656 ante
2623 3583 2887 3639 hominem
2931 3599 3123 3656 pecora
3154 3583 3372 3652 ﬁerent,
3405 3588 3526 3654 quia
3558 3597 3768 3642 veteres

2187 3659 2352 3711 nostri
2383 3655 2562 3710 inculti
2584 3663 2640 3710 et
2657 3666 2891 3724 agrestes
2913 3655 3161 3725 pecorum
3195 3671 3342 3710 more
3361 3658 3553 3711 victuri
3579 3668 3767 3712 erant:

2187 3737 2336 3782 sexto
2363 3735 2538 3780 autem
2562 3728 2647 3798 die
2671 3728 2831 3782 homo
2873 3727 3050 3792 fieret,
3083 3726 3197 3782 ιιιιιο
3241 3741 3327 3798 res
3353 3725 3510 3792 fecit,
3543 3729 3667 3798 quia
3717 3731 3772 3784 in

2188 3808 2339 3852 sexto
2379 3797 2670 3852 millenario
2694 3813 2953 3850 annorum
2980 3798 3235 3852 adventus
3272 3796 3468 3852 Christi
3497 3796 3770 3855 hominem

2188 3869 2344 3934 fecit,
2381 3885 2445 3922 ne
2478 3869 2629 3922 morti
2655 3877 2802 3940 esset
2826 3868 3105 3940 obnoxius.
3151 3867 3216 3922 Ut
3241 3877 3418 3940 autem
3453 3871 3626 3940 imago
3673 3872 3770 3926 Dei

2188 3951 2328 3994 esset
2357 3940 2514 3992 homo
2537 3981 2550 4004 ,
2591 3939 2712 4008 quia
2733 3939 2874 3992 dono
2905 3939 2994 3992 Dei
3022 3939 3360 4008 coiu‘iaginari
3393 3940 3613 3994 haberet
3633 3941 3772 3996 Filio

2191 4011 2284 4064 Dei
2309 4051 2324 4076 ,
2356 4011 2564 4064 dicente
2593 4010 2796 4063 Joanne
2823 4010 3090 4081 apostolo,
3125 4009 3326 4064 Scimus
3345 4019 3510 4081 aut_em
3529 4052 3544 4077 ,
3578 4013 3772 4081 inquit,

2225 4081 2318 4154 aia;
2331 4097 2453 4154 cum»
2467 4081 2760 4154 apparuerit
2780 4121 2794 4141 ,
2824 4080 3012 4154 siinites
3109 4079 3559 4154 erimus_(ﬁlilogn.
3587 4079 3667 4154 ιιιξ
3692 4083 3773 4154 9.).

2188 4097 2306 4205 ἓιιια
2331 4097 2444 4134 ειιιη
2467 4097 2760 4150 apparuerit
2780 4121 2794 4141 ,
2826 4097 3012 4133 srmues
3041 4097 3083 4133 et
3109 4097 3292 4134 ennius
3333 4097 3376 4150 tl
3403 4097 3559 4134 Joan.
3587 4098 3666 4144 ιιι,
3692 4097 3773 4154 2).

2239 4161 2260 4204 t
2285 4151 2383 4204 Vas
2410 4151 2684 4205 electionis
2713 4169 2726 4204 :
2757 4149 3080 4222 coimaginati
3097 4194 3108 4214 ,
3137 4152 3240 4216 ait,
3287 4151 3424 4205 Filio
3455 4152 3550 4205 Dei
3592 4153 3773 4222 (Rom.

2189 4237 2281 4292 vni
2305 4263 2320 4287 ,
2367 4222 2479 4292 ‘29).
2514 4223 2688 4276 Arbor
2720 4231 2906 4292 autem
2936 4221 3054 4275 vita:
3081 4238 3197 4292 qua:
3229 4223 3395 4289 posita
3424 4231 3504 4276 est
3533 4224 3586 4276 in
3617 4241 3776 4292 para-

2190 4291 2342 4368 diso,
2373 4293 2546 4368 imago
2587 4291 2897 4368 initfuturie
2927 4291 3108 4368 gratiaé
3148 4293 3273 4356 Dei,
3325 4303 3553 4368 qualest.
3579 4291 3779 4368 corpus

2191 4363 2431 4429 Domini,
2462 4364 2600 4432 quod
2629 4365 2714 4433 qui
2738 4363 2876 4426 edit,
2906 4364 3046 4418 vivet
3075 4363 3126 4416 in
3154 4371 3430 4418 aitet-num.
3457 4363 3589 4418 Nam
3615 4363 3780 4420 arbor

2191 4436 2426 4489 scientia:
2461 4435 2582 4488 boni
2614 4443 2666 4488 et
2688 4435 2809 4488 mali
2836 4433 3108 4504 signiticat
3126 4434 3266 4502 quod
3297 4434 3404 4489 Lex
3425 4437 3546 4488 data
3569 4449 3652 4490 est
3681 4453 3772 4504 pet

2192 4505 2442 4575 Moysen,
2476 4521 2593 4574 qua:
2633 4519 2752 4559 cum
2784 4505 3050 4573 cognitum
3091 4503 3303 4558 fecisset
3329 4515 3602 4574 peccatum
3633 4503 3780 4575 quod

2196 4577 2339 4644 prius
2367 4577 2594 4640 latebat,
2618 4575 2764 4630 dedit
2792 4575 3068 4629 scientiam
3121 4575 3244 4628 boni
3272 4585 3324 4628 et
3355 4579 3498 4630 mali.
3529 4579 3778 4632 Ostendit

2194 4649 2332 4701 enim
2362 4646 2484 4715 quid
2512 4653 2653 4698 esset
2695 4646 2887 4698 bomun
2909 4687 2924 4712 ,
2970 4645 3161 4714 quidve
3193 4647 3411 4700 malum.
3447 4647 3575 4700 lllml
3607 4665 3736 4702 vero
3759 4689 3774 4710 ,

2193 4715 2332 4784 quod
2361 4717 2585 4784 septimo
2611 4715 2696 4770 die
2725 4716 2982 4786 requievit
3010 4717 3077 4769 ab
3101 4718 3350 4784 operibus
3393 4719 3501 4772 suis
3522 4761 3536 4778 .
3570 4718 3672 4772 hoc
3711 4719 3780 4772 si-

2192 4787 2436 4857 gnificat,
2461 4789 2580 4854 quia
2613 4787 2827 4854 impleto
2850 4796 3000 4840 sexto
3033 4787 3331 4842 millenario
3355 4789 3370 4818 ¹
3405 4804 3666 4842 annorum
3689 4831 3704 4854 ,
3727 4791 3778 4843 in

2194 4859 2420 4925 septimo
2443 4858 2738 4910 millenario
2760 4858 3077 4926 requiescet,
3095 4869 3340 4912 cessante
3362 4857 3472 4926 jam
3492 4861 3692 4914 mundo
3713 4861 3780 4913 ab

2194 4929 2338 4982 omni
2366 4943 2528 4997 opere
2551 4928 2809 4982 swculari.
2843 4928 2964 4980 Hice
2994 4929 3221 4982 diximus
3270 4944 3436 4997 pauca
3467 4929 3535 4984 de
3567 4931 3778 4994 multis,

2197 5011 2254 5052 ut
2279 4999 2414 5052 viam
2455 4999 2811 5071 panderemus
2837 4997 3162 5068 intelligendi
3211 4999 3506 5055 secundum
3548 5015 3612 5056 ea
3665 5016 3781 5071 qua:

2195 5085 2354 5139 supra
2395 5069 2740 5124 ostendimus.

2597 5156 2662 5194 DE
2701 5155 2892 5194 0RDINE
2931 5155 3036 5194 DIE]
3076 5156 3145 5194 ET
3185 5156 3390 5196 NOCTIS.

2266 5232 2422 5289 CVII.
2448 5261 2520 5273 —-
2555 5233 2820 5299 Quantum
2863 5233 2934 5286 ad
2978 5233 3159 5287 mundi
3209 5235 3466 5287 rationem
3513 5233 3780 5301 pertinet,

2199 5307 2442 5360 tenebras
2487 5313 2608 5357 ante
2669 5305 2890 5373 legimus
2937 5319 3093 5373 quam
3135 5305 3328 5359 lucem.
3361 5304 3430 5356 Ea
3475 5306 3622 5358 enim
3666 5319 3782 5372 quae

2197 5377 2262 5430 ad
2331 5377 2508 5430 llllltltil
2579 5374 2833 5428 fabricam
2891 5373 3264 5444 profecerunt,
3323 5389 3548 5442 quaeque
3625 5373 3782 5428 simul

2199 5447 2332 5500 facta
2363 5447 2642 5512 videntur,
2677 5447 2873 5500 lumine
2913 5447 3115 5514 privata
3147 5448 3307 5499 fuisse
3333 5445 3780 5508 considerantur;

2199 5519 2250 5572 id
2281 5529 2360 5572 est
2380 5557 2394 5583 ,
2427 5532 2559 5586 aqua
2588 5557 2602 5580 ,
2627 5527 2764 5570 terra
2786 5559 2800 5580 ,
2833 5518 3093 5580 tenebrai,
3116 5532 3185 5570 ex
3211 5517 3404 5586 quibus
3441 5517 3788 5586 compagina-

2201 5599 2285 5642 tus
2324 5597 2405 5642 est
2447 5589 2702 5649 mundus.
2733 5588 2869 5642 sicut
2893 5589 3193 5642 continetur
3219 5587 3272 5642 in
3299 5587 3570 5654 Sapientia
3597 5629 3612 5651 ,
3669 5601 3788 5654 qua:

2199 5661 2393 5714 dicitur
2413 5661 2732 5724 Salomonis,
2761 5675 2821 5712 ex
2845 5661 3054 5712 materia
3073 5659 3231 5712 invisa
3261 5657 3414 5728 (Sap.
3443 5672 3520 5722 xi,
3545 5659 3658 5728 l8),
3685 5659 3788 5714 hoc

2201 5741 2282 5785 est
2309 5729 2608 5785 tenebrosa.
2643 5729 2714 5783 Et
2742 5731 2987 5784 tenebras
3010 5731 3149 5783 enim
3189 5738 3242 5784 et
3261 5743 3452 5797 aquam
3486 5731 3678 5784 factam
3703 5745 3786 5781 sa-

2199 5817 2286 5856 cra
2311 5803 2575 5856 volumina
2600 5801 2766 5871 ipsius
2795 5801 2999 5854 Domini
3031 5817 3161 5854 voce
3187 5809 3450 5854 testantur
3473 5817 3569 5870 per
3593 5801 3784 5856 tsaiam

2263 5913 2280 5944 ι
2307 5919 2386 5961 Ms.
2411 5909 2643 5968 colbert.,
2671 5907 2750 5958 hic
2767 5913 2819 5956 et
2839 5903 2980 5956 infra.
2999 5903 3248 5956 mittesinw
