4070 6476
310 342 452 400 2321

309 459 667 532 prophetam_:
702 461 812 531 Ego
832 503 846 526 ,
879 459 1078 532 inquit,
1114 459 1253 517 Deus
1285 461 1381 516 feci
1409 461 1601 524 lucem,
1633 469 1688 515 et
1708 463 1879 516 creavi

309 529 562 587 tenebras
593 529 899 602 (Isaifxtv,
931 529 983 597 6,
1013 533 1090 657 7).
1121 534 1376 588 Similiter
1401 541 1457 586 et
1495 549 1589 602 per
1610 532 1803 595 David,
1833 542 1887 587 et

309 617 475 657 aquas
502 601 699 657 factas.
741 613 794 657 et
821 613 1010 657 terram
1061 606 1299 657 irmatam
1344 619 1503 657 super
1528 619 1691 657 aquas
1716 604 1882 657 Soiri-

307 617 475 671 aquas
502 601 666 657 factas
684 643 699 665 ,
741 613 794 657 et
821 613 1010 657 terram
1043 601 1299 658 firmatam
1344 601 1504 671 super
1528 619 1691 673 aquas
1716 604 1882 671 Spiri-

308 680 426 744 tusi
446 682 659 729 sanctus
686 674 915 728 ostendit
940 673 1108 744 (Psol.
1131 691 1332 738 cxxxv,
1363 675 1440 743 6).
1465 674 1610 741 Quod
1638 677 1886 729 convenit

306 755 365 797 et
403 743 734 814 Evangelicm
761 743 1057 799 auctoritati
1084 756 1134 799 et
1158 745 1761 815 Apostolicze'traditioni
1782 789 1796 811 ,
1829 747 1882 800 in

305 815 502 884 quibus
542 817 716 870 omnia
747 815 876 869 facta
923 816 1167 885 leguntur
1201 835 1211 868 :
1243 825 1293 869 et
1323 825 1377 869 ιιι
1425 815 1551 870 nihil
1582 817 1878 885 exciperet,

309 889 411 956 sive
436 902 549 955 qtae
578 887 629 939 in
656 886 792 941 caelis
814 897 949 948 sunt,
973 891 1064 949 ait,
1087 889 1187 940 sive
1206 903 1317 956 qua:
1341 888 1392 939 in
1414 887 1554 939 terris
1569 885 1742 956 (Joan.
1773 905 1807 952 ι,
1824 889 1878 954 5,

310 955 558 1016 Coloss.t,
582 956 684 1028 16).
708 957 758 1010 lu
777 957 870 1012 hac
883 974 1006 1025 ergo
1024 967 1187 1025 parte,
1213 955 1330 1027 qua:
1348 958 1411 1011 ad
1434 955 1601 1010 terras
1631 959 1876 1025 pertinet,

307 1037 432 1082 ante
465 1028 709 1082 tenebras
751 1029 974 1096 legimus
1021 1044 1175 1098 quam
1225 1030 1395 1082 lucem
1429 1045 1442 1081 :
1475 1029 1572 1081 hoc
1597 1039 1768 1084 autem
1801 1043 1879 1086 est

309 1109 570 1166 quantum
599 1099 662 1152 ad
692 1100 931 1153 ordinem
957 1100 1198 1153 lectionis
1223 1101 1469 1167 pertinet,
1497 1114 1596 1153 non
1627 1111 1879 1169 quantum

303 1169 731 1239 addignitatem;
758 1185 878 1223 nam
896 1171 1074 1238 utique
1095 1170 1260 1224 multo
1291 1171 1477 1224 melior
1504 1170 1592 1224 lux
1623 1186 1780 1237 quam
1797 1182 1877 1226 te-

304 1241 486 1293 nchrm
521 1259 532 1293 :
563 1241 614 1293 in
645 1243 822 1296 mundi
851 1251 1022 1295 tamen
1046 1241 1249 1294 ratione
1275 1241 1362 1294 lux
1389 1240 1576 1308 accipit
1607 1256 1796 1296 nomen
1826 1252 1882 1297 ut

301 1311 600 1376 appelletur
620 1311 767 1374 dies,
799 1320 851 1365 et
877 1312 1108 1366 teuebrm
1153 1328 1291 1377 nox;
1324 1313 1415 1365 sed
1446 1313 1544 1366 hac
1568 1312 1768 1366 scilicet
1789 1330 1877 1369 ra-

303 1382 480 1451 tione,
512 1383 632 1451 quia
672 1383 797 1436 dum
842 1383 1203 1436 illuminantur
1248 1384 1507 1448 tenebrm,
1557 1392 1609 1436 et
1643 1386 1877 1450 praztcrit

304 1449 390 1504 lux
416 1494 431 1516 ,
467 1449 592 1505 illud
622 1462 827 1521 tempus
855 1454 1104 1522 quamdiu
1135 1453 1318 1508 r‘cdcat
1363 1454 1448 1507 lux
1469 1497 1482 1516 ,
1516 1449 1706 1506 dicitur
1734 1469 1834 1508 nox
1860 1472 1874 1521 ;

304 1531 358 1593 et
386 1523 511 1593 illud
540 1533 748 1592 tempus
774 1539 878 1593 quo
908 1524 1267 1578 illuminantur
1293 1524 1557 1590 tenebrae,
1587 1524 1880 1591 appellatur

302 1591 436 1645 dies.
466 1592 578 1647 Nox
607 1591 734 1661 ergo
755 1591 874 1647 cum
897 1595 1086 1648 dicitur
1105 1637 1118 1659 ,
1153 1604 1394 1661 socratur
1415 1594 1618 1648 futurus
1648 1595 1792 1656 dies;
1825 1605 1879 1650 et

299 1677 420 1736 cum
445 1663 557 1718 dies
585 1663 804 1726 dicitur,
829 1675 1070 1736 speratur
1091 1665 1258 1718 futura
1281 1681 1418 1736 uox.
1445 1665 1577 1719 Cum
1608 1679 1735 1718 vero
1758 1666 1875 1719 oili-

299 1735 380 1787 cia
408 1734 519 1787 haec
545 1734 899 1798 cessaverint,
932 1743 1236 1790 transeunte
1267 1735 1480 1799 mundo,
1509 1736 1738 1789 tenebra:
1765 1747 1879 1790 tan-

301 1814 414 1857 tum
443 1805 686 1858 dicuntur
705 1847 719 1867 ,
752 1815 804 1860 et
841 1807 1036 1860 lumen.
1061 1805 1174 1859 Non
1201 1806 1340 1860 enim
1384 1815 1556 1870 potest
1586 1805 1690 1859 diei
1733 1823 1835 1861 nox
1856 1849 1872 1874 ,

299 1891 422 1929 cum
471 1889 727 1944 perpetuo
753 1878 858 1931 sint
887 1877 1116 1931 tenebra:
1163 1894 1177 1932 :
1226 1891 1396 1945 neque
1423 1877 1535 1930 dies
1553 1917 1567 1939 ,
1592 1891 1710 1930 cum
1738 1879 1878 1931 occi-

300 1945 430 1999 dere
471 1948 759 2001 cessaverit
801 1949 998 2001 lumen.
1059 1947 1156 2002 Ubi
1207 1949 1474 2001 aeternitas
1515 1955 1634 2013 est,
1668 1957 1878 2003 cessant

301 2015 417 2070 lnec
443 2019 690 2081 nomina,
736 2019 855 2086 quia
901 2033 1020 2072 cum
1061 2017 1258 2071 mundo
1294 2026 1588 2087 cmperunt.
1643 2019 1877 2087 Denique

298 2096 582 2157 antequam
615 2089 703 2141 lux
732 2089 914 2154 ﬁeret,
942 2105 1058 2157 quae
1079 2089 1339 2157 appellata
1370 2098 1450 2142 est
1478 2088 1610 2153 dies,
1644 2105 1746 2143 non
1774 2105 1877 2142 nox

299 2156 492 2226 legitur
519 2156 714 2221 fuisse,
764 2159 856 2213 sed
897 2156 1170 2212 tenebraiz
1218 2175 1333 2226 qua:
1361 2167 1637 2229 postquam
1683 2161 1874 2213 illumi-

300 2242 440 2281 naue
471 2243 627 2292 sunt,
669 2236 722 2282 et
762 2229 1015 2298 praeteriit
1045 2229 1130 2282 lux
1153 2271 1166 2292 ,
1198 2244 1386 2298 vesper
1434 2229 1707 2296 appellatae
1754 2239 1877 2285 sunt

297 2307 358 2352 et
385 2314 508 2353 nox.
536 2299 695 2368 lgitttr
720 2309 971 2368 quantum
1002 2307 1238 2367 apparet,
1263 2299 1492 2364 subjecta
1518 2308 1598 2352 est
1619 2315 1719 2353 uox
1748 2301 1875 2354 diei.

299 2368 418 2422 Non
456 2371 594 2424 enim
623 2370 744 2438 quia
775 2381 895 2424 ante
927 2371 1159 2423 teuebra:
1185 2371 1429 2438 leguntur
1456 2385 1611 2438 quam
1647 2371 1764 2433 lux,
1799 2370 1878 2424 id-

299 2440 446 2493 circo
467 2439 850 2508 anteponenda:
877 2440 1073 2494 debent
1093 2440 1291 2494 videri:
1321 2441 1440 2509 quia
1471 2449 1523 2493 et
1543 2441 1733 2494 malum
1757 2451 1878 2495 ante

301 2511 471 2564 solem
500 2521 582 2564 est
605 2552 618 2574 ,
651 2521 705 2564 et
736 2520 906 2563 tamen
934 2511 1173 2564 claritate
1200 2511 1366 2577 major
1411 2520 1490 2564 est
1515 2512 1628 2572 sol;
1655 2520 1707 2564 et
1738 2520 1875 2565 terra

300 2592 428 2634 ante
459 2581 723 2636 hominem
750 2623 765 2646 ,
811 2588 868 2634 et
899 2596 1085 2648 pecora
1132 2591 1184 2635 et
1213 2589 1402 2634 ea-tera
1450 2582 1764 2641 animantia,
1825 2591 1878 2635 et

303 2662 480 2704 tamen
512 2652 748 2718 subjecta
795 2661 919 2705 sunt
960 2651 1158 2705 homini
1187 2670 1199 2704 :
1230 2667 1336 2705 non
1364 2667 1490 2720 ergo
1533 2650 1726 2704 idcirco
1776 2667 1876 2705 nox

300 2722 540 2791 praeferri
584 2723 741 2776 debet
765 2722 898 2786 diei,
931 2725 1050 2790 quia
1080 2733 1203 2776 ante
1252 2723 1495 2791 leguntur
1524 2731 1577 2775 et
1605 2723 1833 2776 teucbrm
1859 2739 1872 2785 ;

299 2809 425 2845 cum
453 2802 702 2861 appareat
723 2801 775 2846 et
797 2792 1049 2861 dignitate
1074 2794 1247 2846 lumen
1279 2792 1533 2856 tenebris,
1561 2802 1614 2845 et
1641 2802 1876 2859 tempore

301 2862 444 2916 diem
490 2865 628 2918 nocti
675 2864 946 2931 anteponi.
1010 2865 1158 2917 Sicut
1203 2863 1342 2916 enim
1393 2877 1549 2930 supra
1605 2873 1878 2918 osteusmn

301 2943 416 2999 est,
446 2951 563 2987 cum
590 2943 768 2988 essent
799 2935 1030 2988 tenebrae
1070 2933 1202 2987 facta
1241 2942 1323 2988 est
1351 2933 1459 2986 lux.
1505 2932 1571 2985 Et
1609 2935 1878 3002 appellavit

301 3003 443 3068 Deus
493 3004 649 3058 lucem
701 3006 872 3068 diem,
906 3013 951 3057 et
980 3006 1204 3058 tenebras
1247 3003 1517 3072 appellavit
1552 3014 1745 3056 noctem
1779 3020 1795 3056 :
1833 3013 1880 3058 et

302 3076 497 3143 factum
522 3084 592 3130 est
611 3091 824 3143 vespere
857 3085 902 3128 et
928 3092 1072 3128 mane
1095 3075 1200 3128 dies
1226 3091 1355 3127 unus
1383 3073 1530 3142 (Gen.
1565 3090 1600 3130 ι.
1632 3076 1705 3145 5).
1750 3075 1877 3127 Nam

302 3145 404 3198 nisi
431 3146 544 3200 dies
571 3147 750 3200 fuisset
772 3186 786 3210 ,
817 3161 914 3200 nec
940 3161 1042 3198 nox
1069 3154 1208 3198 esset
1231 3162 1244 3210 ;
1276 3147 1506 3198 tenebrae
1532 3146 1670 3198 enim
1699 3154 1873 3210 erant,

302 3231 426 3284 quae
450 3231 569 3270 cum
603 3216 904 3270 illuminatze
933 3225 1074 3281 sunt,
1107 3225 1161 3269 et
1186 3216 1438 3285 prmleriit
1461 3215 1575 3268 dies
1601 3231 1758 3269 cursu
1784 3231 1880 3269 suo

305 3296 552 3354 peracto,
585 3287 752 3340 factus
791 3297 872 3341 est
911 3302 1117 3354 vesper.
1173 3287 1237 3339 Et
1280 3301 1399 3339 cum
1447 3294 1563 3353 post
1601 3300 1878 3351 vesperum

303 3357 598 3422 illuxisset,
628 3359 796 3411 lactus
833 3367 915 3412 est
949 3358 1061 3411 dies
1093 3359 1290 3426 primus
1317 3365 1470 3410 nocte
1499 3365 1790 3421 transacta,
1825 3366 1882 3412 ιιι

301 3427 446 3482 diem
474 3437 784 3497 sequeretur
811 3445 932 3482 nox.
965 3429 1078 3482 Hoc
1116 3437 1168 3480 et
1207 3427 1419 3497 dignum
1450 3436 1563 3488 est,
1593 3435 1645 3480 et
1678 3428 1881 3482 ratione

302 3500 748 3564 commendatum,
780 3508 838 3552 ut
866 3498 1083 3553 inferior
1112 3509 1295 3551 natura
1327 3513 1420 3566 per
1443 3498 1619 3549 omnia
1645 3497 1879 3563 subjecta

302 3570 368 3622 sit
393 3569 603 3638 potiori.
626 3569 902 3637 Quomodo
925 3584 1052 3637 ergo
1073 3584 1174 3622 nox
1196 3578 1316 3622 ante
1337 3568 1477 3621 diem
1499 3567 1708 3638 dicitur,
1732 3568 1880 3636 cujus

302 3637 497 3694 nomen
542 3651 659 3708 post
694 3641 832 3694 diem
865 3639 1032 3709 legis?
1061 3638 1176 3692 Non
1215 3638 1355 3692 enim
1377 3637 1658 3709 appellata
1701 3637 1881 3691 luisset

299 3724 408 3764 nox
430 3752 445 3774 ,
477 3707 648 3780 neque
673 3726 895 3779 vesper,
922 3707 1025 3764 nisi
1055 3709 1188 3763 facta
1221 3710 1306 3762 lux
1335 3708 1474 3761 diem
1505 3707 1700 3780 egisset
1731 3725 1744 3760 :
1776 3723 1881 3780 quo

301 3777 604 3848 transacto,
631 3777 801 3835 factus
829 3791 910 3835 est
938 3796 1158 3849 vesper,
1192 3780 1280 3849 qui
1309 3792 1386 3832 εει
1415 3792 1518 3831 nox
1563 3796 1574 3830 :
1615 3777 1728 3830 dies
1775 3779 1878 3830 uti-

300 3866 407 3922 que
449 3850 618 3907 l‘actus
656 3861 738 3906 est
774 3867 990 3922 vesper,
1035 3861 1090 3904 ut
1123 3851 1260 3902 scias
1281 3857 1505 3922 noctem
1536 3859 1735 3915 partem
1754 3863 1882 3922 esse

299 3919 428 3976 diei.
472 3922 620 3976 Tunc
660 3923 799 3976 enim
837 3919 1234 3975 consummatur
1261 3919 1408 3984 dies,
1438 3933 1556 3972 cum
1606 3921 1790 3971 transit
1828 3928 1881 3972 et

299 4007 428 4046 nox.
461 3993 694 4060 Denique
721 3993 799 4046 sic
826 3992 1078 4055 dicimus,
1111 3992 1295 4044 Annus
1329 3990 1443 4043 dies
1482 3989 1638 4060 habet
1679 3999 1882 4060 trecen-

300 4070 386 4116 tos
407 4057 674 4131 sexaginta
698 4062 961 4132 quinque;
993 4076 1096 4116 non
1119 4062 1298 4131 utique
1318 4061 1430 4113 sine
1456 4059 1717 4112 noctibus.
1745 4057 1878 4132 Cum

299 4135 443 4187 enim
461 4130 574 4187 dies
592 4130 838 4193 dicimus,
868 4132 1060 4186 ibidem
1085 4130 1450 4201 computamus
1469 4140 1522 4184 et
1545 4137 1744 4182 noctes.
1768 4130 1880 4183 Sub

297 4205 612 4259 auctoritate
637 4205 777 4258 enim
807 4203 909 4258 diei
936 4202 1292 4272 signiﬁcamus
1321 4209 1374 4254 et
1401 4210 1605 4272 noctem
1629 4214 1643 4263 ;
1682 4215 1800 4254 nam
1828 4207 1881 4253 et

300 4275 345 4328 si
375 4291 478 4329 nox
507 4276 716 4343 praeiret
738 4274 876 4328 diem
899 4315 912 4335 ,
945 4271 1044 4327 sub
1070 4271 1524 4343 vocabulornoclis
1543 4279 1880 4343 computare-

301 4354 389 4400 tur
408 4357 462 4400 et
485 4341 617 4400 dies.
644 4345 773 4410 Quis
792 4344 988 4400 etenim
1017 4345 1286 4397 hominum
1312 4342 1471 4404 dicat,
1503 4341 1625 4394 Post
1649 4342 1881 4410 quinque

299 4427 488 4470 noctes
515 4416 703 4471 videbo
730 4425 808 4476 te,
841 4425 896 4470 et
923 4428 1027 4468 non
1046 4454 1059 4476 ,
1089 4425 1208 4480 post
1232 4413 1463 4482 quinque
1485 4411 1636 4482 dies?
1661 4411 1769 4464 Nec
1800 4411 1880 4482 le-

297 4487 446 4557 gisse.
466 4486 920 4557 nosmeminimus
941 4484 1130 4557 alicubi
1155 4492 1361 4557 noctem
1381 4490 1502 4534 ante
1521 4481 1657 4533 diem
1673 4481 1883 4557 .signili-

300 4551 496 4612 catam.
531 4555 666 4610 Nam
695 4557 804 4626 fuit,
842 4554 1027 4625 inquit,
1060 4553 1259 4626 Moyses
1288 4554 1347 4626 in
1367 4561 1530 4605 monte
1549 4551 1881 4626 qnndraginta

301 4627 477 4698 diebus
499 4637 542 4682 et
561 4619 893 4698 quadraginta
915 4619 1366 4695 iwetibuslb‘xod.
1405 4637 1565 4698 puv,
1594 4619 1699 4692 18).
1828 4623 1881 4674 in

302 4697 534 4762 Psalmo,
572 4694 684 4762 Sol,
715 4694 880 4766 inquit
899 4737 913 4760 ,
944 4713 1043 4749 non
1072 4694 1256 4766 urette
1282 4711 1368 4766 per
1394 4694 1555 4766 diem,
1583 4708 1738 4766 neque
1759 4694 1882 4766 luna

301 4786 392 4838 per
416 4778 606 4822 noctem
629 4762 947 4838 (Psallcxx,
971 4767 1047 4837 6).
1071 4765 1139 4819 Et
1159 4777 1214 4818 ut
1234 4766 1300 4819 de
1323 4765 1450 4838 ipsis
1473 4762 1770 4838 primordiis
1792 4762 1884 4816 de-

301 4835 424 4893 iuus
443 4835 763 4907 exemplum,
794 4837 967 4902 Fiant,
998 4835 1182 4906 inquit,
1210 4836 1479 4889 luminaria
1499 4835 1550 4886 in
1571 4836 1882 4907 ﬁrmamento

301 4910 433 4972 cali,
453 4918 498 4962 et
519 4904 717 4963 luceant
734 4925 882 4976 super
905 4904 1088 4960 terram
1110 4923 1128 4960 :
1148 4907 1395 4960 Iuntinare
1417 4907 1578 4974 majus
1599 4908 1651 4956 in
1671 4904 1883 4976 inchoa-

302 4984 488 5032 tionem
516 4980 655 5043 diei;
687 4990 730 5032 et
764 4974 1010 5032 ltitttinare
1039 4979 1222 5041 minus,
1248 4978 1299 5029 in
1328 4976 1694 5028 inchoationem
1727 4974 1884 5026 noctis

304 5049 455 5120 (Gen.
479 5066 518 5111 ι,
550 5050 914 5120 H):sedluna
938 5063 1042 5102 non
1058 5047 1472 5120 potestpraapoui
1488 5045 1606 5109 soli,
1627 5045 1762 5120 sicut
1783 5058 1882 5120 nec

305 5114 409 5174 nox
429 5120 532 5174 diei
554 5138 568 5184 ;
591 5114 682 5174 sed
705 5121 840 5173 sicut
863 5118 982 5172 luna
1007 5114 1104 5173 sub
1126 5114 1358 5180 Sole’est,
1383 5116 1448 5168 ita
1468 5131 1571 5168 nox
1583 5115 1680 5167 sub
1695 5115 1799 5167 die.
1820 5114 1886 5167 Et

305 5192 355 5245 iu
391 5191 676 5261 Evangelio
711 5190 965 5244 habemus
982 5190 1079 5243 sub
1113 5188 1424 5261 auctoritate
1449 5194 1504 5240 et
1531 5201 1751 5261 numer_o
1775 5185 1886 5261 die-

303 5277 422 5316 rum
443 5255 826 5331 sigiiiﬁeataset
859 5271 1041 5315 noctes
1061 5278 1072 5311 :
1092 5259 1314 5331 aitenim
1342 5258 1687 5331 inter‘cmlera
1705 5255 1886 5331 Domi-

303 5348 425 5394 nus,
445 5327 576 5387 Sient
602 5334 681 5385 hic
705 5332 908 5399 quidam
928 5329 1373 5391 circumstantium,
1402 5327 1486 5397 qui
1507 5343 1604 5380 non
1621 5327 1888 5399 gustabunt

306 5414 536 5469 mortem,
564 5396 726 5455 donec
743 5403 940 5456 videant
966 5400 1160 5453 Filium
1184 5399 1398 5469 hominis
1417 5396 1481 5450 in
1509 5413 1662 5469 regno
1684 5412 1792 5469 suo.
1823 5396 1888 5450 Et

305 5467 551 5542 subjecit,
583 5472 799 5525 Factum
825 5482 895 5525 est
923 5481 1032 5541 post
1059 5471 1164 5524 dies
1188 5479 1298 5522 octo
1333 5468 1481 5538 (Luc.
1511 5483 1583 5531 ix,
1613 5467 1702 5537 27)
1727 5508 1740 5529 ,
1781 5475 1884 5542 etc.

307 5539 572 5614 Nuinquid
603 5543 798 5614 nonjn
839 5539 937 5595 hoc
971 5541 1557 5614 ntunero_co_ntinentur
1585 5547 1638 5591 et
1669 5539 1886 5589 noctes?

307 5615 374 5670 Et
403 5609 507 5668 alio
536 5616 680 5678 loco,
712 5612 858 5679 ch,
891 5613 1075 5681 inquit,
1106 5614 1158 5664 in
1184 5609 1429 5681 Bethania
1446 5617 1587 5681 _gesta
1611 5617 1723 5681 sunt
1750 5616 1888 5681 trans

306 5685 606 5750 Iordanem,
635 5677 717 5739 ubi
742 5677 1094 5738 eratJoa'nnes
1123 5680 1399 5752 baptiwns.
1435 5677 1642 5732 Postera
1669 5677 1753 5752 die
1767 5677 1890 5752 vidit

307 5758 480 5812 Jesum
509 5748 800 5811 venientem.
834 5755 1095 5824 Numquid
1123 5748 1286 5816 dixit,
1320 5751 1534 5824 Postera
1549 5748 1759 5824 nocte?
1786 5748 1890 5801 lte-

309 5843 424 5884 rum
446 5828 701 5900 sequitur,
730 5825 968 5897 Sequenti
987 5816 1068 5879 die
1085 5823 1240 5879 voluit
1268 5820 1519 5893 proﬁcisci
1543 5819 1597 5873 in
1623 5816 1890 5874 Gatilwam

1767 342 2128 403 AI’PENDIX.

3429 351 3572 416 2322

2000 462 2178 534 (Joan.
2207 481 2256 540 ι,
2283 464 2352 520 28
2371 507 2385 532 ,
2412 465 2516 540 29,
2539 466 2650 540 ιε).
2697 466 2773 540 Et
2803 467 2868 540 in_
2895 468 3166 540 subjecto,
3209 472 3274 527 Et
3311 475 3392 529 die
3427 479 3570 531 tertio

1993 543 2181 614 nuptiae
2203 539 2348 614 [actae
2366 539 2552 614 suntin
2571 536 2710 592 Cana
2732 537 2958 614 Catilina
2977 536 3085 611 (Id.
3111 536 3168 608 tt,
3197 543 3268 614 l).
3295 546 3427 602 Ecce
3448 547 3568 602 ubi-

1994 620 2097 686 que
2126 607 2316 686 dieshin
2345 609 2656 686 auctoritate
2683 609 2951 686 probatur,
2985 607 3190 686 noctem
3218 607 3414 670 habens
3438 619 3567 672 sub-

1988 677 2204 752 jectain.
2237 677 2289 732 Si
2311 679 2458 752 _e_nim
2491 681 2661 752 noctis
2691 681 2905 735 nomine
2935 684 3322 748 contineretur,
3355 688 3568 752 prmiret

1992 761 2104 825 non
2121 748 2278 825 diem.
2309 749 2438 825 Nam
2461 751 2578 818 quia
2605 749 3066 825 l‘toutaniregnum
3096 753 3319 818 habent;
3345 748 3563 825 Hispani

1989 816 2199 890 etGalli
2230 825 2284 870 et
2306 819 2416 890 Afri
2446 816 2499 873 et
2525 819 2702 874 caateri
2731 816 2949 890 subjecli
2982 824 3091 887 eis,
3121 825 3218 879 sub
3252 816 3565 880 eorum'no-

1989 889 2133 965 mine
2161 889 2382 965 Romani
2410 899 2662 965 vocantur
2685 908 2698 943 :
2725 892 2791 943 ita
2813 901 2872 965 et
2897 909 3030 960 nox,
3062 897 3181 963 quia
3224 898 3455 965 subjecta
3483 907 3566 951 est

1987 957 2088 1034 diei
2111 1000 2125 1021 ,
2157 959 2256 1012 sub
2291 960 2405 1034 ejus
2433 957 3147 1034 nominecentittetttr.7sed
3188 957 3566 1034 inde'quidam

1986 1028 2271 1110 falluntur,
2299 1031 2417 1099 quia
2448 1030 2612 1110 .lnd_;ei
2657 1033 2709 1085 in
2753 1034 3026 1110 sabbatum
3069 1051 3289 1110 vespere
3315 1028 3565 1110 jubentur

1986 1102 2203 1159 intrare.
2237 1117 2337 1154 non
2363 1102 2760 1156 considerantes
2782 1118 2877 1157 cur
2897 1105 2963 1156 ita
2989 1102 3287 1160 mandatum
3314 1102 3400 1160 εἱι.
3432 1111 3560 1160 Nam

1986 1170 2166 1238 utique
2194 1171 2362 1244 pridie
2390 1188 2606 1244 necesse
2627 1173 2824 1227 habent
2845 1189 3023 1229 emere
3050 1177 3147 1228 sibi
3175 1191 3326 1230 esras
3351 1187 3404 1230 et
3433 1194 3564 1244 prm-

2022 1255 2172 1294 arare
2219 1243 2267 1295 in
2309 1243 2616 1316 sabbatum,
2649 1252 2700 1296 et
2727 1244 2896 1316 lotum
2923 1246 3017 1298 ire.
3055 1245 3314 1314 Numquid
3347 1243 3563 1316 possunt

2025 1326 2101 1365 :rc
2129 1323 2281 1366 nocte
2309 1311 2510 1374 facere,
2542 1321 2598 1365 ut
2627 1324 2745 1368 Orto
2773 1313 2860 1368 die
2886 1315 3141 1370 intrarent
3171 1311 3221 1370 in
3248 1311 3562 1371 sabbatum?

1983 1381 2249 1455 Dominus;
2277 1392 2419 1437 certe
2444 1398 2664 1452 vespere
2692 1387 3015 1453 resurrexit,
3044 1395 3097 1440 et
3122 1387 3224 1440 diei
3253 1387 3557 1455 deputatur.

1985 1451 2041 1505 lu
2063 1451 2148 1524 die
2168 1453 2306 1506 enim
2330 1451 2648 1508 resurrectio
2669 1455 2988 1521 celebratur,
3001 1451 3100 1524 qui
3124 1457 3237 1511 dies
3259 1451 3559 1512 dominicus

1982 1523 2292 1598 appellatur.
2325 1524 2414 1579 Sic
2439 1526 2579 1598 enim
2606 1525 2758 1594 legis,
2783 1524 2907 1578 Haec
2935 1523 3043 1579 dies
3069 1543 3216 1598 quam
3241 1527 3354 1598 fecit
3385 1527 3561 1580 Domi-

1982 1609 2077 1645 nus
2104 1592 2273 1660 (Psal.
2299 1609 2469 1655 cxvu,
2497 1593 2622 1719 9.4L;
2655 1592 2758 1649 non
2791 1605 2964 1650 tamen
2993 1592 3098 1650 nos
3123 1592 3406 1660 dominica,
3436 1599 3559 1668 quia

1984 1665 2329 1719 principatum
2355 1665 2468 1719 dies
2496 1665 2562 1718 ba
2601 1676 2675 1719 et.
2706 1666 2828 1719 Sive
2851 1667 2992 1719 enim
3019 1669 3284 1719 ora-terim
3310 1667 3418 1719 die.
3447 1669 3559 1719 sive

1984 1665 2329 1736 principatum
2355 1665 2468 1719 dies
2496 1665 2675 1720 habet.
2706 1666 2828 1720 Sive
2851 1667 2992 1720 enim
3019 1669 3284 1736 praeterito
3310 1667 3418 1730 die,
3447 1665 3559 1722 sive

1982 1733 2178 1806 futuro,
2207 1751 2418 1804 semper
2443 1751 2546 1789 nox
2574 1736 2808 1804 subjecta
2837 1747 2949 1801 est;
2979 1733 3097 1806 quia
3129 1747 3182 1790 et
3206 1737 3391 1792 ordine
3419 1738 3558 1792 infe-

1982 1805 2092 1857 rior
2117 1815 2198 1859 est
2224 1815 2277 1860 et
2304 1816 2487 1860 natura
2506 1847 2518 1864 .
2547 1806 2753 1861 dicente
2778 1808 3052 1874 Apostolo,
3087 1806 3210 1860 Filii
3238 1808 3338 1860 diei
3367 1809 3484 1861 estis
3513 1816 3561 1860 et

1982 1875 2182 1929 [uotiuis
2201 1917 2214 1940 ,
2257 1893 2354 1928 non
2383 1877 2539 1934 noctis
2575 1893 2734 1942 neque
2761 1877 3072 1930 tenebrarum
3115 1878 3135 1942 (
3149 1877 3163 1928 l
3191 1877 3366 1930 Thess.
3389 1893 3441 1941 v,
3471 1879 3552 1945 5).

1985 1945 2047 1999 Et
2071 1947 2116 2000 si
2141 1945 2208 2000 de
2230 1948 2536 2001 consulibus
2559 1947 2922 2014 conjiciamus,
2955 1947 3248 2001 videbimus
3274 1948 3417 2000 illum
3453 1949 3560 2015 pri-

1982 2033 2124 2071 mum
2159 2017 2414 2070 nominari
2446 2017 2532 2085 qui
2566 2018 2709 2084 prior
2736 2018 2961 2081 eligitur.
3004 2018 3237 2086 Denique
3266 2017 3402 2071 solet
3428 2017 3555 2084 dici,

1981 2086 2113 2140 Cum
2143 2088 2230 2141 illo
2257 2088 2374 2154 quis
2402 2090 2504 2141 erit
2531 2087 2756 2142 consul?
2782 2086 2834 2143 Si
2875 2103 3001 2157 ergo
3034 2097 3087 2140 et
3113 2104 3216 2141 nox
3257 2100 3379 2140 ante
3419 2088 3559 2142 diem

1981 2167 2122 2212 esset
2141 2200 2154 2222 ,
2190 2159 2326 2226 prior
2371 2159 2750 2212 nOminaretur.
2797 2158 2924 2211 Nam
2957 2173 3120 2228 usque
3147 2159 3278 2211 adeo
3303 2174 3330 2210 a
3359 2157 3446 2212 die
3473 2159 3556 2210 in-

1982 2229 2105 2295 cipit
2129 2243 2398 2291 numeros,
2428 2238 2606 2296 utputa
2636 2229 2679 2280 si
2705 2228 2962 2290 dicamus,
2992 2229 3122 2282 Cras
3150 2237 3353 2282 sextum
3375 2229 3562 2282 calen—

1982 2297 2078 2351 das
2107 2307 2220 2361 est;
2265 2313 2482 2357 amaue
2521 2299 2700 2367 utique
2742 2308 2824 2351 est
2852 2313 3014 2366 usque
3052 2299 3177 2350 dum
3216 2298 3455 2351 veniatur
3492 2296 3559 2352 ad

1982 2368 2121 2422 aliud
2163 2383 2350 2429 mane,
2393 2378 2450 2421 ut
2493 2377 2755 2420 transacto
2787 2367 2871 2421 die
2913 2377 2969 2422 et
3009 2378 3162 2420 nocte
3201 2375 3559 2434 computetur.

1981 2437 2112 2492 Nam
2144 2448 2196 2491 ει
2236 2439 2356 2490 luna
2393 2438 2573 2506 utique
2603 2438 2652 2490 itt
2691 2438 2840 2491 initio
2882 2453 3038 2491 mane
3079 2437 3215 2490 facta
3260 2447 3338 2489 est
3375 2447 3561 2504 quarta

1981 2508 2185 2564 decima
2217 2526 2228 2559 :
2261 2507 2395 2562 facta
2436 2508 2579 2562 enim
2624 2508 2801 2562 lucere
2837 2506 3021 2561 debuit
3065 2517 3169 2561 tota
3211 2517 3394 2568 nocte,
3424 2516 3478 2560 et
3508 2506 3560 2560 in

1982 2579 2122 2633 aliud
2148 2595 2303 2632 tuane
2321 2579 2482 2646 coepit
2502 2579 2682 2646 quinta
2703 2578 2926 2632 decima.
2956 2578 3089 2644 Quid
3112 2594 3238 2647 ergo
3257 2577 3558 2643 ambigitur,

1983 2659 2041 2702 ut
2059 2664 2161 2702 non
2189 2664 2218 2702 a
2246 2650 2331 2702 die
2353 2649 2607 2717 principia
2631 2649 2948 2717 teneantur?
2971 2648 3190 2716 Propter
3210 2647 3560 2714 quorumdam

1982 2720 2349 2774 contentiones
2378 2719 2445 2772 de
2475 2716 2535 2772 re
2562 2716 2834 2772 manifesta
2878 2719 3047 2772 coacti
3080 2733 3261 2771 sumus
3292 2717 3444 2770 latius
3476 2717 3556 2770 lo-

1942 2786 1949 2791 ’
1982 2791 2069 2859 qui
2091 2832 2106 2856 ,
2135 2806 2252 2844 cum
2283 2791 2395 2858 ipsa
2437 2804 2495 2842 se
2536 2789 2694 2843 lectio
2731 2789 3011 2856 explanet,
3040 2788 3104 2859 in
3146 2803 3247 2857 qua
3290 2789 3401 2859 dies
3436 2796 3558 2840 ante

1983 2858 2192 2915 noctem
2222 2872 2400 2928 aperta
2437 2861 2639 2914 ratione
2665 2859 3006 2928 signiﬁcatur.
3039 2858 3164 2912 Ηςεε
3198 2858 3557 2928 onntia__wpra

1983 2926 2273 2985 memorata
2293 2930 2581 2986 secundum
2605 2926 2782 2982 mundi
2811 2930 3064 2997 originem
3089 2928 3334 2980 (ll\imtts.
3360 2926 3560 2980 Verum

1983 3003 2025 3056 si
2053 3003 2206 3054 altius
2233 3002 2371 3070 loqui
2402 3002 2652 3063 velimus,
2680 3000 3270 3070 intellectumnostrqu
3299 2997 3561 3070 spirituali

1984 3074 2244 3138 erigentes
2266 3067 2462 3139 vigore,
2485 3072 2826 3138 incongruum
2848 3069 3293 3136 deprehendimus
3313 3067 3560 3139 tentrhras

1983 3151 2104 3196 ante
2145 3138 2544 3196 luretn’creatas
2573 3154 2829 3194 asserere.
2876 3140 2928 3193 Si
2974 3139 3113 3192 enim
3159 3139 3288 3191 lucis
3327 3138 3560 3192 caelestis

1985 3223 2167 3266 natura
2193 3223 2294 3276 est,
2322 3222 2374 3265 et
2396 3213 2731 3266 tenebrarum
2755 3221 2982 3273 terrena,
3009 3211 3242 3278 ineptum
3272 3205 3451 3275 utique
3477 3215 3562 3278 est

1985 3293 2105 3352 post.
2133 3285 2376 3336 tenebras
2404 3285 2571 3335 lucem
2601 3280 2788 3352 factam
2817 3290 3001 3348 putare
3034 3297 3047 3332 :
3085 3277 3206 3347 quia
3246 3279 3451 3352 Moyses
3480 3277 3563 3329 lu-

1984 3348 2099 3408 cem
2147 3354 2358 3422 quidem
2409 3354 2595 3405 factam
2620 3381 2638 3413 ,-
2680 3349 2772 3403 sed
2817 3351 2868 3402 in
2907 3364 3008 3417 qua
3044 3363 3189 3422 _nnnc
3224 3348 3450 3422 mundus
3478 3353 3563 3422 est

1984 3417 2296 3494 partefnon
2327 3424 2448 3492 quia
2498 3433 2620 3475 tunc
2663 3430 2836 3474 creata
2876 3429 2990 3481 est,
3025 3419 3184 3494 dicit}
3221 3420 3342 3494 quia
3381 3417 3561 3469 omnia

1984 3487 2268 3562 spiritualia
2297 3487 2417 3547 ante
2441 3503 2614 3548 creata
2640 3501 2762 3545 sunt
2787 3487 3224 3562 quanicarnalia,
3250 3499 3303 3539 ut
3331 3488 3417 3562 lux
3440 3501 3560 3562 qtae

1985 3556 2036 3617 in
2067 3564 2308 3630 supernis
2333 3572 2447 3617 erat
2477 3565 2627 3615 lieret
2661 3563 2711 3614 iit
2743 3556 2995 3624 subjectis
3015 3599 3029 3622 ,
3062 3568 3118 3610 ut
3145 3561 3345 3630 lampas
3383 3559 3432 3608 in
3461 3556 3562 3608 do-

1984 3651 2090 3689 n'to.
2117 3627 2226 3702 Qua
2253 3639 2430 3688 autem
2460 3633 2661 3684 ratione
2687 3640 2808 3702 ante
2838 3629 3264 3702 lucemteneln-ae
3291 3627 3557 3702 dicuntur,

1982 3721 2101 3760 cum
2127 3696 2344 3770 semper
2371 3711 2489 3772 post
2519 3703 2687 3755 lucem
2717 3699 3295 3772 videantur?_l)enique
3323 3696 3560 3749 caelestia

1983 3783 2038 3830 et
2063 3767 2349 3844 spiritualia
2373 3767 2552 3827 lumen
2577 3781 2758 3844 natura
2785 3784 2903 3824 esse
2927 3767 3243 3833 creduntur,
3276 3773 3561 3844 terreuact

1983 3836 2210 3902 carnalia
2242 3845 2503 3904 tenebrze;
2533 3852 2588 3895 ut
2624 3842 2959 3895 tenebrarum
3000 3847 3180 3890 natura
3219 3836 3450 3906 potentia
3481 3837 3559 3888 lu-

1983 3916 2139 3970 minis
2161 3915 2447 3969 subsistere
2463 3913 2719 3975 videatur,
2739 3911 2856 3978 quia
2876 3923 3032 3962 omne
3055 3906 3558 3978 imumsummitatis

1983 3994 2086 4040 est.
2114 3985 2242 4039 Nam
2274 3986 2316 4037 si
2348 3986 2675 4053 requiramus
2695 4022 2707 4045 ,
2740 3975 2789 4053 iit
2818 3981 3069 4053 ipso-sole
3098 3976 3344 4053 tenebras
3371 3975 3558 4053 depre-

1984 4057 2283 4112 hendimus.
2316 4047 2536 4120 Quando
2562 4055 2698 4105 enim
2733 4047 2879 4118 juxta
2912 4050 3055 4102 illum
3095 4049 3289 4120 fueris,
3317 4056 3423 4100 tam
3452 4047 3561 4120 cla-

1985 4128 2226 4182 rissimus
2257 4116 2490 4187 videtur,
2520 4132 2579 4177 ut
2607 4116 2832 4196 prospici
2868 4136 2971 4196 non
3013 4120 3176 4187 possit
3199 4133 3224 4196 ;_
3248 4119 3292 4172 si
3329 4133 3453 4196 vero
3482 4116 3562 4196 in:

1985 4199 2220 4261 tervallo,
2255 4186 2576 4266 clarissimus
2606 4186 2847 4266 quidem,
2880 4190 2972 4242 sed
3001 4186 3057 4241 ut
3087 4188 3263 4266 possit.
3287 4186 3484 4255 aspici;
3515 4186 3561 4266 si

1983 4280 2158 4322 autem
2206 4259 2358 4336 longe
2377 4265 2603 4336 ,ptitttts
2625 4259 2816 4336 'clarus
2845 4280 2856 4313 :
2887 4269 3082 4336 quanto
3129 4259 3335 4326 longius
3354 4298 3396 4336 ,⁸
3419 4264 3562 4336 tanto

1984 4340 2159 4394 minus
2178 4331 2369 4392 clarus.
2397 4334 2543 4390 Unde
2564 4333 2800 4406 defectus
2820 4331 3030 4400 quidam
3053 4337 3292 4406 apparet,
3313 4331 3397 4406 qui
3425 4334 3565 4406 teuc-

1985 4411 2107 4464 bras
2131 4409 2366 4470 nuntiat,
2395 4419 2446 4460 et
2477 4407 2544 4458 ita
2576 4397 2894 4472 pervenitur,
2927 4411 2981 4452 ut
3008 4399 3243 4472 tertebr;r._
3269 4414 3331 4449 ex
3362 4397 3563 4472 lumine

1985 4491 2158 4534 ortmu
2198 4465 2387 4546 capere
2423 4465 2717 4546 videantur.
2743 4465 2934 4540 itaque
2964 4469 3058 4546 qui
3085 4467 3431 4546 fecit-lucem,
3462 4465 3563 4520 hoc

1986 4550 2144 4604 modo
2184 4538 2382 4602 creavit
2421 4555 2472 4598 et
2517 4544 2789 4603 tenebras,
2831 4538 3097 4608 quomodo
3137 4538 3332 4590 faciens
3373 4550 3562 4602 aquam

1984 4620 2140 4675 simul
2171 4617 2365 4671 creavit
2393 4623 2443 4667 et
2482 4624 2671 4667 terram
2707 4631 2718 4664 :
2752 4621 2808 4664 ttt
2837 4612 2972 4664 sicut
3001 4611 3208 4662 [irinum
3242 4621 3391 4673 aqua:
3421 4614 3562 4658 terra

1987 4699 2064 4744 est
2086 4729 2100 4753 ,
2131 4689 2201 4741 ita
2245 4687 2472 4740 tenebra:
2514 4685 2748 4756 defectus
2783 4681 3014 4756 luminis.
3046 4676 3564 4756 Deu_s_auternsolus

1987 4748 2180 4827 estqui
2208 4757 2468 4827 delectum
2500 4771 2602 4827 non
2631 4755 2845 4822 patitur,
2868 4753 2954 4820 qui
2980 4764 3096 4827 cum
3126 4748 3319 4827 ubique
3343 4748 3431 4809 sit,
3456 4748 3562 4827 into

1987 4815 2162 4883 omnia
2195 4828 2326 4882 intra
2357 4841 2415 4879 se
2446 4815 2664 4889 habent,
2698 4832 2802 4876 tam
2845 4815 3128 4890 prmclarus
3155 4825 3238 4890 est
3273 4815 3562 4890 ttt_a_uullo

1987 4901 2245 4962 videatur,
2272 4897 2372 4950 nisi
2400 4895 2442 4949 si
2473 4886 2700 4949 voluerit
2728 4886 3038 4961 temperare.
3071 4889 3302 4956 Denique
3322 4886 3565 4964 Salvator

1988 4987 2106 5026 cum
2133 4977 2273 5023 esset
2300 4969 2349 5019 itt
2375 4981 2596 5034 corpore
2625 4975 2678 5017 et
2703 4985 2718 5016 ι,
2736 4965 2908 5016 lausus
2931 4975 3036 5035 non
3061 4965 3223 5035 esset,
3256 4967 3429 5009 tamen
3459 4971 3563 5035 nn-

1989 5025 2130 5096 nime
2175 5025 2611 5101 videbatur,nisi
2654 5036 2921 5088 voluisset.
2965 5031 3092 5083 Nam
3136 5029 3312 5095 utique
3342 5025 3564 5095 quodin

1989 5121 2167 5166 monte
2199 5108 2722 5178 transligttratttsest,
2757 5111 2810 5156 et
2839 5101 3152 5178 inflaritate
3184 5113 3369 5178 magna
3397 5110 3564 5164 appao

1988 5185 2094 5237 ruit
2123 5179 2330 5253 (Matth.
2354 5170 2482 5253 )_(v_tt,
2509 5178 2560 5241 1,
2586 5176 2674 5253 2),
2709 5172 2993 5253 Ιιι)ε.νις1¹ιιιὶ
3027 5170 3217 5253 latebat
3244 5170 3293 5221 iu
3321 5181 3563 5253 conpore,

1990 5237 2270 5323 quod‘cum
2295 5237 2479 5311 voluit,
2507 5237 2875 5323 ιιιίιιιξῑιὶειτιγίι.
2894 5241 3178 5323 _Qnomodo
3200 5254 3325 5307 ergo
3349 5237 3563 5323 latebat,

1991 5309 2078 5394 qui
2112 5309 2474 5394 claususnon
2509 5316 2658 5394 e-rat‘?
2687 5315 2905 5394 Natnnsi
2951 5328 3069 5367 cmn
3115 5324 3336 5394 eqr‘porc
3375 5309 3570 5394 clausis

1992 5376 2139 5448 (istas
2166 5391 2378 5445 intravit
2406 5389 2470 5441 ad
2501 5387 2782 5456 discipulos
2814 5383 2988 5456 (Joan.
3020 5397 3120 5445 xx,
3155 5376 3243 5448 19)
3264 5420 3287 5456 ,_
3310 5376 3567 5456 quemad-

1993 5464 2204 5518 modum
2233 5461 2477 5515 divinitas
2506 5459 2619 5525 ejus
2637 5451 2755 5510 ἰιοιι
2797 5451 2971 5506 omnia
3015 5451 3289 5525 penetrat?
3336 5454 3566 5525 noctest,

1993 5516 2167 5590 claudi
2199 5549 2298 5585 non
2332 5537 2499 5599 potest
2519 5516 2551 5590 ,’
2578 5529 2696 5599 quia
2736 5516 3148 5599 delectum'non
3181 5521 3394 5599 patitur.
3433 5516 3570 5599 Cum

1995 5587 2120 5673 ergo
2143 5587 2396 5671 nusquam
2411 5587 2564 5673 _desit
2584 5587 2740 5673 Deus,
2768 5597 2872 5649 illic
2898 5605 3072 5647 tamen
3101 5587 3450 5673 dicitur-esse,
3470 5587 3571 5673 ubi

1995 5661 2232 5744 apparet,
2263 5661 2321 5744 et
2343 5670 2451 5723 vult
2482 5669 2672 5744 videri.
2701 5667 2830 5722 Cum
2861 5680 2987 5744 ergo
3017 5664 3189 5744 omnia
3213 5661 3270 5744 'in
3302 5661 3410 5741 Deo
3439 5661 3568 5744 sint,

1995 5729 2114 5816 qitia
2146 5729 2348 5798 excedit
2377 5748 2564 5793 cuncta
2583 5780 2596 5803 ,
2626 5729 3274 5816 dicenteApostolo‘Lln
3297 5729 3568 5816 ipsoenitn

1995 5802 2221 5882 vivimus,
2250 5827 2502 5867 movemur
2524 5819 2570 5866 et
2587 5802 2767 5865 sumus
2796 5802 2934 5881 (Act:
2953 5821 3078 5872 xvn,
3101 5802 3192 5874 28)
3216 5819 3231 5871 ;
3262 5802 3376 5873 ipse
3395 5807 3570 5857 tamen
