4042 6474
528 493 676 542 rena,
700 475 792 533 sed
813 483 866 534 et
890 491 950 531 ea
981 489 1100 546 quae
1123 474 1175 528 in
1201 471 1507 546 corlcstibus
1524 475 1776 536 usurpata
1793 475 1874 518 est
1902 479 1932 518 a
1958 461 2103 546 prin-

529 535 646 618 cipe
665 535 961 618 principum
987 535 1202 600 satana:
1230 543 1352 612 quia
1378 535 1748 618 inieci-rorem
1776 551 1931 605 quem
1965 535 2102 618 inter

528 604 596 676 se
617 604 1072 687 etinspirziverunt,
1105 625 1164 670 ut
1205 604 1424 688 auctore
1463 610 1673 665 diabolo
1701 604 1830 688 deos
1874 621 1932 659 se
1960 604 2104 688 dice-

529 675 664 754 rent,
697 675 854 746 etiam
887 688 972 740 hic
1002 675 1210 740 interra
1239 683 1718 756 dispo_su_erunt,_ut
1749 677 1832 730 hic
1871 675 2106 756 erroroil:

533 745 828 828 liusimago
857 759 941 811 sit.
977 757 1040 828 Et
1059 745 1342 828 sequitur:-
1372 753 1495 818 Quis
1540 759 1610 804 est
1637 751 1859 828 iste_rea:
1898 745 2108 828 gloria?

531 832 608 886 Ne
636 816 962 897 supervacue
1009 816 1150 880 fort-.5
1171 816 1442 898 Christum
1487 837 1664 890 regem
1706 816 2105 898 gloriardieere

531 889 826 969 putaretur,
861 898 1230 969 interrogantis
1261 895 1407 969 ponit
1448 889 1729 969 personam
1767 898 1828 969 et
1860 889 2104 969 dicentis,

534 957 656 1036 'Quis
682 981 752 1026 est
781 957 874 1023 iste
897 985 988 1022 rea:
1008 957 1219 1039 gloriae?
1249 957 1406 1039 Quasi
1435 957 1725 1039 admiretur
1745 968 1837 1039 aut
1854 957 2032 1039 doceri
2049 971 2107 1012 se

532 1029 674 1102 v‘elit,
701 1057 765 1094 an
797 1055 980 1094 verum
1006 1029 1088 1094 cst
1117 1046 1170 1091 et
1198 1029 1516 1102 condignum
1544 1033 1722 1102 dicere
1743 1029 2010 1102 Christum
2032 1041 2108 1102 re-

531 1129 646 1182 gem
666 1097 874 1182 glorias.
909 1110 976 1182 Et
1005 1109 1122 1162 ideo
1149 1097 1534 1182 responderunt
1561 1103 1608 1156 ei
1629 1119 1641 1153 :
1665 1101 1943 1182 Dominus
1963 1097 2108 1182 [ortis

532 1171 576 1235 ἕι
606 1171 800 1251 ροῖέηδ,
825 1180 1070 1251 Dominus
1099 1171 1272 1251 poteris
1302 1177 1354 1228 in
1391 1175 1587 1251 praelia,
1618 1181 1678 1251 ut
1721 1173 1822 1226 hoc
1863 1171 2106 1251 subjecto

531 1241 634 1306 non
663 1241 816 1306 nudis
855 1250 1050 1314 verbis,
1079 1241 1172 1302 sed
1219 1263 1338 1302 cum
1381 1241 1682 1300 testimonio
1719 1257 1896 1310 regem
1928 1241 2109 1314 gloria:

530 1322 806 1376 Christuni
823 1307 1140 1374 addisceret.
1163 1317 1340 1371 Virtus
1367 1318 1504 1370 enim
1531 1325 1584 1367 et
1609 1307 1840 1382 potentia
1863 1307 1966 1380 qua
1991 1307 2110 1362 sub-

530 1393 633 1460 egit
660 1401 715 1446 et
761 1393 950 1461 pressit
995 1389 1264 1444 diabolum
1309 1383 1788 1461 cumsatellitibus
1825 1382 1970 1461 ejusl
1998 1382 2110 1461 hinc

531 1451 772 1516 ostendit
791 1463 935 1515 illum
965 1475 1142 1530 regem
1170 1473 1287 1512 esse
1327 1458 1535 1530 glorite.
1575 1455 1642 1530 Et
1670 1453 1896 1523 adjecit:
1929 1451 2110 1530 Tollite

571 1543 728 1598 ortas,
747 1520 1249 1604 principesfvestras,
1269 1538 1314 1581 et
1329 1520 1615 1604 Eleoamini,
1637 1520 1796 1604 portae
1816 1520 2109 1604 mternalesg

571 1551 728 1598 ortas,
747 1551 1021 1604 prmotpes,
1041 1551 1249 1590 vesu's,
1269 1551 1313 1581 et
1339 1551 1615 1590 etevumuu,
1637 1551 1795 1594 partu:
1816 1551 2074 1602 tuteutute.»
2089 1560 2106 1601 ξ

533 1551 634 1656 iioc
659 1614 760 1668 est,
793 1602 1041 1672 quoniam
1069 1599 1280 1672 virtutis
1325 1597 1659 1672 testimoniq,
1693 1596 1776 1672 cui
1820 1591 2108 1672 contradtcn

531 1663 789 1726 nefarium
810 1663 918 1736 est,
951 1671 1203 1744 didicistis
1228 1669 1444 1744 dignum
1466 1682 1583 1722 esse
1603 1666 1870 1744 Christum
1899 1663 2002 1744 diei
2019 1676 2109 1744 re:

530 1757 650 1811 gem
675 1745 877 1812 gloriae,
905 1731 1108 1812 auferte
1132 1731 1366 1812 errorEm
1397 1739 1463 1792 de
1505 1737 1768 1812 mentibus
1793 1734 2022 1812 _vestris.
2045 1731 2112 1784 Et

531 1806 790 1882 quod'ait,
815 1806 1052 1866 Introibit
1070 1827 1160 1864 rea:
1184 1811 1393 1884 gtoriat,
1407 1807 1702 1884 ostenditur
1719 1806 1838 1884 quia
1857 1819 1963 1884 non
1991 1818 2112 1884 pos-

532 1875 657 1937 sunt
684 1875 1012 1956 participare
1052 1875 1308 1956 eum-fide
1333 1880 1552 1956 intristi,
1585 1877 1778 1956 nisi_ab
1816 1875 1960 1929 omni

532 1944 792 2007 munditia
821 1944 1132 2007 idololatriae
1155 1949 1557 2004 emundaverint
1585 1947 1743 2003 corda
1772 1961 1975 2001 eorum.
1999 1944 2108 1997 Nisi

529 2025 672 2077 enim
701 2025 977 2077 innovatus
1005 2021 1161 2076 fuerit
1187 2023 1366 2084 homo,
1395 2035 1498 2074 non
1518 2017 1972 2085 intrabitSpiritus
1988 2029 2111 2068 san-

530 2103 650 2148 ctus
677 2095 727 2147 in
755 2111 898 2148 eum.
929 2093 994 2147 Et
1023 2093 1291 2158 sequitur:
1327 2091 1451 2155 Quis
1465 2100 1536 2144 est
1557 2091 1649 2143 iste
1669 2105 1758 2142 rex
1777 2085 1991 2158 glorin
2014 2085 2112 2138 lte-

532 2165 667 2218 ratio
695 2167 792 2217 ista
823 2155 1276 2218 conﬁrmationem
1310 2161 1452 2216 facit.
1481 2161 1647 2214 Omne
1673 2155 1814 2212 enim
1855 2155 1994 2226 quod
2019 2171 2112 2209 no-

529 2250 652 2288 vum
679 2235 912 2298 auditur,
939 2249 1044 2288 non
1070 2233 1364 2300 concipitur
1392 2231 1552 2285 corde
1591 2229 1690 2282 nisi
1729 2225 1966 2300 iteretur.
2000 2225 2110 2300 Ad-_-

529 2305 865 2358 mirationem
886 2295 1064 2358 autem
1093 2313 1146 2356 et
1169 2295 1439 2372 stuporem
1463 2301 1603 2372 facit.
1615 2295 2110 2372 cumdiciturquod

530 2375 768 2429 auditum
798 2383 880 2430 est
923 2388 1214 2440 nunquam.
1260 2368 1328 2425 Et
1360 2368 1849 2440 adjecit:Dominus
1877 2369 2112 2440 virtutum

531 2444 640 2514 ipse
675 2453 744 2496 est
792 2460 880 2498 rex
925 2436 1118 2514 gloriae.
1151 2443 1348 2514 Eadem
1379 2436 1668 2514 repetendo
1694 2439 1848 2514 docet
1871 2438 1971 2492 rite
1995 2436 2111 2514 dici

531 2506 675 2572 hunc
701 2531 876 2584 regem
907 2506 1109 2584 gloriae,
1143 2515 1238 2584 qui
1283 2512 1352 2566 sit
1396 2506 1652 2584 Dominus
1683 2509 1966 2584 virtutum.
1995 2506 2110 2584 Non

531 2577 795 2638 immerito
821 2577 959 2637 enim
989 2599 1078 2638 rex
1097 2577 1284 2652 gloria:
1301 2579 2000 2652 appellaturquivirtutibus
2018 2577 2115 2652 do-

531 2655 782 2710 minatur.
815 2653 964 2710 Unde
991 2649 1308 2721 Apostolus:
1335 2649 1396 2706 Si
1424 2653 1556 2704 enim
1591 2649 1968 2721 intellexissent,
2013 2649 2110 2721 ait,

531 2741 790 2796 nunquam
807 2717 1082 2777 Dominum
1098 2723 1373 2793 majestatis
1387 2724 1521 2774 cruci
1527 2720 1806 2790 ﬁnissent“
1821 2717 1937 2776 Cor.
1957 2735 2014 2786 ιι,
2033 2717 2110 2790 8).

941 2811 1006 2847 DE
1044 2809 1243 2848 PSALIO
1279 2805 1710 2856 QUINQUAGESIIIO.

600 2863 734 2919 CXII
759 2862 856 2937 (a).
880 2894 951 2903 —
979 2865 1453 2937 Quinquagesimus
1492 2863 1750 2937 Psalmus_
1779 2859 1866 2914 hic
1903 2860 2111 2937 positus

534 2945 646 3000 est,
679 2930 784 2990 non
814 2930 924 3004 'pro
969 2930 1482 3001 temporis-ordine,
1521 2933 1615 3004 sed
1641 2931 1876 3004 ratione.
1909 2930 2112 2985 Titulus

531 3007 674 3060 enim
713 3001 960 3073 ejus—non
1019 3019 1262 3069 numero,
1315 3004 1408 3058 sed
1465 3003 1655 3058 rationi
1701 3001 1969 3070 subjectus
2008 3010 2108 3054 est.

528 3077 793 3142 Quantum
842 3077 982 3129 enim
1032 3075 1096 3128 ad
1143 3074 1414 3128 historiam
1471 3073 1731 3142 pertinet,
1763 3073 1996 3142 anterior
2033 3082 2115 3126 est

529 3141 690 3216 quam
733 3148 935 3200 tertius.
969 3144 1121 3198 Prius
1161 3145 1300 3199 enim
1331 3161 1360 3216 a
1393 3143 1644 3212 propheta
1689 3141 2112 3216 Nathan__delicti

529 3213 689 3271 causa
718 3225 994 3284 correptus
1014 3223 1096 3268 est
1115 3255 1130 3280 ,
1159 3231 1316 3283 quam
1347 3215 1644 3282 insurgeret
1664 3223 1848 3268 contra
1875 3213 2020 3266 illum
2051 3213 2114 3264 ﬁ-

533 3285 634 3340 lius
663 3287 778 3354 ejus
801 3283 1034 3338 Absalon
1056 3327 1070 3348 ,
1103 3295 1158 3337 ut
1187 3300 1306 3338 eum
1339 3285 1498 3354 vellet
1522 3293 1574 3336 et
1600 3283 1703 3337 vita
1731 3291 1784 3337 et
1815 3299 1977 3353 regno
2005 3284 2112 3352 pri-

530 3370 674 3410 vare.
697 3353 833 3408 llaec
862 3369 989 3422 ergo
1017 3369 1174 3408 causa
1204 3362 1362 3408 estut
1391 3353 1856 3423 quinquagesimns
1887 3367 2114 3421 ponere-

533 3435 654 3486 tur,
701 3439 858 3493 quam
905 3433 1113 3477 c0nstat
1152 3439 1214 3477 ex
1255 3424 1394 3492 Lege
1431 3423 1771 3478 descendere.
1816 3424 1925 3478 Illic
1971 3426 2114 3478 enim

530 3503 744 3550 cautum
779 3502 862 3549 est
896 3495 1385 3563 quinquagesimum
1428 3508 1702 3547 numerum
1749 3494 2113 3548 remissionem

533 3565 748 3620 habere.
789 3565 880 3618 Est
903 3563 1043 3618 enim
1073 3574 1194 3632 post
1217 3573 1424 3634 septem
1449 3565 1770 3632 septimanas
1803 3565 2003 3633 primus
2031 3575 2113 3635 ty-

531 3645 657 3716 pum
705 3636 904 3716 habens
946 3635 1198 3716 dominici
1233 3635 1376 3716 diei:
1412 3635 1711 3716 quia'sicu‘t
1753 3643 1871 3704 post
1912 3645 2112 3716 septem

530 3704 644 3761 dies
668 3747 683 3772 ,
718 3708 917 3775 primus
938 3705 1053 3759 dies
1082 3706 1196 3773 ipse
1235 3715 1318 3760 est
1353 3704 1444 3775 qui
1488 3705 1635 3759 initio
1675 3704 1842 3760 factus
1881 3716 1960 3759 est
1981 3746 1994 3767 ,
2025 3706 2114 3775 qui

530 3791 742 3845 semper
783 3777 926 3831 ﬁnita
966 3777 1260 3845 septimana
1287 3775 1401 3830 dies
1433 3775 1632 3844 primus
1671 3783 1784 3838 est;
1816 3776 1883 3829 ita
1915 3787 1966 3829 et
1992 3787 2114 3844 post

531 3859 733 3916 septem
756 3848 1077 3916 septimanas
1097 3846 1564 3918 quinquagesimus
1585 3855 1913 3918 numeratus,
1935 3846 1984 3899 in
2009 3863 2114 3918 my-

530 3915 694 3972 sterio
722 3915 922 3984 primus
944 3926 1024 3970 est
1047 3959 1062 3982 ,
1089 3915 1176 3987 qui
1205 3915 1398 3986 duplici
1439 3931 1636 3987 genere
1672 3915 1970 3970 dominicus
1997 3915 2112 3972 dies

529 3989 826 4058 appellatur
851 4005 864 4040 :
890 3986 1117 4056 primum
1147 3987 1270 4057 quia
1309 3987 1458 4040 initio
1487 3986 1658 4058 factus
1683 4002 1718 4058 ιι
1746 3987 1969 4058 Domino
1995 3999 2076 4040 est
2095 4029 2109 4052 ,

529 4057 620 4126 qui
647 4073 857 4126 semper
886 4059 937 4112 in
969 4073 1028 4111 se
1051 4071 1347 4112 conversus
1375 4072 1470 4125 per
1497 4057 1756 4110 curricula
1785 4057 1998 4125 impleta
2024 4073 2112 4112 se-

531 4129 764 4196 ptimana
789 4127 990 4195 primus
1009 4137 1124 4192 est;
1153 4127 1344 4182 deinde
1367 4127 1488 4196 quia
1521 4127 1572 4180 in
1601 4141 1666 4181 eo
1687 4127 1976 4181 resurrexit
2007 4127 2110 4182 Do-

532 4197 728 4256 minus,
754 4196 1072 4265 triumphata
1103 4208 1294 4258 morte,
1323 4197 1618 4251 dominicus
1646 4198 1804 4250 etiam
1835 4197 1950 4251 dies
1977 4213 2110 4250 nun-

531 4274 775 4334 cupatur.
803 4265 918 4319 Non
944 4267 1208 4320 immerito
1237 4282 1365 4334 ergo
1395 4267 1446 4318 in
1467 4267 1901 4336 quinquagesimo
1929 4283 2114 4336 nume-

533 4351 614 4400 ro,
642 4351 798 4404 quem
841 4337 895 4388 in
943 4338 1198 4406 mysterio
1239 4337 1462 4404 primum
1494 4335 1842 4403 signiﬁcatmn
1880 4335 2114 4391 adverti-

532 4422 670 4468 mus,
701 4406 944 4460 remissio
965 4407 1283 4476 continetur.
1299 4406 1534 4472 Denique
1550 4407 1658 4460 Lex
1677 4407 2115 4476 quinquagesimo

531 4477 616 4530 die
643 4477 761 4529 data
791 4485 888 4530 est.
935 4480 974 4529 A
1017 4475 1342 4545 profectione
1383 4477 1523 4530 enim
1570 4477 1796 4530 ﬁliorum
1842 4475 2001 4532 Israel
2049 4493 2116 4534 ex

531 4548 764 4618 Aigypto
783 4589 797 4610 ,
828 4546 1232 4616 quadragesimo
1263 4556 1532 4618 etioctavo
1557 4547 1642 4600 die
1672 4547 1812 4601 ablui
1837 4547 2111 4616 jubentur,

530 4631 584 4671 ιιι
619 4617 1094 4690 tiiduopuriligati,
1125 4619 1276 4673 tertia
1305 4617 1390 4672 die
1421 4619 1801 4690 paratigessent
1822 4619 2113 4690 adiLegem

531 4689 888 4762 accipiendam
919 4687 1110 4762 (Exod.
1142 4690 1386 4762 xnt,10,
1421 4689 1530 4758 Η).
1556 4688 1708 4762 Αριιίθ
1752 4689 1952 4762 ablutio
1987 4687 2114 4760 quid

530 4761 670 4812 aliud
702 4758 937 4824 indicat,
957 4775 1112 4826 quam
1155 4760 1520 4813 remissionem
1549 4758 1743 4814 factam
1769 4760 1820 4814 in
1845 4758 2111 4830 quinqua-

530 4832 732 4898 gesimo
757 4830 844 4884 die
863 4871 878 4894 ,
909 4839 964 4884 ut
1009 4831 1262 4898 puriﬁcati
1307 4830 1498 4898 Legem
1539 4831 1875 4898 acciperent?
1901 4831 1979 4884 Ex
2008 4847 2114 4901 quo

529 4901 594 4951 do
622 4910 816 4954 νει-ιρΓο
845 4902 1121 4970 praeteritis
1149 4901 1492 4966 oblitteratis,
1525 4911 1676 4954 actus
1719 4901 1798 4954 sui
1829 4903 2116 4958 redderent

531 4981 788 5024 rationem
829 4973 1117 5026 secundum
1147 4971 1401 5026 creditam
1430 4971 1528 5024 sibi
1555 4971 1769 5040 Legem.
1809 4972 1916 5026 Hac
1954 4973 2114 5027 etiam

533 5045 736 5095 ratione
785 5043 1172 5108 possessionem
1217 5050 1447 5110 emptam
1496 5042 1928 5110 quinquagesimo
1974 5061 2114 5097 anno

532 5115 723 5165 t‘I-tnttli
754 5111 948 5166 debere
977 5115 1224 5182 praecepit
1263 5113 1368 5166 Lex
1394 5111 1846 5182 (Levit.xxv,10).
1879 5113 2010 5167 Hinc
2035 5123 2116 5168 est

531 5199 656 5253 ιιι-ἕω
683 5183 822 5237 unde
849 5195 900 5236 et
929 5183 1168 5237 Psalmus
1195 5182 1659 5253 quinquagesimus
1685 5182 1978 5238 intitulatus
2011 5194 2110 5239 est.

536 5251 719 5308 inhoc
755 5255 894 5307 enim
927 5271 1018 5308 rex
1051 5251 1225 5307 David
1243 5251 1611 5309 remissionem
1656 5255 1882 5320 postulat
1926 5270 2116 5308 secun-

533 5324 652 5376 dmu
677 5325 982 5393 praedictum
1001 5339 1212 5379 sensum
1233 5341 1248 5388 ;
1268 5325 1407 5379 unde
1427 5325 1530 5378 ait:
1550 5323 1790 5377 Miserere
1815 5326 1930 5386 mei,
1959 5325 2110 5390 Deus,

533 5397 800 5448 secundum
823 5412 1056 5454 magnam
1079 5397 1468 5449 misericordiam
1493 5405 1646 5449 tuam.
1676 5395 1860 5449 Sciens
1887 5413 1978 5451 rex
2011 5397 2112 5450 Ua-

533 5465 615 5518 vid
645 5469 876 5535 graviter
903 5481 962 5520 se
991 5481 1256 5534 peccasse,
1280 5467 1358 5520 sic
1377 5468 1605 5536 postulat
1627 5465 1842 5520 dicens:
1875 5466 2116 5521 Miserere

534 5537 660 5594 mei.
711 5537 872 5598 Deus,
921 5537 1196 5590 secundum
1239 5554 1474 5607 magnum
1517 5537 1909 5591 misericordiam
1953 5548 2109 5591 tuam.

534 5607 715 5677 Magna
743 5609 882 5660 enim
911 5609 1268 5664 misericprdia
1296 5617 1418 5660 tunc
1439 5619 1540 5675 est,
1570 5625 1688 5662 cum
1713 5608 1932 5677 grandia
1968 5609 2116 5674 igno-

539 5681 637 5731 scit
684 5690 914 5748 peccata.
967 5679 1028 5734 Et
1071 5679 1304 5747 adjecit:
1335 5678 1398 5730 Et
1429 5679 1702 5732 secundum
1745 5679 2113 5732 nmititudinem

533 5751 908 5804 miserationnm
951 5763 1173 5812 tuarum,
1205 5750 1314 5802 dele
1341 5749 1654 5817 iniquitatem
1685 5766 1866 5804 meam.
1899 5749 1966 5807 Ut
1995 5765 2112 5806 ma-

591 5839 666 5902 (a)
687 5847 835 5890 Deest
849 5842 898 5891 in
921 5847 1026 5890 Mss.
1049 5840 1252 5891 secundi
1277 5842 1480 5902 generis

1539 343 1991 420 QUESTIONES
2025 343 2124 400 EX
2160 340 2484 412 U'I‘ROQIJE
2521 341 2782 400 MIXTIM.

3655 337 3802 396 2356

2210 461 2483 516 nifestaret
2519 460 2709 515 acerbe
2735 473 2793 514 se
2821 457 3142 528 deliquisse,
3172 465 3448 530 peccatum
3488 471 3646 513 suum
3691 457 3802 512 ini-

2211 531 2464 602 quitatem
2495 529 2759 602 appellat,
2783 530 2903 602 quia
2933 531 3176 602 iniquitas
3221 545 3324 583 non
3365 530 3482 584 leve
3513 539 3798 602 peccatum

2211 600 2322 664 est;
2356 613 2408 656 et
2433 602 2520 671 qui
2550 601 2692 656 delet
2735 601 3060 669 iniquitatem
3081 643 3094 664 ,
3125 600 3227 655 hoc
3255 609 3358 666 est,
3403 617 3506 654 non
3539 601 3798 669 imputat.

2215 673 2552 726 miseratione
2575 672 2822 725 abundat.
2852 671 2992 726 Nihil
3013 687 3137 740 ergo
3165 671 3214 725 in
3245 687 3402 726 causa
3423 688 3519 726 sua
3539 685 3804 726 excusare

2213 743 2416 805 nititur,
2441 751 2500 798 ut
2529 758 2630 796 non
2663 743 2832 796 solum
2863 743 3095 796 anin‘ium
3128 742 3224 795 sibi
3248 741 3438 811 judicis
3461 745 3690 812 mitiget,
3709 741 3806 796 sed

2211 824 2266 868 et
2294 813 2444 867 faciat
2470 813 2772 868 condolere.
2802 813 3176 867 Commovetur
3199 814 3342 867 enim
3371 815 3582 866 animus
3609 814 3678 866 ad
3707 814 3808 866 mi-

2213 885 2577 948 sericordiam,
2607 884 2816 953 quando
2838 883 2976 936 videt
2999 899 3147 938 reum
3177 885 3254 938 sic
3281 899 3372 938 sua
3395 885 3643 940 conliteri
3677 899 3804 952 pec-

2213 965 2350 1020 cata,
2379 965 2434 1008 ut
2461 955 2706 1008 ostendat
2729 953 2910 1010 dolere
2939 953 3038 1008 sibi
3073 954 3194 1024 quia
3227 957 3481 1022 peccavit.
3511 955 3612 1022 Qui
3651 957 3798 1009 enim

2215 1041 2319 1080 non
2350 1026 2511 1090 dolet,
2541 1025 2761 1079 irridere
2782 1025 2989 1079 videtur
3009 1025 3275 1092 judicem;
3307 1027 3428 1094 quia
3461 1027 3584 1080 ideo
3619 1041 3811 1089 preca-

2215 1105 2318 1162 tur,
2349 1105 2406 1150 ut
2430 1097 2619 1150 evadat
2645 1097 2831 1150 iterum
2867 1105 3046 1165 postea
3075 1095 3260 1150 eadem
3305 1095 3556 1150 facturus.
3607 1096 3678 1149 Et
3713 1111 3806 1148 se-

2213 1168 2391 1236 quitur
2415 1175 2594 1236 postea
2625 1185 2636 1218 :
2667 1166 3054 1236 Usquequaque,
3088 1166 3288 1236 inquit,
3325 1169 3436 1220 lava
3465 1184 3545 1220 me
3578 1167 3642 1219 ab
3671 1167 3812 1236 inju-

2213 1238 2350 1292 stitia
2369 1255 2496 1296 utea.
2515 1247 2560 1292 et
2577 1255 2607 1290 a
2625 1247 2822 1307 peccato
2847 1253 2953 1290 meo
2976 1237 3166 1289 munda
3187 1253 3279 1290 me.
3296 1237 3555 1304 Quoniam
3579 1239 3808 1292 multam

2215 1309 2607 1364 miserationem
2635 1308 2725 1362 Dei
2757 1308 3009 1376 praedicat
3027 1351 3040 1372 ,
3067 1310 3276 1376 penitus
3301 1324 3358 1362 se
3390 1309 3640 1362 mundari
3683 1324 3810 1376 pre-

2215 1388 2386 1443 catur,
2416 1387 2471 1432 ut
2503 1379 2631 1432 nihil
2672 1389 2882 1432 maneat
2927 1377 3102 1432 delicti
3142 1389 3230 1432 aut
3273 1378 3544 1447 injustitim
3595 1380 3648 1432 in
3708 1395 3806 1443 eo,

2214 1449 2356 1504 unde
2392 1458 2669 1520 suspectus
2698 1451 2786 1520 sit.
2818 1449 2884 1502 Et
2916 1458 2970 1502 ut
2998 1449 3098 1520 hoc
3125 1449 3296 1516 ipsum
3337 1450 3584 1504 obtinere
3629 1451 3808 1518 possit

2214 1521 2298 1575 vel
2346 1518 2627 1588 impetrare
2653 1561 2668 1586 ,
2713 1519 2945 1583 adjecit:
2985 1518 3238 1584 Quoniam
3279 1521 3594 1590 iniquitatem
3639 1537 3810 1573 meam

2215 1606 2304 1662 ego
2329 1607 2590 1659 cognosco,
2612 1599 2656 1643 et
2684 1590 2919 1644 delictum
2942 1605 3107 1642 meum
3135 1605 3304 1644 coram
3321 1607 3399 1644 me
3431 1593 3448 1622 ‘
3473 1599 3556 1662 est
3583 1607 3808 1662 semper.

2217 1607 2241 1642 e
2276 1607 2304 1644 ο
2329 1607 2590 1659 cognosco,
2612 1607 2656 1643 et
2684 1607 2919 1644 aeuctum
2942 1607 3107 1642 meum
3135 1607 3304 1644 coram
3321 1607 3399 1644 me
3431 1607 3448 1622 δ
3485 1607 3556 1644 est
3583 1607 3808 1662 semper.

2217 1607 2480 1726 (gnoniam
2509 1663 2740 1730 graviter
2767 1663 2866 1714 scit
2893 1675 3235 1730 segpeccasse
3259 1704 3274 1728 ,
3315 1661 3574 1717 sollicitus
3615 1672 3704 1716 est
3745 1677 3812 1718 ne

2219 1745 2324 1784 non
2352 1729 2525 1786 totum
2541 1733 2587 1786 ei
2617 1731 2933 1786 remittatur.
2951 1729 3308 1788 Considerans
3333 1733 3472 1786 enim
3493 1733 3812 1802 magnitudi-

2219 1816 2338 1856 nem
2373 1810 2706 1870 peccatorum
2731 1816 2968 1866 suorum,
2995 1803 3162 1865 timet,
3183 1803 3356 1856 sciens
3379 1805 3562 1872 gravia
3592 1815 3811 1872 peccata

2215 1887 2320 1925 non
2349 1873 2500 1926 facile
2527 1873 2724 1941 ignosci
2747 1888 2761 1935 ;
2786 1888 2849 1927 ac
2875 1888 2971 1941 per
2993 1873 3092 1927 hoc
3112 1888 3232 1926 cum
3259 1874 3468 1928 ﬂetibus
3493 1874 3807 1938 conﬁtetur,

2217 1951 2492 2011 peccatum
2523 1957 2674 1997 suum
2705 1953 2828 1996 ante
2853 1944 3037 1998 oculos
3063 1944 3283 2008 habens,
3309 1953 3364 1997 ut
3387 1960 3452 1998 ex
3473 1946 3624 2002 omni
3657 1955 3810 2013 parte

2215 2013 2500 2084 propitium
2549 2014 2649 2066 sibi
2701 2013 2856 2066 faciat
2903 2014 3157 2082 judicent.
3203 2014 3314 2069 Scit
3353 2017 3495 2068 enim
3549 2017 3812 2084 scriptum

2215 2097 2374 2138 esse:
2403 2083 2498 2157 pic
2537 2085 2674 2157 prior
2718 2085 3184 2157 iniquitagstitas,
3223 2094 3277 2136 ut
3315 2085 3620 2154 jnstiﬁceris

2219 2169 2366 2220 xmn,
2398 2155 2512 2226 26).
2545 2155 2610 2226 Et
2629 2153 2864 2226 sequitur
2885 2169 2900 2206 :
2925 2153 3039 2206 Tibi
3067 2154 3160 2208 soli
3189 2153 3406 2223 peccavi,
3427 2153 3476 2210 et
3505 2153 3708 2210 malum
3728 2174 3812 2211 co-

2214 2240 2326 2276 ram
2353 2235 2398 2278 te
2421 2224 2532 2292 feci.
2554 2224 2703 2296 Nunc
2718 2240 2780 2278 ex
2799 2225 2897 2278 alia
2921 2235 3067 2294 parte
3079 2226 3246 2293 culpa:
3266 2240 3374 2279 sua:
3395 2228 3664 2281 medelam
3695 2243 3814 2296 pro-

2215 2296 2390 2363 spicit,
2413 2304 2466 2348 ut
2485 2296 2550 2348 ad
2571 2295 2814 2349 effectum
2839 2296 3243 2364 postulationem
3264 2297 3508 2352 deducat.
3531 2297 3646 2352 Hac
3669 2295 3810 2352 enim

2216 2366 2586 2433 prosecutione
2627 2367 2678 2418 in
2717 2366 2886 2434 prima
2917 2381 3076 2419 causa
3103 2367 3436 2422 innocentem
3467 2371 3488 2399 ³
3529 2383 3592 2422 se
3635 2369 3810 2422 dicit:

2217 2451 2338 2506 nam
2369 2437 2457 2506 qui
2487 2437 2637 2489 alteri
2669 2437 2778 2490 Deo
2815 2447 3012 2504 peccat,
3047 2437 3292 2491 inimicus
3317 2447 3398 2492 est
3425 2440 3666 2492 auctoris
3699 2439 3810 2496 Dei.

2217 2503 2274 2578 In
2302 2503 2472 2578 locum
2503 2507 2643 2578 enim
2674 2507 2796 2578 ejus
2818 2503 3067 2560 alterum
3105 2508 3284 2578 eligit,
3313 2509 3396 2562 cui
3431 2511 3810 2564 auctoritatem

2216 2575 2332 2644 ejus
2360 2576 2643 2649 adscrib_at_.
2661 2576 2824 2649 _Undc
2859 2577 2946 2630 hic
2971 2579 3039 2632 ab
3067 2578 3164 2632 hac
3185 2575 3246 2632 se
3271 2579 3548 2649 iniquitate
3575 2581 3810 2636 alienum

2217 2648 2526 2718 ostendens,
2556 2646 2704 2710 Tibi,
2735 2649 2840 2708 ait.
2870 2649 2964 2700 soli
3000 2649 3228 2718 peccavi,
3259 2659 3306 2704 et
3337 2646 3526 2703 malum
3554 2667 3736 2704 coram
3771 2662 3814 2704 te

2217 2716 2314 2786 feci
2341 2733 2358 2770 :
2383 2717 2632 2792 hoc__est,
2661 2719 2782 2788 quia
2822 2718 2940 2780 tibi,
2967 2716 3021 2792 et
3049 2719 3176 2792 nulli
3208 2720 3294 2774 alii
3325 2736 3480 2791 quem
3517 2723 3686 2776 Deum
3723 2737 3812 2792 per

2216 2801 2453 2842 errorem
2478 2788 2710 2842 dicerem
2729 2830 2743 2852 ,
2771 2789 3200 2860 peccavi,iminor
3219 2788 3512 2860 mea—culpa
3543 2802 3632 2846 est
3653 2788 3810 2860 quam

2216 2867 2552 2922 cancrorum,
2582 2861 2670 2929 qui
2696 2869 2817 2912 sunt
2839 2859 3120 2926 perditioni
3147 2861 3380 2915 obnoxii.
3401 2859 3515 2916 Νοιι
3539 2859 3686 2916 enim
3719 2865 3812 2917 im-

2217 2929 2337 2998 pius
2363 2945 2514 2994 sum;
2543 2931 2636 3004 sed
2668 2939 2938 2998 peccator,
2967 2930 3089 3004 quia
3119 2945 3222 3004 non
3254 2933 3304 2986 in
3326 2941 3404 3004 te.
3431 2934 3525 2986 sed
3551 2933 3606 2986 in
3639 2935 3810 3004 legem

2219 3007 2362 3053 tuam
2390 3001 2602 3068 peccavi
2627 3019 2640 3053 :
2670 3015 2768 3054 nec
2796 3012 2846 3054 te
2875 3001 3060 3069 negavi
3081 3043 3094 3064 ,
3119 3001 3212 3055 sed
3242 3012 3292 3057 te
3325 3003 3487 3057 Deum
3533 3015 3590 3057 et
3627 3001 3811 3058 Dtuni-

2219 3085 2344 3123 num
2374 3071 2657 3144 conﬁtens,
2685 3071 2738 3124 in
2769 3071 3038 3126 hominem
3063 3073 3292 3140 peccavi.
3327 3074 3466 3144 Ergo
3487 3076 3614 3144 quia
3649 3078 3700 3128 in
3723 3076 3806 3130 illa

2216 3151 2456 3217 quacum
2485 3143 2694 3210 prepria
2721 3157 2876 3196 causa
2907 3150 3022 3217 est,
3063 3158 3189 3217 reus
3233 3160 3336 3217 non
3385 3143 3539 3209 smn’,
3594 3147 3808 3217 ignosce

2217 3211 2360 3280 quod
2389 3211 2439 3264 in
2467 3226 2782 3266 conservum
2809 3213 3042 3282 peccavi.
3077 3213 3166 3266 Sic
3193 3214 3335 3266 enim
3363 3211 3688 3282 peccavifut
3723 3219 3810 3272 ho-

2219 3283 2604 3354 noriﬁcentiam
2647 3283 2986 3354 nominisgtui
3035 3299 3134 3336 nec
3173 3299 3419 3354 negarem
3447 3327 3462 3348 ,
3511 3302 3614 3341 nec
3660 3287 3810 3341 alteri

2219 3351 2421 3405 darem.
2447 3351 2566 3406 Fuit
2593 3352 2768 3420 itaque
2799 3352 2939 3408 unde
2963 3351 3390 3409 commoveretur
3414 3355 3480 3408 ad
3507 3358 3814 3411 misericor-

2219 3421 2358 3494 diam
2399 3422 2580 3494 judex.
2611 3421 2743 3494 Cum
2779 3423 2922 3476 enim
2953 3425 3102 3478 multi
3135 3425 3188 3478 in
3217 3426 3362 3479 illum
3391 3437 3646 3494 peccent,
3679 3443 3812 3494 quos

2217 3492 2374 3546 etiam
2399 3491 2638 3564 hortatur
2654 3491 2722 3564 ad
2751 3507 2810 3548 se
2836 3494 3094 3556 converti,
3121 3495 3246 3548 dum
3269 3496 3302 3548 ii
3323 3491 3412 3564 qui
3441 3513 3546 3550 non
3573 3491 3804 3552 in’illum

2217 3571 2458 3635 peccant,
2490 3579 2552 3635 ex
2577 3563 2694 3635 aliis
2732 3572 2908 3635 tamen
2938 3565 3114 3619 causis
3139 3563 3357 3619 veniam’
3391 3568 3699 3635 postulant,
3741 3571 3806 3623 lio

2216 3631 2406 3686 benter
2450 3632 2696 3687 admittit.
2725 3633 2947 3702 Semper
2975 3636 3117 3690 enim
3147 3631 3402 3689 Dominus
3437 3637 3504 3691 ad
3545 3631 3804 3693 auxilium

2215 3717 2374 3776 suum
2410 3703 2847 3776 vulticonfugere
2882 3719 3068 3760 servos
3103 3719 3247 3760 suos.
3277 3706 3432 3762 Unde
3469 3709 3714 3776 adjecit:
3746 3707 3810 3764 Ut

2207 3773 2585 3849 justi/icerisjn
2612 3773 2922 3849 ια’ηὲοηίρω
2949 3777 3071 3849 tuis,
3101 3785 3148 3830 et
3185 3778 3354 3849 vincas
3387 3794 3502 3831 cum
3531 3773 3806 3849 iudicaris.

2217 3843 2630 3916 Misericordiam
2675 3847 2980 3914 postulans,
3009 3847 3174 3901 Deum
3209 3847 3468 3916 justitiam
3509 3843 3665 3904 suam
3709 3867 3810 3906 non

2219 3913 2503 3968 immutare
2533 3913 2799 3988 precatur,
2821 3931 2942 3970 cum
2963 3918 3130 3988 soleat
3159 3913 3328 3972 media
3356 3933 3476 3973 esse
3495 3920 3727 3988 justitia,
3757 3931 3811 3976 ut

2219 3999 2324 4058 non
2339 3985 2679 4058 peccantibus
2693 3995 2746 4040 et
2765 3987 3110 4058 peccantibus
3127 4004 3274 4058 mqua
3297 3991 3383 4053 sit,
3417 3989 3466 4043 id
3496 3985 3604 4054 est,
3625 4003 3680 4045 ut
3699 3993 3810 4046 uni-

2218 4056 2409 4132 cuique
2423 4055 2606 4132 reddat
2619 4057 2906 4132 secundum
2920 4073 3079 4132 opera
3093 4055 3217 4112 sua':
3235 4059 3328 4113 sed
3343 4075 3448 4112 non
3463 4061 3808 4132 ignoratquid

2218 4126 2451 4249 Bostulet
2469 4127 2550 4179 vir
2575 4127 2831 4182 innocens
2863 4128 3038 4182 ιιι-1)θί
3069 4141 3419 4184 sacramento.
3449 4126 3646 4186 Sciens
3670 4126 3808 4188 cnim

2266 4211 2385 4249 eum
2403 4196 2703 4249 freauenter
2715 4199 2766 4249 in
2781 4199 2916 4249 Lege
2927 4199 3147 4249 dixisse-
3165 4201 3284 4249 quia
3301 4201 3606 4249 misericors-
3625 4204 3804 4249 innuit-

2266 4211 2385 4249 eum
2403 4196 2703 4274 frequenter
2715 4199 2916 4274 in_Lege
2927 4199 3284 4274 dixisse,_quia
3301 4201 3606 4274 misericors,
3625 4204 3806 4274 inquit,

2218 4281 2333 4352 sum,
2353 4281 2449 4352 ego
2479 4268 2726 4352 Dominus
2757 4268 2891 4321 Deus
2915 4277 3073 4352 vester
3097 4269 3286 4352 (Exod.
3331 4287 3440 4352 xxii
3461 4313 3475 4336 ,
3513 4272 3646 4352 27)_;
3681 4268 3810 4352 inde

2217 4347 2371 4406 rogat
2399 4345 2455 4390 ut
2485 4336 2598 4390 haec
2621 4337 2750 4391 ﬁdes
2769 4348 3000 4404 maneat,
3027 4349 3078 4393 et
3101 4336 3153 4393 in
3183 4343 3518 4396 sermonilms
3539 4336 3656 4400 suis
3679 4347 3810 4400 Dens

2215 4404 2553 4480 justiﬁcetur,
2599 4408 2724 4480 dum
2768 4410 2820 4480 in
2863 4423 2926 4464 eo
2973 4421 3244 4476 permanet
3271 4411 3409 4480 quod
3449 4413 3664 4469 locutus
3703 4427 3806 4480 est,

2223 4491 2322 4546 nec
2365 4479 2591 4546 peccatis
2637 4479 2906 4532 hominum
2951 4481 3196 4546 vincitur,
3229 4479 3302 4535 ut
3325 4499 3428 4536 non
3469 4479 3806 4540 misereatur.

2219 4545 2460 4620 scientes
2489 4549 2632 4602 enim
2672 4551 2759 4618 qui
2807 4559 3060 4618 peccant,
3091 4545 3210 4620 quae
3237 4553 3478 4620 promisit
3507 4557 3652 4610 Deus
3679 4558 3806 4611 bene

2221 4619 2550 4692 viventibus,
2583 4629 2637 4692 et
2682 4621 2803 4692 quia
2847 4620 2898 4672 in
2945 4637 3010 4671 eo
3055 4619 3638 4692 perdurant,judicant
3671 4629 3810 4681 illum

2221 4687 2554 4741 mendacem.
2585 4687 2708 4742 Non
2721 4689 2863 4742 enim
2887 4687 3113 4744 credunt
3134 4694 3269 4746 male
3291 4687 3522 4751 vivendo
3547 4713 3676 4751 vera
3697 4713 3812 4753 esse

2222 4773 2339 4830 qua:
2389 4759 2652 4830 promisit.
2705 4757 2908 4813 Idcirco
2949 4763 3080 4830 petit
3107 4777 3198 4816 rex
3231 4763 3390 4818 David
3421 4776 3476 4818 ut
3505 4769 3690 4823 vincat
3717 4769 3812 4824 hoc

2221 4829 2362 4905 Deus
2387 4828 2526 4897 quod
2557 4837 2743 4905 putant
2786 4828 3056 4894 homines,
3092 4841 3146 4888 et
3183 4834 3274 4888 det
3295 4851 3414 4904 quae
3449 4839 3732 4905 promisit;
3761 4849 3814 4892 ut

2219 4900 2540 4976 erubescant
2567 4901 2654 4970 qui
2675 4903 2812 4976 dum
2835 4919 2938 4955 non
2967 4900 3731 4976 servant_man'data,judicant
3757 4912 3812 4964 il-

2220 4969 2328 5050 lum
2355 4983 2459 5023 non
2481 4969 2748 5025 daturum.
2773 4971 2840 5050 Et
2861 4974 3099 5050 sequitur
3121 4974 3290 5050 :__Ecce
3311 4969 3522 5032 enimi'n
3539 4979 3812 5050 iniquitati-

2222 5041 2311 5116 bus
2335 5051 2603 5116 conceptus
2632 5059 2762 5096 sum.
2797 5042 2948 5116 Nunc
2970 5047 3066 5097 hoc
3092 5045 3298 5116 adjecto
3345 5062 3562 5103 causam
3593 5041 3810 5105 iulirmia

2221 5113 2343 5164 tatis
2373 5114 2590 5166 humani
2638 5113 2850 5180 generis
2873 5113 3299 5186 metnorat,‘quia
3325 5117 3478 5172 facile
3499 5129 3586 5174 est
3614 5122 3811 5177 homini

2219 5195 2474 5261 peccare,
2509 5191 2838 5261 ut_examen
2887 5185 3030 5261 circa
3059 5201 3117 5240 se
3141 5185 3336 5256 judicis
3363 5190 3593 5261 mitiget.
3629 5194 3815 5248 Prima:

2221 5253 2360 5330 enim
2387 5253 2559 5322 culpat
2589 5253 2616 5330 ’_
2641 5255 2764 5311 facit
2797 5253 3159 5330 mentionem,
3189 5273 3254 5312 ex
3281 5275 3382 5328 qua
3411 5253 3812 5330 praevaricando

2220 5322 2387 5399 Adam
2411 5339 2577 5399 genus
2605 5326 2890 5399 immanem
2913 5322 3206 5399 obnoxium
3235 5322 3356 5383 fecit
3378 5322 3622 5399 peccato.
3649 5335 3814 5390 Suasit

2221 5395 2362 5448 enim
2385 5405 2436 5448 et
2461 5393 2664 5470 fallacia
2691 5397 3238 5470 inimiciiniquitatem
3261 5393 3636 5470 concipiendo,
3659 5422 3816 5461 omne

2220 5479 2400 5547 semen
2444 5481 2596 5519 suum
2642 5467 2904 5547 iniquitati
2947 5471 3206 5538 subjecit,
3231 5481 3292 5547 ut
3312 5487 3376 5526 ex
3403 5467 3469 5547 co
3499 5467 3695 5532 omnes
3727 5493 3818 5547 per

2221 5536 2520 5617 traducenL
2543 5537 2712 5617 geniti.
2752 5549 2970 5617 peccato
3015 5536 3195 5617 essent
3244 5541 3482 5598 obnoxii.
3533 5536 3816 5617 Propterea

2220 5605 2441 5675 adjecit,
2475 5605 2539 5660 Et
2581 5608 2632 5660 in
2679 5605 2872 5663 delictis
2914 5614 3140 5680 concepit
3187 5629 3267 5666 me
3300 5624 3460 5668 mater
3490 5634 3604 5670 mea
3629 5605 3656 5672 :-
3671 5632 3726 5674 ut
3755 5619 3818 5674 ab

2284 5722 2300 5752 ι
2325 5727 2402 5769 Ms.
2423 5719 2658 5778 Colbert.,
2682 5728 2846 5772 contra
2867 5737 2959 5774 me.

2283 5784 2305 5858 ξ
2326 5783 2736 5858 ιῐιιιιιτῃοοᾳηιειη
2747 5797 2765 5844 ;
2812 5791 2864 5835 et
2893 5785 3037 5850 infra,
3076 5785 3218 5841 alteri
3237 5797 3410 5858 open.
3433 5794 3694 5858 sequimur
3715 5801 3802 5851 his

2286 5845 2306 5876 ³
2329 5851 2407 5894 Ms.
2430 5843 2658 5898 colbert..
2679 5843 2852 5896 causan
3021 5843 3034 5850 '
3277 5847 3306 5864 ⁹
