4070 6468
259 431 398 487 955⁸7

261 545 431 598 Adam
465 540 722 597 derivatio
767 539 900 594 facta
945 539 1179 610 peccati,
1204 539 1475 608 conceptis
1503 548 1556 594 et
1584 540 1719 594 natis
1745 542 1848 595 im-

329 615 564 668 dimento
595 622 738 667 esset
778 611 843 665 ad
885 611 1074 666 bonam
1116 612 1277 665 vitam
1321 611 1608 678 agendam;
1653 626 1714 667 ac
1762 628 1853 682 per

279 702 366 740 ioc
407 684 632 754 supplici
693 698 797 754 non
849 683 1145 752 negandam
1209 682 1626 754 misericordiam
1658 725 1672 746 ,
1729 685 1852 753 quia

272 753 529 812 infestum
556 757 570 786 ¹
596 755 757 810 habet
786 753 1014 819 hostem,
1047 753 1136 822 qui
1161 755 1207 806 ei
1230 753 1416 807 suadet
1435 764 1493 807 ut
1523 764 1720 822 peccet.
1755 755 1854 810 l’er

260 837 536 899 peccaturo
577 826 717 880 enim
743 825 992 899 diabolus
1014 824 1254 899 subjecto
1286 824 1395 899 sibi
1416 825 1610 899 primo
1637 825 1852 899 homine

261 895 578 969 potestatem
608 897 812 969 accepit
848 897 996 969 carni
1036 896 1163 969 ejus
1190 911 1248 969 se
1285 895 1602 958 immiscere,
1633 905 1685 949 et
1714 897 1852 950 deli-

259 965 470 1024 clerum
511 967 738 1038 quadam
781 966 1072 1020 subtilitate
1117 965 1500 1038 oblectamenta
1541 981 1848 1038 suggerere,

260 1057 358 1110 per
390 1037 540 1108 quod
570 1046 780 1110 captum
822 1038 1087 1090 hominem
1135 1037 1326 1110 spoliat
1370 1037 1492 1088 vita.
1522 1037 1689 1110 Quam
1738 1053 1850 1091 rem

258 1105 515 1178 inagister
559 1105 794 1177 gentium
842 1122 1177 1170 memorans,
1224 1105 1376 1158 Video
1419 1118 1621 1178 autem,
1651 1108 1848 1177 inquit,

257 1177 415 1235 aliam
443 1181 598 1251 legem
627 1180 680 1232 in
710 1179 942 1251 membris
971 1178 1092 1251 meis
1113 1218 1128 1240 ,
1157 1186 1517 1251 repugnantem
1543 1177 1642 1247 legi
1673 1180 1852 1251 mentis

260 1270 385 1306 mea:
415 1249 588 1321 (Rom.
628 1266 697 1304 vu
718 1291 732 1315 ,
760 1249 851 1321 25)
882 1266 896 1302 :
929 1260 984 1302 ut
1020 1249 1120 1301 ltoc
1149 1260 1407 1321 contuens
1429 1249 1622 1321 judex_.
1651 1249 1852 1304 dolenti

259 1318 625 1378 circuiuveoto
653 1320 884 1389 porrigat
905 1335 1140 1373 manum.
1173 1319 1237 1370 Et
1262 1319 1500 1387 sequitur
1526 1336 1538 1371 :
1571 1318 1698 1372 Ecce
1722 1321 1853 1372 enim

259 1395 516 1448 veritatem
539 1391 780 1445 dilexisti.
810 1391 938 1457 Quia
971 1405 1096 1458 ergo
1124 1390 1401 1443 veritatem
1429 1389 1631 1456 diligis,
1661 1391 1850 1458 inquit,

260 1464 483 1519 subveni
532 1462 780 1532 roganti,
808 1470 862 1515 et
891 1478 1046 1529 quem
1091 1461 1195 1514 scis
1234 1476 1356 1532 vera
1386 1460 1617 1532 pectoris
1644 1462 1726 1532 sui
1756 1462 1854 1515 im-

260 1536 562 1607 pedimenta
583 1531 867 1607 exponere,
887 1533 1076 1607 cuique
1098 1547 1188 1584 reo
1209 1531 1334 1584 olim
1359 1543 1532 1607 motus
1555 1531 1855 1607 tttisericor-

259 1601 348 1661 ilia
397 1606 678 1661 subvenire
708 1602 1027 1665 decrevisti,
1073 1611 1129 1654 ttt
1174 1618 1410 1655 errorem
1456 1601 1750 1655 admissum
1798 1603 1850 1656 in

261 1687 428 1741 terra,
457 1676 690 1731 mali-stis
720 1673 1050 1741 providentia
1079 1672 1408 1726 emendaret.
1450 1672 1673 1740 Propter
1711 1672 1853 1740 quod

271 1748 499 1815 subjecit
528 1765 540 1800 :
565 1743 766 1798 Incerta
795 1754 839 1798 et
861 1744 1233 1815 occultacordis
1259 1743 1586 1809 manifestasti
1607 1741 1852 1815 nti/ti.In-_-

261 1812 406 1873 certa
433 1827 487 1871 et
512 1834 590 1870 oet
612 1816 717 1868 ulta
745 1815 921 1867 cordis
949 1813 1062 1866 hanc
1105 1813 1398 1882 significat,
1442 1828 1559 1882 qua:
1603 1814 1740 1868 Deus
1787 1812 1854 1868 ad

262 1889 569 1960 praisidium
619 1886 830 1960 humani
880 1885 1089 1960 generis
1121 1885 1440 1960 proetu'avit,
1465 1885 1603 1936 sicut
1631 1893 1683 1960 et
1715 1886 1855 1960 Apo-

263 1955 454 2020 stolus,
493 1957 638 2024 Quod
669 1957 862 2018 oculus,
897 1955 1084 2022 inquit,
1115 1972 1213 2007 non
1245 1955 1394 2016 vidit,
1427 1970 1515 2006 nec
1545 1955 1682 2007 auris
1704 1955 1853 2006 audi-

266 2033 335 2083 vi!
357 2073 370 2094 ,
396 2046 484 2082 nec
510 2030 562 2080 in
592 2044 678 2080 cor
699 2026 915 2079 hominis
946 2025 1200 2088 ascendit,
1240 2041 1350 2092 ante
1387 2027 1688 2093 privparavit
1722 2025 1854 2080 Deus

264 2099 586 2170 dilgentibus
633 2096 782 2170 δεμ
809 2095 928 2170 Cor.
975 2112 1041 2159 ιι,
1080 2097 1153 2161 9).
1187 2096 1283 2170 Qui
1329 2105 1452 2148 sunt
1497 2097 1596 2170 qui
1632 2096 1856 2170 diligunt

264 2167 456 2232 Deum,
491 2171 586 2223 nisi
615 2168 704 2238 qtti
731 2167 968 2238 legiejus
991 2168 1352 2238 consentiunt,
1386 2183 1487 2220 non
1519 2167 1743 2238 celando
1764 2168 1856 2238 vel

263 2241 569 2297 excusmdo
612 2237 860 2308 peceata?
890 2239 1011 2290 llarc
1037 2251 1164 2304 ergo
1189 2237 1390 2288 occulta
1421 2237 1596 2308 cordis
1636 2237 1854 2308 manife-

265 2323 346 2366 sta
373 2320 496 2366 suttt
521 2306 867 2378 diligentibus
898 2309 1098 2372 Deum,
1128 2316 1184 2359 ut
1207 2309 1328 2374 quia
1367 2306 1618 2359 dolebant
1657 2323 1714 2359 se
1758 2307 1856 2361 de-

267 2385 406 2437 lictis
431 2379 835 2442 circumveniri,
864 2394 932 2432 ne
956 2379 1184 2445 correpti
1226 2389 1475 2445 negarent
1492 2378 1532 2438 ³,
1557 2378 1655 2429 sibi
1681 2384 1736 2430 et
1754 2378 1859 2430 ori-

265 2455 374 2524 gini
401 2469 510 2506 suae
540 2453 892 2524 intptttantes,_
910 2449 961 2502 in
987 2457 1258 2524 auctorem
1285 2449 1446 2524 Deum
1473 2448 1859 2524 transferentes

267 2519 387 2595 qua:
415 2524 738 2592 peccabaut:
768 2520 927 2595 corda
969 2534 1151 2595 eorum
1196 2519 1486 2595 illtuuinata
1531 2519 1856 2595 suttt_spiri-

268 2588 398 2649 t'uali
415 2588 665 2658 corusco,
692 2601 748 2646 ut
767 2591 1009 2645 viderent
1025 2589 1119 2642 Dei
1145 2589 1526 2657 providentiam
1550 2589 1600 2641 itt
1623 2588 1857 2652 Christo,

268 2668 392 2735 quia
415 2675 668 2719 venturus
691 2672 805 2735 erat
826 2662 891 2715 ad
914 2661 1271 2714 (intimandum
1302 2671 1605 2735 peccatum,
1627 2660 1857 2735 quodex

273 2729 704 2805 praevaricatione
731 2733 860 2805 Adae
893 2735 1124 2805 humano
1158 2731 1343 2800 generi
1389 2731 1700 2805 imperabat.
1728 2729 1862 2805 ΔΙΙυε

269 2798 398 2875 ergo
427 2815 544 2860 orat
571 2821 662 2858 rex
695 2803 874 2866 David,
901 2811 958 2854 ttt
978 2801 1118 2870 quod
1141 2798 1694 2875 tl'ecrevet‘atpeusin
1721 2798 1862 2875 futu-

270 2871 411 2938 ruin,
442 2877 624 2930 videns
647 2889 814 2944 genus
841 2874 1127 2926 Itumauuttt
1151 2873 1414 2944 laborare,
1440 2871 1538 2944 sibi
1559 2871 1707 2940 prius
1731 2871 1862 2944 sub-

271 2949 479 3002 veniret
513 2947 562 2999 iu
594 2941 778 3000 eadem
809 2945 1125 2998 necessitate
1153 2941 1464 3006 constricto,
1487 2942 1660 3010 inqua
1688 2941 1863 2994 omni-

272 3019 373 3071 bus
406 3034 465 3072 se
495 3017 801 3071 decreverat
827 3016 1235 3075 subventurmn;
1260 3021 1317 3066 ut
1349 3013 1547 3064 donum
1572 3011 1711 3080 qttod
1737 3027 1862 3080 gra-

275 3091 466 3142 tuitttm
499 3089 728 3141 futurum
759 3094 904 3152 erat,
937 3093 990 3138 et
1017 3095 1140 3137 ante
1173 3095 1377 3151 tempus
1416 3082 1529 3135 dari
1574 3097 1676 3135 non
1709 3093 1860 3150 pote-

274 3169 388 3225 rat,
425 3159 545 3212 huic
573 3173 668 3228 pro
700 3172 856 3226 prece
896 3166 948 3209 et
986 3155 1237 3228 lacrymis
1279 3153 1681 3228 concederetur.
1712 3152 1864 3220 Quod

274 3229 543 3299 quomodo
571 3224 676 3290 iiat,
701 3224 814 3282 non
844 3234 980 3280 tacet
1008 3225 1230 3299 dicens;
1256 3225 1498 3294 Asperges
1518 3240 1595 3299 ine
1621 3224 1860 3293 ltgssopo,

271 3295 322 3354 et
349 3300 646 3353 mundabar.
679 3299 843 3353 Recte
873 3297 1180 3365 aspersione
1203 3295 1417 3364 hyssopi
1448 3295 1576 3362 petit
1612 3310 1670 3347 se
1711 3310 1865 3348 mutt-

273 3373 410 3425 dari.
445 3371 516 3425 De
547 3370 647 3424 hoc
677 3371 816 3423 enitn
847 3368 934 3420 tilii
963 3366 1124 3422 Israel
1159 3379 1336 3434 postes
1360 3381 1486 3419 suos
1515 3365 1770 3433 sanguine
1800 3365 1864 3418 li-

276 3445 540 3505 niverunt,
574 3452 630 3494 ut
653 3441 748 3494 tuti
781 3446 1216 3507 prmstareutura
1240 3445 1410 3507 morte
1439 3435 1628 3506 (Exod.
1659 3451 1750 3499 xu,
1774 3436 1863 3501 ‘22,

273 3513 367 3582 25)
397 3530 408 3564 :
441 3513 508 3566 ita
535 3524 586 3565 et
617 3513 700 3564 Itic
726 3506 1033 3577 aspersione
1073 3506 1288 3582 hyssopi
1329 3517 1444 3558 orat
1470 3507 1722 3582 _munda_ri
1755 3521 1812 3582 se
1833 3522 1866 3582 ιι

281 3574 511 3652 peccatis
532 3625 544 3640 .
575 3599 639 3634 ne
669 3574 913 3652 tangatur
943 3596 975 3652 7a
1012 3574 1200 3652 morte.
1233 3576 1574 3652 Et_set|ttitut'
1605 3592 1617 3627 :
1654 3574 1868 3652 Lavaais

277 3646 376 3718 ine,
407 3663 450 3707 et
475 3669 624 3720 super
650 3646 811 3705 nivem
835 3650 1123 3720 dealbabor.
1158 3646 1488 3720 Manifestum
1517 3659 1616 3709 est,
1645 3647 1764 3720 quia
1794 3648 1871 3701 fa-

277 3716 422 3778 ctu—tn
463 3716 554 3777 Dei
600 3723 759 3775 distat
800 3737 830 3774 a
874 3722 1011 3773 facto
1057 3719 1321 3771 hominis:
1350 3716 1469 3770 ideo
1499 3734 1650 3786 super
1676 3717 1865 3783 nivem,

279 3796 469 3864 inquit,
497 3792 788 3864 dealbabor,
817 3791 937 3864 quia
965 3789 1278 3864 quod‘Deus
1309 3786 1452 3852 fecit,
1486 3789 1651 3864 multo
1677 3788 1868 3864 melius

278 3857 369 3920 est
389 3857 544 3934 quam
571 3863 713 3933 quod
741 3857 856 3934 fecit
888 3857 1065 3934 homo.
1099 3859 1384 3934 Propterea
1412 3858 1721 3934 aspersione
1748 3857 1872 3928 hys-

279 3929 550 4004 sopi-petit
576 3929 633 3986 se
661 3931 924 3995 mundari,
966 3942 1022 4004 ut
1067 3931 1204 4004 sicut
1247 3929 1458 4004 carnale
1505 3943 1702 4004 corpus
1735 3944 1869 4004 aqua

283 3999 535 4069 abluitur,
595 4005 663 4058 ita
721 4012 774 4056 et
829 4018 922 4070 per
973 4001 1205 4071 hyssopi
1240 3999 1711 4071 significationem,
1758 3999 1868 4067 spi-

281 4077 458 4131 rituali
488 4076 694 4129 ratione
716 4070 1022 4126 animarum
1042 4070 1260 4122 macula:
1289 4070 1589 4122 abluantur.
1620 4071 1872 4136 Aspersio

281 4149 424 4202 enim
449 4147 688 4219 hyssotti,
720 4143 960 4219 lustratio
985 4141 1224 4210 quaedam
1257 4149 1366 4219 est;
1406 4147 1462 4193 ut
1484 4155 1596 4219 'per
1641 4141 1689 4191 id
1727 4140 1870 4219 quod

282 4210 505 4271 visibile'
549 4210 658 4279 est,
718 4214 1050 4267 invisibiliter
1103 4211 1437 4264 cntuudetur.
1484 4210 1550 4263 Et
1591 4213 1866 4279 sequitur:

281 4287 492 4341 Aaditui
562 4302 668 4340 meo
746 4283 887 4337 dabis
941 4281 1180 4351 gaudium
1230 4290 1275 4332 et
1331 4279 1574 4333 lietitiam.
1648 4281 1871 4335 Dubiuut

283 4374 393 4413 non
419 4366 520 4423 est,
545 4359 664 4426 quia
695 4371 792 4408 vox
828 4353 1161 4426 prtedicantis
1193 4352 1595 4426 remissionem,
1624 4352 1870 4420 gaudium

283 4421 1062 4499 prmstat'peccatoribttquuis
1077 4421 1218 4499 enim
1248 4435 1350 4499 uolt
1377 4421 1604 4499 laetetur,
1633 4438 1752 4499 cum
1781 4439 1874 4499 au-

285 4492 364 4555 dit
387 4499 501 4552 dari
531 4492 940 4566 indulgentiam?
970 4495 1099 4547 Cum
1128 4492 1267 4545 enim
1301 4492 1438 4566 Deus
1465 4492 1706 4553 remittit,
1739 4502 1796 4566 et
1823 4494 1872 4545 itt

289 4570 541 4640 praesenti
583 4576 637 4622 et
681 4561 952 4640 inmfutttro
980 4578 1199 4640 securus
1233 4571 1334 4616 est.
1366 4561 1620 4629 Proptera
1653 4562 1876 4640 essulta-

291 4632 412 4694 itaut
448 4655 561 4693 ossa
601 4637 882 4691 humiliata.
916 4634 1120 4703 Duplici
1157 4647 1351 4702 genere
1390 4641 1514 4684 sunt
1541 4646 1661 4684 ossa
1696 4632 1873 4686 humi-

290 4711 414 4764 liata
443 4729 455 4762 :
481 4711 602 4777 quia
629 4719 682 4762 et
709 4717 764 4760 ttt
793 4715 1038 4775 peccaret
1064 4703 1372 4757 humiliatus
1399 4712 1509 4777 est;
1542 4717 1698 4777 nemo
1728 4705 1872 4777 enim

288 4772 520 4851 peccans
543 4772 836 4851 optabatur;
865 4787 918 4830 et
956 4784 1012 4851 ut
1054 4785 1237 4851 postea
1282 4774 1499 4851 supplex
1541 4772 1747 4851 veniam
1779 4775 1876 4826 im-

293 4844 547 4921 ploraret.
575 4844 722 4921 '_Naut
771 4851 950 4921 tuique
999 4847 1047 4898 in
1091 4845 1264 4898 cilicio
1305 4854 1360 4898 et
1387 4844 1580 4921 ‘cinere
1611 4845 1875 4921 volutatus

292 4914 710 4976 inisericordiam
765 4914 1102 4986 precabatur,
1146 4931 1304 4985 quam
1351 4914 1597 4986 obtinens
1639 4916 1877 4986 elevatus

292 5002 376 5046 est
407 4993 600 5045 mentis
628 4983 982 5044 exsultatione
1001 4998 1051 5040 et
1072 4983 1310 5054 corporis
1335 4983 1641 5038 refectione.
1667 4985 1732 5038 Et
1752 4987 1878 5038 sub-

287 5063 452 5130 jecit:
484 5064 660 5114 Averte
699 5061 880 5131 faciem
920 5072 1065 5131 tuamA
1095 5073 1126 5108 a
1164 5055 1376 5131 peccatis
1419 5056 1570 5131 meis,
1617 5065 1664 5106 et
1706 5071 1876 5131 omnes

291 5126 580 5202 iniquitates
609 5126 744 5184 meas
770 5129 898 5183 dele.
919 5129 1028 5202 Hac
1044 5126 1208 5202 forma
1236 5126 1600 5202 remissionem
1621 5127 1872 5202 postulat,

291 5195 428 5257 sicut
465 5203 805 5256 constitutum
836 5211 948 5254 erat
980 5201 1029 5252 itt
1077 5199 1305 5251 futurum
1339 5211 1432 5264 per
1462 5195 1618 5249 fidem
1645 5195 1873 5261 Christi,

297 5285 354 5327 ttt
384 5274 628 5328 Salvator
652 5271 741 5342 qui
770 5271 819 5325 ei
851 5268 1196 5342 spiritualiter
1221 5276 1301 5320 est
1324 5268 1644 5342 protttissus,
1665 5269 1732 5320 ab
1761 5267 1875 5342 ipso

295 5345 552 5414 inciperet
573 5338 758 5397 cuncta
776 5338 1050 5397 conversis
1070 5339 1268 5392 donare
1291 5347 1522 5414 peccata.
1553 5338 1714 5414 Cujus
1733 5339 1874 5414 enim

293 5409 420 5469 non'
444 5415 802 5482 reSpiciuntur
843 5420 1054 5480 peccata
1073 5451 1087 5472 ,
1117 5419 1170 5463 et
1205 5423 1392 5482 omnes
1421 5409 1661 5482 delentur
1686 5409 1878 5482 iniqui-

297 5496 434 5540 tates
453 5527 467 5550 ,
503 5480 605 5538 tum
633 5485 793 5538 habet
823 5482 962 5536 unde
999 5494 1122 5534 reus
1160 5480 1528 5543 Constituatur,
1557 5489 1610 5532 et
1639 5481 1880 5532 inimico-

296 5573 415 5611 rum
443 5556 558 5624 ejus
585 5572 676 5608 ora
703 5553 1044 5624 clauduntur.
1072 5550 1169 5615 Qui
1197 5550 1336 5624 enim
1374 5566 1476 5602 non
1518 5551 1731 5624 reapicit
1756 5565 1879 5624 pec-

297 5638 444 5693 cata,
471 5621 582 5680 non
611 5627 696 5678 illa
725 5626 963 5693 imputat.
1005 5623 1115 5675 lloc
1144 5631 1226 5674 est
1254 5621 1392 5674 enim
1423 5629 1661 5673 avertere
1691 5621 1876 5675 faciem

365 5735 381 5764 ⁸
422 5741 500 5780 Ms.
525 5732 754 5798 Oplhert._,
777 5728 1040 5798 insertam.
1059 5734 1112 5776 Et
1134 5740 1246 5776 mox
1271 5727 1398 5798 idem
1409 5734 1564 5798 vetus
1585 5726 1756 5798 cedes,
1772 5740 1880 5798 pec:

295 5802 455 5857 catam
492 5793 620 5843 enim
659 5791 740 5857 qui
770 5798 846 5857 est
884 5789 1176 5841 diabolus...
1223 5795 1497 5852 potestatem
1539 5789 1719 5850 accepit
1744 5789 1878 5838 carni

293 5857 400 5919 ejus
421 5855 649 5922 inserere,
672 5853 723 5903 ὀι
746 5853 1060 5922 dilectorum,
1071 5861 1169 5922 _ctc.

359 5922 379 5954 ³
416 5926 492 5966 Ms.
511 5914 741 5978 tzolberc,
765 5928 853 5966 nec
875 5914 1082 5977 correpti
1101 5914 1348 5980 negabant.

1709 427 2070 487 APPENDIX.

3399 440 3538 504 9.338

1957 543 2246 618 apcccatis
2277 543 2518 618 alicujus,
2544 546 2932 618 accusationem
2961 559 3143 605 contra
3165 568 3284 609 cum
3315 573 3418 613 non
3449 578 3542 618 ac-

1960 612 2166 696 cipere.
2200 613 2264 668 Et
2302 612 2427 696 quid
2453 625 2547 696 est
2573 617 2803 696 _lt_oe,_ut
2829 621 3048 696 cttmde
3075 623 3281 679 duobus
3312 612 3540 696 peccatis

1957 693 2238 758 correptus
2277 687 2376 758 sit,
2412 687 2499 741 ltic
2523 688 2681 742 addat
2717 689 2785 742 de
2827 692 3006 746 tnultis
3035 708 3093 748 se
3121 687 3461 756 accusando?
3487 687 3542 758 et

1958 769 2080 807 cum
2102 755 2327 836 audierit
2351 772 2381 838 ξι
2406 759 2666 838 _pr0ph_eta
2690 759 2894 815 Nathan
2921 765 3039 833 quia
3064 766 3296 834 ignotum
3327 783 3440 824 erat
3469 755 3536 838 ei,

1959 841 2124 893 quare
2151 827 2226 908 sic
2251 829 2682 908 postulatsedula
2713 846 2868 900 prece
2889 874 2904 899 ,
2938 827 3198 908 iit.ptissit
3232 839 3297 893 ad
3336 827 3542 897 veniam

1952 896 2262 979 pervenire,
2296 898 2396 978 nisi
2417 903 2541 979 quia
2567 917 2670 954 tton
2689 896 2848 979 suam
2872 896 3047 979 solius
3066 922 3278 963 causam
3300 912 3424 979 agit,
3449 896 3542 968 sed

1957 966 2056 1019 sub
2084 966 2472 1047 accusatione."
2503 973 2701 1047 peccati
2742 973 2856 1047 sui,
2888 977 3046 1030 totius
3083 981 3259 1047 populi
3302 966 3546 1039 ttiiserias

1957 1038 2175 1118 narrat}
2201 1038 2309 1091 Sibi
2359 1041 2500 1092 cnint
2549 1038 2976 1119 reformationem
3021 1038 3282 1119 precatur,
3315 1053 3433 1119 quia
3459 1038 3544 1109 cui

1958 1109 2267 1180 ignoscitur,
2299 1126 2400 1164 non
2443 1122 2522 1164 est
2567 1113 2684 1166 sine
2725 1116 2921 1170 rubore
2943 1158 2956 1180 ,
2984 1109 3085 1172 nisi
3113 1119 3232 1174 loco
3261 1109 3356 1175 suo
3386 1122 3545 1180 fuerit

1959 1177 2198 1232 redditus
2217 1221 2232 1246 ,
2262 1189 2319 1234 ut
2352 1182 2580 1250 dignitas
2623 1183 2723 1237 loci
2765 1177 3013 1241 ruborem
3052 1204 3266 1245 excuset
3295 1211 3307 1245 :
3335 1177 3546 1250 caeteris

1957 1259 2134 1328 autem
2166 1250 2481 1328 beneficium
2502 1253 2612 1328 De},
2637 1254 2777 1328 quod
2799 1255 2862 1309 ad
2885 1268 3072 1312 cuncta
3099 1272 3310 1328 peccata
3331 1264 3546 1320 abluen-

1957 1318 2023 1402 da
2058 1318 2290 1402 futurum
2319 1331 2434 1376 erat
2469 1322 2522 1402 iu
2549 1318 2760 1402 Christo
2791 1318 3120 1402 significavit".
3164 1332 3224 1385 Et
3255 1318 3544 1402 sequitur:

1957 1388 2058 1471 Cor
2085 1391 2327 1471 mundum
2353 1409 2465 1471 creo
2492 1395 2542 1446 in
2571 1388 2879 1471 me,__Deus',
2912 1408 2960 1471 et
2983 1401 3215 1466 spiritum
3234 1388 3548 1471 juslumﬁde;

1958 1460 2073 1512 dica
2102 1464 2120 1491 ²
2141 1463 2194 1515 in
2223 1463 2488 1516 visceribus
2517 1460 2669 1519 meis.
2689 1467 2800 1520 Hoc
2834 1460 2916 1523 est
2950 1460 3085 1523 bona
3129 1460 3307 1528 metite
3336 1476 3547 1530 miseri-

1957 1531 2190 1613 cordiam
2236 1533 2529 1613 deprecari.
2560 1535 2675 1613 ljion
2708 1538 2895 1613 solum
2932 1551 3110 1613 autem
3155 1543 3223 1598 de
3265 1548 3547 1613 praeteritis

1956 1612 2138 1684 rogat,_
2159 1603 2252 1657 sed
2281 1605 2438 1684 etiam
2465 1606 2531 1660 de
2560 1605 2750 1662 futuris
2776 1610 3038 1684 sollicitus
3063 1623 3142 1664 est
3163 1653 3176 1676 ,
3204 1603 3277 1669 ω’
3295 1628 3544 1684 peccator

1960 1671 2240 1752 intendens
2267 1675 2444 1752 odisse
2457 1691 2691 1752 peccare
2720 1693 2788 1733 ne
2815 1682 3056 1752 pt-ccetr',
3079 1671 3355 1752 adjuvetur
3376 1702 3409 1742 a
3437 1671 3544 1742 Deo

1957 1755 2055 1816 per
2078 1744 2319 1816 spiritum
2341 1746 2560 1814 justitia:
2586 1763 2743 1816 quem
2775 1744 2892 1802 orat
2917 1744 3160 1806 dedicari
3177 1755 3228 1808 in
3255 1757 3546 1812 visceribus

1958 1814 2102 1889 suis;
2138 1813 2190 1868 id
2215 1823 2315 1879 est,
2347 1826 2403 1868 ut
2425 1813 2682 1889 novttsad
2708 1819 2807 1872 ltoc
2835 1830 3059 1889 ponatur
3089 1824 3138 1875 in
3170 1840 3254 1889 eo,
3280 1835 3340 1879 ut
3373 1838 3548 1882 custo-

1957 1882 2068 1964 dia_t_.
2095 1899 2217 1964 eum
2247 1901 2277 1939 a
2309 1888 2572 1954 peccatis,
2612 1904 2680 1964 ne
2722 1882 2940 1964 cogatur
2985 1890 3160 1964 facere
3203 1882 3343 1964 quod
3384 1899 3551 1952 scitur

1960 1954 2121 2030 nolle.
2153 1954 2260 2009 Cor
2287 1966 2464 2012 autem
2495 1959 2754 2030 mundum
2794 1954 2871 2014 sic
2914 1973 3084 2030 potest
3123 1954 3343 2029 habere,
3379 1968 3422 2020 si
3451 1984 3547 2022 ne-

1959 2039 2062 2094 que
2093 2025 2252 2092 intus,
2280 2043 2452 2108 neque
2487 2025 2948 2108 fo_ris_delinquat'_;
2985 2033 3082 2108 hoc
3125 2043 3240 2099 est,
3281 2025 3452 2108 neque
3497 2041 3548 2094 in

1959 2110 2141 2176 opere,
2176 2112 2347 2176 neque
2365 2099 2414 2150 itt
2433 2101 2768 2176 cogitatione.
2788 2099 2943 2176 Quod,
2955 2106 3075 2173 quia
3108 2121 3270 2174 prope
3297 2099 3548 2176 itn'possi-

1960 2164 2066 2238 bile
2084 2177 2165 2220 est
2182 2179 2237 2220 ut
2255 2164 2306 2220 in
2326 2164 2572 2224 omnibus
2588 2164 2846 2238 servetur,
2866 2175 2947 2226 vel
2965 2164 3015 2227 in
3047 2164 3135 2228 Dei
3153 2164 3308 2230 causa
3332 2164 3552 2234 servari-

1960 2235 2088 2288 dum
2114 2247 2229 2304 est,
2258 2254 2376 2304 qua:
2419 2241 2722 2308 principalis
2761 2235 2843 2296 est
2883 2255 2938 2296 ut
2976 2249 3232 2300 mundum
3265 2264 3357 2302 cor
3386 2251 3438 2303 in
3467 2267 3553 2304 sa-

1961 2316 2234 2379 cramento
2263 2308 2354 2360 Dei
2377 2319 2429 2361 et
2458 2310 2652 2364 Christi
2682 2313 3030 2379 custodiatur,
3049 2316 3174 2369 dum
3207 2320 3338 2373 fides
3365 2336 3548 2374 eortttn

1963 2377 2213 2454 inviolata
2257 2389 2526 2454 servatur;
2554 2382 2674 2454 quia
2721 2391 2775 2454 et
2813 2383 2865 2435 itt
2909 2377 3024 2437 alio
3052 2387 3167 2438 loco
3193 2388 3404 2454 dicitur,
3431 2392 3553 2454 Quis

1965 2448 2270 2519 gloriabitur:
2298 2451 2541 2502 mundum
2565 2448 2617 2504 se
2645 2450 2825 2504 habere
2848 2469 2954 2519 cor,
2988 2465 3074 2507 aut
3104 2456 3371 2510 immunem
3392 2448 3506 2512 esse
3524 2478 3555 2512 η

1965 2520 2181 2591 peccatis
2213 2517 2392 2588 (Prov.
2426 2536 2512 2580 xx,
2544 2522 2642 2589 9)?
2673 2523 2907 2591 Denique
2940 2517 3046 2578 rex
3093 2527 3256 2579 David
3293 2530 3555 2584 mundum

1963 2604 2059 2642 cor
2096 2589 2280 2663 habuit
2320 2591 2372 2663 itt
2418 2605 2576 2644 causa
2623 2593 2745 2655 Dei,
2790 2589 2910 2661 quia
2953 2609 3124 2663 neque
3167 2598 3424 2652 auxilium
3451 2601 3549 2652 ali-

1964 2660 2178 2731 quando
2199 2662 2490 2731 avanitate
2530 2660 2817 2730 quaesivit,
2837 2679 2956 2731 quze
2986 2660 3069 2717 est
3095 2666 3388 2720 idololatria
3408 2709 3421 2731 ,
3453 2683 3550 2723 nc-

1965 2743 2068 2851 que
2114 2729 2258 2783 aliud
2287 2745 2314 2781 a
2344 2730 2452 2783 Deo
2490 2729 2588 2783 sibi
2632 2729 2956 2800 praeceptum
2995 2750 3096 2787 non
3145 2729 3555 2803 implevit.'|deo

2003 2813 2032 2851 e
2074 2801 2282 2851 caeteris
2325 2801 2518 2851 adiecit
2543 2800 2603 2851 ‘z
2635 2801 2715 2851 Ne
2755 2804 2991 2851 m'oiicias
3033 2821 3111 2851 me
3135 2824 3166 2851 ιι
3191 2807 3318 2851 facie
3351 2819 3434 2851 hm
3511 2821 3555 2851 οι

2003 2801 2282 2874 ecaeteris
2325 2800 2603 2870 adjecit‘:
2635 2801 2715 2854 Νε
2754 2804 2991 2871 projicias
3033 2821 3111 2858 me
3135 2824 3166 2858 a
3187 2800 3318 2874 facie
3350 2819 3434 2861 tua
3461 2851 3473 2873 ,
3511 2821 3556 2863 et

1969 2870 2219 2938 Spiritum
2257 2882 2486 2924 sanctum
2531 2881 2672 2925 tuum
2714 2889 2775 2924 ne
2812 2870 3014 2942 auferas
3039 2892 3070 2927 a
3095 2870 3196 2930 me;
3231 2879 3325 2931 llic
3369 2870 3559 2935 Sensus

1967 2949 2074 3004 est,
2111 2956 2268 3012 quem
2298 2956 2457 3009 supra
2499 2944 2822 3003 memoravi,
2856 2946 2976 3009 quia
3016 2961 3237 3002 securus
3277 2949 3344 3003 de
3383 2953 3552 3012 venia,

1968 3011 2226 3088 sollicitus
2250 3022 2331 3066 est
2359 3013 2425 3088 de
2447 3012 2847 3088 reformatione.
2873 3014 2968 3068 Cui
2995 3018 3133 3069 enim
3163 3019 3448 3088 ignoscitur
3473 3011 3560 3073 so-

1970 3081 2109 3145 lum,
2142 3083 2278 3136 solet
2299 3098 2328 3135 a
2358 3081 2492 3138 facie
2523 3083 2730 3137 Dotuiui
2752 3088 2976 3139 st-cerni.
3007 3081 3260 3151 Quamvis
3281 3091 3418 3143 enim
3450 3107 3555 3144 non

1969 3151 2021 3228 i_n
2048 3154 2192 3228 illum
2226 3153 2539 3228 vindicetur,
2557 3155 2607 3206 itt
2629 3155 2810 3210 animo
2833 3165 3008 3228 tamen
3035 3160 3238 3212 Domini
3267 3161 3345 3213 vel
3365 3161 3558 3228 jttdicis

1970 3221 2174 3277 facinus
2198 3223 2319 3302 ejus
2356 3224 2588 3302 deletum
2636 3241 2739 3278 non
2781 3235 2879 3302 est.
2920 3226 3046 3302 Ideo
3069 3241 3219 3294 orat,
3255 3243 3310 3284 ιιι
3349 3221 3561 3302 penitus

1971 3304 2245 3359 peccatum
2274 3295 2391 3362 ejus
2411 3294 2670 3359 deleatur,
2699 3304 2752 3349 et
2787 3297 2978 3365 dignus
3007 3300 3074 3352 sit
3103 3294 3368 3356 accedere
3385 3303 3451 3355 ad
3482 3302 3560 3353 fa-

1973 3365 2346 3439 ciem_Domini
2369 3373 2470 3439 ,Aet
2500 3365 2695 3439 iterum
2723 3368 3068 3439 prophetare;
3101 3371 3240 3439 qttod
3277 3382 3329 3424 et
3368 3374 3560 3425 factum

1971 3444 2072 3488 est.
2091 3436 2202 3489 Hoc
2221 3445 2302 3488 est
2322 3435 2470 3508 enim
2481 3437 2626 3508 quod
2647 3437 2806 3508 dicit:
2833 3437 2892 3488 Et
2909 3435 3158 3508 Spiritum
3177 3452 3406 3494 sanctum
3425 3453 3564 3495 luunt

1971 3521 2035 3558 ne
2061 3505 2627 3581 au[erasame._l_lic_est
2649 3505 3278 3581 SpiritusPrbphetarttm.
3300 3514 3364 3565 Et
3379 3514 3559 3581 sequi—

1974 3586 2084 3650 tur;
2103 3575 2277 3650 Redde
2296 3577 2420 3628 mihi
2441 3576 2916 3650 lwtitiantsalutaris
2935 3575 3006 3630 tui
3027 3623 3039 3641 ,
3069 3593 3112 3633 et
3141 3581 3338 3648 Spiritu
3371 3575 3561 3650 princi-

1973 3647 2078 3721 pali
2104 3647 2349 3721 conﬁrma
2379 3662 2474 3721 me.
2495 3645 2754 3721 laetitiam
2772 3647 2887 3721 dari
2901 3649 3004 3721 _sibi
3031 3645 3275 3717 postulat,
3295 3645 3412 3721 qua:
3435 3669 3560 3720 pro-

1973 3717 2132 3770 missa
2159 3726 2274 3770 erat
2302 3717 2350 3769 itt
2383 3716 2595 3770 Christo
2614 3757 2629 3782 ,
2659 3728 2718 3770 ut
2748 3719 2996 3772 omnibus
3027 3716 3246 3775 maculis
3273 3716 3482 3776 ablutus
3508 3733 3562 3777 et

1973 3796 2269 3853 reparatus,
2305 3787 2458 3841 laetus
2486 3789 2696 3840 essetin
2723 3788 2891 3841 salute
2911 3792 3160 3858 quzesita;
3188 3807 3286 3846 nec
3306 3808 3332 3843 a
3356 3804 3559 3856 motus,

1973 3857 2067 3910 sed
2095 3859 2440 3911 contirmatus
2469 3857 2518 3910 itt
2553 3873 2718 3926 regno
2739 3875 2769 3911 a
2798 3857 2994 3927 Spiritu
3020 3873 3224 3915 sancto.
3248 3863 3415 3929 Quem
3441 3864 3560 3919 ideo

1975 3929 2316 3996 principalem
2343 3929 2474 3981 dixit
2498 3968 2512 3992 ,
2541 3930 2662 3998 quia
2691 3944 2852 3998 super
2880 3947 3094 3984 omnettt
3124 3943 3416 3986 creaturam
3447 3943 3557 3999 est,

1977 4013 2071 4073 per
2111 4013 2269 4067 quem
2311 4009 2744 4073 regesuregttant.
2789 4002 2853 4053 Et
2877 4002 3051 4054 subdit
3080 4020 3093 4056 :
3120 4001 3337 4056 Doceam
3368 4005 3563 4073 iniquos

1974 4070 2080 4120 vias
2105 4078 2218 4140 tuas
2237 4109 2252 4134 ,
2283 4079 2329 4122 et
2353 4070 2498 4140 impii
2525 4072 2592 4122 ad
2619 4080 2666 4122 te
2691 4081 3056 4124 convertentur.
3084 4073 3193 4127 lloc
3218 4075 3373 4140 dicit,
3418 4070 3475 4129 ut
3511 4079 3561 4129 itt

1975 4153 2043 4193 eo
2091 4139 2299 4212 discant
2348 4139 2510 4208 iniqui
2561 4141 2808 4209 pietatem
2857 4142 2976 4201 Dei.
3005 4146 3093 4212 qui
3123 4146 3436 4200 confitcntes
3463 4146 3564 4200 sibi
3603 4181 3606 4184 ι

1975 4211 2207 4282 suscipit?
2229 4217 2531 4282 peccatores
2559 4220 2611 4264 et
2641 4224 2944 4279 promovet;
2979 4211 3076 4267 nec
3117 4216 3304 4282 itnpios
3339 4232 3565 4271 Conver-

1976 4293 2066 4334 sOs
2095 4281 2329 4347 negligit,
2360 4280 2453 4333 sed
2484 4280 2726 4334 hortatur
2749 4283 2874 4336 dum
2906 4285 3024 4336 aliis
3049 4280 3350 4340 miseretur.
3387 4288 3448 4340 Et.
3473 4304 3562 4342 se-

1977 4352 2158 4420 quitur
2181 4368 2194 4403 :
2226 4352 2404 4423 Libera
2440 4368 2516 4404 me
2550 4352 2612 4423 de
2636 4354 2963 4423 sanguinibus
2983 4395 2997 4420 ,
3024 4353 3159 4408 Deus
3178 4397 3192 4419 ,
3225 4356 3363 4410 Dens
3388 4359 3565 4410 salutis

1978 4437 2119 4496 mete.
2133 4423 2252 4496 Διιυε
2268 4422 2408 4496 dicto
2425 4422 2653 4496 ostendit
2672 4422 2941 4496 peccatum
2965 4440 3117 4478 suum
3138 4438 3306 4479 tuot'te
3325 4429 3561 4496 dignum,

1981 4501 2036 4544 ut
2057 4493 2146 4544 Dei
2169 4492 2528 4544 misericordia
2550 4504 2743 4562 quanta
2769 4494 2853 4555 sit,
2879 4497 3146 4562 prtulich
3178 4497 3278 4549 Per
3299 4492 3402 4549 hoc.
3419 4499 3561 4550 eniut

1979 4563 2138 4632 ctiam
2184 4563 2318 4614 alios
2363 4573 2623 4632 provocat
2653 4563 2939 4631 confugere
2979 4565 3044 4618 ad
3074 4567 3161 4619 Dei
3207 4567 3560 4621 trienteuttattt.

1983 4631 2130 4704 l_Jnde_
2158 4631 2426 4704 subjecit:
2461 4631 2748 4686 bmultabit
2772 4636 2955 4704 lingua
2985 4653 3093 4688 utea
3121 4637 3360 4701 iustitiam
3389 4649 3525 4689 tuam
3551 4683 3560 4692 .

1979 4699 2216 4754 Domine.
2259 4702 2503 4776 Gaudere
2527 4717 2585 4756 se
2613 4704 2744 4776 dicit
2769 4702 2823 4776 in
2845 4699 3044 4771 justitia
3064 4699 3282 4776 Domini
3303 4747 3318 4771 ,
3348 4710 3466 4776 quia
3517 4713 3560 4760 ιι.

1980 4787 2046 4825 eo
2066 4781 2341 4841 permanet
2364 4774 2502 4841 quod
2529 4774 2772 4840 promisit
2795 4775 2976 4828 dicens
3005 4794 3016 4828 :
3046 4774 3446 4830 Misericordia»:
3477 4797 3538 4826 ut!

1981 4852 2076 4894 tem
2105 4858 2265 4895 meum
2285 4859 2404 4918 non
2425 4845 2624 4918 movebo
2654 4845 2714 4896 ab
2741 4846 2808 4898 eis
2835 4845 3279 4918 (Psal.t.n'xvut,
3311 4847 3422 4918 3i).
3457 4851 3491 4901 l.

1983 4921 2067 4965 ttts
2096 4927 2239 4984 ergo
2283 4912 2443 4984 David
2484 4929 2585 4984 rex,
2602 4923 2654 4967 et
2682 4912 2900 4970 securus
2931 4917 2982 4969 itt
3013 4917 3107 4969 hac
3142 4927 3318 4984 parte,
3356 4912 3442 4972 liet
3485 4938 3543 4971 su

1977 4983 2234 5052 justitiam
2264 4982 2536 5056 prasdicat.
2569 4983 2633 5038 Et
2658 4988 2894 5054 sequitur
2920 5003 2931 5037 :
2959 4986 3115 5038 Labia
3142 4982 3250 5040 inea
3275 4982 3487 5056 aperias.
3527 5017 3532 5036 ρ

1983 5069 2038 5128 os
2065 5070 2226 5128 meum
2249 5055 2563 5128 annuntiabit
2590 5056 2789 5128 laudem
2818 5068 2973 5108 tuam.
3015 5059 3102 5112 Sic
3133 5059 3267 5112 labia
3301 5055 3414 5126 ttjlh
3442 5078 3562 5128 illi.”-

1982 5125 2084 5198 rit,
2111 5123 2235 5198 dum
2274 5125 2572 5198 subjectum
2619 5127 2763 5179 illuttt
2805 5142 2922 5180 esse
2969 5145 3071 5180 tton
3104 5129 3228 5182 sinit
3253 5123 3409 5182 causa
3443 5123 3559 5198 pic

1983 5196 2112 5248 cati.
2157 5195 2383 5250 Liberali
2425 5200 2568 5250 enim
2597 5213 2657 5250 os
2687 5207 2861 5264 patet;
2895 5201 3186 5265 peccatoris
3213 5211 3389 5254 autem
3417 5195 3560 5253 clau-

1983 5281 2100 5340 sutn
2131 5277 2211 5319 est
2235 5282 2295 5340 os
2319 5269 2559 5340 :putlore
2584 5271 2726 5321 enim
2753 5276 2970 5340 ettnetn
2995 5281 3266 5338 correptus
3291 5273 3429 5340 loqui
3457 5289 3558 5323 non

1983 5338 2173 5410 audet;
2205 5337 2478 5392 absolutus
2496 5349 2689 5410 autem
2705 5347 2772 5410 et
2812 5339 3061 5394 liberatus
3107 5337 3397 5409 triputliazs
3431 5360 3562 5410 pra--

1984 5409 2124 5461 dicat
2161 5409 2370 5462 laudem
2412 5409 2622 5476 judteis.
2675 5408 2803 5461 Nam
2854 5419 2905 5463 et
2951 5408 3236 5476 Apostolus
3276 5408 3484 5478 sicuti
3511 5428 3566 5465 se

1986 5487 2227 5544 testatur,
2259 5489 2474 5547 propter
2509 5478 2647 5547 quod
2692 5481 2758 5532 ab
2798 5480 3097 5534 hominibus
3136 5482 3269 5536 liber
3303 5493 3462 5546 esset,
3499 5484 3568 5536 Us

1985 5559 2233 5613 nostrum,
2265 5550 2356 5614 ait,
2389 5559 2522 5618 patet
2551 5548 2618 5601 ad
2646 5565 2750 5613 vos,
2783 5568 2811 5603 ο
2843 5550 3088 5605 Corinthii
3121 5552 3183 5624 (ll
3212 5552 3329 5608 Cor.
3360 5571 3430 5619 Vl,
3454 5555 3562 5624 lt).

2049 5665 2065 5696 ι
2095 5672 2172 5712 Ms.
2192 5661 2510 5721 Oolbertinus,
2534 5661 2797 5713 occasione.

2050 5729 2156 5774 ’διε
2180 5733 2258 5772 .\ts.
2284 5733 2338 5772 At
2357 5727 2492 5782 editi,
2520 5723 2705 5774 innotui.

2053 5790 2073 5858 ξ
2097 5797 2174 5836 Ms.
2201 5785 2518 5846 colbertiuus,
2542 5801 2600 5836 ne
2625 5794 2841 5852 peccator
2884 5787 3080 5841 tendens
3111 5790 3267 5842 odisse
3298 5805 3499 5856 peccare
3517 5805 3566 5844 se

1987 5850 2524 5975 “{ﬁiuétubertmus;
2555 5912 2666 5965 Ideo
2689 5911 2864 5963 videris
2895 5913 2955 5964 de
2974 5916 3176 5968 ueteris.
3198 5923 3253 5968 Et
3274 5917 3470 5980 adjectt.
