4042 6466
549 365 693 426 9553

549 482 718 542 stulti.
735 477 886 550 Quod
919 475 1137 550 quidem,
1162 471 1348 550 cailidc
1381 478 1435 524 et
1475 479 1646 550 astute
1679 469 1746 522 ah
1773 464 1898 536 ipsis
1915 463 2122 518 videtur

549 540 806 624 aptatum.
831 540 1030 604 Idcirco
1055 549 1196 602 enim
1224 544 1321 612 legi
1350 557 1460 624 sure
1481 540 1744 624 applicant
1778 552 1968 618 nomeu
1999 551 2122 624 prii-.-

551 605 764 684 d'e'ntiaa,
807 631 867 676 ut
905 626 1188 680 contegant
1227 605 1662 684 reprehensibiiia
1691 609 1840 678 ejus;
1871 609 1994 676 quia
2031 605 2122 684 tibi

551 675 864 769 manu.
901 675 1420 769 τερτείιεηείυψίυηθ.
1439 693 1540 769 εει·
1573 675 1818 769 Msa?)
1845 675 2124 769 “t'fﬁ'ﬂf‘

586 745 926 823 animum
963 745 1177 821 dicunt,
1219 765 1277 810 nt
1309 755 1622 824 prohibeant
1651 751 1719 824 ab
1755 765 1838 806 ea.
1999 747 2124 800 sub-

586 785 670 823 em
715 785 926 818 Slllllillll
963 785 1177 821 υιυιιιιι,
1221 785 1277 810 ιιι
1312 785 1622 824 piunt-muns
1651 785 1719 806 ιιυ
1755 785 1838 806 σοι.
1865 785 1970 803 ue...
1999 785 2121 800 συν-

549 785 672 895 ῗειιὶε
712 831 1014 890 nominibus
1057 828 1346 900 prudentia;
1389 833 1443 900 et
1484 823 1753 900 stultitim,
1781 830 1834 874 et
1877 819 2121 900 submota

551 893 694 965 omni
721 905 936 966 invidia,
970 893 1124 971 quam
1159 899 1292 971 parit
1315 896 1552 950 defensio
1577 893 2118 971 ambarumpairtium,

551 961 680 1046 ipsis.
705 978 848 1046 leges
869 961 1003 1046 inter
1099 961 1400 1046 conﬂigam,
1427 975 1484 1020 ut
1505 973 1756 1046 appareat
1780 962 1870 1016 ubi
1903 961 1972 1041 sit
1999 973 2123 1046 pru-

551 997 567 1036 1
635 995 680 1032 ιε
706 995 848 1046 teges
869 995 1003 1027 ηιιει·
1021 995 1078 1024 se
1099 995 1400 1036 (:Ullulgiult,
1427 995 1484 1020 υι
1505 995 1756 1033 appella".
1783 995 1870 1016 um
1903 995 1972 1014 an
1999 995 2046 1028 γι
2061 995 2122 1012 u—

551 995 753 1112 Je'ntia,
783 1056 835 1099 et
861 1045 946 1098 ubi
975 1042 1212 1112 stultitia.
1235 1039 1340 1112 sed
1367 1044 1632 1112 praesente
1653 1033 1804 1102 signo
1831 1031 2002 1112 crucis
2027 1029 2122 1112 uii-

551 1099 796 1175 {nliiéséu
827 1114 1122 1183 Pnganitas.
1160 1111 1224 1164 Et
1246 1111 1289 1162 si
1315 1099 1496 1183 adest,
1533 1099 1916 1183 quam'vocatit
1949 1099 2118 1154 stulti-

553 1172 710 1252 tiam,
741 1172 1016 1258 prudentia
1061 1183 1177 1246 illa,
1218 1194 1365 1258 sacra
1417 1172 1622 1258 illorum
1667 1172 2120 1258 responderehnon

552 1241 1342 1325 audent:iReprimunturenim
1373 1257 1492 1302 exta
1523 1241 2122 1325 illorum.,'ct_i)ccultan-

553 1313 638 1386 tur
662 1313 732 1384 ob
770 1313 1119 1382 reverentiam
1151 1319 1452 1375 christiana:
1481 1316 1790 1384 majestatis.
1822 1313 2122 1386 M:ngna_res

655 1381 687 1466 ,i
715 1381 772 1452 nt
801 1381 884 1452 illa
915 1409 1072 1465 quam
1103 1402 1291 1466 vocant
1329 1381 1660 1466 prudentiam
1682 1429 1695 1450 ,
1739 1393 1938 1466 metuat
1979 1381 2120 1466 illum

551 1457 708 1541 quain
735 1457 999 1541 appellant
1015 1463 1313 1541 stultitiam.
1332 1457 1690 1541 Conferamus
1718 1469 1858 1536 nuuc
1884 1461 2120 1541 teporem

553 1522 746 1617 ilignis.
775 1522 971 1606 'P'agani
999 1535 1130 1590 deos
1153 1533 1384 1600 deaSque
1417 1530 1593 1617 coiere
1637 1541 1696 1617 se
1737 1525 1895 1617 etiam
1933 1522 2122 1617 litteris

553 1599 905 1682 profitentur?
923 1615 1177 1682 etverum
1199 1613 1284 1682 est
1305 1599 1448 1671 quod
1473 1599 1824 1682 dietlnt,nquia
1843 1603 1898 1648 et
1917 1605 2126 1682 mascu-

551 1663 640 1738 id;
655 1663 847 1736 colunt
875 1685 929 1730 et
968 1677 1207 1731 feminas.
1237 1663 1400 1726 Janus
1425 1671 1566 1724 enim
1597 1678 1650 1723 et
1673 1663 1952 1738 saturnus,
1975 1663 2124 1716 .lovis

550 1736 620 1808 et
638 1751 954 1811 Mercurius,
983 1757 1036 1801 et
1062 1745 1250 1814 Apollo
1273 1752 1328 1797 et
1353 1739 1727 1814 carteri.__item
1763 1736 2027 1814 Minerva,
2069 1740 2126 1787 et

549 1805 774 1889 lsispet
813 1805 1062 1882 Frux'illa,
1101 1805 1155 1870 et
1193 1813 1410 1889 Venus,
1449 1822 1512 1889 et_
1538 1809 1694 1889 Flora
1720 1805 1973 1889 meretrix
2002 1818 2122 1856 cum

549 1875 779 1956 deteris,
811 1891 882 1944 dii
910 1875 1127 1956 denique
1154 1895 1298 1946 sunt.
1327 1875 1462 1938 sicut
1499 1880 1748 1956 ltistori:n_
1773 1886 1876 1956 tam
1895 1875 2124 1956 _Gr:e_co-

547 1980 666 2018 rum
706 1948 863 2033 quam
905 1948 1260 2012 Romanorum
1301 1961 1579 2033 testamur.
1627 1948 1908 2003 Christiani
1946 1953 2123 2033 autem

551 2017 742 2102 utpote'
774 2044 1067 2102 pauperes,
1099 2043 1230 2096 quos
1271 2025 1460 2080 stultos
1489 2030 1716 2102 vocant,
1759 2033 1918 2072 unum

551 2085 733 2159 colunt
761 2085 811 2156 iit
842 2085 1134 2170 mysterio,
1165 2113 1230 2150 ex
1259 2111 1364 2165 quo
1393 2103 1516 2147 sunt
1543 2092 1720 2170 omnia
1753 2108 1764 2142 :
1807 2103 1904 2141 nec
1928 2085 2125 2168 aliquid

549 2157 780 2245 quodab
799 2187 864 2227 eo
893 2157 1160 2245 conditum
1187 2157 1634 2245 est-venerantur.
1669 2161 1844 2245 Ipsum
1865 2157 2011 2245 enim
2041 2171 2127 2208 so-

551 2231 656 2298 lum
687 2243 929 2298 sufficere
959 2239 1058 2293 sibi
1084 2247 1137 2293 et
1161 2237 1428 2291 abundare
1451 2235 1624 2287 sciunt
1652 2231 1717 2283 ad
1747 2231 1987 2298 salutem,
2021 2242 2126 2278 non

549 2296 854 2384 ignorantes
880 2311 1008 2384 quia
1039 2311 1083 2364 si
1119 2309 1341 2376 gloriam
1371 2314 1422 2384 et
1450 2319 1638 2384 nomen
1670 2301 1786 2380 ejus
1811 2299 1930 2384 aliis
1959 2296 2126 2364 depu-

552 2371 776 2438 taverint
797 2425 808 2445 ,
837 2371 1252 2434 oﬂ‘vndantEum
1277 2393 1292 2442 ;
1321 2375 1440 2443 quia
1471 2373 1646 2445 nullus
1681 2371 1966 2445 imperator
2003 2381 2126 2434 per-

551 2436 713 2507 mittit
737 2436 935 2504 nt'cmn
969 2449 1181 2502 nomine
1210 2436 1322 2518 ejus
1343 2436 1626 2518 lribuiti_et
1651 2436 1874 2518 comites
1899 2436 2126 2518 adoreu-

551 2534 653 2578 tnr.
685 2521 1034 2578 Conferantnr
1059 2533 1198 2572 nunc
1225 2509 1394 2585 leges,
1429 2525 1486 2568 ut
1515 2512 1754 2585 videatur
1785 2509 1870 2562 ubi
1909 2509 1977 2560 sit
2005 2521 2130 2585 pruf

549 2577 726 2648 dentia
751 2634 766 2658 ,
797 2593 884 2662 qui
913 2590 1217 2662 Creatorem
1255 2577 1418 2662 cvulit,
1449 2599 1516 2662 an
1553 2582 2009 2662 quiiereatluram}
2039 2577 2128 2646 qui

553 2648 854 2727 Dominum,
883 2677 947 2712 an
977 2661 1066 2730 qui
1093 2655 1314 2730 servos?
1347 2655 1526 2730 Potest
1555 2648 1676 2730 fieri
1695 2652 1747 2704 in
1773 2651 1946 2730 aliqua
1967 2648 2130 2730 domo

549 2745 607 2788 ut
634 2719 1010 2804 praiter'unnm'
1038 2730 1174 2804 alius
1221 2727 1466 2804 dominus
1507 2722 1801 2804 appelletur
1819 2729 1916 2804 ,_ut
1943 2719 2126 2804 pagani

495 2855 502 2862 .
548 2789 736 2860 litteris
764 2801 1058 2856 forensibus
1088 2798 1349 2858 instructi,
1375 2796 1463 2866 qui
1499 2789 1598 2848 sibi
1629 2793 1912 2866 prudentes
1943 2789 2124 2866 viden-

549 2887 635 2929 tur
655 2916 668 2936 ,
703 2875 754 2928 in
788 2887 893 2926 uno
915 2871 1112 2924 mundo
1148 2871 1216 2924 ab
1246 2883 1352 2921 uno
1396 2860 1508 2920 Deo
1530 2860 1744 2918 condito
1773 2861 1970 2915 multos
1995 2860 2126 2936 deos

548 2929 780 3002 deasque
807 2939 1166 2997 venerantur?
1193 2940 1572 2994 Procuratores
1590 2939 1732 2990 enim
1761 2942 1815 2986 et
1839 2929 2126 3002 auctores}

548 2961 674 3002 deas
715 2961 780 3000 ne
807 2961 1125 2997 venerantur
1148 2961 1164 2992 ι
1193 2961 1572 2994 rrocuraturca
1590 2961 1732 2990 curm
1761 2961 1815 2986 ct
1839 2961 2082 2986 auuwma
2114 2961 2119 2962 *

547 2961 730 3070 mundi
757 3014 888 3069 deos
916 3021 972 3068 et
993 3013 1082 3065 Dei
1115 3011 1328 3064 nomine
1357 3013 1680 3075 nuncupant,
1707 3019 1825 3058 cum
1849 3000 2126 3075 improvidi

547 3086 878 3156 detegantur.
913 3082 1040 3156 illud
1067 3092 1258 3156 autem
1271 3092 1512 3156 asserere
1537 3073 1680 3146 quod
1720 3073 2002 3156 perniciem
2033 3087 2126 3140 pa-

549 3143 700 3223 riatfi
709 3155 962 3225 mprovidi
984 3161 1066 3225 est
1081 3161 1139 3225 et
1155 3150 1324 3225 stulti.
1343 3143 1602 3225 Quoniam
1628 3143 1844 3225 necesse
1860 3153 1942 3197 est
1959 3143 2124 3225 Deum

547 3213 791 3294 injuriam
824 3241 972 3279 suam
1005 3223 1270 3294 vindicare
1300 3221 1350 3294 iu
1370 3213 1468 3273 eos
1487 3217 1581 3294 qui
1604 3215 1873 3294 conservis
1894 3213 2130 3294 suis‘Do-

549 3282 675 3350 mini
725 3295 816 3348 Dei
865 3309 1058 3348 nomen
1109 3301 1162 3346 et
1213 3291 1434 3362 gloriam
1485 3282 2127 3362 impertierunt._[)ehinc

547 3365 949 3420 considerentur
975 3357 1254 3432 praecepta.
1283 3360 1392 3414 Lex
1423 3367 1601 3432 nostra
1631 3371 1771 3432 quos
1801 3357 1992 3432 stultos
2019 3369 2127 3432 _vo-

548 3445 671 3490 rant
693 3477 708 3500 ,
746 3425 1004 3488 antistites
1047 3442 1100 3486 et
1136 3425 1406 3486 ministros
1443 3425 1693 3500 idoneos,
1725 3425 2124 3500 sincer-immo,

551 3496 764 3561 sanctos
788 3515 839 3560 et
865 3502 1364 3573 irreprehensibiles
1387 3499 1621 3573 praecipit
1649 3496 1878 3573 ordinari
1906 3515 1924 3573 :_
1947 3510 1980 3573 e_
2001 3509 2129 3550 con-

547 3587 626 3631 tra
661 3587 834 3631 autem
867 3567 1196 3646 Paganorum
1236 3567 1448 3626 traditio
1484 3569 1749 3646 antistites
1769 3577 1830 3646 _et
1856 3567 2126 3646 ministros

550 3648 769 3701 idoneos
809 3647 907 3701 sibi
937 3635 1056 3700 Esse
1095 3659 1196 3698 non
1231 3657 1418 3712 posse,
1445 3641 1548 3695 nisi
1581 3655 1646 3712 ei;
1685 3639 1812 3692 viris
1833 3635 2125 3712 transfigu-

546 3729 728 3772 rentur
755 3718 806 3772 in
833 3715 1074 3774 feminas,
1101 3725 1152 3768 ut
1184 3709 1404 3767 licenter
1424 3721 1479 3766 et
1509 3711 1716 3778 publice
1741 3709 2013 3762 muliebria
2037 3721 2130 3775 pa-

548 3789 746 3842 tiantur
763 3829 778 3853 ,
802 3797 854 3842 et
872 3785 1123 3840 discussis
1139 3785 1192 3838 in
1212 3799 1346 3851 aqua
1367 3782 1646 3836 inhoneste
1663 3779 1898 3853 crinibus
1913 3778 2127 3853 mollem

545 3849 952 3926 quassatamque
975 3871 1158 3910 vocem
1183 3863 1238 3909 et
1262 3849 1754 3926 turpentemittant.
1779 3849 1930 3926 Quud
1957 3850 2000 3926 _s_i
2033 3863 2128 3917 pn—

549 3921 688 3984 blice
711 3921 962 3992 facerent,
987 3927 1054 3980 ab
1078 3927 1222 3980 omni
1253 3921 1445 3994 populo
1471 3922 1846 3994 lapidarentur.
1862 3921 1936 3994 Et
1953 3921 2130 3994 Cyuo-

545 4001 796 4068 cephalus
813 3999 921 4060 ille,
939 3990 1028 4068 qui
1047 3990 1402 4068 tntitzibundus
1415 3990 1546 4068 'per
1559 3993 1737 4068 omnia
1827 3990 2131 4068 circumfert

547 4061 684 4132 loca,
707 4061 1208 4138 quaerens-membra
1235 4061 1465 4138 adulteri
1483 4063 1772 4138 QSirisviri
1799 4062 1967 4138 Isidis.
1991 4061 2130 4138 Ecce

549 4131 739 4207 quibus
769 4140 1022 4192 ministris
1047 4139 1160 4191 sive
1190 4134 1678 4207 magistrisl’agani
1707 4133 1998 4207 prudentia:
2029 4131 2129 4207 sibi

548 4203 740 4262 nomen
764 4207 1097 4273 adsciscunt,
1125 4222 1246 4260 cum
1273 4203 1379 4259 non
1403 4205 1572 4258 solum
1597 4219 1700 4257 non
1727 4204 2018 4272 prudentia:
2038 4203 2125 4268 sit,

551 4279 644 4332 sed
679 4287 732 4331 et
761 4278 1016 4332 criminis.
1047 4277 1308 4330 Obscena
1338 4279 1478 4329 enim
1524 4282 1578 4326 et
1621 4275 1872 4342 probrosa
1911 4273 2130 4342 diligere

548 4347 812 4404 funestum
841 4357 942 4402 est.
977 4346 1104 4400 Illud
1130 4355 1303 4399 autem
1349 4343 1502 4414 quale
1517 4351 1598 4397 est
1620 4340 1816 4414 quodin
1839 4340 2033 4414 spelaea
2054 4340 2128 4414 (α)

547 4421 736 4473 velatis
767 4418 935 4472 oculis
975 4415 1302 4471 illuduntur?
1339 4413 1417 4469 Ne
1445 4415 1584 4468 enim
1615 4413 1879 4468 horreant
1909 4413 2130 4483 turpiter

551 4489 885 4543 dehonestari
927 4503 986 4542 se
1008 4529 1023 4552 ,
1051 4487 1189 4541 oculi
1229 4487 1332 4540 illis
1359 4485 1600 4539 velantur
1632 4503 1644 4538 :
1674 4485 1760 4538 alii
1790 4494 1966 4538 autem
1996 4487 2132 4539 sicut

549 4561 658 4614 ales
683 4560 795 4614 alas
818 4559 1118 4628 percutiunt
1143 4599 1156 4619 ,
1185 4571 1368 4612 vocem
1409 4556 1611 4628 coracis
1641 4556 1944 4628 imitantes;
1976 4557 2128 4628 alteri

551 4647 678 4683 vero
706 4627 917 4684 leonum
950 4645 1097 4683 litore
1126 4628 1388 4690 fremunt;
1433 4627 1519 4680 alii
1549 4635 1725 4679 autem
1761 4627 1932 4694 ligatis
1957 4627 2130 4680 mani-

554 4701 649 4756 bus
675 4701 937 4755 intestinis
965 4699 1178 4770 pullinis
1201 4740 1229 4770 ,ί
1246 4697 1590 4770 projiciuntur
1611 4711 1772 4770 super
1793 4697 1970 4770 foveas
1993 4711 2129 4767 aqua

553 4772 753 4854 plenas,
787 4766 1084 4854 accedente
1092 4766 1323 4854 quodam
1341 4766 1478 4850 ;cum
1501 4766 1700 4854 giadio,
1729 4777 1783 4821 et
1808 4766 2130 4854 irrumpente

553 4839 798 4895 intestina
849 4857 1005 4911 supra
1053 4841 1212 4906 dicta,
1267 4840 1354 4911 qui
1400 4855 1458 4893 se
1501 4839 1836 4911 liberatorem
1871 4840 2126 4911 appellet.

553 4911 687 4966 Sunt
732 4921 786 4966 et
837 4909 1030 4967 caetera
1085 4910 1462 4966 inhonestiora.
1517 4909 1650 4962 Ecce
1703 4909 1911 4977 quantis
1961 4910 2132 4964 modis

555 4984 779 5050 turpiter
818 4983 1128 5044 illudnntur,
1160 4981 1247 5049 qui
1297 4994 1354 5034 se
1391 4979 1655 5048 sapientes
1701 4981 1986 5046 appellant.
2026 4978 2132 5034 Sed

555 5055 672 5120 quia
697 5053 810 5107 h:rc
835 5053 887 5105 in
929 5053 1159 5106 tenebris
1195 5051 1477 5120 patiuntur,
1514 5057 1698 5118 putant
1731 5065 1888 5117 posse
1917 5051 2128 5104 nesciri.

559 5123 656 5176 Ista
689 5123 826 5176 enim
861 5123 1054 5188 omnia,
1089 5138 1201 5192 quze
1233 5139 1262 5174 a
1303 5121 1452 5174 malis
1478 5120 1810 5192 etiturpibus
1841 5123 2050 5174 inventa
2080 5129 2134 5175 et

555 5193 796 5246 ordinata
827 5204 950 5246 sunt
974 5195 1023 5246 in
1051 5190 1258 5247 occulto
1283 5231 1297 5256 ,
1335 5200 1514 5245 sancta
1541 5190 1670 5262 fides
1695 5191 1976 5244 christiana
2006 5207 2131 5262 prec

554 5263 688 5316 didit
725 5275 777 5318 et
805 5264 1024 5318 detexit.
1061 5263 1344 5316 Praedicata
1383 5263 1526 5316 enim
1561 5260 1666 5314 ﬁde
1693 5303 1707 5327 ,
1737 5260 2134 5317 considerantes

557 5335 644 5402 qui
675 5335 988 5400 audiebant,
1026 5333 1152 5404 quid
1179 5333 1302 5388 boni
1341 5343 1402 5404 et
1435 5333 1726 5404 sanctitatis
1767 5333 1988 5404 publice,
2013 5349 2135 5401 pro-

559 5405 874 5472 niitteretur,
897 5403 1235 5460 contulerunt
1263 5419 1320 5457 se
1344 5403 1408 5456 ad
1433 5403 1610 5468 ﬁdem,
1639 5403 1842 5455 occulta
1873 5404 1956 5454 illa
1981 5403 2135 5458 inho-

561 5485 709 5530 uesta
735 5485 788 5529 et
818 5475 986 5545 turpia
1012 5475 1390 5544 relinquentes,
1421 5473 1758 5545 etquoniodo
1786 5487 1878 5541 per
1899 5477 2136 5542 ignorau-

559 5547 684 5599 tiam
743 5545 879 5600 illusi
907 5544 1030 5600 ’siut
1069 5545 1406 5600 confitentes.
1448 5544 1598 5598 Tunc
1639 5545 1780 5598 enim
1820 5545 2134 5613 jampridem

559 5631 744 5672 omnes
767 5631 930 5685 prope
953 5617 1004 5670 in
1037 5617 1136 5672 hoc
1157 5615 1496 5670 vertebantur
1515 5631 1696 5670 errore
1736 5623 1790 5671 et
1820 5615 2014 5671 idcirco
2035 5617 2134 5672 sibi

625 5710 640 5738 ‘
666 5715 748 5760 Ms.
766 5711 1082 5770 Ootbertinus,
1109 5715 1306 5760 actores.

627 5771 646 5798 ί
663 5777 743 5820 Ms.
765 5772 1082 5831 Colhertinus,
1105 5771 1424 5822 natubrmdus.

625 5831 697 5894 (ιι)
731 5833 778 5882 td
802 5840 893 5894 est,
927 5834 1169 5898 spelunca.

1527 347 1975 422 QUIESTIONES
2009 345 2108 404 EX
2141 343 2468 413 UTBOQUE
2505 341 2770 402 nam.

3675 343 3818 404 ειμι

2228 467 2516 586 “rudentes
2529 457 2860 522 videbantur,
2873 457 2996 527 quia
3015 456 3105 528 qui
3117 455 3664 540 reprehenderetnon
3683 469 3818 515 erat.

2273 548 2358 585 am
2373 544 2672 586 uuannuam
2687 543 2874 582 onlnes
2887 538 3126 583 errarent
3141 529 3240 582 sub
3251 543 3357 582 uno
3379 528 3578 583 fallacis
3601 533 3818 586 nomine

2273 548 2358 585 am
2373 544 2672 600 quanquam
2687 543 2874 582 onlnes
2887 538 3126 583 errarent
3141 529 3240 582 sub
3251 543 3357 582 uno
3379 528 3578 583 fallacis
3601 533 3822 588 nomine

2229 601 2578 664 idololatrizc,
2609 600 2970 670 unusquisque
2997 609 3170 652 tamen
3199 600 3350 668 juxta
3387 615 3566 654 mores
3603 617 3734 655 suos
3762 613 3822 659 et

2229 673 2685 728 conversationem
2707 669 2969 724 ordinavit
2995 671 3274 736 culturam,
3307 679 3364 723 ut
3393 686 3529 726 unus
3555 687 3712 726 error
3735 673 3822 726 di-

2229 745 2534 799 versitatem
2579 741 2797 796 haberet
2837 756 2906 795 ex
2959 741 3280 810 turpitudine
3319 751 3372 794 et
3409 743 3822 799 conversatione

2234 823 2530 870 auctorum.
2569 812 2804 880 Denique
2828 827 2974 866 sacra
2996 851 3012 878 ,
3048 809 3178 880 quae.
3205 809 3376 866 Liberi
3405 821 3594 866 vocant
3619 854 3634 874 ,
3669 813 3824 868 inho-

2227 895 2378 940 nesta
2421 892 2478 938 et
2517 883 2800 936 vanissima
2845 890 2986 936 sunt.
3029 890 3084 936 et
3123 881 3276 950 plena
3317 881 3535 936 furoris.
3587 883 3820 939 Difficile

2227 955 2370 1010 enim
2397 955 2633 1022 impurus
2651 967 2754 1006 non
2779 951 3056 1006 iracundus
3077 961 3158 1005 est
3185 969 3199 1005 :
3219 951 3446 1021 denique
3473 954 3670 1022 ubique
3693 969 3818 1008 cum

2229 1024 2422 1094 Priapo
2439 1023 2680 1093 depictus
2697 1024 2980 1084 invenitur,
3001 1037 3122 1076 cum
3145 1037 3250 1091 quo
3273 1023 3554 1094 inhoaeste
3577 1025 3816 1078 vivebat.

2231 1095 2343 1150 Hoc
2359 1093 2524 1148 modo
2549 1103 2672 1147 sunt
2699 1101 2754 1146 et
2771 1101 2960 1146 eartera
2983 1107 3132 1144 sacra
3159 1107 3342 1146 eorum
3371 1110 3382 1145 :
3410 1093 3502 1148 sed
3525 1104 3582 1146 ut
3613 1095 3816 1162 posteri

2229 1167 2311 1220 his
2360 1164 2745 1218 inventionibus
2791 1172 3140 1232 caperentur,
3183 1163 3471 1220 subtilitate
3521 1174 3576 1218 et
3621 1166 3816 1218 astutia

2229 1237 2422 1290 factum
2467 1245 2550 1289 est
2594 1245 2792 1288 satana:
2834 1252 2846 1286 :
2879 1248 3181 1302 quanquam
3213 1249 3316 1286 non
3361 1234 3474 1288 sine
3506 1235 3648 1288 illius
3681 1249 3814 1288 eon—

2230 1307 2350 1360 silio
2377 1307 2472 1358 ista
2505 1305 2714 1358 inventa
2735 1313 2886 1368 sunt;
2913 1303 3138 1357 inventis
3159 1311 3332 1356 tamen
3361 1305 3602 1373 singulis,
3629 1321 3816 1374 asper-

2228 1377 2298 1430 sit
2325 1375 2564 1444 quaedam
2601 1375 2900 1444 praestigia,
2941 1389 3036 1442 per
3061 1389 3179 1442 qua:
3223 1374 3444 1428 illiceret
3473 1375 3719 1428 homines
3746 1375 3816 1440 ad

2227 1443 2484 1500 errorem.
2515 1445 2582 1498 Et
2609 1445 2686 1497 sic
2723 1443 2916 1514 factum
2944 1454 3028 1514 est
3057 1452 3112 1497 ut
3143 1459 3238 1512 per
3269 1445 3536 1499 traducem
3583 1446 3818 1514 antiqui-

2231 1517 2350 1570 tatis
2391 1514 2854 1569 commendaretur
2889 1512 3130 1579 fallacia,
3161 1523 3218 1567 et
3253 1527 3600 1568 extensarctur
3643 1512 3816 1584 turpis

2229 1587 2486 1640 inventio.
2533 1586 2633 1640 Per
2665 1585 3098 1654 consuetudinem
3139 1585 3278 1638 enim
3321 1587 3480 1652 ccepit
3520 1601 3624 1638 non
3657 1599 3816 1654 turpe

2227 1657 2436 1720 videri,
2485 1655 2626 1722 quod
2675 1664 2825 1722 turpe
2875 1665 3008 1708 erat.
3055 1653 3188 1708 Nam
3229 1669 3348 1708 cum
3393 1653 3816 1711 deltonestantur

2227 1727 2426 1796 aliqui;
2457 1727 2972 1796 primorerubescunt
2993 1765 3008 1790 ,
3043 1735 3221 1793 postea
3253 1725 3551 1780 blandiente
3581 1741 3816 1782 consue-

2229 1795 2692 1862 tudine,’recedit
2735 1795 3142 1866 pudor_mutata
3195 1796 3401 1860 fronte,
3449 1798 3722 1866 przrcipue
3767 1796 3816 1852 si

2231 1869 2423 1922 multos
2451 1867 2663 1921 videant
2699 1867 2850 1921 tales.
2881 1864 3012 1919 Nam
3051 1875 3285 1934 qusestus
3313 1864 3656 1935 turpitudinis
3689 1877 3816 1922 tunc

2231 1948 2344 1999 est,
2375 1938 2583 2004 quando
2621 1937 2653 1990 ii
2693 1937 2780 2004 qui
2824 1937 3026 1989 nobiles
3053 1935 3296 1988 dicuntur
3317 1975 3332 2001 ,
3361 1937 3706 1992 dehonestari
3735 1939 3815 1992 vi-

2229 2007 2422 2062 dentur
2453 2026 2465 2060 :
2497 2007 2650 2062 facile
2679 2007 2820 2060 enim
2851 2007 3142 2060 imitatores
3173 2007 3370 2060 invenit
3407 2011 3690 2062 honestata
3723 2024 3818 2063 no-

2233 2079 2426 2132 bilitas.
2455 2077 2511 2132 Si
2549 2092 2677 2148 ergo
2717 2077 2824 2143 jam
2865 2075 3271 2148 porroipridem‘
3303 2088 3518 2146 propter
3549 2077 3656 2132 hoc
3685 2095 3816 2148 pru-

2229 2149 2416 2203 dentes
2445 2148 2542 2201 sibi
2583 2146 2926 2208 videbantur,
2965 2147 3086 2214 quia
3125 2147 3210 2200 cui
3249 2146 3385 2200 fieda
3431 2146 3818 2204 inventio‘hmc

2231 2219 2558 2287 displiceret,
2589 2232 2692 2270 non
2723 2227 2866 2280 erat;
2895 2232 3035 2270 nunc
3059 2217 3182 2286 quia
3225 2219 3315 2271 Dei
3359 2219 3726 2274 misericordia
3757 2221 3820 2274 il-

2231 2289 2506 2342 lustratum
2530 2295 2612 2342 est
2635 2301 2800 2356 genus
2833 2287 3150 2344 humanum.
3177 2299 3230 2342 et
3255 2287 3582 2342 declaratum
3610 2291 3816 2345 crimen

2231 2373 2349 2412 eSse
2365 2357 2503 2426 quod
2525 2373 2619 2428 pro
2637 2357 2750 2426 lege
2773 2356 3102 2420 credebatur,
3127 2359 3344 2428 stultum
3359 2361 3698 2428 autemquod
3723 2376 3820 2428 pn-

2235 2430 2445 2482 tahatur
2473 2427 2747 2496 prudentia
2777 2433 3080 2492 Inventum;
3113 2428 3194 2482 vel
3215 2428 3282 2480 ah
3323 2426 3420 2481 hac
3457 2426 3819 2498 appellatione

2233 2513 2444 2552 cessare
2467 2499 2744 2562 deberent,
2781 2512 3094 2570 permanere
3120 2499 3360 2570 nolentes
3383 2499 3437 2553 in
3461 2500 3676 2554 detecto
3707 2501 3818 2556 cri-

2231 2570 2374 2623 mine
2398 2609 2411 2630 ,
2457 2567 2840 2637 cognoscentes
2871 2583 3064 2622 nomen
3103 2567 3374 2637 sapientia:
3411 2585 3442 2622 a
3485 2585 3544 2624 se
3581 2571 3820 2626 alienum

2233 2654 2372 2694 esse.
2405 2637 2510 2692 Sed
2551 2649 2607 2692 ut
2647 2637 2844 2692 addant
2877 2637 2944 2691 ad
2989 2637 3258 2692 cumulum
3311 2641 3662 2694 confessionis
3707 2656 3821 2696 suae

2233 2709 2543 2774 stultitiam,
2591 2708 2644 2762 in
2681 2708 2898 2760 stultitia
2942 2708 3256 2776 deprehensi
3302 2721 3493 2764 vocant
3533 2710 3748 2777 fatuos,
3789 2727 3820 2766 a

2231 2779 2422 2848 quibus
2449 2783 2850 2833 convincuntur.
2879 2777 2987 2832 Sed
3025 2779 3182 2851 Iidem
3222 2788 3456 2834 nostram
3487 2791 3544 2836 et
3587 2783 3822 2851 posteri-

2235 2857 2394 2904 tatem
2421 2859 2666 2921 accusant
2687 2866 2718 2921 ;_
2729 2851 2786 2921 in
2811 2849 3094 2921 praeceptis
3118 2859 3298 2903 autem
3325 2865 3429 2904 non
3457 2849 3658 2921 negant
3689 2851 3820 2908 nihil

2233 2933 2388 3001 posse
2428 2918 2762 2988 reprehendi.
2795 2919 2894 2986 Qui
2925 2918 3082 2972 ﬁdem
3113 2930 3348 2974 nostram
3383 2918 3642 2976 accusant
3663 2965 3679 2986 ,
3713 2939 3818 2978 non

2231 2997 2398 3059 magis
2439 3001 2624 3044 contra
2675 3006 2791 3054 IIOS,
2833 3004 2990 3059 quam
3033 2997 3216 3044 contra
3263 2999 3532 3046 auctorem
3573 3003 3820 3048 DOSII'IIIII

2231 3061 2545 3127 suscipiunt.
2569 3060 2678 3114 Nos
2697 3059 2838 3114 enim
2858 3061 3068 3126 stultos,
3093 3061 3180 3128 qui
3201 3061 3350 3130 quasi
3373 3062 3448 3115 rei
3473 3060 3637 3117 fatua:
3661 3063 3818 3118 tidem

2231 3129 2535 3184 dederimus
2573 3147 2586 3183 :
2633 3131 2778 3184 illum
2819 3139 2998 3184 autem
3041 3129 3348 3184 mendacem
3375 3141 3440 3186 et
3475 3133 3820 3189 circumven-

2233 3211 2402 3273 torem
2423 3241 2440 3265 ,
2469 3213 2674 3254 necnon
2703 3209 2758 3255 et
2787 3200 3105 3273 malitiosum
3137 3203 3514 3273 pronuntiant,
3539 3205 3634 3273 qui
3665 3205 3820 3260 fidem

2233 3270 2466 3325 traderet
2491 3285 2764 3345 perquam
2785 3271 3167 3345 iirciperemnr.
3197 3269 3487 3345 Credentes
3511 3269 3644 3345 ergo
3677 3277 3822 3344 prius

2231 3357 2336 3394 non
2368 3354 2465 3394 nos
2491 3341 2652 3395 stulte
2691 3341 2981 3394 credidisse
3019 3341 3338 3409 probemus;
3371 3341 3566 3398 deinde
3579 3341 3818 3400 causam

2231 3411 2398 3466 acturi
2417 3410 2908 3484 auctoris.‘Cum__in
2933 3427 3112 3484 errore
3135 3411 3447 3484 deget-emus
3470 3416 3520 3468 in
3547 3431 3662 3484 quo
3683 3431 3824 3471 nunc

2235 3488 2451 3536 manent
2491 3480 2708 3551 Pagani,
2757 3481 2916 3534 nullis
2950 3480 3402 3551 virtutum’signis
3442 3480 3680 3551 attracti,
3727 3485 3820 3541 sed

2231 3551 2387 3606 nudis
2414 3551 2586 3606 verbis
2613 3567 2731 3620 qua:
2769 3561 3136 3626 sa_cra__vuc_ant
3167 3555 3522 3626 percepimus,
3559 3557 3823 3626 prodesse

2231 3630 2475 3694 putantes
2499 3664 2513 3686 ,
2557 3638 2658 3674 non
2704 3622 2865 3694 quod
2889 3620 3138 3694 divinitas
3171 3620 3694 3694 commendaverat,
3727 3627 3818 3682 sed

2231 3693 2372 3768 quod
2401 3701 2550 3768 vetus
2577 3692 2905 3768 consuetudo
2943 3693 3229 3768 tradiderat
3257 3710 3271 3745 :
3301 3695 3354 3768 in
3383 3711 3484 3763 qua
3511 3692 3686 3768 (quod
3717 3713 3821 3752 non

2234 3759 2380 3835 latet)
2411 3762 2804 3835 diversis_illu_si
2840 3763 3162 3835 vanitatibus
3183 3804 3198 3826 ,
3229 3759 3422 3835 nnliam
3451 3759 3606 3835 Spein
3635 3769 3822 3822 salutis

2231 3831 2595 3902 cognovimus.
2627 3831 2764 3898 Quid
2791 3834 2934 3902 enim
2965 3843 3168 3902 poterat
3208 3834 3460 3902 prodesse
3483 3831 3592 3890 ’νεεδ
3619 3839 3691 3890 ab
3719 3839 3820 3892 ho-

2233 3901 2460 3958 minibus
2506 3903 2758 3958 inventa?
2789 3901 2858 3959 Ut
2893 3901 3068 3958 autem
3107 3903 3171 3957 ad
3210 3901 3370 3958 fidem
3405 3905 3499 3960 Dei
3527 3908 3820 3964 accedere-

2235 3987 2378 4036 mus,
2409 3982 2462 4028 et
2489 3973 2680 4028 Filium
2711 3973 2826 4042 ejus
2853 3974 3184 4028 incarnatum
3203 3985 3256 4028 et
3279 3976 3594 4031 crucifixum
3631 3979 3824 4034 crede-

2233 4057 2433 4110 remus,
2465 4059 2572 4097 non
2599 4044 2774 4098 verbis
2813 4058 3028 4098 suasum
3067 4053 3154 4099 est
3187 4045 3358 4110 nobis,
3387 4048 3480 4100 sed
3511 4047 3698 4102 rebus.
3727 4047 3824 4104 Vi-

2231 4113 2407 4168 dimus
2447 4114 2588 4168 enim
2629 4114 3196 4190 mortuossuscitatus,
3228 4115 3470 4190 leprosos
3509 4121 3822 4190 mundatus,

2231 4198 2376 4256 caeco
2403 4193 2526 4238 nato
2553 4185 2732 4256 oculos
2765 4185 3036 4256 restitutos
3057 4227 3074 4251 ,
3101 4185 3360 4256 desinentia
3405 4188 3578 4256 ejecta
3596 4231 3612 4255 ,
3661 4201 3714 4244 et
3745 4185 3822 4244 si;

2233 4255 2342 4326 mut
2369 4269 2556 4326 omnes
2587 4255 2922 4310 inﬁrmitates
2959 4267 3189 4308 curatas.
3221 4255 3372 4310 Nunc
3413 4255 3634 4326 quando
3673 4261 3822 4316 stulti

2231 4324 2424 4380 fuimus
2457 4325 2752 4396 judicétur;
2793 4340 2914 4380 cum
2947 4325 3102 4380 nudis
3137 4327 3310 4380 verbis
3335 4324 3686 4396 credidimus,
3731 4339 3826 4385 aut

2195 4400 2210 4416 ‘
2233 4409 2352 4450 cum
2392 4396 2590 4450 rebus?
2627 4395 2752 4450 Sine
2793 4396 2971 4466 dubio,
2995 4398 3136 4466 enim
3175 4411 3264 4450 res
3303 4407 3428 4451 ante
3457 4400 3622 4454 verba
3651 4395 3820 4466 Sunt;

2232 4467 2426 4542 quippe
2453 4481 2573 4542 cum
2601 4467 2666 4520 ad
2696 4482 2784 4522 res
2811 4461 3180 4542 significantius
3209 4467 3419 4542 inventa
3445 4470 3576 4524 sint.
3605 4471 3664 4526 Si
3691 4461 3824 4542 ergo

2235 4536 2502 4610 traditioni
2529 4536 2793 4610 humanae,
2821 4538 2962 4610 nulla
2987 4537 3242 4610 suadente
3271 4539 3486 4604 virtute,
3514 4557 3638 4610 qua:
3663 4542 3730 4596 ad
3755 4536 3828 4596 ῙΙ-

2235 4607 2492 4662 ludcndas
2507 4615 2710 4678 mentes
2729 4609 3000 4661 hominum
3021 4608 3230 4678 inventa
3249 4619 3350 4676 est,
3367 4607 3823 4678 tidem—dedimus;

2233 4686 2429 4757 quanto
2457 4678 2624 4757 magis
2651 4677 2804 4757 huic,
2829 4693 2986 4746 quam
3016 4677 3246 4732 divinam
3283 4690 3336 4732 et
3359 4681 3612 4757 deificum
3639 4677 3826 4737 omnia

2233 4749 2380 4824 signa
2403 4764 2520 4824 qu:_e
2543 4749 2705 4802 Deum
2729 4749 2996 4824 invocant,
3031 4751 3435 4824 contestantur?
3449 4751 3640 4807 Nonne
3661 4753 3826 4824 digne

2233 4818 2376 4872 stulti
2401 4819 2783 4894 judicaremur,
2801 4820 2846 4872 si
2877 4820 3154 4894 virtutibus
3183 4836 3284 4874 non
3315 4821 3660 4894 crederemus
3686 4865 3702 4888 ,
3721 4818 3828 4894 qui

2235 4889 2570 4942 sermonibus
2607 4889 3036 4944 credideramus?
3065 4889 3250 4945 Nonne
3289 4892 3684 4948 rationabiliter
3727 4889 3832 4948 int-

2235 4959 2439 5028 providi
2463 4967 2518 5013 et
2541 4960 2820 5014 inconsulti
2841 4968 3156 5034 notarentur
3172 5000 3188 5024 ,
3216 4962 3259 5034 si
3274 4961 3638 5034 advocantem
3668 4980 3828 5034 spem

2237 5046 2342 5084 non
2375 5044 2739 5098 sequeremur,
2767 5031 2854 5097 qui
2883 5030 3236 5099 desperationi
3265 5029 3536 5086 fueramus
3561 5029 3782 5088 obnoxii
3803 5037 3826 5089 ’Ξ

2237 5099 2364 5161 Sed,
2401 5101 2548 5153 aiunt
2571 5115 2602 5154 e
2626 5109 2812 5154 contra
2835 5142 2850 5164 ,
2879 5099 3094 5154 stultum
3121 5109 3202 5154 est
3239 5103 3380 5170 quod
3409 5105 3670 5159 creditur.
3707 5105 3834 5160 Non

2237 5171 2380 5224 enim
2411 5171 2870 5246 rationi__snbsistit
2891 5211 2906 5235 ,
2937 5171 3100 5225 Deum
3143 5170 3339 5226 habere
3369 5171 3562 5227 Filium
3587 5191 3606 5240 ;
3651 5190 3833 5246 neque

2237 5249 2475 5320 emortua
2503 5241 3102 5320 et_dissoluta_eorpora
3141 5258 3322 5297 rursus
3377 5247 3618 5313 reparari
3663 5241 3834 5314 poése

2237 5311 2302 5366 ad
2335 5311 2517 5364 vitam.
2553 5310 2750 5366 Omnes
2786 5311 3084 5381 philosophi
3125 5319 3182 5367 et
3217 5310 3478 5367 sectarum
3515 5310 3840 5371 inventores

2237 5382 2464 5456 diversis
2487 5381 2930 5456 disputationibus
2961 5383 3184 5456 invicem
3211 5399 3270 5438 se
3295 5384 3676 5456 confoderunt,
3711 5389 3840 5442 uul-

2239 5453 2328 5534 ius
2368 5451 2434 5534 ad
2475 5454 2698 5534 aiterum
2741 5453 3198 5534 transienquu‘ia
3241 5451 3692 5534 uniusquisquein
3725 5473 3842 5534 quo

2239 5523 2472 5595 imbutus
2501 5523 2670 5578 fuerat
2694 5567 2707 5586 ,
2736 5525 3096 5592 permanebat.
3121 5523 3224 5578 Per
3251 5525 3300 5578 id
3326 5523 3468 5578 enim
3495 5523 3640 5595 quod
3667 5523 3842 5584 verba

2241 5594 2640 5668 cuntradictioni
2663 5595 2889 5668 obnoxia
2907 5603 3052 5668 sunt,
3079 5595 3250 5668 nullus
3267 5597 3489 5650 alterum
3512 5594 3841 5668 Super-nbat.

2241 5664 2354 5720 Non
2385 5664 2526 5720 enim
2565 5675 2680 5720 erat
2703 5665 2842 5719 unde
2866 5679 2926 5720 sc
2954 5665 3070 5734 quis
3098 5667 3348 5720 victorem
3375 5664 3714 5734 ostenderet,
3741 5668 3846 5725 sed

2245 5736 2470 5790 invicem
2495 5735 3000 5806 contradictionibus
3026 5751 3085 5790 se
3115 5735 3408 5806 fatigantes,
3441 5739 3665 5794 minime
3695 5741 3846 5794 alter

2245 5808 2394 5862 alteri
2423 5807 2790 5878 persuadebat.
2817 5805 2954 5862 Hinc
2977 5805 3174 5863 factum
3211 5805 3292 5864 est
3329 5819 3386 5864 ut
3415 5809 3508 5864 Dei
3541 5809 3846 5880 providen-
