4042 6504
332 443 465 503 ⁶2355

333 567 505 633 potest
526 577 538 613 :
564 557 664 633 hoc
685 556 826 612 enim
854 555 953 633 sibi
978 555 1118 611 Deus
1136 556 1456 633 reservavit,
1483 556 1631 633 unde
1648 567 1900 633 appareat

331 627 445 687 eum
480 630 757 684 Dominum
782 628 1017 682 omnium
1058 642 1197 683 esse.
1243 627 1324 681 Ad
1368 629 1726 683 subruendum
1757 629 1900 683 enim

332 703 489 757 fatum
520 699 775 770 pertinet,
805 698 928 768 quia
959 699 1152 753 mortui
1192 709 1574 761 surrexerunt;
1602 714 1745 754 careo
1775 710 1901 754 nato

329 772 462 828 oculi
508 771 778 825 reformati
827 778 989 841 sunt,
1023 772 1148 839 aegri
1177 777 1229 823 et
1278 771 1550 841 paralytici
1601 772 1899 825 confirmati

331 851 449 900 sunt
468 884 483 909 ,
511 852 564 896 ct
587 848 779 895 extera
811 856 930 909 quae
956 838 1102 909 facta
1130 846 1256 893 sunt
1293 840 1393 892 alia
1415 838 1440 905 ,⁷
1463 851 1518 896 ut
1543 842 1898 909 confugienti-

327 914 421 969 bus
443 912 510 966 ad
536 913 699 965 Deum
720 951 736 975 ,
770 911 812 964 si
844 908 968 979 quid
1015 910 1102 964 fati
1143 924 1265 965 esse
1307 921 1513 979 potest,
1547 912 1898 980 impedimen-

327 993 430 1038 tum
450 981 641 1037 afl'erre
665 997 767 1034 non
792 981 976 1049 possit.
1002 980 1135 1034 Dicit
1160 982 1299 1033 enim
1330 981 1560 1035 Joannes
1589 983 1859 1051 apostolus
1882 1000 1897 1038 :

327 1054 494 1119 Maior
513 1062 585 1106 est
606 1094 621 1114 ,
651 1053 848 1119 inquit.
888 1051 972 1119 qui
1014 1052 1065 1103 in
1110 1051 1249 1104 nobis
1276 1061 1381 1115 cu,
1413 1069 1563 1119 quant
1598 1054 1685 1120 qui
1725 1054 1777 1106 in
1806 1052 1899 1107 hoc

326 1124 509 1177 inundo
534 1122 574 1191 (I
596 1120 753 1175 Joan.
776 1136 847 1182 Iv,
870 1121 950 1187 ι).
982 1120 1210 1190 Rogatus
1231 1122 1369 1174 enim
1400 1122 1539 1177 Dens
1558 1164 1573 1187 ,
1601 1122 1758 1178 etiam
1781 1139 1899 1191 qute

325 1195 503 1248 statuit
533 1201 764 1246 amovet.
793 1191 924 1244 Nam
960 1192 1143 1262 utique
1170 1193 1353 1243 statuit
1375 1193 1424 1245 in
1459 1201 1763 1262 peceatores
1784 1194 1901 1247 viu-

322 1263 641 1327 dieandum,
691 1271 745 1315 et
798 1272 975 1315 tanien
1023 1260 1743 1332 dc-precantibus'iguoscit;
1774 1264 1898 1331 quia

322 1335 415 1403 ipsi
442 1334 541 1387 soli
568 1333 693 1386 licet
737 1332 903 1401 ligare
932 1341 985 1403 et
1002 1333 1247 1403 _solvere.
1281 1331 1431 1387 Unde
1469 1348 1589 1387 eum
1614 1334 1709 1387 soli
1740 1336 1898 1389 statio

320 1400 571 1458 concessa
602 1417 705 1455 non
736 1400 807 1455 sit
828 1442 841 1463 ,
868 1402 965 1455 sub
993 1400 1117 1455 Jesu
1156 1401 1297 1456 Nave
1322 1402 1502 1469 jussus
1531 1412 1612 1457 est
1645 1411 1814 1467 stare,
1843 1414 1898 1459 et

318 1474 552 1529 obedivit
601 1474 716 1539 ejus
765 1473 986 1540 imperio
1026 1470 1217 1542 (Iosue,
1247 1488 1308 1535 x,
1336 1471 1436 1536 12,
1471 1474 1580 1542 15),
1613 1485 1795 1527 contra
1844 1475 1893 1528 id

317 1544 454 1612 quod
494 1543 595 1596 sibi
641 1544 692 1595 itt
725 1543 930 1614 ratione
970 1542 1148 1614 mundi
1196 1540 1369 1614 fuerat
1408 1540 1753 1614 praeceptum.
1787 1544 1897 1598 Sub

318 1614 548 1668 Ezecbia
572 1624 749 1667 autem
775 1613 1002 1680 amplius
1041 1613 1231 1667 factum
1261 1613 1488 1681 legitur;
1521 1615 1638 1682 quia
1670 1625 1726 1667 ut
1762 1615 1895 1668 Eze-

315 1684 495 1746 chias,
531 1683 670 1751 quod
715 1683 813 1736 sibi
864 1683 1178 1751 promissum
1227 1692 1576 1745 erat,vertuu
1621 1700 1737 1738 esse
1792 1702 1893 1739 non

314 1754 617 1817 dubitaret,
645 1753 850 1822 signum
876 1753 978 1805 tale
1007 1754 1208 1822 accepit
1227 1794 1242 1817 ,
1265 1754 1403 1822 quod
1431 1770 1621 1807 novum
1649 1764 1809 1810 esset.
1842 1764 1895 1810 et

317 1825 565 1877 humanis
590 1825 804 1876 auribus
827 1822 1142 1876 inauditum.
1172 1823 1285 1876 Non
1309 1825 1448 1877 enim
1472 1824 1609 1877 sicut
1631 1825 1773 1893 prius
1793 1826 1893 1880 soli

308 1896 516 1965 jussum
562 1903 643 1948 est
683 1903 749 1965 ut,
775 1902 981 1965 staret,
1003 1895 1095 1965 sed
1137 1904 1196 1965 ut
1237 1902 1591 1965 reverteretur
1618 1906 1759 1965 retro
1789 1896 1892 1964 (IV

315 1962 439 2035 Reg.
471 1979 546 2018 xx
573 2005 587 2027 ,
619 1962 706 2034 ll)
732 1979 747 2035 _:
773 1963 1121 2035 quodvideus
1148 1963 1398 2035 Ezechias
1435 1974 1636 2019 eertum
1678 1962 1892 2021 haberet

310 2032 432 2089 eum
458 2048 618 2103 posse
644 2032 757 2105 sibi
774 2033 1073 2102 quindecim
1105 2049 1272 2087 annos
1292 2034 1487 2087 addere
1506 2036 1569 2088 ad
1598 2036 1777 2098 vitam,
1803 2037 1893 2105 qui

309 2106 375 2159 de
408 2106 541 2157 liora
572 2118 707 2157 nona
738 2103 934 2173 fecerat
959 2113 1183 2157 sextam.
1216 2105 1283 2157 Et
1318 2105 1438 2173 quia
1468 2114 1651 2158 contra
1691 2103 1895 2161 nintlic-

311 2177 542 2229 matieos
593 2182 675 2227 est
723 2172 1152 2245 quod_Ereclii:c
1204 2189 1515 2228 concessum
1561 2185 1669 2237 est,
1702 2187 1895 2245 negant

308 2248 451 2299 enim
487 2259 643 2313 posse
673 2242 889 2313 addiad
937 2242 1126 2306 vitam;
1151 2244 1358 2311 signum
1392 2246 1581 2299 iterum
1626 2246 1675 2298 in
1709 2242 1805 2299 hac
1834 2263 1893 2302 re

307 2314 450 2387 quod
478 2312 664 2367 contra
697 2312 1097 2387 nuitbematicos
1117 2324 1285 2387 esset,
1316 2315 1526 2387 accipit,
1562 2314 1893 2387 [inpossibile

308 2383 451 2440 enim
476 2383 890 2456 asseruntaliud
928 2394 1067 2456 astra
1112 2383 1286 2440 facere
1328 2400 1483 2453 quam
1515 2384 1671 2439 habet
1690 2387 1892 2440 consti-

306 2464 507 2509 tutum.
542 2451 697 2507 Certe
728 2451 815 2506 fati
844 2468 962 2507 esse
986 2454 1168 2507 dicunt
1186 2451 1395 2509 servum
1430 2455 1651 2519 habere,
1676 2468 1763 2508 aut
1786 2472 1891 2511 non

312 2527 539 2580 habere.
573 2523 721 2577 Esto.
747 2524 828 2576 Ab
854 2523 1003 2577 initio
1033 2525 1212 2577 mundi
1246 2524 1356 2577 haec
1382 2524 1486 2577 fata
1527 2526 1611 2577 ubi
1643 2525 1892 2580 fuerunt?

304 2596 494 2669 Usque
517 2594 583 2647 ad
610 2594 860 2669 diluvium
883 2595 1023 2669 enim
1051 2603 1103 2647 et
1134 2594 1265 2669 infra
1288 2596 1448 2669 multa
1475 2596 1889 2669 serieannorum

303 2663 579 2720 transacta
603 2708 613 2725 ,
643 2681 747 2717 non
779 2663 875 2717 fuit
900 2663 1011 2717 haec
1039 2663 1270 2717 conditio
1291 2664 1580 2717 servitutis.
1607 2666 1712 2717 Aut
1738 2681 1892 2719 num-

305 2736 438 2806 quid
472 2750 540 2788 ex
563 2734 679 2806 Nini
712 2734 851 2806 regis
874 2733 1200 2806 teniporibus
1221 2735 1332 2806 hagc
1356 2737 1455 2806 lata
1482 2745 1776 2806 creperum,
1800 2738 1891 2804 qui

302 2803 759 2876 primus‘dicitur
809 2803 1231 2876 finitiuiisbelln
1290 2803 1484 2876 inferre
1532 2804 1793 2872 cmpisse,
1821 2803 1893 2860 iet

299 2873 497 2944 captos
525 2873 699 2928 facere
739 2874 978 2928 servituti
1023 2873 1502 2944 obnoxiostides
1540 2890 1665 2941 ergo
1710 2885 1889 2943 postea

301 2942 409 3001 hoc
436 2960 565 3000 esse
592 2945 863 2998 inventum
886 2984 903 3007 ,
935 2954 988 2999 et
1026 2960 1132 2999 non
1161 2958 1280 2998 esse
1324 2942 1447 3009 fati,
1472 2945 1563 2998 sed
1594 2942 1744 2998 actus
1779 2946 1891 3000 da:-

299 3030 568 3076 monum;
603 3016 724 3082 quia
769 3017 811 3068 si
853 3014 941 3067 fati
986 3024 1165 3079 esset,
1196 3014 1262 3067 ab
1301 3014 1448 3067 initio
1476 3015 1657 3067 mundi
1686 3015 1886 3071 fuisset.

296 3088 421 3156 Ipsa
452 3085 601 3138 enim
642 3092 766 3137 sunt
809 3084 982 3137 sidera
1034 3082 1325 3156 qua:_facta
1371 3092 1495 3138 sunt
1538 3086 1590 3138 in
1623 3086 1810 3156 initio,
1838 3096 1892 3143 et

295 3153 452 3210 nunc
484 3162 667 3207 manet
694 3168 881 3208 cursus
920 3168 1124 3208 eorum.
1155 3153 1222 3207 Et
1265 3164 1418 3207 antea
1466 3155 1569 3207 vita
1618 3155 1888 3211 hominum

292 3225 540 3294 agrestis
567 3234 710 3289 erat,
745 3240 841 3277 nec
860 3224 1057 3278 divitiis
1084 3224 1399 3279 studebatur
1423 3243 1436 3278 :
1460 3225 1724 3293 quomodo
1752 3244 1891 3283 inme

292 3295 567 3364 astrologi
601 3310 693 3362 per
734 3304 873 3348 astra
901 3294 1083 3349 dicunt
1118 3295 1308 3348 divites
1339 3304 1389 3348 et
1437 3310 1698 3364 pauperes
1738 3297 1889 3352 fieri?

291 3363 583 3434 Numquid
606 3370 799 3418 mutata
820 3373 942 3417 sunt
963 3364 1141 3435 astra?
1162 3368 1228 3419 At
1246 3367 1474 3435 versutia
1496 3363 1554 3418 et
1571 3370 1887 3435 prmstigium

294 3449 384 3491 est
417 3436 674 3506 Sataurc,
706 3442 767 3488 ut
788 3448 848 3488 ea
878 3450 973 3502 per
995 3434 1177 3488 stellas
1202 3434 1345 3488 dicat
1369 3437 1515 3499 fieri,
1544 3451 1664 3504 quae
1687 3434 1891 3506 angelis

291 3508 414 3561 suis
445 3504 710 3577 ministris
735 3513 1005 3577 Operatur.
1034 3506 1334 3577 Accedente
1359 3507 1500 3577 enim
1530 3504 1889 3577 teinpore‘quo

292 3577 563 3632 interitus
587 3574 1085 3647 ei_appr0pinquat,
1110 3575 1316 3647 majora
1355 3576 1624 3631 adinvenit
1642 3574 1742 3645 per
1769 3574 1889 3647 qua:

291 3658 581 3716 peccetur.
629 3645 766 3716 Ecce
812 3646 1007 3698 scimus
1057 3645 1323 3716 laborasse
1366 3647 1505 3700 fame
1565 3645 1801 3712 Italiam,
1837 3659 1892 3704 et

290 3714 547 3771 Africam
570 3756 585 3777 ,
617 3724 671 3768 et
716 3714 977 3777 Siciliam,
1007 3724 1058 3768 et
1104 3714 1437 3780 Sardiniam;
1466 3717 1644 3771 dicant
1687 3719 1891 3775 mathe-

290 3787 485 3842 matici
514 3826 529 3847 ,
561 3786 605 3839 si
626 3800 812 3839 omnes
839 3786 889 3838 hi
920 3801 1082 3839 unum
1109 3785 1269 3839 fatum
1302 3785 1631 3851 habuerunt,
1662 3802 1779 3842 cum
1808 3791 1887 3844 in-

288 3866 376 3911 ter
404 3865 635 3912 centum
680 3870 748 3909 ne
784 3856 996 3922 quidem
1039 3856 1263 3910 duorum
1311 3855 1412 3909 fata
1457 3859 1555 3912 sibi
1599 3862 1889 3915 convenire

286 3944 458 3997 posse
489 3926 763 3981 dicantur.
792 3924 1123 3999 Erubescant
1141 3968 1159 3999 Α,
1188 3936 1242 3981 et
1282 3934 1521 3990 taceant;
1544 3937 1597 3981 et
1629 3929 1733 3982 Deo
1759 3945 1888 3999 sup-

288 3996 468 4065 plices
492 4011 691 4067 manus
713 3996 956 4056 tendant,
993 3997 1043 4049 in
1069 3997 1219 4065 cujus
1244 4006 1503 4067 potestate
1532 4009 1653 4052 sunt
1690 3996 1886 4055 omnia.

284 4068 398 4122 Sed
432 4068 489 4121 in
532 4068 636 4119 hoc
667 4066 799 4120 forte
829 4068 1137 4135 subreptum
1177 4066 1259 4120 est
1300 4066 1457 4122 fatis?
1486 4069 1623 4136 Quid
1650 4069 1888 4126 dicamus

280 4152 411 4192 esse
444 4138 520 4191 de
570 4137 866 4200 Pannonia,
899 4152 1016 4206 qum
1045 4139 1120 4190 sic
1159 4152 1309 4191 erasa
1353 4151 1469 4205 εει,
1500 4148 1555 4193 ut
1599 4140 1887 4196 remed;um

282 4208 499 4281 habere
526 4222 645 4281 non
663 4208 863 4275 possit?
883 4208 926 4261 Ο
948 4207 1224 4262 infirmitas
1244 4225 1426 4262 eorum
1448 4214 1461 4263 ι
1489 4211 1606 4279 quia
1632 4211 1731 4264 fide
1756 4228 1885 4281 pen-

282 4278 783 4351 dulachristianos
816 4292 933 4332 sese
972 4281 1303 4351 profitentur:
1341 4281 1470 4334 Dum
1501 4278 1641 4334 enim
1669 4282 1734 4335 de
1756 4278 1889 4351 pro-

279 4349 475 4421 missis
504 4347 787 4409 dubitant,
820 4362 916 4421 nec
951 4349 1017 4421 de
1043 4348 1108 4421 iis
1134 4365 1251 4416 (IULB
1278 4347 1411 4402 facta
1451 4360 1604 4416 sunt,
1634 4347 1883 4421 cogitant.

278 4418 336 4472 Si
366 4422 523 4490 enim
570 4432 635 4471 ea
662 4432 779 4485 quae
803 4432 831 4468 a
862 4416 1140 4490 Pr0pbelis
1164 4428 1219 4490 et
1256 4421 1521 4484 Apostolis
1554 4416 1885 4490 gesta'sunt,

279 4489 735 4551 considerarent,
756 4502 1024 4554 nunquam
1048 4489 1246 4541 fabulas
1275 4492 1762 4545 matbematicorum
1792 4489 1887 4546 ad;

276 4562 602 4614 mitterent.
628 4556 839 4610 Scirent
866 4558 1004 4631 enim
1026 4558 1207 4631 omnia
1232 4558 1407 4631 inDei
1444 4575 1563 4631 esse
1592 4572 1849 4629 potestate
1869 4607 1884 4631 ,

279 4647 385 4701 nec
418 4636 766 4701 terrerentur
786 4628 999 4697 quando
1026 4628 1177 4701 bonis
1205 4629 1342 4683 mala
1378 4628 1651 4693 accidunt;
1684 4633 1804 4701 quia
1835 4628 1886 4688 in

275 4700 471 4755 futuro
521 4698 736 4769 judicio
783 4700 1281 4769 reinunerabuntur,
1334 4716 1599 4755 memores
1653 4698 1887 4769 Ajiostoli

276 4767 566 4837 dicentis,
604 4767 739 4832 Quia
784 4784 883 4841 per:
916 4767 1289 4841 tribulationes,
1337 4771 1537 4839 inquit,
1567 4767 1756 4841 Oportet
1797 4790 1888 4826 nos

274 4842 486 4895 intrare
512 4841 574 4893 in
595 4854 815 4912 regnum
845 4837 940 4892 Dei
972 4838 1103 4912 (Act.
1138 4856 1243 4912 xiv.
1272 4841 1385 4912 2f).
1410 4837 1700 4897 Contentus
1720 4846 1884 4909 enim,

273 4921 331 4967 et
378 4912 481 4967 Dei
514 4910 607 4965 sui
649 4920 963 4977 exspectans
1000 4910 1254 4977 judicium
1276 4952 1291 4973 ,
1324 4910 1691 4967 remuneratus
1727 4914 1887 4969 etiam

274 4982 685 5051 vindicabitur.
714 4979 774 5051 Si
804 4981 943 5033 enim
971 4980 1023 5033 in
1054 4982 1296 5049 prasenti
1323 4981 1573 5036 vindicari
1598 4984 1884 5051 desiderat,

273 5063 373 5107 aut
401 5050 569 5107 omni
602 5050 859 5122 aviditate
887 5051 1233 5119 prtesentibus
1254 5052 1354 5105 frui
1377 5054 1543 5122 copiis
1562 5095 1575 5115 ,
1596 5055 1801 5108 dubitat
1822 5050 1888 5111 de

271 5126 568 5195 promissa
594 5120 734 5183 vita;
761 5136 826 5195 _ac
855 5137 946 5190 per
964 5123 1070 5195 AIIOC
1101 5122 1150 5195 in
1183 5123 1356 5195 futuro
1381 5120 1518 5195 inter
1538 5126 1766 5193 perfidos
1792 5126 1890 5179 de-

269 5190 509 5265 putatus
546 5190 936 5265 paenadiguus
964 5191 1262 5265 habebitur.
1295 5190 1551 5247 Munduni
1575 5198 1716 5248 enim
1750 5198 1887 5251 Deus

272 5260 523 5336 propter
548 5260 871 5317 exercitium
909 5260 1033 5315 fecit
1052 5304 1067 5326 ,
1100 5275 1154 5317 et
1177 5265 1423 5318 omnibus
1448 5266 1615 5334 copiis
1638 5266 1888 5319 honesta-

265 5340 385 5401 vit,
418 5337 573 5390 duas
607 5347 799 5387 causas
838 5348 1171 5401 proponens,
1200 5347 1516 5405 praesentem
1542 5350 1596 5391 et
1621 5336 1845 5391 futuram
1868 5379 1884 5404 ,

267 5409 580 5463 caelestem
613 5412 670 5457 et
707 5415 1002 5468 terrenam,
1032 5413 1089 5457 ut
1116 5406 1180 5457 ad
1222 5406 1584 5474 probationem
1614 5418 1759 5462 esset
1788 5409 1887 5462 ho-

262 5479 447 5533 mini:
476 5484 547 5532 ut
593 5475 686 5542 qui
729 5484 905 5541 Spreta
949 5474 1119 5548 futura
1154 5476 1257 5529 vita
1297 5487 1610 5545 pra-sentem
1638 5480 1884 5548 eligeret,

262 5550 425 5604 carni
480 5548 873 5615 deputaretur;
904 5547 989 5614 qui
1018 5562 1142 5600 vero
1178 5549 1421 5615 praesenti
1470 5548 1694 5602 futuram
1736 5559 1887 5603 ante-

262 5629 541 5689 poneret,
568 5616 940 5689 Spiritualibus
955 5616 1143 5686 dignus
1166 5617 1480 5689 haberetur;
1513 5629 1566 5673 et
1580 5621 1669 5689 qui
1694 5620 1887 5688 injuste

260 5688 509 5763 pressus
535 5688 783 5763 potentia
810 5688 1123 5763 _iiijustorum
1148 5729 1183 5763 ,_
1193 5688 1440 5763 querelas
1468 5690 1575 5743 Deo
1600 5688 1889 5763 deponeret

258 5758 349 5818 vel
379 5762 711 5830 resignaret
740 5758 782 5823 ⁸,
809 5758 861 5812 iu
892 5758 1070 5813 futuro
1092 5758 1293 5830 judicio
1323 5758 1590 5815 relevatus
1622 5760 1885 5830 spirituali

324 5898 346 5932 ι
377 5904 471 5948 us.
494 5890 843 5958 Colbertinus,
864 5901 1145 5949 reservaret.

1774 440 1994 497 APPEN
2005 439 2136 497 ΜΚ.

3440 447 3584 505 2554

2005 557 2172 626 gloria
2197 556 2567 613 honorantur.
2598 558 2746 615 Unde
2776 559 2955 615 nullus
2974 568 3280 617 sanctorum
3309 562 3362 618 in
3386 565 3586 621 mundo

2044 629 2265 700 loriosus
2301 629 2577 700 apparuit,
2606 645 2778 700 neque
2807 640 3096 699 praesentes
3121 631 3305 687 dilexit
3342 633 3583 692 delicias.

2055 697 2141 776 _inc
2169 697 2456 776 Apostolus
2479 717 2492 753 :
2520 697 3023 776 [tollentem—inquit.
3042 703 3227 776 uictum
3252 712 3301 757 et
3318 706 3583 776 vestitum,

2007 768 2086 822 his
2113 770 2334 843 contenti
2355 771 2513 843 sinitis
2540 770 2581 840 (Ι
2602 770 2744 843 Tim.
2772 787 2844 830 γι,
2870 768 2948 839 8).
2970 771 3075 827 Sed
3112 774 3199 843 qui
3227 782 3309 828 est
3334 768 3585 832 christia;

2008 854 2141 912 nus,
2168 840 2326 912 etiam
2366 841 2544 905 dolet,
2571 840 2614 894 si
2662 841 2785 895 felix
2813 844 3073 912 qvideatur
3108 840 3159 896 iii
3201 846 3432 912 saeculo,
3460 861 3586 903 cum

2006 908 2765 986 Christianommdignitaset
2800 911 3022 986 felicitas
3041 916 3242 986 _non_in
3272 908 3427 968 terris
3453 931 3585 986 pro-

2005 981 2166 1033 missa
2214 980 2317 1044 sit,
2361 980 2453 1034 sed
2507 982 2557 1035 in
2605 983 2773 1037 ctelis.
2814 983 3090 1048 Quomodo
3132 980 3477 1039 christiani-ii
3523 1001 3585 1042 se

2005 1050 2173 1123 dicit,
2196 1051 2290 1123 qui
2314 1067 2416 1123 non
2457 1052 2564 1123 illic
2598 1053 2808 1120 gloriari
2842 1056 2950 1106 vult
2978 1053 3063 1107 ubi
3108 1055 3426 1123 promissum
3456 1066 3579 1123 est,
3621 1098 3625 1103 .

2004 1119 2096 1173 sed
2127 1121 2210 1194 hic
2243 1121 2328 1194 ubi
2358 1119 2672 1194 prohibitum
2717 1123 2836 1194 est?
2861 1123 2917 1177 Si
2959 1119 3413 1194 enim'expi-diret
3441 1119 3581 1194 pne;
3616 1142 3619 1143 '

2005 1191 2243 1244 sentibus
2276 1192 2409 1253 frui,
2444 1209 2545 1244 non
2570 1195 2747 1260 utique
2771 1192 2880 1246 haec
2899 1191 3360 1249 coiitemueiitibus
3385 1191 3582 1251 cades-

2006 1260 2087 1333 tiar
2108 1262 2569 1333 prouiittereutur.
2583 1262 2694 1329 Qua
2716 1279 2842 1333 ergo
2866 1279 2962 1331 spe
2984 1264 3266 1318 Christiani
3289 1267 3583 1323 matbema-

2006 1331 2121 1405 tic_is
2150 1346 2307 1405 aures
2330 1331 2847 1405 ciiiiiinodziiit,_cuiii
2884 1334 3099 1405 audiant
3127 1334 3385 1390 Joannem
3425 1351 3582 1405 apos—

2006 1400 2166 1455 tolum
2210 1401 2526 1455 clamantem
2572 1413 2624 1456 et
2664 1403 2967 1456 dicentem:
3000 1403 3173 1457 Nolite
3195 1405 3405 1461 diliaere
3445 1400 3579 1461 lianc

2002 1472 2243 1543 iiinndwu
2263 1512 2277 1532 ,
2307 1487 2458 1543 neque
2484 1488 2541 1523 ea
2566 1488 2678 1539 qua:
2702 1474 2751 1525 in
2782 1474 2874 1527 hoc
2901 1474 3088 1527 mundo
3120 1484 3235 1527 sunt
3266 1472 3306 1533 (Ι
3328 1474 3486 1529 Joan.
3516 1492 3573 1543 tt,

2003 1540 2131 1611 15)?
2157 1542 2331 1614 Itaque
2351 1541 2527 1614 siha-c
2548 1550 2669 1595 sunt
2690 1543 2806 1597 fidei
2826 1544 2904 1597 vel
2925 1544 3053 1612 legis
3074 1556 3268 1598 nostrze
3292 1540 3576 1614 pnncepta,

2001 1611 2325 1683 neuiundus
2359 1612 2626 1683 diligatur,
2658 1627 2829 1681 neque
2858 1629 2919 1666 ea
2958 1631 3075 1683 (pne
3106 1615 3159 1668 in
3192 1611 3386 1668 mundo
3418 1611 3575 1682 sunt;

2001 1681 2124 1752 quid
2146 1690 2227 1734 est
2256 1690 2312 1733 ut
2337 1682 2550 1751 quidam
2583 1694 2819 1737 nostrum
2866 1681 3157 1752 querantur
3182 1688 3477 1739 contristati
3507 1681 3577 1741 de

2000 1751 2222 1823 aliorum
2247 1752 2494 1823 felicitate
2524 1770 2639 1820 qum
2662 1763 2742 1805 est
2767 1753 2817 1806 in
2842 1751 3036 1806 mundo
3056 1795 3071 1818 ,
3104 1771 3220 1822 qure
3245 1757 3382 1823 apud
3409 1758 3574 1811 Deum

2003 1820 2137 1894 forte
2186 1822 2463 1894 infelicitas
2506 1833 2623 1894 est;
2653 1837 2773 1876 cuni
2815 1826 2980 1892 magis
3022 1820 3250 1894 gaudere
3280 1820 3575 1892 deberent,

2000 1892 2121 1958 quia
2154 1907 2257 1943 non
2290 1891 2392 1944 illis
2423 1892 2652 1946 mundus
2692 1891 3044 2001 pr:t:statiper'
3076 1911 3195 1947 uua:
3240 1896 3453 1965 obligati
3501 1891 3577 1951 te-L

2002 1974 2225 2001 npanlnr
2256 1960 2497 2001 huntzinic
2528 1963 2684 2001 rnhne
2715 1965 2925 2001 nilnan
2989 1964 3233 2001 Folinituc
3263 1967 3402 2001 nniln
3432 1966 3527 2001 iam

2001 1974 2225 2014 neantur
2255 1960 2498 2031 humanis
2528 1960 2963 2017 rebus—obnoxii?
2989 1964 3234 2018 Felicitas
3263 1960 3402 2018 euiin
3432 1966 3529 2018 ista
3551 2008 3569 2031 ,

2000 2030 2575 2104 securitatisfacultate
2608 2043 2822 2104 accepta
2841 2076 2855 2095 ,
2880 2034 3176 2088 divinorum
3205 2047 3351 2089 caret
3379 2030 3577 2092 sollici-

2001 2102 2198 2156 tudine.
2230 2100 2516 2169 lndiligeus
2550 2104 2689 2156 enim
2731 2100 2797 2156 sit
2836 2120 3051 2158 necesse
3091 2115 3173 2158 est
3213 2106 3353 2159 circa
3396 2105 3576 2162 divina

2000 2172 2241 2235 oracula,
2271 2171 2360 2240 qui
2402 2173 2647 2226 omnibus
2686 2176 3000 2229 necessariis
3046 2174 3292 2240 refertus,
3325 2176 3464 2229 unde
3507 2177 3577 2230 sit

1999 2241 2270 2315 siitlicitns
2314 2257 2416 2295 non
2445 2242 2621 2315 habet.
2655 2243 2929 2315 Alia‘enim
2959 2245 3312 2299 sollicitudine
3342 2246 3576 2315 incipere

1998 2310 2169 2382 solent
2208 2310 2448 2382 laborare
2494 2311 2832 2379 hujusmodi,
2863 2324 2921 2367 ut
2963 2314 3349 2382 amplificentur
3388 2310 3575 2369 in'saa-

1999 2379 2153 2441 culo,
2185 2380 2334 2453 quod
2357 2382 2472 2453 sine
2503 2391 2718 2449 peccato
2747 2400 2847 2437 nou
2886 2379 3066 2449 potest
3103 2384 3237 2438 fieri.
3264 2384 3317 2438 Si
3359 2385 3577 2453 propius

1999 2459 2175 2503 autem
2226 2451 2528 2515 aSpiciatur.
2560 2453 2821 2505 videbitur
2865 2453 3107 2507 inimicus
3151 2456 3314 2522 magis
3365 2451 3577 2508 illorum

1998 2536 2118 2573 esse
2144 2522 2371 2573 mundus
2393 2560 2409 2584 ,
2443 2535 2574 2588 quos
2610 2523 2793 2576 beatos
2831 2523 3021 2576 dicitur
3068 2524 3257 2578 facere.
3307 2524 3404 2578 Vix
3431 2526 3575 2579 enim

1997 2589 2187 2665 aliquis
2236 2591 2443 2665 illorum
2495 2592 2729 2665 ctnlestia
2778 2594 2993 2661 cogitat.
3048 2594 3394 2647 Gaudendum
3445 2610 3575 2665 ergo

1996 2658 2309 2732 Christianis
2348 2671 2429 2732 est
2451 2700 2465 2722 ,
2484 2662 2635 2732 _dum
2684 2669 2823 2715 recte
2848 2658 3238 2716 conversantes
3268 2658 3577 2732 premuntur

1998 2728 2047 2781 in
2087 2727 2186 2781 hoc
2225 2730 2438 2799 sarculo.
2484 2730 2578 2783 llic
2615 2732 2755 2784 enim
2788 2733 2948 2784 vincit
2986 2727 3280 2798 sarculum,
3324 2734 3412 2799 qui
3439 2749 3573 2789 con-

1998 2806 2170 2874 tentus
2195 2797 2461 2874 quomodo
2486 2799 2557 2874 illi
2588 2800 2834 2874 evenerit
2857 2802 2907 2854 in
2936 2801 3037 2855 hoc
3063 2797 3281 2874 swculo,
3312 2797 3421 2857 Deo
3448 2820 3571 2874 gra-

1999 2868 2097 2942 tias
2125 2869 2270 2942 agit,
2297 2883 2331 2942 _a
2360 2884 2464 2936 quo
2489 2870 2531 2922 si
2559 2885 2659 2937 qua
2690 2869 2775 2923 hic
2793 2870 3055 2942 denegata
3086 2871 3332 2927 videntur
3364 2868 3571 2942 tenipo-

1996 2939 2149 3009 ralia,
2181 2938 2329 2991 reddi
2357 2949 2532 3006 speret
2547 2950 2765 2994 zcterna.
2792 2938 2986 3009 thuid
3008 2943 3149 2996 enim
3182 2944 3317 2995 Deus
3340 2938 3572 2999 futurum

1992 3008 2246 3076 judicium
2290 3009 2504 3080 statuit,
2552 3010 2660 3080 nisi
2686 3020 2741 3063 ut
2769 3012 2856 3079 qui
2884 3008 3079 3080 injuste
3114 3012 3477 3080 deprimuntur
3505 3015 3571 3068 ad

1997 3087 2202 3153 tempus
2226 3120 2241 3143 ,
2280 3079 2383 3132 vita
2410 3089 2605 3133 atterna
2636 3079 2901 3135 donentur
2923 3079 2950 3148 ,ί
2971 3079 3237 3151 depressis
3270 3084 3334 3136 iis
3361 3085 3448 3152 qui
3476 3098 3573 3153 per

1996 3152 2283 3217 potentiam
2323 3158 2750 3211 contemnentes,
2784 3163 2871 3204 aut
2904 3168 3006 3205 non
3033 3154 3311 3210 credentes
3338 3152 3572 3209 futurum

2001 3220 2090 3272 Dei
2126 3219 2415 3289 judicium,
2468 3220 2827 3289 impunitatem
2872 3237 2992 3277 esse
3031 3224 3293 3279 scelerum
3333 3224 3571 3278 arbitrati

1995 3290 2150 3363 sunt?
2198 3288 2301 3363 Sed
2341 3288 2565 3363 fatorum
2610 3303 2903 3345 assertores
2945 3303 3137 3362 negant
3176 3294 3405 3348 futurum
3432 3294 3573 3363 judi-

1995 3360 2153 3413 cium.
2294 3359 2434 3432 enim
2480 3370 2764 3432 nascuntur
2790 3363 2877 3432 qui
2922 3358 3043 3418 boui
3071 3364 3177 3418 sint
3200 3407 3215 3428 ,
3247 3373 3299 3417 et
3324 3379 3355 3419 e
3384 3358 3573 3420 contra

1995 3432 2085 3505 qui
2117 3430 2239 3483 mali
2266 3430 2370 3483 sint
2395 3447 2409 3494 ;
2440 3431 2562 3505 quid
2584 3432 2771 3505 laudas
2790 3430 2875 3486 aut
2906 3447 3143 3498 accusas,
3167 3434 3377 3505 quando
3402 3449 3573 3505 neque

1995 3500 2168 3574 bonus
2193 3514 2508 3574 congressus
2533 3501 2796 3574 laboravit
2813 3512 2869 3574 ut
2895 3505 3168 3570 vinceret,
3185 3500 3375 3574 'neque
3400 3500 3572 3561 malus

1996 3571 2268 3643 negligens
2308 3572 2403 3643 fuit
2428 3581 2484 3624 ut
2514 3572 2803 3643 perderet?
2840 3572 2973 3640 Quid
3004 3575 3144 3628 enim
3173 3571 3311 3628 inter
3338 3576 3571 3643 privatos

1996 3638 2199 3693 fabulas
2247 3638 2555 3712 venditant?
2604 3642 2733 3695 Nam
2760 3638 3024 3709 judicibus
3052 3645 3210 3697 oblati
3244 3638 3568 3712 peccatores,

1995 3725 2260 3780 nunquam
2299 3711 2412 3763 ausi
2441 3718 2565 3764 sunt
2602 3714 2821 3765 crimina
2848 3727 2940 3766 sua
2983 3714 3102 3766 fatis
3139 3711 3427 3779 excusare;
3477 3714 3573 3773 sed

1996 3780 2309 3848 semetipsos
2340 3795 2459 3835 reos
2482 3781 2820 3845 confitentes,
2843 3782 2963 3851 jure
2992 3798 3050 3837 se
3075 3785 3388 3838 sententiam
3418 3784 3568 3839 exci~

1994 3865 2120 3922 pere
2168 3865 2272 3922 non
2317 3860 2529 3918 negant.
2582 3852 2760 3922 Itaque
2806 3853 2936 3921 legis
2978 3856 3267 3907 auctoritas
3308 3855 3570 3910 rationem

1994 3921 2160 3974 calcat
2203 3920 2426 3973 fatorum
2451 3962 2467 3985 ,
2511 3923 2577 3975 ita
2608 3920 2759 3994 ιηἰιθ
2803 3920 3060 3976 nominari
3091 3925 3301 3993 quidem
3343 3926 3569 3994 possint,

1995 4006 2115 4044 cum
2155 4006 2212 4044 se
2250 3994 2595 4047 commoverit
2635 3993 2740 4047 lex.
2781 3994 3058 4058 Quomodo
3094 4003 3269 4048 autem
3318 3993 3572 4050 evasuros

1995 4074 2054 4136 se
2086 4062 2135 4136 in
2168 4071 2475 4130 perpetuum
2501 4063 2726 4136 credunt
2748 4103 2763 4127 ,
2812 4065 2902 4136 qui
2931 4065 3170 4135 nequiter
3213 4064 3407 4118 versati
3437 4066 3570 4136 legis

1996 4130 2187 4184 divinze
2209 4136 2540 4205 severitatem
2570 4134 2743 4187 studio
2769 4130 2995 4205 quodam
3016 4130 3081 4187 ad
3114 4144 3321 4202 tempus
3347 4130 3567 4205 fugiunt,

1996 4217 2100 4254 non
2145 4204 2437 4270 cogitantes
2463 4214 2731 4257 auctorem
2783 4205 2909 4273 legis
2950 4204 3073 4257 hinc
3099 4204 3434 4259 dissimulare
3457 4223 3561 4260 non

1997 4273 2195 4345 posse?
2239 4273 2365 4326 Nam
2402 4275 2484 4326 bic
2513 4275 2683 4344 itu:th
2715 4275 2843 4341 legis
2864 4282 2966 4339 est,
3001 4276 3109 4330 illic
3134 4279 3369 4329 veritas:
3400 4285 3455 4329 et
3481 4278 3570 4345 qui

1995 4342 2162 4395 illudit
2188 4344 2489 4412 imaginem,
2515 4342 2786 4398 veritatem
2808 4345 3027 4399 illudere
3053 4361 3158 4399 non
3185 4354 3375 4414 potest.
3409 4342 3572 4400 Nunt-

1995 4414 2119 4481 quid
2163 4423 2245 4467 est
2288 4414 2476 4481 aliquis
2520 4415 2664 4468 locus
2708 4416 2822 4469 sine
2872 4416 3003 4475 Deo,
3052 4426 3144 4469 aut
3170 4417 3358 4483 aliquis
3384 4431 3572 4473 manus

1994 4486 2109 4555 ejus
2138 4486 2389 4555 effugiat?
2422 4485 2607 4537 Putant
2637 4495 2812 4537 autem
2837 4485 3169 4539 blandientes
3189 4485 3308 4548 sibi,
3334 4486 3453 4553 quia
3476 4485 3570 4555 qui

1996 4552 2080 4605 hic
2100 4555 2280 4624 evadit
2306 4594 2321 4618 ,
2359 4554 2480 4624 join
2499 4569 2717 4606 securus
2747 4556 2833 4607 sit.
2867 4555 2930 4608 Et
2957 4555 3221 4624 quomodo
3243 4552 3570 4623 hoc'justum

1996 4622 2291 4685 instituant,
2338 4632 2394 4675 ut
2440 4623 2554 4675 aliis
2584 4624 2778 4691 punitis
2819 4625 2869 4677 in
2913 4622 3103 4679 talibus
3127 4624 3299 4677 causis
3330 4622 3415 4677 isti
3441 4640 3568 4678 cva-

1995 4691 2152 4744 dant?
2194 4693 2350 4745 Certe
2381 4693 2520 4764 Deus
2563 4694 2817 4747 mundum
2857 4697 3159 4757 constituit,
3202 4702 3256 4746 et
3302 4710 3403 4764 qua
3453 4696 3569 4763 lege

1997 4771 2262 4833 uteretur,
2306 4762 2556 4818 ostendit.
2601 4765 2830 4832 Diligens
2860 4768 2998 4820 enim
3025 4780 3157 4833 opus
3204 4762 3356 4817 suum
3389 4762 3567 4819 osten-

1994 4831 2071 4886 dit
2096 4833 2143 4884 ei
2170 4834 2324 4897 viam,
2363 4849 2463 4901 qua
2490 4835 2593 4888 itur
2620 4836 2685 4888 ad
2711 4831 2900 4901 vitam,
2923 4831 3174 4888 ordinans
3199 4835 3390 4902 quibus
3416 4836 3567 4887 duci-

1996 4904 2093 4956 bus
2139 4912 2410 4967 uteretur;
2451 4906 2570 4971 quia
2598 4916 2678 4959 est
2711 4917 2764 4960 et
2794 4908 2873 4959 via
2908 4921 3024 4972 quae
3054 4906 3199 4957 ducit
3222 4906 3287 4958 ad
3320 4917 3566 4959 mortem.

1992 4973 2254 5042 Numquid
2284 4989 2387 5027 non
2412 4989 2538 5043 ergo
2566 4977 2835 5045 requirere
2864 4976 3050 5038 debet,
3101 4975 3143 5027 si
3185 4975 3217 5027 ii
3251 4991 3383 5044 quos
3411 4977 3567 5029 mini—

1994 5052 2135 5099 stros
2162 5048 2308 5114 regni
2334 5046 2414 5099 sui
2445 5050 2635 5114 posuit,
2670 5062 2733 5100 eo
2754 5047 2872 5113 jure
2897 5061 3000 5111 quo
3021 5046 3293 5099 constituit
3316 5048 3564 5115 populum

1994 5115 2109 5183 ejus
2133 5116 2524 5184 gubernarunt;
2553 5127 2643 5170 aut
2669 5118 2709 5168 si
2740 5116 2959 5184 populus
2986 5116 3215 5170 edictum
3243 5115 3357 5184 ejus
3388 5132 3570 5171 susce-

1997 5188 2110 5255 pit,
2151 5196 2239 5257 aut
2269 5188 2562 5240 administri
2613 5187 2793 5257 fideles
2840 5187 3037 5240 inventi
3069 5186 3223 5239 laude
3252 5186 3397 5257 digiti
3438 5190 3565 5252 sint,

1994 5266 2085 5308 aut
2112 5255 2349 5309 infideles
2381 5258 2548 5326 pomis
2568 5256 2802 5310 subditi?
2846 5257 3100 5311 Similiter
3121 5266 3173 5311 et
3201 5255 3426 5327 populus
3454 5258 3570 5327 lege

1995 5335 2199 5380 servata
2233 5326 2507 5393 laudatur,
2540 5336 2629 5380 aut
2657 5336 2959 5396 contempla
2983 5326 3285 5381 damnatur.
3329 5328 3441 5382 Hoc
3479 5326 3570 5397 jus

1994 5412 2169 5462 suum,
2203 5397 2303 5451 hoc
2329 5414 2487 5451 causa
2517 5398 2769 5464 exposcit.
2799 5398 3075 5463 Quomodo
3094 5412 3223 5466 ergo
3250 5400 3568 5467 quibusdam

1995 5468 2238 5537 displicet
2267 5468 2496 5522 futurum
2530 5467 2783 5535 judicium
2811 5467 3069 5522 credere?
3104 5468 3208 5522 Sed
3238 5468 3340 5521 hoc
3364 5471 3574 5523 matbe-

1994 5542 2307 5592 maticorum
2349 5539 2547 5593 invenit
2586 5540 2837 5593 amentia.
2881 5539 3159 5606 Quomodo
3183 5540 3322 5593 enim
3352 5548 3573 5608 p0ssuut

1996 5608 2228 5680 futurum
2256 5610 2495 5677 accipere
2521 5608 2776 5678 judicium
2802 5649 2816 5672 ,
2844 5611 2931 5680 qui
2971 5610 3215 5677 praisenti
3241 5620 3568 5680 repugnant;

1995 5652 2123 5749 ἐίίἶίξὶ
2141 5652 2497 5749 ἷὶίάίὲἶιῖὶιῗᾟ
2521 5652 2933 5735 ἶιῖιῖῐῦἕιᾙὶὲὶέξέ
2953 5652 3571 5749 εᾛὴἷὲἶιύἶὶιὶἴῖἒίᾘὶὶῖἇ

1996 5752 2254 5804 nativitati
2284 5751 2571 5818 imputatur
2595 5756 2889 5818 pra-mium,
2917 5751 3178 5820 desipiunt
3208 5752 3307 5819 ipsi
3333 5752 3419 5820 qui
3448 5768 3570 5807 cum

1994 5822 2222 5890 quodam
2267 5822 2466 5890 judicio
2508 5823 2733 5875 naturali
2782 5823 2949 5876 bonos
2983 5830 3035 5875 et
3075 5822 3244 5876 malos
3284 5839 3389 5876 non
3433 5822 3567 5889 fieri,

1996 5890 2093 5949 sed
2114 5902 2359 5949 asserunt
2382 5893 2559 5964 nasci,
2589 5893 2933 5970 peccantibus
2961 5893 3261 5961 retribuunt
3283 5936 3300 5969 ,
3343 5908 3444 5951 nec
3474 5907 3575 5974 pa.
