2035 3235
148 143 218 171 2557

149 196 267 224 dicitur?
290 195 432 223 Eunuchus
450 195 544 230 aliquis
564 197 640 222 natus
654 197 713 226 est,
734 193 779 222 alii
793 193 877 230 ﬁunt,
890 193 936 221 ubi

150 233 201 259 erit
224 231 325 258 fatum?
348 230 379 257 In
398 231 443 258 illo
461 230 601 265 credoqui
625 233 702 257 natus
717 233 758 257 est
774 238 780 256 :
796 230 840 265 qui
859 229 924 257 ﬁunt

150 250 936 302 autautem;dativiswnesmtatis.ista

150 300 177 330 ἐι
192 302 259 329 neri.
278 303 329 328 Atil
339 301 361 328 si
375 302 402 328 In
416 300 469 327 tato
483 300 545 328 facti
558 300 671 328 eunuchi
685 303 747 327 sunt
757 320 764 333 ,
788 300 833 327 ille
846 304 936 328 centra

151 339 234 364 fatum
250 341 326 364 natus
342 342 384 364 eat
397 336 543 364 eunuchus:
566 335 600 362 Et
618 339 698 370 quare
713 338 765 362 tam
779 337 838 370 raro
851 339 936 362 eunu-

151 373 218 400 chus
232 373 357 402 nascitur,
372 376 400 399 ut
415 371 568 399 incredibile
581 366 716 397 videatur?
737 366 862 404 Quaedam
876 376 936 398 tnu-

151 409 201 436 lier
216 408 263 434 fttlt
273 408 298 434 in
309 408 375 435 urbe
389 407 483 440 Roma,
497 411 573 441 quam
582 409 683 441 constat
696 406 817 433 nndecim
828 406 936 433 maritos

152 444 294 474 imbuisse;
310 447 336 470 et
351 443 416 470 alius
431 438 526 477 vir'qui
543 438 680 469 duodecim
693 441 700 456 ί
717 441 810 477 habuit
821 445 935 474 uxores;

148 486 211 514 qua:
226 479 276 505 lata
296 481 358 505 sunt
372 481 430 514 qua;
452 475 496 503 his
508 476 769 514 liaecilec'revcruttt?
789 475 853 503 Nam
869 481 937 514 tem-

153 511 216 547 pore
232 511 397 548 imperatoris
412 512 576 540 Constantini
588 511 762 548 manifestum
769 516 809 539 est
822 512 935 548 pueliam

151 546 179 576 in
192 546 430 584 parte'Campaniat
451 548 618 584 immutatam
628 547 653 573 in
665 546 809 584 masculum
820 568 827 580 ,
836 547 867 584 et
881 546 936 584 Rg-

150 577 222 611 main
245 577 396 618 perduciam
416 589 496 618 tqute
516 582 566 609 hoc
587 580 640 618 fata
664 580 803 609 fecerunt?
821 577 886 609 'Alia
908 577 937 610 tit

150 617 313 653 opinor’qute
325 620 372 645 vos
385 617 502 645 nescitis.
517 617 539 644 0
549 617 571 645 si
584 617 618 645 de
629 617 678 644 hoc
688 618 795 645 nomine
804 618 934 651 taceretis,

150 652 178 682 et
191 652 277 688 aliqua
286 654 393 688 eventui
401 658 427 680 et
438 653 542 680 casibus
552 652 731 685 remitteretis,
741 652 861 688 quaedam
876 661 937 687 pro-

151 686 275 716 videntia:
296 686 494 716 concederetis!
523 688 589 715 Nam
602 692 704 715 tantum
714 686 801 722 potest
815 686 896 715 virtus
909 693 936 716 et

151 724 279 751 industria
294 725 442 751 animorum
453 744 460 756 ,
484 727 513 751 ut
526 730 577 750 non
595 724 681 750 solum
699 727 800 751 natura:
820 724 934 756 resistat,

151 762 245 787 rerum
256 763 282 786 et
296 759 409 794 seipsam
423 757 546 786 emendet
555 763 600 785 aut
608 758 843 794 inemeudet,rquia
857 757 936 785 habet

149 794 276 830 judicium
290 795 341 822 sui.
367 794 517 821 Traduntur
538 795 608 821 enim
630 794 755 821 mulieres
767 793 934 830 Scytharum,

151 838 210 865 quae
216 830 519 863 Amazonesdicttesunt,
526 836 585 856 cum
592 829 735 856 viriearum
742 830 860 865 occupati
867 829 937 856 bello

152 864 296 899 longinquo
310 865 353 892 diu
368 865 500 896 abessent,
512 868 617 899 propter
628 865 747 891 sobolem
760 871 789 891 se
799 864 936 892 miscuisse

151 898 245 931 servis,
253 898 283 926 'et
290 906 395 927 omnem
404 907 502 926 marem
512 898 601 926 natum
612 898 747 927 necavisse
757 900 856 926 relictis
867 899 936 927 fetui-

153 936 205 967 nis,
220 936 254 962 ita
266 939 295 961 ut
305 935 376 962 nulla
390 935 503 962 laniiicio
514 939 619 969 operam
630 934 715 967 daret,
728 935 773 961 sed
787 934 819 961 ab
830 935 937 962 ineunte

152 975 230 997 :rtate
255 970 375 1004 paltrstra
394 975 420 996 et
439 971 520 997 armis
540 970 729 997 imbuerentur.
753 970 851 997 Harum
865 974 935 997 tanta

151 1006 236 1033 virtus
260 1006 285 1032 itt
299 1006 377 1031 rebus
393 1006 512 1039 gerendis
532 1005 588 1038 fuit,
600 1010 628 1032 ut
653 1008 700 1039 per
713 1006 821 1032 multam
839 1007 936 1033 seriem

153 1047 282 1067 annorum
313 1046 462 1075 regnantes,
492 1041 630 1067 nonnullas
648 1044 741 1074 gentes
771 1040 934 1075 Subigcrcnt,

152 1076 293 1110 Asiamque
305 1084 409 1102 omnem
433 1076 480 1102 sub
494 1076 591 1102 tributo
609 1080 746 1109 ponerent.
762 1075 830 1108 Quid
845 1076 936 1103 adhoc

153 1111 249 1145 poterit
262 1111 334 1138 dici?
348 1111 474 1145 numquid
489 1111 545 1137 haec
568 1110 613 1145 fati
624 1110 738 1142 fuerunt,
764 1116 822 1145 qua;
842 1118 888 1145 per
900 1115 938 1138 tot

153 1153 237 1172 annos
251 1146 288 1172 sic
302 1150 374 1180 gesta
388 1149 458 1177 sunt,
470 1150 498 1172 ut
508 1146 595 1172 omnia
606 1152 664 1180 qum
676 1145 721 1172 fati
733 1150 859 1179 putantur
867 1154 935 1178 esse,

153 1181 338 1207 exinanirent?
360 1181 486 1214 Primum,
504 1186 532 1208 ut
553 1185 644 1207 contra
668 1185 788 1207 naturam
812 1181 937 1208 mulieres

154 1216 250 1250 spretis
274 1216 338 1243 viris
364 1219 519 1250 regnarent;
541 1215 637 1243 deinde
658 1215 728 1250 quod
744 1216 826 1243 servis
849 1217 938 1244 mixta:

154 1256 216 1278 sunt
230 1252 357 1285 propriis;
372 1251 459 1283 tertio,
474 1255 502 1277 ut
518 1258 611 1278 omnes
624 1251 677 1277 nati
689 1251 796 1277 masculi
812 1258 939 1279 necaren-

153 1289 206 1318 tur,
221 1285 326 1313 femina:
339 1286 543 1313 viviﬁcarcntur.
554 1286 637 1313 'l‘anta
656 1293 702 1313 eas
715 1286 876 1321 prosperitas
898 1291 939 1314 est

153 1326 255 1354 secuta.
270 1326 297 1348 ut
315 1322 372 1348 sine
383 1321 447 1348 viris
466 1327 575 1356 regnum
588 1326 703 1356 coeptum
719 1322 820 1356 magnis
844 1322 938 1356 copiis;

154 1356 257 1391 magnis
270 1357 432 1391 temporibus
453 1361 635 1391 propagarcnt.
649 1356 728 1384 Certe
749 1356 799 1383 hoc
815 1356 911 1383 factum
923 1365 938 1384 a

154 1392 342 1419 constitutione
366 1392 456 1418 mundi
480 1400 612 1425 nunquam
638 1391 734 1419 factum
763 1397 813 1425 est,
842 1393 891 1418 nisi
912 1393 939 1419 in

156 1401 342 1419 constitutione
366 1401 456 1418 multo]
480 1401 542 1418 nunt
554 1401 612 1418 nam
638 1401 734 1419 tactum
763 1401 813 1425 est,
842 1401 891 1418 nlSI
912 1401 939 1419 ιιι

156 1426 262 1462 Scythia
278 1431 377 1453 tantum
392 1437 397 1452 :
412 1432 444 1454 nc
459 1427 524 1454 forte
534 1401 661 1459 dicerent,
677 1428 737 1461 quia
752 1433 811 1454 cum
826 1428 939 1455 mundus

156 1461 295 1489 innovatur
309 1467 367 1496 post
385 1464 468 1489 annos
483 1462 554 1489 ntiile
566 1463 772 1497 quadringuntos
794 1463 938 1497 sexaginta,

155 1497 195 1524 sic
210 1497 266 1523 hmc
279 1498 400 1529 veniunt;
413 1499 510 1532 quippe
528 1504 587 1524 cunt
603 1498 715 1524 mundus
727 1497 781 1532 jam
795 1503 870 1524 sexto
881 1498 939 1524 titil-

156 1532 249 1558 lcsitno
258 1540 327 1559 anno
335 1533 430 1567 agitur,
445 1532 568 1567 quamdiu
578 1533 647 1567 quod
659 1533 773 1559 imitatus
783 1533 840 1567 quis
852 1533 938 1565 fuerit;

156 1567 226 1594 facit.
244 1567 307 1594 Nam
322 1568 431 1594 Crassus
454 1569 591 1602 Agelastns
615 1567 700 1595 dictus
715 1571 765 1599 est,
785 1569 843 1602 quia
858 1570 940 1596 semel

157 1602 268 1638 traditur
280 1603 305 1629 in
320 1603 372 1629 vita
387 1603 488 1630 risisse.
503 1603 555 1630 Cur
567 1603 671 1638 Junius,
685 1603 780 1629 Brutus
793 1606 941 1638 esteogno;

156 1637 291 1664 minatus?
305 1638 371 1671 Quia
385 1638 470 1672 sagaci
490 1639 599 1664 consilio
620 1636 730 1664 stultum
748 1645 777 1664 se
790 1636 920 1665 simulavit
931 1660 938 1672 ,

156 1680 215 1699 nea
229 1673 344 1706 superbo
367 1681 426 1706 tege
440 1678 547 1707 pt‘oittt‘t'
568 1675 683 1706 pecunia:
706 1681 760 1699 sua!
780 1674 940 1708 magnitudi-

156 1714 216 1734 nem
228 1708 400 1735 occideretur.
421 1709 550 1742 ’l'etnpore
570 1709 733 1734 Constantini
751 1709 895 1736 morionem
912 1717 941 1737 se

156 1743 261 1776 triginta
272 1744 349 1770 annis
361 1744 432 1769 tinxit
441 1744 557 1777 quidam,
571 1745 612 1777 qui
626 1744 757 1770 Satnzttius
766 1745 776 1759 ²
788 1743 938 1778 vocabatur,

156 1781 185 1804 ut
196 1779 393 1812 imperatorem.
413 1779 481 1805 sicut
501 1780 555 1812 ipse
570 1784 658 1813 postea
674 1779 747 1811 dixit,
764 1785 777 1805 a
790 1780 872 1806 tmdiis
885 1780 940 1806 suis

155 1818 289 1849 avocaret.
302 1813 351 1849 Ubi
366 1820 405 1840 est
421 1815 487 1840 ratio
502 1816 624 1845 t'atortnn,
638 1815 742 1848 quando
760 1816 939 1849 unusquisque

155 1848 224 1881 quod
238 1849 295 1875 vult
307 1848 388 1876 facit?
411 1849 521 1876 Exclusa
535 1854 585 1876 est.
614 1849 679 1876 illud
700 1854 786 1876 autem
798 1851 874 1883 quale
888 1848 937 1882 est,

155 1883 224 1917 quod
236 1882 350 1910 fatorum
359 1888 505 1911 assertores
518 1884 753 1918 supplicationibus
767 1889 827 1911 sunt
841 1885 938 1917 devoti,

154 1925 214 1944 eum
227 1919 278 1945 sint
297 1919 337 1946 his
354 1919 492 1946 adversm?
510 1917 575 1947 Nam
588 1924 614 1946 et
632 1926 718 1946 annos
730 1921 792 1947 su'os
808 1917 847 1947 bis
865 1927 938 1947 com-

154 1953 291 1989 mendant,
307 1958 334 1980 et
347 1954 380 1981 de
394 1955 504 1988 nuptiis,
516 1959 541 1981 et
552 1955 584 1981 dc
596 1955 755 1988 profectione
769 1959 900 1989 quaerunt,
913 1960 940 1983 et

155 1987 189 2015 de
203 1989 390 2023 emptionibus,
407 1987 479 2017 cide
498 1987 676 2024 dignitatibus.
693 1990 767 2023 Quod
778 1987 802 2016 si
824 1989 870 2017 fati
887 1996 937 2023 est,

154 2024 218 2057 quid
230 2031 301 2056 oras,
313 2025 376 2058 quid
395 2024 538 2059 suppiica's,
552 2025 622 2059 quod
642 2026 720 2053 etiam
737 2029 762 2051 te
775 2025 856 2052 invito
869 2026 939 2052 futu-

153 2065 211 2085 rum
226 2059 285 2085 est?
298 2058 351 2086 Sed
364 2058 463 2093 quarro,
479 2060 573 2094 inquit,
588 2066 621 2086 an
635 2060 745 2087 debeam
759 2066 857 2088 emere.
869 2061 939 2094 Ergo

153 2101 207 2129 non
222 2094 247 2120 in
260 2094 315 2121 fato
327 2095 447 2122 consistit
461 2095 530 2129 quod
540 2100 599 2122 tunc
618 2096 704 2123 facere
714 2095 811 2123 debere
825 2100 853 2123 te
863 2094 937 2129 dicis,

153 2128 177 2155 si
190 2129 313 2166 didiceris
324 2130 459 2166 expedire.
470 2128 542 2157 Nam
553 2131 575 2157 si
586 2131 631 2158 fati
646 2135 696 2164 est,
720 2131 818 2158 frustra
831 2132 937 2166 quzeris,

153 2163 227 2201 quod
252 2165 318 2191 velis
335 2165 414 2198 nolis,
439 2173 542 2200 qmeras
559 2172 611 2192 non
634 2172 747 2201 quaeras,
764 2163 880 2194 facturus
899 2163 937 2195 es.

153 2199 228 2235 Quod
240 2204 327 2227 autem
341 2207 390 2227 nec
401 2201 471 2235 apud
483 2208 529 2228 eos
542 2201 613 2235 ipsos
626 2199 676 2227 ﬁxa
689 2206 730 2227 est
742 2202 790 2228 ista
803 2208 940 2229 assevera-

154 2234 200 2265 tio,
214 2235 311 2261 idcirco
326 2234 425 2262 incerta
444 2234 560 2269 tentant,
571 2243 605 2262 ne
619 2236 691 2263 aliud
699 2242 791 2263 verum
802 2237 938 2265 inveniant

152 2275 233 2303 quam
247 2274 369 2297 tractant.
383 2270 434 2307 Sed
445 2271 629 2305 prudentiores
643 2272 687 2307 qui
703 2272 771 2298 inter
784 2279 830 2299 eos
848 2273 940 2299 viden-

153 2308 285 2342 Iltt'pltOit
295 2309 402 2340 propter
414 2306 475 2337 fata.
489 2307 617 2341 inquitmt,
636 2307 824 2342 supplicamus,
837 2314 896 2334 cum
907 2313 938 2335 ea

152 2339 262 2378 minime
281 2339 413 2368 immutari
435 2339 565 2378 sciamus,
586 2342 633 2378 sed
658 2339 759 2378 tio—rum,
776 2348 855 2369 causa
881 2349 939 2378 quae

152 2374 226 2412 juxta
242 2375 293 2402 fata
315 2380 385 2412 sunt,
414 2383 447 2404 ue
461 2376 559 2404 faciant
575 2377 653 2404 nobis
663 2377 761 2412 aliquid
786 2374 936 2405 adversum.

153 2410 209 2447 Age
231 2418 318 2447 vero,
331 2411 354 2438 si
374 2412 465 2439 nescio
488 2413 546 2447 quis
566 2412 663 2441 bonum
685 2410 765 2439 fatim
781 2413 885 2447 habeat,
912 2418 940 2441 et

152 2445 236 2483 juxta
249 2452 278 2473 se
297 2446 332 2473 sit
353 2446 450 2481 aliquid
470 2445 540 2481 quod
556 2447 675 2475 videmur
689 2449 859 2481 contrarium,
875 2445 938 2483 quid

152 2481 251 2519 poterit
272 2485 341 2519 esse,
363 2485 425 2519 cum
448 2482 532 2519 fatum
549 2483 647 2519 bonum
658 2483 796 2519 immutari
816 2481 936 2519 negetur,

152 2515 220 2542 sicut
234 2521 261 2543 et
278 2517 393 2543 malum?
406 2517 484 2544 Certe
506 2518 557 2545 hoc
572 2517 641 2552 quod
654 2518 727 2552 juxta
744 2518 824 2545 fattun
838 2515 887 2551 est,
904 2515 938 2547 ne

151 2556 246 2577 noceat
259 2552 437 2589 supplicatur;
453 2553 637 2589 nocebiteuim
651 2553 702 2580 nisi
716 2553 793 2581 fuerit
806 2555 937 2589 supplica-

153 2589 207 2613 tum
224 2596 237 2625 :_
246 2587 378 2625 quomodo
391 2588 538 2625 ergoiliud
553 2588 632 2625 fatum
659 2588 792 2616 immutari
814 2587 935 2625 negatur,

152 2621 257 2655 quando
270 2623 320 2661 hoc
332 2622 401 2661 quod
416 2621 531 2661 vicinum
543 2623 595 2661 est,
611 2624 740 2661 tirnetdr?
755 2629 804 2652 nec
817 2621 887 2652 enim
901 2621 934 2652 ti-'

149 2662 279 2693 meretur,
293 2658 343 2685 nisi
367 2658 432 2685 illud
453 2658 589 2685 immutari
605 2665 685 2693 posse
702 2658 865 2688 crederetur.
883 2661 936 2688 Sed

149 2692 212 2728 quia
226 2692 251 2719 in
266 2699 298 2719 eo
313 2693 396 2728 magis
408 2699 487 2721 causa
502 2692 631 2728 consistit,
643 2702 678 2722 ne
687 2695 770 2722 latum
784 2696 879 2722 mutari
894 2697 936 2724 di-

148 2727 224 2765 catis,
239 2728 297 2765 sine
309 2727 398 2765 dubio,
404 2729 464 2765 sine
477 2730 554 2757 cauea
569 2729 729 2765 suppiicatis.
748 2731 838 2758 Videte
849 2736 935 2759 autem

147 2768 183 2790 ne
191 2762 242 2790 hoc
248 2762 295 2790 tati
301 2763 335 2791 sit
341 2764 412 2799 quod
419 2765 582 2800 supplicantis,
588 2762 649 2801 quia
657 2766 715 2794 sine
724 2767 796 2795 maio
802 2767 871 2795 solet
877 2770 936 2796 esse

179 2830 189 2863 ξ
202 2831 243 2854 Ms.
255 2829 415 2863 Coibertinus,
422 2831 543 2858 undecim.

178 2861 190 2877 ¹
201 2862 242 2886 Is.
251 2861 412 2894 (libertinus,
420 2864 563 2891 smitam-ius.

865 134 1046 165 APPENDIX.

1703 145 1772 172 955R

989 193 1114 233 quidquid
1127 193 1182 221 fato
1197 195 1345 233 assignatis.
1360 195 1440 233 Certe
1455 204 1508 233 non
1521 198 1589 224 maia
1601 206 1643 225 res
1653 204 1693 225 est
1707 207 1772 233 sup-

989 229 1085 269 plicare
1101 236 1169 269 :‘cnr
1183 229 1306 269 e_r_goh0n
1317 230 1365 269 fati
1376 239 1436 269 esse
1458 231 1581 269 dicatur?
1599 233 1627 261 Si
1648 241 1710 269 ergo
1726 229 1771 262 fati

988 264 1038 291 erit
1048 263 1118 301 quod
1130 263 1269 299 supplicat,
1281 266 1355 301 cujus
1368 267 1419 294 erit
1437 267 1597 301 supplicare,
1615 276 1641 295 ct
1656 263 1707 297 non
1723 271 1771 297 im-

989 299 1112 337 petrare?
1135 301 1195 337 quia
1220 301 1241 328 si
1262 299 1393 337 fatijerat,
1418 299 1562 337 impetrare
1578 299 1772 333 deberetuuod

988 334 1173 375 suppiieat._Si
1196 341 1282 375 autem
1307 336 1352 364 fati
1365 340 1408 364 est
1417 334 1572 375 supplicare
1583 343 1676 375 et_non
1689 340 1771 375 impe-

988 373 1070 402 trare,
1087 370 1195 398 stultunt
1205 376 1247 408 est
1262 372 1359 408 fatum;
1379 373 1439 407 quia
1453 370 1601 408 supplicare
1610 373 1672 401 facit
1683 370 1771 402 homi-

988 412 1060 442 nem,
1078 413 1164 442 quem
1185 407 1235 434 scit
1254 414 1307 434 non
1325 407 1476 442 impetrare.
1491 407 1577 442 Quod
1598 410 1620 436 si
1641 410 1726 437 nescit
1738 418 1771 437 an

989 440 1074 486 possit
1083 440 1234 486 impetrare,
1247 443 1316 486 quod
1329 440 1402 470 illum
1418 443 1480 486 facit
1492 440 1656 486 supplicare;
1668 445 1770 486 impro-

989 476 1076 516 vidum
1085 476 1138 516 erit_
1150 476 1241 516 fatum,
1257 476 1283 505 et
1292 485 1386 516 carens
1399 479 1501 516 ratione
1512 476 1599 516 {quia
1606 476 1692 507 omnis
1702 476 1774 516 igno-

988 512 1072 548 rantia
1090 512 1238 546 insipientia
1250 517 1302 547 est,
1311 513 1460 548 insipientia
1473 512 1658 542 vero‘stultitia
1669 512 1726 543 est:
1742 516 1771 543 in

988 547 1168 585 hanc_partent
1185 548 1255 585 cadit
1268 549 1353 585 omnis
1365 547 1490 577 tractatus
1503 550 1677 585 Paganornm.
1693 551 1772 578 Vide-

988 581 1160 619 rint-Pagani,
1171 584 1215 617 qui
1226 582 1382 611 circumfusa
1392 585 1503 619 caligine
1514 581 1565 612 non
1573 585 1770 613 videntlumen.

988 616 1104 656 Antiquo
1122 616 1192 645 enim
1211 626 1302 646 errore
1320 616 1501 656 circumventi.
1514 621 1618 648 veritati
1630 629 1687 656 qua:
1702 622 1773 656 prius

989 651 1094 691 latebat,
1110 654 1397 691 auresaccoinmodare
1411 655 1567 691 detrectant.
1583 651 1650 689 Quid
1663 651 1771 691 de'qui-

988 688 1097 715 busdam
1107 689 1256 715 Christianis
1266 689 1393 722 dicemus,
1405 691 1448 724 qui
1460 691 1484 717 in
1497 690 1642 720 Salvatore.
1654 699 1702 719 cett
1715 688 1772 719 solo

988 724 1093 750 nomine
1106 725 1208 756 mutati,
1230 725 1331 758 pristini
1344 726 1442 752 erroris
1461 726 1594 753 vindicant
1620 727 1771 757 vanitatem.

988 759 1014 785 itt
1029 760 1129 797 tantum
1156 759 1281 797 hebetati,
1300 764 1328 797 u_t
1349 760 1440 797 ipsum
1459 761 1541 797 Deum
1559 761 1607 788 sub
1618 761 1670 788 fato
1683 763 1772 797 egisse

988 795 1156 827 contendant,
1170 795 1296 827 dicentes,
1312 795 1370 830 ipse
1389 795 1464 828 dixit,
1484 795 1605 823 Nondum
1621 797 1686 823 venit
1703 795 1774 824 ‘hora

987 838 1041 856 mea
1049 831 1136 864 (Joon.
1145 838 1172 862 ιι,
1182 830 1208 865 At)
1220 834 1264 858 :ut
1271 831 1334 858 hora
1343 830 1400 857 base
1407 839 1459 857 non
1468 832 1620 864 voluntatis,
1630 832 1678 859 sed
1686 832 1773 859 fatalis

987 866 1146 893 conditionis
1159 865 1251 893 luisset
1265 866 1418 898 necessitas,
1434 874 1493 893 cum
1507 867 1552 893 ille
1562 867 1705 894 voluntatis
1718 875 1773 894 sum

988 900 1080 928 lteram
1091 901 1285 936 signiﬁcaverit,
1301 909 1352 935 qua
1364 909 1392 928 se
1404 901 1470 928 tradi
1481 902 1488 916 ι
1515 901 1671 935 permiserit.
1692 902 1772 929 Deni-

987 943 1038 970 qttc
1053 938 1107 963 ait:
1124 936 1276 963 Potestutem
1299 937 1375 963 habeo
1390 936 1499 971 ponendi
1516 937 1626 963 animum
1645 945 1735 970 meum,
1749 942 1772 964 et

988 975 1132 1005 potestatem
1145 971 1221 998 [iubeo
1236 972 1322 998 iterum
1335 973 1448 998 sumendi
1462 980 1516 998 eam
1531 972 1585 1007 (Id.
1597 979 1624 1005 ιι,
1641 972 1694 1007 18).
1711 973 1773 1000 Ces—

988 1011 1098 1042 satergo
1112 1007 1196 1033 fatalis
1212 1008 1365 1038 necessitas,
1383 1007 1425 1033 ubi
1439 1012 1554 1041 potestas
1567 1013 1608 1034 est
1617 1008 1770 1035 voluntatis.

989 1042 1020 1068 lit
1035 1042 1166 1076 quomodo
1183 1042 1302 1069 Salvator
1322 1042 1467 1077 appellatur
1480 1051 1494 1069 a
1507 1043 1591 1074 nobis,
1606 1043 1628 1070 si
1642 1043 1686 1069 fati
1710 1048 1772 1070 sunt

988 1084 1046 1110 qtne
1059 1078 1169 1112 agimus,
1183 1078 1224 1104 vel
1241 1077 1363 1104 accidunt
1384 1078 1475 1104 nobis?
1499 1078 1563 1110 Quia
1579 1078 1638 1105 ideo
1653 1078 1774 1105 Salvator

989 1111 1093 1148 dicitur,
1108 1113 1230 1146 qnoniatn
1250 1112 1366 1139 ostendit
1391 1113 1467 1139 nobis
1480 1114 1547 1139 viam
1563 1113 1670 1140 salutis:
1685 1113 1772 1148 itaque

989 1147 1009 1172 si
1024 1148 1058 1174 ab
1069 1148 1118 1174 hoc
1132 1152 1237 1174 ostensa
1258 1152 1308 1176 est.
1326 1156 1378 1174 non
1401 1148 1446 1174 fati
1462 1148 1508 1174 fuit
1523 1148 1585 1182 quia
1599 1149 1671 1182 prius
1686 1147 1771 1175 latuit.

989 1182 1022 1208 Et
1033 1182 1103 1216 quod
1116 1182 1162 1208 fati
1176 1189 1235 1209 esse
1256 1182 1360 1217 dicitur,
1377 1190 1410 1209 ex
1425 1183 1568 1217 improviso
1581 1183 1688 1210 evenire
1711 1191 1775 1210 con-

990 1217 1109 1244 tendunt.
1122 1217 1177 1244 Hoc
1190 1217 1259 1244 enim
1273 1216 1333 1244 ﬁdei
1350 1216 1471 1244 meritum
1487 1223 1537 1250 est,
1553 1226 1610 1252 quae
1625 1225 1677 1244 non
1687 1222 1774 1252 potest

989 1252 1040 1279 dici
1053 1260 1085 1279 ex
1097 1251 1160 1283 fatu,
1169 1252 1229 1286 quia
1243 1252 1312 1286 quod
1327 1252 1452 1284 creditur,
1468 1253 1526 1280 aliis
1540 1251 1645 1280 sreculis
1656 1251 1773 1287 auditum

990 1295 1040 1313 non
1057 1287 1114 1313 fuit.
1128 1287 1190 1314 Fata
1203 1287 1272 1314 enim
1288 1286 1336 1314 hoc
1348 1288 1439 1314 dicunt
1449 1292 1584 1322 [παιδίω-θ,
1594 1288 1663 1322 quod
1674 1288 1701 1315 in
1711 1296 1774 1316 con-

990 1323 1137 1349 versatione
1153 1322 1287 1349 hominum
1298 1323 1418 1357 vertitur.
1433 1323 1489 1349 lloc
1503 1327 1591 1350 autem
1606 1331 1655 1357 qua
1669 1324 1772 1351 ratione

991 1361 1116 1392 prtestare
1131 1365 1215 1392 posse
1239 1357 1370 1390 dicuntur,
1393 1358 1462 1391 quod
1483 1358 1604 1391 ignorare
1623 1358 1772 1392 deprehen-

991 1392 1106 1420 duntur?
1127 1392 1193 1419 llinc
1217 1398 1257 1420 est
1276 1392 1345 1419 unde
1369 1393 1510 1426 Apostolus
1529 1393 1575 1426 ait,
1603 1392 1681 1426 Quem
1702 1402 1773 1421 nemo

991 1429 1133 1463 principum
1145 1428 1221 1463 hujus
1233 1427 1319 1455 seculi
1331 1428 1443 1464 cognovit
1460 1428 1479 1464 (Ι
1490 1427 1547 1455 Cor.
1558 1436 1585 1460 ιι,
1600 1429 1638 1464 8).
1655 1429 1686 1456 lli
1711 1434 1773 1456 sunt

992 1464 1122 1497 principes
1136 1468 1162 1490 et
1179 1468 1332 1498 potestates,
1356 1463 1441 1491 malos
1455 1464 1562 1498 angelos
1572 1463 1622 1492 sub
1632 1471 1662 1492 se
1673 1464 1773 1493 haben-

993 1503 1041 1531 tes,
1057 1499 1101 1533 qui
1112 1499 1161 1526 sub
1174 1499 1280 1526 nomine
1293 1499 1404 1527 falorntn
1416 1500 1562 1533 voluptates
1573 1507 1634 1526 suas
1645 1500 1771 1532 efﬁciunt.

992 1539 1068 1568 prout
1081 1534 1119 1564 eis
1134 1534 1234 1561 libitum
1248 1534 1336 1567 fuerit,
1347 1535 1414 1561 sicut
1424 1535 1695 1563 etassolentmaleiici
1710 1543 1773 1563 con-

992 1569 1073 1605 ﬁteri,
1097 1569 1163 1596 Sunt
1184 1570 1253 1596 enim
1274 1577 1341 1603 quos
1364 1570 1576 1605 diliguntLalios
1601 1578 1653 1597 non
1672 1576 1771 1605 amant,

992 1603 1119 1639 quosdam
1137 1605 1257 1632 oderunt.
1286 1605 1317 1631 Et
1337 1605 1477 1638 unicuique
1497 1604 1547 1632 hoc
1566 1606 1680 1640 suggerit
1693 1603 1775 1633 unus-

992 1640 1102 1673 quisque
1112 1640 1181 1673 quod
1196 1639 1291 1674 diligit,
1304 1640 1364 1674 quia
1380 1644 1406 1666 et
1419 1640 1467 1674 ipsi
1487 1639 1607 1668 diversas
1616 1639 1712 1670 tmen:
1724 1649 1775 1668 vo-

992 1674 1122 1708 luptates;
1137 1674 1195 1702 aliis
1210 1675 1344 1702 libidinem
1359 1675 1455 1701 diversi
1466 1676 1559 1709 Stupri,
1574 1676 1637 1702 .aiiis
1647 1683 1773 1709 munera,

992 1709 1243 1745 aliispvoluptatem,
1268 1710 1327 1737 aliis
1350 1709 1532 1745 petulantiam,
1553 1710 1611 1737 aliis
1625 1711 1701 1742 iram,
1717 1711 1775 1745 qui-

992 1718 1051 1736 atns
1065 1718 1243 1743 vomptatem,
1268 1718 1327 1737 attts
1349 1718 1532 1771 pctutauuam,
1553 1718 1611 1737 ants
1625 1718 1701 1742 iram,
1717 1719 1774 1745 qut-

992 1744 1103 1771 busdam
1118 1745 1265 1777 avaritiam,
1280 1745 1338 1771 aliis
1360 1753 1430 1777 uera,
1444 1746 1503 1772 aliis
1514 1745 1608 1772 damna
1620 1752 1774 1779 procurant,

992 1779 1050 1816 aliis
1075 1779 1217 1816 charisma,
1228 1780 1288 1806 aliis
1305 1779 1374 1816 odia,
1387 1787 1488 1807 necnon
1497 1784 1523 1807 et
1533 1781 1729 1816 impedimenta.
1742 1782 1777 1808 Et

991 1814 1131 1849 aliquando
1141 1815 1220 1841 certis
1235 1815 1396 1848 temporibus
1411 1815 1496 1842 satiati
1510 1814 1649 1849 quiescunt
1662 1816 1687 1842 in
1700 1816 1754 1843 otio
1766 1825 1773 1843 :

991 1849 1132 1884 aliquando
1159 1857 1221 1876 vero
1243 1850 1355 1882 ratione,
1380 1850 1522 1884 aliquando
1534 1856 1669 1883 occupatio
1692 1851 1775 1878 menti

992 1892 1043 1911 non
1057 1892 1086 1911 se
1099 1885 1307 1920 ingerunttquia
1317 1892 1368 1911 non
1377 1885 1556 1916 dominantur.
1569 1886 1613 1913 sed
1630 1887 1776 1920 subrepunt

991 1920 1217 1955 opportunitatem
1228 1919 1377 1954 qutcrentes
1387 1928 1437 1954 qua
1452 1921 1565 1954 capiant.
1585 1921 1665 1955 igitur
1679 1919 1774 1948 Volun~

992 1955 1052 1981 tatis
1065 1955 1200 1983 arbitrium
1211 1954 1323 1982 liberum
1346 1959 1397 1988 cst,
1414 1955 1533 1985 sed,dum
1545 1954 1658 1989 quodam
1673 1956 1774 1985 deside-

992 1990 1032 2016 rio
1044 1990 1205 2024 negligentes
1216 1990 1285 2017 circa
1301 1997 1349 2017 nos
1360 1990 1431 2024 ipsos
1444 1990 1582 2024 efﬁcimur,
1602 1991 1776 2019 sollicitantes

991 2025 1103 2052 suadent
1117 2025 1195 2061 nobis
1203 2025 1314 2052 adversa
1324 2034 1330 2051 :
1340 2025 1453 2053 maxime
1463 2026 1484 2052 si
1493 2026 1608 2060 cogitare
1619 2034 1668 2053 nos
1678 2027 1775 2061 aliquid

992 2060 1060 2094 quod
1075 2061 1137 2094 legis
1146 2059 1240 2096 divina:
1249 2068 1299 2087 non
1311 2067 1350 2087 est
1360 2059 1667 2093 invenerint,,i'euiuntiu
1679 2069 1711 2088 eo
1720 2059 1777 2096 ipso

991 2096 1147 2130 adiuvantes
1161 2100 1189 2122 ut
1203 2095 1358 2129 impleamus.
1382 2096 1450 2130 quod
1470 2096 1592 2130 prohibet
1607 2097 1658 2123 lex.
1674 2097 1740 2123 Nam
1754 2098 1776 2123 si

992 2131 1071 2157 timor
1085 2131 1131 2157 Dei
1145 2130 1171 2157 in
1188 2130 1276 2157 animo
1291 2131 1335 2163 sit,
1352 2138 1401 2158 nec
1415 2139 1487 2164 eam,
1513 2139 1561 2158 nec
1587 2132 1703 2165 sanguis,
1728 2140 1778 2159 nec

993 2166 1136 2200 principes,
1153 2173 1202 2192 nec
1215 2170 1361 2200 potestates
1378 2166 1540 2200 prmvalcnt;
1557 2167 1616 2200 quia
1630 2167 1675 2193 Dei
1691 2167 1776 2194 admi-

993 2196 1088 2228 niculis
1099 2196 1193 2228 siccos
1206 2196 1407 2235 persequuntur,
1424 2206 1452 2229 ut
1466 2209 1519 2228 non
1533 2196 1592 2229 cum
1610 2196 1699 2228 labore
1719 2203 1777 2236 vin~

992 2242 1099 2272 cantari
1107 2235 1134 2263 Si
1147 2241 1233 2272 autem
1243 2236 1380 2272 potestatis
1392 2241 1489 2263 nostrte
1500 2245 1554 2272 non
1568 2244 1698 2271 estmons,
1710 2246 1777 2272 quo—

991 2271 1071 2305 modo
1086 2271 1186 2298 diceret
1196 2271 1333 2304 Dominus,
1349 2270 1438 2303 Petita,
1454 2277 1476 2298 et
1487 2270 1585 2301 (labitur
1595 2272 1662 2298 vobis
1674 2270 1778 2299 {animi

992 2307 1058 2333 enim
1073 2306 1117 2340 qui
1138 2307 1208 2341 petit,
1226 2306 1330 2340 accipiet
1353 2305 1457 2342 (Matth.
1474 2307 1509 2341 vii
1523 2323 1530 2339 ,
1546 2308 1573 2338 '7,
1595 2306 1641 2342 8)?
1663 2307 1694 2334 Si.
1713 2315 1778 2342 ergo

991 2342 1036 2376 qui
1052 2342 1213 2377 vuitpeterc,
1225 2342 1345 2375 accipiet,
1358 2341 1412 2375 jam
1428 2347 1535 2377 nonest
1552 2341 1616 2368 illud
1626 2342 1696 2374 quod
1710 2341 1778 2370 solet

992 2377 1054 2409 dici,
1070 2376 1127 2403 Non
1143 2384 1202 2411 qua:
1215 2377 1345 2409 volumus,
1358 2378 1404 2404 sed
1419 2385 1479 2411 quae
1489 2377 1548 2404 data
1559 2381 1621 2404 sunt
1633 2377 1776 2404 habemus:

992 2412 1052 2447 quia
1066 2412 1187 2439 voluntas
1201 2420 1215 2438 a
1232 2412 1368 2439 Saivatore
1390 2413 1512 2439 incitatur
1528 2416 1555 2439 ut
1569 2416 1649 2447 petat,
1670 2417 1696 2440 et
1709 2413 1779 2440 acci-

992 2447 1047 2482 piat
1059 2447 1130 2482 quod
1143 2447 1258 2482 petierit.
1269 2447 1326 2474 Fati
1335 2452 1421 2474 autem
1434 2448 1482 2474 hoc
1490 2455 1549 2474 esse
1562 2447 1663 2478 dicunt,
1680 2453 1708 2474 ut
1723 2449 1778 2475 sive

1011 2487 1073 2515 etat,
1088 2483 1142 2509 sive
1157 2490 1210 2510 non
1224 2487 1304 2516 petat,
1321 2483 1374 2509 fato
1388 2488 1474 2509 tamen
1486 2483 1555 2517 quod
1565 2488 1609 2509 aut
1623 2484 1720 2510 malum
1732 2489 1777 2510 aut.

990 2489 1073 2545 Betat,
1088 2490 1142 2509 sive
1157 2490 1210 2510 non
1224 2489 1304 2516 petat,
1321 2489 1374 2509 tato
1388 2489 1474 2509 tamen
1486 2489 1555 2517 quod
1565 2489 1609 2509 aut
1623 2489 1720 2510 malum
1732 2489 1777 2510 aut.

1011 2527 1089 2544 onutn
1105 2523 1154 2551 est,
1171 2523 1356 2552 consequatur.
1371 2518 1496 2545 Dominus
1522 2523 1609 2545 autem
1624 2519 1673 2545 hoc
1690 2519 1779 2545 exclu-

992 2553 1068 2590 dens,
1080 2554 1116 2580 ait
1128 2552 1228 2590 :rFt'lia,
1244 2554 1305 2587 ﬁdes
1329 2559 1371 2580 tua
1384 2554 1477 2590 auinam
1492 2558 1514 2580 te
1529 2555 1585 2589 fecit
1596 2553 1650 2589 (Id.
1663 2562 1702 2586 Ix,
1717 2554 1775 2590 22).

990 2586 1048 2616 Non
1058 2591 1111 2622 jam
1137 2589 1182 2615 fati
1198 2586 1247 2621 sit,
1267 2589 1371 2623 quando
1387 2589 1452 2615 ﬁdes
1471 2586 1775 2623 percipit,beneﬁcium.

992 2624 1024 2650 Et
1040 2625 1145 2657 iterum,
1161 2624 1191 2650 Si
1203 2625 1292 2655 credis,
1307 2625 1352 2655 ait,
1368 2625 1452 2650 omnia
1463 2625 1589 2659 possibilia
1603 2630 1659 2652 sunt
1670 2625 1775 2651 creden-

992 2660 1009 2685 ti
1021 2659 1115 2693 (Marc.
1131 2659 1223 2694 tx,2°2)
1237 2669 1243 2685 :
1256 2661 1281 2686 in
1293 2660 1426 2687 Voluntate
1442 2662 1530 2694 utique
1545 2660 1631 2694 posuit
1642 2662 1778 2693 meritum;

991 2696 1051 2729 quia
1067 2695 1128 2722 ﬁdei
1150 2695 1246 2721 bonum
1268 2700 1318 2727 est,
1343 2703 1393 2722 non
1418 2701 1528 2722 naturae.
1542 2695 1619 2722 Fides
1633 2700 1720 2723 autem
1735 2704 1777 2723 res

991 2731 1120 2757 accedens
1133 2735 1182 2762 est,
1200 2738 1256 2764 qnie
1269 2730 1365 2757 excitat
1380 2730 1411 2757 ad
1425 2730 1579 2758 exercitium
1594 2730 1757 2764 voluptatem
1769 2740 1775 2763 ;

991 2769 1020 2792 ut
1032 2767 1090 2801 quia
1103 2766 1128 2792 in
1140 2770 1232 2802 natura
1248 2773 1298 2792 non
1315 2770 1363 2799 est,
1374 2766 1495 2793 voluntas
1509 2770 1567 2802 qua:
1581 2765 1606 2793 ib
1620 2768 1712 2793 natura
1726 2772 1776 2800 est,

991 2806 1112 2835 suscepta
1137 2801 1197 2832 ﬁde,
1220 2801 1342 2828 meritum
1367 2802 1390 2829 'ei
1412 2801 1522 2829 collucet
1547 2802 1616 2837 apud
1633 2802 1725 2830 Deum.
1740 2801 1776 2829 ita

1023 2870 1032 2885 ι
1041 2872 1081 2895 Its.
1093 2869 1253 2900 Colbertinus,
1271 2869 1330 2902 pati.
