4042 6458
298 369 429 429 2561

297 490 388 548 Dei
419 488 654 558 potentia
680 486 1030 548 conﬁrmavit.
1061 486 1195 558 quia
1219 485 1285 541 ad
1307 484 1726 558 majestatisrsuae
1755 486 1876 540 uni-

298 577 407 618 cam
425 556 433 558 ’
452 559 864 630 magnitudinem
894 556 1286 630 protestandam
1307 600 1322 624 ,
1364 556 1536 630 facere
1565 556 1872 630 disponeret

296 647 410 703 qua:
437 627 778 703 impossibilia
819 640 873 703 et
897 627 1144 684 inaudita
1186 638 1310 683 sunt
1336 627 1532 681 mundo
1556 670 1569 692 ,
1599 627 1871 703 quo_f_a_elo

297 698 593 758 ostenderet
619 716 677 756 se
706 701 984 755 Dominum
1009 707 1285 762 creatum,
1308 709 1362 753 et
1385 708 1620 753 creatura
1645 698 1871 768 subjice-

295 782 372 828 ret
400 787 459 826 se
487 772 556 836 ei,
579 772 728 839 cujus
766 786 899 839 Opus
925 773 1131 825 caeteris
1161 770 1405 823 omnibus
1437 770 1759 838 impossibile
1791 769 1870 824 vi-

294 843 536 904 deretur;
563 857 784 909 quorum
808 841 1173 896 incredulitate
1195 841 1310 910 plus
1335 841 1648 894 sublimatur
1669 839 1867 894 fidelis-

293 915 454 968 simus
475 913 760 968 Abraham.
792 913 947 968 Fides
969 915 1108 966 enim
1132 912 1268 977 ejus,
1293 911 1682 965 incredulorum
1713 926 1866 979 prima

293 994 367 1039 est
393 1002 405 1037 :
439 984 825 1038 incredulorum
853 984 1092 1052 perﬁdia,
1118 983 1284 1052 gloria
1311 985 1425 1047 ejus
1450 990 1548 1036 est.
1578 980 1708 1034 Nam
1740 981 1867 1036 ﬁde-

291 1055 412 1108 lium
450 1064 529 1108 est
571 1066 744 1122 pater,
773 1063 825 1108 et
856 1054 1147 1108 infidelium
1186 1063 1267 1108 est
1290 1053 1472 1120 jndex.
1517 1052 1682 1120 Hujus
1723 1053 1864 1106 enim

292 1126 539 1189 exemplo
561 1135 611 1179 et
637 1125 759 1180 boni
786 1135 979 1179 :eterna
1009 1125 1109 1178 vita
1137 1125 1416 1186 donantur,
1445 1131 1498 1177 et
1523 1123 1676 1176 malis
1705 1134 1864 1176 teter-

289 1211 351 1249 na
381 1196 648 1250 dabuntur
673 1197 926 1265 supplicia
952 1197 988 1248 ¹.
1013 1195 1108 1250 1110
1128 1196 1268 1250 enim
1309 1206 1543 1262 tempore
1571 1209 1676 1263 quo
1708 1210 1863 1248 mun-

288 1266 382 1321 dus
407 1267 580 1321 adhuc
600 1264 818 1322 scientia
843 1267 1092 1336 parvulus
1121 1275 1252 1330 erat,
1279 1281 1374 1318 nec
1404 1265 1566 1335 signis
1590 1280 1651 1318 ac
1683 1264 1863 1332 prodi-

287 1338 381 1407 giis
406 1353 526 1407 qua:
552 1338 615 1390 ad
648 1338 800 1391 ﬁdem
835 1337 1165 1392 attraherent
1190 1337 1507 1400 illustratus,
1545 1336 1650 1388 Deo
1679 1345 1863 1407 contra

286 1406 559 1462 Scientiam
592 1423 740 1462 suam
775 1408 930 1462 fidem
972 1425 1074 1461 non
1115 1409 1410 1477 denegavit.
1442 1407 1665 1460 Sanetus
1708 1406 1863 1467 igitur

284 1477 548 1532 Abraham
578 1481 878 1548 exemplum
915 1480 1094 1549 generi
1124 1480 1352 1532 humano
1376 1479 1529 1532 datus
1557 1485 1633 1531 est
1662 1477 1862 1549 fido-lis:

283 1550 467 1602 simus.
496 1551 547 1603 lu
577 1553 689 1616 ipso
709 1546 847 1603 enim
874 1546 1218 1619 praeﬁgurata:
1239 1559 1360 1602 sunt
1381 1563 1564 1602 omnes
1587 1546 1859 1619 gentesad

280 1621 500 1674 salutem
528 1620 708 1675 venire
735 1637 826 1689 per
850 1621 1003 1674 ﬁdem
1027 1618 1040 1682 ξ
1066 1620 1215 1688 cujus
1243 1630 1298 1674 ut
1322 1620 1757 1688 superabundans
1779 1618 1860 1689 in-

280 1702 606 1744 crementum
639 1687 755 1745 ﬁdei
797 1687 1139 1754 nosceretur,
1168 1687 1418 1753 tentatur,
1450 1705 1512 1743 ac
1552 1689 1766 1757 jubetur
1794 1687 1857 1740 ﬁ-

281 1760 402 1813 lium
437 1777 590 1814 snunt
622 1764 728 1816 lleo
756 1762 1061 1828 immolare;
1093 1761 1232 1830 quod
1264 1761 1454 1814 factum
1485 1774 1591 1813 non
1621 1770 1732 1813 erat
1756 1775 1858 1811 un-

278 1846 432 1901 quam
459 1830 554 1901 '(et
586 1847 685 1886 nec
724 1832 798 1885 rei
846 1835 1076 1887 novitate
1115 1833 1372 1894 turbatur,
1409 1848 1504 1885 nec
1531 1831 1761 1898 disputat
1790 1845 1857 1884 an

279 1899 386 1972 fieri
419 1899 640 1958 deberet
688 1905 793 1957 Deo
817 1903 1040 1971 jubente
1081 1903 1415 1972 parrhidium
1443 1944 1457 1968 ,
1503 1901 1589 1972 qui
1635 1901 1856 1954 homici-

275 1971 416 2026 dium
455 1990 519 2027 ue
563 1974 711 2028 ﬁeret
737 1971 1091 2028 comminatus
1115 1981 1213 2028 est.
1252 1972 1340 2027 Sic
1366 1973 1431 2027 de
1462 1971 1549 2026 Dei
1591 1974 1858 2025 voluntate

275 2042 570 2110 intrepidus
599 2054 651 2097 et
686 2060 903 2099 securus
923 2086 936 2105 ,
985 2061 1088 2098 non
1129 2052 1405 2097 cunctatur
1435 2043 1707 2112 providum
1739 2055 1856 2095 esse

274 2115 410 2180 quod
437 2117 587 2181 jnhet
624 2115 788 2182 Deus)
815 2133 827 2168 :
859 2123 912 2169 et
936 2115 1073 2168 hunc
1101 2114 1264 2168 ﬁlium
1293 2131 1446 2183 quem
1477 2115 1582 2168 duo
1607 2126 1763 2167 senes
1791 2127 1854 2166 ex

274 2185 629 2254 promissione
656 2195 1028 2254 susceperant,
1068 2186 1341 2254 praemium
1372 2185 1510 2245 fidei,
1545 2184 1853 2238 meritorum

274 2251 529 2319 indicem,
558 2266 609 2309 et
642 2256 691 2308 in
728 2251 833 2324 quo
872 2258 1046 2310 omnis
1070 2251 1194 2325 ipes
1223 2271 1284 2309 ex
1322 2256 1669 2322 promissione
1699 2253 1854 2306 futuri

272 2325 494 2378 seminis
521 2325 831 2381 habebatur.
859 2327 1008 2392 Quod
1035 2338 1088 2380 ut
1115 2327 1261 2380 onmi
1284 2325 1564 2380 devotione
1592 2325 1852 2393 impleret,

271 2397 427 2467 matri
451 2398 566 2465 ejus
588 2413 688 2450 non
720 2397 994 2461 iudicavit,
1019 2413 1084 2451 ne
1109 2396 1248 2467 quod
1277 2397 1522 2450 dicationi
1551 2397 1664 2464 ejus
1686 2396 1853 2463 impe-

270 2463 566 2520 dimentum
595 2467 827 2532 afferret,
851 2469 1024 2523 sciens
1044 2463 1182 2522 circa
1213 2467 1455 2520 affectum
1481 2463 1704 2521 ﬁliorum
1736 2479 1857 2533 pro-

269 2535 519 2591 cliviores
546 2540 596 2591 in
628 2549 808 2593 amore
842 2553 960 2593 esse
990 2549 1216 2600 matres;
1247 2537 1469 2607 ideoque
1495 2538 1685 2592 celavit
1713 2552 1849 2607 eam,

268 2620 375 2660 non
402 2608 677 2678 ambigens
698 2609 903 2678 impleri
934 2609 1130 2663 debere
1151 2608 1288 2677 quod
1310 2606 1459 2678 jubet
1486 2608 1644 2668 Deus,
1673 2606 1855 2678 uthoc

267 2679 522 2745 exemplo
555 2676 904 2744 doceremur,
935 2680 1077 2734 omni
1109 2676 1231 2733 cura
1264 2678 1353 2730 Dei
1384 2677 1556 2730 facere
1588 2676 1852 2728 mandata.

267 2745 322 2800 Si
355 2751 500 2802 enim
535 2749 871 2804 ﬁdelissimus
902 2750 1166 2804 Abraham
1199 2747 1250 2801 in
1283 2763 1340 2800 re
1373 2756 1476 2801 tam
1513 2748 1658 2816 gravi
1691 2756 1744 2800 et
1770 2762 1856 2799 as-

265 2832 396 2896 pera
429 2819 683 2896 obediens
732 2822 1024 2877 invenitur;
1065 2828 1263 2888 quanto
1299 2819 1472 2896 magis
1507 2817 1855 2896 IlI-()SA,.(]lli-l‘)lls

265 2888 354 2960 illa
405 2891 784 2958 praecipiuntur
823 2907 940 2960 qu:e
989 2901 1208 2959 possunt
1235 2888 1473 2958 portari?
1512 2890 1554 2941 υ
1586 2888 1854 2960 ﬁdes'Deo

261 2958 442 3012 dicata
469 3000 485 3026 ,
521 2969 574 3014 et
613 2975 736 3028 spes
777 2958 1096 3015 ill—Domino
1125 2959 1302 3025 firma,
1333 2975 1449 3028 qn:e
1479 2969 1584 3012 tam
1613 2958 1772 3013 chara
1802 2968 1856 3013 et

260 3030 450 3083 suavis
471 3037 572 3093 est,
597 3039 654 3083 ttt
680 3040 954 3098 parentum
977 3046 1038 3084 ac
1059 3031 1285 3084 filiorum
1328 3029 1602 3084 afl'ecti‘bns
1643 3045 1853 3097 prrepo-

259 3108 460 3171 natur,
492 3101 701 3171 dicente
737 3101 1040 3171 Scriptura,
1082 3098 1290 3171 Gustare
1322 3111 1366 3152 et
1397 3100 1587 3164 videte,
1617 3101 1855 3171 quoniam

257 3169 437 3222 suavis
458 3170 800 3242 estDromiuus
826 3169 996 3242 (Psal.
1026 3188 1209 3236 xxxut,
1234 3170 1288 3240 9)
1313 3173 1324 3225 !
1353 3169 1653 3224 l’atriarclta
1677 3182 1853 3225 autem
1893 3195 1898 3198 ·

257 3249 454 3294 noster
479 3240 816 3296 ﬁdelissimus
835 3240 1114 3296 Abraham
1144 3242 1263 3310 quia
1299 3243 1549 3309 propheta
1583 3250 1695 3294 erat
1714 3283 1728 3306 ,
1753 3243 1855 3294 sci-

258 3309 338 3364 vit
366 3310 498 3380 quid
529 3313 678 3380 sequi
706 3311 943 3366 deberet.
973 3312 1097 3366 ldeo
1125 3309 1413 3366 secundum
1433 3311 1571 3380 quod
1597 3311 1854 3366 Dominus

256 3397 406 3434 nunc
434 3381 589 3444 dixit,
623 3391 746 3436 tunc
767 3383 855 3436 ille
886 3383 1028 3446 fecit,
1063 3392 1119 3436 ut
1145 3382 1252 3436 ﬁlio
1278 3382 1519 3450 quamvis
1542 3382 1854 3435 charissima

259 3451 436 3506 Deum
460 3452 512 3504 in
533 3451 815 3507 dilectione
844 3452 1118 3521 praeferret
1146 3453 1354 3506 dicente
1387 3452 1628 3513 Domino,
1662 3452 1722 3506 Si
1745 3453 1855 3520 quis

257 3522 429 3591 diligit
463 3532 658 3591 patrem
692 3531 738 3576 el
765 3533 1002 3586 matrem,
1031 3533 1118 3576 aut
1149 3523 1282 3590 ﬁlios
1307 3539 1463 3590 supra
1494 3539 1604 3583 me,
1643 3539 1743 3575 non
1781 3532 1855 3576 est

259 3608 338 3645 me
355 3590 553 3663 dignm
574 3590 792 3664 (Matth.
824 3610 875 3657 ι,
901 3593 1012 3664 57).
1039 3593 1190 3648 Unde
1216 3591 1519 3664 Patriarcha
1543 3600 1604 3664 ut
1627 3593 1854 3664 Domino

258 3675 371 3731 prae
400 3662 834 3735 c’aeterisgdignus
875 3662 1159 3729 exiSteret,
1205 3664 1363 3718 etiam
1407 3662 1650 3718 occidere
1689 3662 1853 3718 ﬁlium

257 3749 364 3788 non
392 3734 682 3790 recusavit.

954 3821 1021 3860 DE
1057 3818 1165 3860 JOB.

328 3873 546 3948 CXVlll
594 3873 691 3948 (a).
732 3904 802 3948 4—
847 3874 1046 3948 Magna,
1073 3875 1287 3948 dilectio
1338 3881 1466 3941 est,
1514 3872 1704 3948 fratres
1768 3873 1852 3929 di-

257 3945 574 4009 lectissimi,
603 3944 988 4015 omnipotentis
1030 3947 1120 4000 Dei
1156 3961 1278 4014 erga
1317 3961 1483 4015 genus
1516 3944 1806 4000 humanum
1837 3963 1849 3998 :

255 4033 376 4086 qua:
421 4017 692 4070 intellecta
734 4018 946 4086 quidem
987 4017 1228 4085 perducit
1265 4017 1542 4086 adiregua
1584 4017 1851 4080 coelestia;

254 4085 360 4140 non
408 4089 682 4142 intellecta
721 4085 896 4142 autem
941 4086 1156 4142 deducit
1187 4086 1252 4140 ad
1283 4085 1499 4141 inferos.
1535 4087 1674 4141 Dens
1712 4088 1852 4142 enim

254 4157 580 4212 beneﬁcium
614 4173 767 4229 suum
807 4168 1012 4229 gratum
1041 4158 1153 4211 vult
1189 4172 1307 4211 esse
1335 4168 1388 4212 et
1416 4156 1766 4229 fructiferum,
1800 4167 1857 4214 ut

253 4238 308 4282 ct
335 4229 494 4282 nobis
528 4227 898 4298 proficiat,'et
939 4229 1086 4282 illum
1127 4229 1368 4284 misereri
1407 4228 1654 4283 delectet.
1698 4229 1855 4298 igitur

293 4301 517 4354 uouiam
569 4299 742 4352 bonus
786 4308 899 4363 est,
949 4308 1003 4352 et
1032 4314 1219 4353 omnes
1262 4299 1502 4352 homines
1543 4299 1718 4352 salvos
1745 4301 1856 4354 vult

293 4316 517 4354 uontam
569 4315 742 4352 nonus
786 4315 899 4363 eSt,
949 4315 1003 4352 et
1032 4315 1219 4353 omnes
1262 4315 1502 4352 nomines
1543 4315 1718 4352 salvos
1745 4315 1855 4354 vult

253 4315 371 4424 ﬁeri
394 4412 408 4434 ,
440 4370 752 4438 exemplum
783 4369 934 4423 nobis
956 4369 1172 4436 justiti-.e
1201 4369 1251 4420 in
1280 4368 1380 4421 Job
1402 4367 1600 4423 famulo
1636 4385 1733 4424 suo
1757 4371 1855 4424 de-

257 4441 608 4507 monstravit,
641 4440 779 4493 sicnt
809 4455 1042 4508 prazsens
1067 4438 1223 4493 lectio
1250 4446 1491 4501 testatur,
1514 4440 1652 4507 quod
1685 4442 1854 4495 secuti

255 4520 308 4566 et
329 4512 478 4566 malo
505 4525 691 4566 carere
716 4519 770 4564 et
797 4509 863 4563 ad
886 4509 1082 4564 bonum
1114 4508 1295 4562 venire
1323 4509 1636 4578 poterimus,
1669 4521 1722 4563 et
1750 4528 1853 4565 non

255 4582 433 4636 solum
463 4597 494 4635 a
519 4596 678 4651 paena
701 4580 935 4645 liberari,
961 4580 1054 4649 sed
1077 4588 1139 4651 et
1155 4580 1501 4651 remunerari.
1529 4579 1696 4651 Quam
1727 4595 1856 4650 ergo

257 4649 600 4707 admirabilis
628 4661 710 4706 est
729 4652 1095 4706 sanctissimus
1119 4649 1239 4716 .Iob,
1264 4651 1350 4718 qui
1376 4657 1498 4702 ante
1526 4649 1694 4720 legem
1719 4649 1856 4706 litte-

261 4739 331 4780 λε
351 4725 584 4789 editam,
610 4722 662 4775 in
685 4723 934 4792 operibus
974 4723 1084 4778 suis
1119 4722 1395 4792 exemplar
1424 4720 1810 4792 legisostendit
1837 4740 1851 4786 ;

260 4795 407 4849 nulla
439 4797 497 4849 in
532 4793 633 4846 bac
657 4791 815 4846 causa
844 4793 1068 4862 alicujus
1094 4791 1407 4847 documenta
1447 4791 1700 4846 addicens
1720 4835 1732 4854 ,
1761 4793 1852 4847 sed

257 4875 451 4919 natura
482 4865 600 4934 ipsa
629 4863 797 4929 duce,
829 4863 916 4918 cui
947 4863 1096 4934 Deus
1129 4864 1344 4932 justitue
1373 4863 1612 4917 semina’
1639 4872 1856 4918 natura-

259 4935 382 4990 liter
412 4933 598 4990 inesse
624 4934 888 4995 decrevit,
924 4933 1164 5004 Creatori
1206 4935 1551 5004 reverentiam
1579 4935 1663 5004 pia
1693 4939 1858 4989 devo-

260 5009 408 5061 tione
438 5005 724 5075 servavit?
757 5004 962 5071 Qnanta
989 5019 1117 5074 ergo
1144 5002 1296 5057 laude
1323 5003 1512 5072 dignus
1534 5002 1634 5071 est,
1663 5013 1717 5059 et
1741 5008 1856 5075 qui-

259 5075 358 5130 bus
391 5075 580 5131 verbis
628 5073 764 5130 l'acta
805 5076 919 5143 ejus
950 5074 1176 5128 debeant
1209 5075 1423 5137 extolli,
1461 5075 1547 5128 cui
1587 5091 1691 5128 non
1732 5073 1856 5131 ante

257 5146 488 5217 Legem,
515 5162 687 5215 neque
711 5155 830 5217 post
846 5145 1038 5214 Legem
1069 5160 1246 5214 parem
1277 5159 1553 5217 possumus
1579 5144 1856 5217 invenire?

259 5215 528 5286 Quamvis
556 5217 697 5271 enim
728 5216 845 5286 quis
875 5225 1054 5286 posset
1089 5224 1233 5284 gesta
1261 5215 1374 5281 ejus
1401 5215 1610 5286 imitari,
1643 5234 1745 5270 non
1779 5229 1857 5271 ta-

261 5284 387 5344 men
422 5305 553 5345 cum
599 5303 664 5342 eo
693 5284 1048 5341 conferendas
1083 5293 1198 5350 est,
1239 5301 1408 5354 neque
1444 5284 1491 5356 ei
1522 5287 1711 5340 similis
1735 5289 1854 5356 jure

260 5359 500 5416 dicetur.
542 5358 658 5412 Non
686 5360 829 5412 enim
865 5373 1016 5411 suum
1053 5363 1195 5410 esset
1221 5356 1358 5424 quod
1393 5354 1508 5408 talis
1532 5354 1850 5424 exstitisset,

260 5434 385 5501 quia
432 5430 744 5498 exemplum
771 5437 993 5501 secutus
1025 5435 1108 5481 est
1133 5427 1379 5501 alienum.
1414 5424 1855 5501 sanctusuantem

259 5497 363 5558 .l'ob
393 5517 525 5556 cum
555 5497 682 5555 nihil
717 5499 820 5554 tale
848 5497 1085 5562 vidisset,
1124 5511 1292 5565 neque
1319 5497 1368 5549 in
1405 5498 1756 5552 voluminibus
1782 5501 1857 5554 le-

259 5575 536 5638 ctitasset,
571 5571 728 5625 talem
770 5584 828 5624 se
867 5568 1144 5638 pratstitit,
1189 5575 1244 5620 ut
1267 5565 1464 5622 nullius
1492 5568 1688 5638 aliquid
1719 5570 1770 5624 in
1798 5585 1858 5626 se

325 5715 343 5745 ι
367 5720 453 5774 Ms.
480 5707 807 5764 colbertinus,
823 5709 871 5756 et
889 5701 1007 5754 mali
1017 5707 1204 5774 averna
1227 5701 1404 5754 dabunt
1425 5699 1680 5768 supplicia.

325 5775 348 5806 ³
375 5773 525 5832 aditi,
552 5781 728 5820 semen.
755 5775 882 5828 Mss,

322 5835 407 5900 (a)
427 5827 590 5885 Deest
609 5833 658 5880 in
678 5837 788 5881 Mss.
811 5827 1010 5879 secundi
1033 5827 1248 5890 generis.

1748 364 2115 459 APPENDIX.

3417 375 3561 437 2362

1980 484 2231 560 collatum
2257 482 2498 560 haberet,
2523 485 2614 543 sed
2645 486 2760 557 ipse
2782 489 2990 546 caeteris
3017 491 3299 560 conferret,
3330 494 3556 557 formam

1981 555 2225 635 praebens
2264 557 2581 635 mirabiliurh
2609 555 2901 635 gestorum
2931 562 2997 616 ad
3037 562 3202 618 Deum
3249 555 3558 635 promerem

1979 625 2124 697 dum.
2148 625 2323 692 Quare
2340 637 2394 682 et
2413 625 2941 688 Domini-testimonio
2955 625 3355 690 commendatur
3374 625 3555 697 diceti-

1978 695 2046 749 tis
2089 713 2103 750 :
2148 697 2555 752 Animadvertiati
2593 701 2661 752 ad
2703 719 2910 766 puerum
2946 721 3109 758 meum
3141 704 3282 762 Job?
3316 706 3437 763 Non

1978 767 2109 861 enim
2147 768 2324 861 similis
2345 769 2682 861 ei.qttisquam_
2695 771 2748 824 in
2770 774 2916 826 terris
2939 790 3083 857 verus
3108 775 3204 858 Dei
3226 778 3388 861 cultor
3412 779 3432 861 (
3452 780 3552 836 Job

1976 851 2025 912 t,_
2041 837 2116 907 8).
2147 837 2506 912 Quistantitm
2537 837 2708 912 potuit
2737 846 3044 912 promereri,
3076 847 3157 900 cui
3180 847 3285 902 tale
3314 837 3554 905 testimo-

1975 909 2118 985 nium
2139 908 2403 985 Dominus
2442 908 2760 978 perhiberet,
2807 914 2904 968 nisi
2938 915 3022 969 hic
3051 917 3138 985 qui
3175 934 3278 972 non
3320 917 3554 976 imitator

1975 977 2260 1054 invenitur,
2290 979 2383 1054 sed
2414 991 2597 1054 auctor
2619 997 2802 1054 eorum
2829 1000 2946 1052 qua:
2973 977 3174 1054 gessit?
3208 987 3358 1043 Unde
3384 999 3437 1044 et
3463 1006 3550 1046 ve-

1974 1063 2066 1101 rus
2098 1049 2192 1102 Dei
2219 1050 2392 1124 cultor
2415 1053 2687 1124 asseritnr.
2726 1049 2876 1107 Nulla
2913 1049 3051 1109 enim
3090 1067 3259 1124 potest
3285 1060 3550 1116 simulatio

1971 1121 2344 1194 commentitiaa
2371 1121 2603 1194 veritatis
2625 1125 2674 1176 in
2699 1138 2764 1179 eo
2796 1125 2981 1186 videri,
3005 1121 3230 1194 quiante
3250 1144 3307 1183 se
3330 1146 3430 1184 non
3457 1130 3550 1186 ha-

1973 1189 2058 1268 bet
2091 1191 2267 1268 talem.
2295 1190 2487 1268 (lminis
2505 1194 2645 1268 enim
2671 1195 2758 1262 qui
2786 1197 2951 1268 ﬁngit,
2976 1189 3074 1249 hoc
3098 1199 3245 1268 fingit
3268 1200 3407 1268 quod
3431 1216 3549 1255 cer-

1971 1259 2114 1340 nitur
2138 1261 2448 1340 imitari._lf.t
2477 1262 2557 1340 bis
2584 1259 2760 1340 tamen
2771 1259 3028 1340 omnibus
3051 1259 3249 1336 potiora
3277 1259 3399 1324 sunt
3427 1286 3545 1340 quae

1971 1329 2233 1406 dicuntur.
2264 1330 2320 1384 In
2337 1330 2444 1406 _ltis
2471 1332 2611 1386 enim
2646 1335 2883 1406 laudibus
2914 1329 3421 1406 nttlla'probamenta
3445 1329 3548 1396 tri-
3613 1333 3622 1353 ’

1971 1399 2298 1474 bnlationum
2331 1401 2560 1468 ﬁlerunt,
2593 1405 2684 1457 sed
2715 1409 3040 1474 propositqu
3076 1399 3183 1462 Deo
3227 1409 3456 1464 dicatum
3490 1411 3541 1466 in

1968 1473 2220 1549 extercitio
2259 1482 2313 1526 et
2342 1474 2795 1549 observationibus
2818 1473 3176 1549 constitutum
3208 1497 3222 1532 :
3254 1481 3392 1549 quod
3422 1482 3543 1549 quia

1967 1540 2031 1592 ad
2071 1557 2319 1618 coronam
2350 1545 2660 1618 meritorum
2694 1548 2940 1618 tentatori
2977 1563 3079 1602 non
3111 1540 3286 1602 visum'
3316 1559 3396 1604 est
3426 1540 3543 1618 ple-

1967 1626 2114 1684 num,
2151 1615 2298 1681 petiit
2328 1623 2385 1666 ut
2413 1617 2810 1684 permitteretur
2829 1617 2877 1670 ei
2907 1617 3130 1672 diversis
3165 1615 3542 1678 tentatiooibns

1966 1682 2191 1747 probare
2228 1684 2341 1752 ejus
2373 1682 2664 1752 justitiam;
2704 1696 2759 1740 ut
2796 1688 2847 1740 in
2879 1689 3058 1742 multis
3100 1691 3417 1745 constrictus
3445 1692 3544 1746 ali-

1964 1752 2083 1828 cubi
2113 1753 2356 1817 haereret,
2385 1765 2436 1828 _e_t
2465 1764 2641 1828 posset
2661 1757 2872 1811 modum
2895 1759 3172 1814 excedere.
3195 1761 3326 1828 Quia
3353 1761 3417 1814 ad
3443 1762 3542 1816 hoc

1964 1824 2137 1876 solent
2163 1825 2747 1898 peecziiitibitsdiversw
2779 1844 2948 1896 pinnae
2980 1829 3177 1892 inferri,
3213 1824 3271 1884 ut
3297 1832 3418 1898 quia
3445 1846 3540 1886 ne-

1915 1937 1918 1940 Α
1963 1907 2052 1969 tuo
2083 1894 2472 1969 ot_nnia_po_tcst
2499 1895 2632 1969 ferre
2663 1894 2944 1963 tormenta,
2975 1899 3170 1969 aliquid
3201 1894 3409 1954 illorum
3446 1902 3542 1956 eli-

1963 1961 2067 2015 ciat
2094 1964 2140 2017 ei
2177 1961 2413 2039 veritatis
2443 1964 2854 2039 confessionem.
2898 1961 3076 2039 Itaque
3108 1972 3420 2039 permissum
3456 1979 3541 2025 est

1962 2035 2208 2110 tentatori
2236 2037 2412 2110 omnia
2443 2037 2555 2104 ejus
2584 2040 2943 2110 exterminare
2967 2035 3068 2098 {et
3098 2035 3337 2109 perdere,
3368 2056 3536 2110 usque

1960 2102 2042 2183 ad.
2073 2102 2561 2183 mortem_ﬁliorum
2609 2125 2622 2160 :
2665 2118 2722 2183 ut
2758 2108 2802 2162 si
2841 2102 3110 2183 damnum'
3134 2110 3293 2166 ferret
3325 2102 3493 2183 boum
3519 2151 3538 2176 ,

1962 2174 2139 2226 ovium
2170 2191 2275 2227 non
2298 2174 2493 2240 ferret;
2526 2185 2616 2231 aut
2640 2179 2681 2232 si
2709 2190 2762 2232 et
2788 2181 2964 2234 ovium
2991 2179 3154 2234 ferret
3172 2223 3185 2242 ,
3213 2174 3536 2236 camelorum

1961 2245 2300 2323 amissionem
2326 2261 2428 2323 non
2451 2245 2820 2323 ferret,neqtt_e
2839 2265 3110 2323 servorum
3132 2251 3391 2323 auttotius
3415 2251 3542 2304 sub-

1961 2318 2304 2385 stantiaa;aut
2357 2320 2422 2380 si,
2459 2318 2578 2384 quia
2603 2319 2818 2385 grandis
2843 2321 3001 2372 animi
3020 2331 3135 2373 erat
3154 2331 3206 2374 et
3231 2321 3357 2373 satis
3379 2335 3540 2374 merce

1963 2383 2278 2455 devotionis,
2314 2387 2394 2439 his
2423 2383 2666 2440 omnibus
2698 2403 2802 2441 non
2831 2391 3150 2455 vinceretur,
3174 2400 3320 2444 certe
3346 2392 3426 2444 vel
3457 2388 3536 2442 af-

1961 2453 2101 2528 fectu
2150 2456 2441 2528 charitatis,
2502 2467 2723 2528 cogente
2785 2453 3334 2528 frangeretur'morte
3380 2459 3541 2513 simul

1960 2525 2194 2598 omnium
2225 2526 2470 2598 filiorum.
2502 2525 2603 2580 Sed
2635 2529 2755 2598 quia
2781 2525 3099 2596 ante'legem
3127 2531 3345 2596 editam,
3369 2531 3539 2597 legem

1962 2593 2201 2668 in_c_orde
2243 2610 2341 2668 suo
2372 2597 2622 2668 scriptam
2653 2593 2877 2668 habebat
2897 2639 2911 2659 ,
2949 2593 3088 2651 nulla
3115 2593 3340 2660 damna,
3369 2593 3540 2668 neque

1959 2663 2212 2732 orbitates
2240 2663 2495 2718 minorem
2524 2667 2666 2719 illum
2694 2667 2746 2719 in
2777 2667 2871 2721 Dei
2899 2668 3178 2722 devotione
3203 2663 3467 2732 fecerunt,
3482 2679 3541 2723 ut

1959 2730 2182 2807 formam
2213 2733 2363 2807 daret
2387 2736 2450 2786 ad
2477 2735 2638 2788 Deum
2667 2751 2729 2807 ex
2761 2746 2870 2790 toto
2894 2741 3054 2791 corde
3075 2755 3234 2807 super
3261 2739 3434 2792 omnia
3449 2730 3539 2792 idi-

1961 2801 2246 2878 ligendttm.
2271 2803 2475 2870 Quanta
2493 2821 2619 2874 ergo
2647 2806 2837 2878 dignus
2863 2816 2944 2861 est
2969 2801 3154 2878 gloria,
3179 2809 3269 2878 qui
3290 2817 3409 2862 ante
3435 2809 3538 2862 Lc-

1959 2887 2100 2947 gem,
2133 2872 2617 2947 Legemrservavit,
2649 2872 2838 2930 nt'Lex
2869 2872 2992 2946 qua?
3020 2872 3339 2932 futura-erat
3359 2920 3374 2944 ,
3406 2894 3539 2947 quo-

1959 2944 2117 3014 modo
2143 2944 2484 2999 custodienda
2514 2955 2646 3005 erat.
2678 2944 3097 3014 demonstraret,
3125 2963 3229 3002 non
3255 2949 3306 3002 in
3339 2944 3535 3014 verbis,

1961 3012 2052 3065 sed
2094 3024 2280 3085 auctor
2307 3015 2356 3067 in
2390 3015 2576 3069 factis?
2606 3018 2668 3069 Et
2695 3018 2816 3085 quia
2853 3012 3405 3073 tentator'irreverens
3431 3012 3533 3080 est,

1962 3097 2079 3156 nec
2099 3083 2212 3156 luce
2243 3085 2566 3156 gloriaisatis
2605 3088 2652 3141 ei
2694 3083 2800 3140 visa
2831 3097 2912 3142 est
2940 3087 3004 3142 ad
3045 3089 3409 3156 probationem
3437 3089 3536 3142 viri

1955 3154 2110 3226 justi,
2147 3155 2435 3226 nisiialiud
2474 3155 2726 3226 adversus
2765 3172 2885 3210 eum
2928 3154 3352 3223 machinaretur,
3395 3158 3533 3226 quod

1958 3225 2220 3296 sciret‘ab
2263 3225 2477 3280 homine
2507 3224 2631 3278 ﬁ-rri
2674 3241 2775 3280 non
2825 3243 3010 3294 posse;
3045 3229 3191 3296 petiit
3227 3224 3446 3288 iterum,
3481 3236 3539 3282 ut

1960 3293 2106 3367 illum
2131 3294 2305 3367 ipsum
2333 3310 2475 3349 sarvo
2517 3295 2736 3367 vulnere
2765 3293 3066 3366 percuteret
3103 3313 3132 3351 a
3170 3299 3341 3367 capite
3371 3312 3538 3367 usque

1959 3363 2028 3438 ad
2055 3363 2245 3438 pedum
2269 3381 2498 3438 ungues.
2528 3365 2594 3438 Et
2615 3382 2738 3438 eum
2766 3363 2870 3421 hoc
2893 3369 3208 3438 permissum
3229 3363 3391 3433 esset,
3414 3363 3537 3437 quia

1960 3431 2092 3486 ﬁdes
2120 3434 2168 3506 ei
2198 3431 2378 3488 haberi
2409 3451 2513 3489 non
2544 3437 2734 3499 debet,
2765 3431 3085 3506 praeceptum
3113 3447 3196 3493 est
3223 3440 3270 3492 ei
3291 3480 3304 3502 ,
3335 3431 3389 3492 ut
3418 3431 3537 3491 ani-

1958 3518 2099 3577 mam
2124 3505 2257 3577 ejus
2271 3515 2508 3577 servaret
2533 3516 2747 3574 pr0pter
2768 3505 3069 3574 arbitrium,
3097 3518 3152 3562 et
3179 3523 3243 3562 ne
3268 3508 3393 3577 quid
3425 3509 3538 3562 vio-

1959 3572 2130 3627 lenter
2157 3573 2461 3646 audet-etin
2495 3572 2645 3638 eum,
2679 3591 2834 3643 quem
2875 3572 3093 3630 rationis
3126 3578 3246 3646 jure
3285 3572 3537 3646 superare

1959 3657 2062 3714 non
2095 3652 2319 3712 poterat.
2368 3645 2594 3712 Accepta
2623 3646 2779 3714 igitur
2807 3656 3085 3714 potestate,
3128 3645 3535 3702 recrudescente

1958 3712 2010 3766 in
2039 3726 2098 3767 se
2124 3713 2452 3786 crudelitatis
2480 3712 2697 3779 saevitia,
2726 3712 2982 3784 percussit
3003 3717 3168 3770 virum
3194 3717 3392 3785 justum
3423 3717 3536 3786 pla-

1957 3797 2020 3851 ga
2047 3797 2236 3854 magna
2265 3785 2456 3857 nimis,
2499 3795 2554 3838 ut
2585 3786 2710 3838 nihil
2737 3795 2873 3857 esset
2903 3787 2956 3840 in
2991 3801 3213 3855 corpore
3249 3788 3391 3857 quod
3430 3785 3532 3839 im-

1959 3867 2118 3907 mune
2143 3859 2286 3908 esset
2313 3870 2341 3907 a
2371 3855 2614 3917 vulnere,
2653 3855 2791 3923 quod
2819 3871 2976 3910 nemo
3001 3855 3280 3910 hominum
3304 3858 3534 3911 tolerare

1995 3933 2137 3996 osset
2157 3965 2173 3989 ,
2218 3924 2316 3978 nisi
2344 3923 2489 3996 solus
2515 3924 2644 3996 Job‘
2666 3967 2680 3989 ,
2716 3927 2804 3994 qui
2837 3926 3047 3986 vincene
3075 3928 3243 3996 potuit
3271 3936 3529 3980 Satanam.

1985 3994 2026 4046 Et
2045 4010 2161 4066 cum
2189 4010 2287 4049 nee
2313 3995 2388 4048 sic
2408 3995 2648 4066 nequitia
2671 3996 2865 4050 diaboli
2893 3994 3105 4066 aliquod
3133 4012 3373 4050 murmur
3400 4011 3532 4050 eon-

1958 4072 2037 4118 tra
2067 4064 2232 4118 Dcttm
2264 4066 2378 4118 viro
2398 4064 2542 4132 justo
2573 4067 2803 4129 eliceret,
2842 4064 3048 4120 memor
3075 4067 3308 4135 pristina:
3336 4067 3536 4120 callidi-

1962 4135 2079 4188 tatis
2101 4149 2230 4199 suae,
2252 4151 2352 4205 qua
2375 4135 2583 4204 decepit
2612 4136 2800 4200 Adam,
2824 4138 3006 4203 sategit
3031 4138 3074 4189 si
3107 4147 3283 4205 posset
3302 4147 3357 4191 et
3377 4137 3532 4190 istum

1963 4220 2055 4274 per
2085 4207 2357 4276 mulierem
2402 4205 2682 4274 deripere;
2725 4209 2846 4274 quia
2885 4205 3088 4260 facilius
3117 4207 3232 4276 quis
3275 4207 3534 4276 decipitur

1961 4292 2055 4344 per
2077 4275 2447 4330 domesticum.
2482 4277 2550 4329 Et
2574 4278 2622 4328 in
2664 4276 2746 4329 his
2768 4277 3014 4330 omnibus
3042 4275 3170 4329 nihil
3213 4275 3496 4344 proficiens
3517 4317 3531 4341 ,

1961 4347 2066 4399 imo
2095 4345 2475 4400 detrimentum
2518 4346 2713 4400 faciens
2751 4346 3235 4416 impudentissimus
3278 4357 3526 4410 satanas,

1959 4432 2064 4470 non
2092 4418 2260 4471 solum
2292 4417 2613 4471 immobilem
2643 4415 2841 4470 invenit
2871 4418 2960 4471 Dei
2991 4431 3223 4480 servum,
3250 4415 3343 4470 sed
3374 4417 3532 4469 etiam

1960 4490 2292 4556 magistrum.
2325 4487 2380 4540 In
2405 4488 2514 4554 ipsa
2532 4489 2676 4556 enim
2700 4489 3014 4541 necessitate
3043 4489 3260 4554 positus,
3288 4501 3389 4539 non
3415 4495 3532 4538 tan-

1962 4555 2069 4609 tuni
2099 4557 2150 4609 in
2179 4556 2272 4609 Dei
2303 4558 2490 4609 timore
2511 4555 2738 4622 duravit,
2771 4573 2951 4610 verum
2979 4559 3136 4612 etiam
3165 4570 3383 4610 uxorem
3407 4571 3535 4609 eon-

1961 4627 2120 4679 traria
2152 4633 2520 4695 snggerentem
2545 4626 2844 4694 increpans,
2866 4627 3063 4692 docuit,
3086 4626 3260 4695 omnia
3283 4641 3400 4694 qua:
3425 4625 3544 4691 Dee

1959 4693 2301 4765 permittente
2322 4696 2586 4760 accidunt,
2618 4693 2823 4750 fortiter
2839 4697 3109 4752 toleranda
3134 4693 3253 4764 (Job
3272 4693 3328 4762 ti,
3352 4695 3528 4764 l-lt‘v):

1961 4765 2097 4835 quod
2127 4766 2193 4818 ad
2219 4766 2479 4835 duplicem
2509 4781 2719 4834 poenam
2752 4770 2977 4836 pertinet
3002 4765 3529 4836 improvidiisatanae,

1961 4837 2081 4904 quia
2110 4851 2210 4891 nec
2234 4839 2397 4890 suasit
2421 4836 2560 4905 quod
2583 4835 2768 4904 voluit,
2789 4849 2840 4891 et
2866 4853 2985 4891 cum
3019 4835 3138 4889 huic
3160 4835 3362 4899 invidit,
3395 4836 3529 4890 alios

1961 4906 2084 4960 fecit
2118 4907 2325 4961 discere
2353 4907 2490 4976 quod
2521 4924 2617 4963 nec
2651 4908 2790 4962 hunc
2818 4909 2954 4960 scire
2991 4907 3220 4961 volebat.
3266 4909 3530 4972 Quantum

1962 4979 2101 5033 enim
2143 4979 2306 5046 prosit
2333 4979 2553 5032 tentatio
2581 4979 2674 5032 Dei
2701 4977 2896 5039 servis,
2929 4985 2981 5030 et
3007 4977 3141 5030 obsit
3168 4977 3400 5039 diabolo,
3435 4979 3532 5030 hac

1963 5049 2189 5104 lectione
2230 5049 2434 5117 plenius
2463 5049 2768 5103 edocemur.
2808 5046 2940 5100 Cum
2980 5047 3121 5103 enim
3155 5055 3302 5116 putat
3339 5061 3398 5101 se
3434 5061 3531 5100 no-

1962 5134 2084 5174 cere
2109 5120 2220 5183 eis,
2263 5129 2539 5188 promovet
2566 5134 2690 5183 eos;
2733 5127 2786 5172 et
2815 5131 2932 5188 cum
2976 5134 3134 5172 unum
3181 5117 3532 5186 persequitur,

1962 5191 2156 5244 multos
2195 5187 2532 5244 adivit-tutem
2564 5196 2832 5258 provomit.
2878 5187 3127 5242 Videntes
3155 5189 3294 5241 enim
3324 5188 3533 5241 auxiliis

1965 5261 2065 5313 Dei
2099 5259 2237 5314 hunc
2262 5261 2483 5330 protegi,
2515 5261 2664 5330 multi
2694 5259 2996 5330 imitatores
3010 5260 3122 5328 ejus
3142 5258 3532 5330 existunt._Lu-

1962 5345 2110 5384 crum
2144 5328 2274 5399 ergo
2298 5328 2480 5386 volens
2505 5329 2677 5384 facere
2705 5329 2948 5398 perdidit.
2979 5329 3200 5398 Semper
3225 5329 3366 5383 enim
3390 5328 3537 5382 furor

1963 5402 2079 5470 ejus
2106 5401 2392 5456 damnosus
2413 5412 2492 5455 est
2515 5401 2584 5454 ei.
2609 5399 2737 5453 Nam
2768 5416 2888 5454 cum
2919 5401 3249 5469 persequitur
3270 5401 3442 5468 jnstos
3469 5412 3537 5452 ne

1964 5483 2327 5534 numerentur,
2358 5471 2621 5538 digniores
2651 5485 2746 5526 eos
2769 5472 2894 5526 facit
2929 5488 2942 5525 :
2968 5481 3161 5525 etcum
3188 5471 3386 5524 zelatur
3413 5483 3536 5522 san-

1963 5553 2105 5596 ctum
2137 5543 2256 5608 Job,
2284 5541 2568 5610 duplicavit
2592 5541 2641 5596 ei
2674 5543 2917 5597 meritum
2944 5542 2997 5596 in
3027 5542 3163 5598 caelo
3192 5550 3244 5595 et
3269 5542 3318 5593 in
3353 5549 3490 5592 terra
3519 5555 3534 5603 ;

1964 5615 2083 5684 quia
2107 5624 2160 5669 et
2186 5615 2270 5668 hic
2293 5621 2478 5668 auctus
2504 5620 2605 5678 est,
2629 5622 2682 5667 et
2707 5614 2758 5666 in
2785 5614 2933 5668 ccelis
2953 5628 3072 5668 cum
3099 5612 3369 5667 Salvatore
3387 5623 3537 5664 rece-

1965 5770 2119 5882 untotn
2141 5768 2283 5820 citius
2317 5767 2464 5818 deest.
2500 5767 2608 5830 Job,
2646 5769 2775 5834 quod
2817 5774 3196 5844 restitutore:
3219 5777 3300 5825 tta.
3339 5769 3538 5824 coluer-
