4042 6472
555 399 698 466 2367

545 521 763 576 verbum
784 527 904 586 est,
938 520 1073 576 sicut
1101 527 1335 575 nostrum
1357 561 1371 582 ,
1404 517 1544 589 quod
1571 526 1846 589 postquam
1886 517 1943 571 fit
1965 560 1979 582 ,
2007 531 2113 589 non

541 599 660 654 est;
688 591 814 645 illud
843 599 1022 646 autem
1043 601 1239 654 manet;
1271 591 1389 659 quia
1423 587 1538 643 tale
1567 587 1797 644 Verbum
1827 596 1908 642 est
1927 630 1942 655 ,
1974 587 2115 657 quod

541 670 598 741 et
621 661 785 741 audit,
813 669 868 741 et
887 661 1140 741 loquitur,
1159 671 1224 741 _et
1251 671 1519 741 operatur.
1553 659 1676 741 rion
1709 661 1883 741 solum
1927 669 2113 741 autem

542 730 778 786 Verbum
813 732 901 785 Dei
922 741 1004 786 est
1026 775 1041 797 ,
1082 732 1174 787 sed
1205 741 1251 783 et
1291 729 1463 785 Virtus
1485 740 1536 784 et
1556 729 1821 798 Sapientia
1850 730 1976 793 Dei,
2031 729 2116 784 hic

543 801 834 882 estFilius
856 802 947 856 Dei
958 821 991 882 ἑ
1027 804 1120 882 qui
1169 812 1422 872 quantum
1470 801 1534 882 ad
1563 798 1810 882 effectum
1857 799 2111 882 pertinet,

544 871 711 926 Filius
737 873 928 926 dicitur
956 871 1082 936 Dei;
1134 871 1384 942 quantum
1439 881 1614 926 autem
1643 872 1706 942 ad
1753 871 2071 942 locutionem
2094 911 2111 935 ,

543 956 646 1013 qua
669 958 763 995 nos
789 944 1074 1012 alloquitur
1101 941 1240 1000 Deus
1267 959 1360 1013 per
1404 943 1575 1011 ipsum
1595 979 1609 1002 ,
1652 941 1883 996 Verbum
1921 941 2115 996 dieitur

544 1012 672 1077 Dei;
723 1023 978 1082 quantum
1007 1030 1132 1068 vero
1158 1015 1223 1068 ad
1270 1012 1618 1082 Sapientiam,
1668 1028 1767 1081 qua
1824 1027 1920 1066 nos
1974 1013 2115 1065 Deus

544 1097 641 1150 per
669 1084 838 1151 ipsum
867 1085 1023 1138 docet
1048 1096 1435 1139 sacramentum
1468 1099 1656 1148 suum,
1690 1083 1957 1152 Sapientia
1981 1083 2114 1135 dici-

545 1160 632 1233 tur
656 1153 779 1217 Dei;
808 1163 1061 1234 quant_um
1092 1165 1280 1234 autem
1311 1157 1374 1234 all
1413 1158 1774 1234 operationem
1789 1197 1818 1234 _,
1857 1169 1970 1234 “qua
2002 1167 2116 1234 _pc_r

543 1221 716 1290 ipsum
753 1221 926 1277 omnia
959 1225 1079 1280 fecit
1102 1239 1153 1280 et
1186 1225 1307 1278 facit
1332 1221 1502 1290 Deus,
1545 1226 1720 1278 Virtus
1770 1221 1960 1278 dicitur
2002 1224 2112 1276 Dei.

543 1291 668 1347 Hmc
697 1295 822 1348 nulli
853 1296 938 1349 alii
967 1307 1177 1362 possent
1202 1307 1502 1365 competere
1525 1297 1620 1348 nisi
1652 1295 1785 1348 Filio
1815 1295 1925 1349 Dei.
1954 1295 2116 1364 Prop-

545 1371 687 1434 terea
718 1367 858 1418 enim
887 1367 1025 1434 quod
1055 1383 1123 1420 ex
1158 1368 1265 1420 Deo
1295 1368 1432 1419 Deus
1461 1375 1562 1429 est,
1599 1367 1772 1419 omnia
1807 1365 1897 1419 Dei
1921 1366 2115 1418 habere

541 1431 753 1487 dicitur.
778 1431 1053 1491 Nasc'endo
1078 1439 1217 1491 enim
1269 1436 1443 1489 omnia
1493 1445 1810 1490 consecutus
1866 1446 1948 1489 est
2002 1436 2111 1488 Dei.

543 1501 816 1574 Necenim
832 1509 1152 1561 Conveniens
1181 1515 1297 1560 erat
1323 1507 1554 1574 degener
1583 1506 1685 1559 dici
1709 1505 1938 1559 Verbum
1987 1505 2111 1570 Dei,

541 1579 598 1646 et
629 1573 882 1646 Virtutem
914 1586 967 1630 et
996 1577 1322 1646 Sapientiam
1379 1573 1470 1629 Dei
1501 1596 1513 1631 :
1548 1578 1647 1629 hoc
1675 1586 1755 1629 est
1795 1577 1936 1630 enim
1980 1577 2117 1631 Deus

547 1641 816 1709 Verbum;
854 1646 1030 1701 Virtus
1055 1641 1108 1702 et
1147 1648 1432 1716 Sapientia.
1489 1647 1728 1701 Christus
1767 1657 1940 1700 autem
1997 1648 2116 1714 quia

548 1720 689 1786 totus
713 1716 780 1769 de
808 1726 916 1770 toto
943 1727 1025 1772 est
1053 1718 1160 1773 Deo
1189 1719 1354 1781 Deus;
1386 1724 1439 1770 et
1462 1718 1725 1786 Sapientia
1769 1717 1958 1771 dicitur
1987 1717 2115 1786 Dei,

542 1792 596 1837 et
619 1784 794 1838 Virtus
818 1829 832 1850 ,
865 1798 917 1840 et
946 1787 1174 1842 Verbum
1202 1806 1214 1840 :
1263 1789 1361 1842 hoc
1404 1799 1504 1851 est,
1529 1784 1691 1842 Deum
1723 1803 1840 1842 esse
1870 1789 1936 1841 de
1987 1784 2112 1853 Deo,

541 1863 596 1928 et
620 1855 759 1924 apud
789 1857 970 1928 Deum.
1013 1859 1236 1922 Propter
1257 1859 1395 1928 quod
1423 1859 1528 1921 ait,
1584 1858 1696 1913 Hoc
1720 1869 1820 1911 erat
1847 1860 1895 1911 in
1927 1859 2117 1927 princi-

544 1923 627 1990 pio
658 1923 800 1993 apud
846 1925 1028 1980 Deum.
1073 1929 1152 1982 Ad
1182 1923 1499 1984 evincendas
1531 1931 1672 1984 enim
1728 1923 2116 1983 incredulorum

542 2005 749 2050 mentes
787 2008 965 2051 coacta
988 2000 1261 2067 Scriptura
1290 2001 1463 2068 erupit
1486 2041 1500 2063 ,
1531 2010 1591 2054 ut
1616 1999 2121 2053 ostenderrtCltris-

545 2068 1033 2140 tittite‘sseiDeum,
1089 2085 1207 2124 cum
1255 2087 1395 2124 omni
1426 2071 1542 2124 loco
1597 2080 1812 2140 propter
1859 2071 2116 2124 unitatem

544 2133 674 2200 Dei,
703 2137 921 2206 intelligi
951 2133 1058 2192 vult
1085 2139 1354 2194 Christum
1385 2156 1504 2194 esse
1532 2133 1716 2194 Deum:
1746 2141 1896 2195 Nunc
1943 2151 2117 2193 autem

543 2215 872 2279 apertaivoce
897 2210 1169 2264 dixitcum
1192 2227 1308 2265 esse
1351 2211 1542 2272 Deum,
1596 2221 1650 2265 et
1695 2226 1905 2279 semper
1958 2211 2119 2265 fuisse

544 2277 684 2349 apud
714 2278 877 2330 Deum
902 2320 917 2342 ,
949 2291 1334 2334 sacramentum
1359 2282 1679 2349 patefaciens
1729 2277 1853 2344 Dei,
1884 2296 1949 2332 ne
1983 2283 2119 2333 Deus

545 2346 1052 2420 omnino‘solitarius
1083 2346 1376 2418 putaretur:
1404 2353 1690 2405 declaravit
1711 2368 1811 2403 non
1842 2360 2116 2420 propterea

547 2427 709 2485 unum
731 2416 834 2469 dici
867 2418 1028 2472 Dcutn
1051 2461 1065 2483 ,
1085 2416 1096 2418 ﬂ
1119 2430 1176 2472 ιιι
1217 2422 1485 2476 solitarius
1514 2423 1822 2485 a'stitnetur,
1842 2416 1968 2474 'sed
2000 2422 2119 2474 licet

547 2481 656 2560 duo
679 2487 760 2540 vel
794 2497 918 2560 tres,
950 2505 1015 2542 cx
1036 2481 1144 2543 uno
1167 2501 1374 2554 tamen,
1413 2507 1516 2544 non
1550 2481 1894 2560 przejudicare
1935 2491 2116 2544 unitati

546 2557 667 2622 quia
716 2557 852 2624 quod
883 2559 947 2612 de
977 2576 1081 2613 uno
1111 2570 1190 2613 est
1217 2563 1232 2594 ¹
1281 2563 1344 2614 ad
1374 2563 1500 2615 illud
1530 2557 1697 2630 ipsum
1721 2561 1966 2625 refertur,
1997 2563 2116 2629 quia

547 2639 682 2679 unus
708 2637 808 2685 cst,
827 2630 1066 2695 quamvis
1092 2633 1266 2686 omnia
1294 2633 1538 2686 dicantur
1561 2647 1627 2686 ex
1673 2632 1798 2686 Deo.
1829 2631 1932 2685 Sed
1976 2633 2116 2685 aliud

496 2746 503 2766 θ,
546 2696 792 2771 estquod
827 2700 1033 2764 proprie
1071 2703 1272 2755 exstitit
1295 2703 1362 2756 de
1391 2704 1530 2766 Deo,
1563 2711 1615 2753 ct
1643 2702 1784 2755 aliud
1810 2701 1949 2771 quod
1991 2713 2116 2756 nutu

545 2764 744 2841 deforis
763 2776 995 2841 creatum
1017 2783 1096 2824 est
1127 2773 1216 2826 Dei
1243 2791 1254 2824 :
1281 2773 1381 2827 hoc
1397 2764 1526 2837 est,
1559 2772 1697 2825 aliud
1737 2764 1996 2841 est-quod
2053 2773 2117 2827 de

547 2836 835 2911 substantia
875 2840 990 2907 ejus
1022 2843 1310 2908 processit,
1368 2852 1420 2896 et
1441 2843 1586 2895 aliud
1617 2841 1756 2911 quod
1802 2836 1920 2894 cuin
1974 2843 2118 2896 nullo

546 2906 715 2981 modo
749 2906 923 2974 esset,
977 2906 1242 2965 voluntate
1273 2914 1386 2980 ejus
1415 2906 1650 2966 crcatutti
1682 2923 1782 2965 est.
1814 2913 1944 2980 Quia
1977 2914 2114 2981 quod

545 2975 927 3050 desubSIantia
960 2982 1048 3035 Dei
1085 2975 1360 3050 processit,
1387 2997 1653 3050 nunquam
1687 2982 1782 3035 fuit
1815 2975 1970 3050 p'tist'
1995 2975 2116 3048 eius

546 3048 935 3124 substantiam:
980 3048 1119 3120 quod
1167 3069 1292 3107 vero
1335 3048 1569 3107 creatum
1620 3062 1734 3118 cst,
1783 3048 1907 3124 tunc
1957 3057 2118 3124 cmpit

545 3130 665 3171 esse
682 3119 978 3191 substantia
1000 3119 1128 3175 cum
1161 3134 1393 3177 creatum
1422 3133 1531 3176 est:
1580 3137 1641 3176 ac
1662 3138 1754 3191 per
1781 3123 1881 3177 hoc
1910 3119 2114 3180 initium

546 3189 849 3265 non_ltabet_
884 3192 1115 3265 Trinitas
1155 3196 1288 3265 sola.
1344 3195 1638 3246 Declaratio
1664 3189 1839 3262 igitur
1877 3197 2115 3265 mysterii

545 3258 732 3332 merita
785 3261 903 3332 fidei
954 3263 1268 3317 minoravit:
1323 3266 1440 3332 quia
1491 3258 2000 3332 quanto'occulti'ns
2036 3276 2118 3321 est

546 3327 688 3395 quod
712 3330 964 3392 creditur,
994 3342 1138 3386 tanto
1190 3327 1354 3396 magis
1387 3327 1699 3401 propensior
1736 3336 2002 3388 credentis
2036 3348 2116 3390 cst

547 3411 773 3462 merces,
802 3409 854 3453 et
875 3403 1044 3456 minor
1075 3418 1224 3470 paena
1253 3402 1562 3457 diffidentis.
1596 3404 1888 3458 Declaratio
1934 3414 2113 3461 autem

545 3470 782 3540 mysterii
808 3472 943 3524 sicut
965 3475 1166 3527 minora
1199 3473 1321 3526 fecit
1349 3479 1534 3528 merita
1565 3474 1903 3528 credentibus
1929 3475 1987 3540 ³;
2045 3479 2114 3531 ita

547 3538 773 3606 majores
799 3544 1137 3598 exsuscitavit
1156 3543 1743 3667 diffidentibnsﬁpmnas.
1794 3538 2115 3601 Manifestior

547 3609 685 3662 enim
711 3609 795 3664 lex
822 3613 937 3667 olus
957 3611 1082 3666 facit
1107 3630 1275 3667 reum.
1302 3613 1433 3667 Nam
1453 3629 1512 3667 su
1556 3623 1734 3667 ecerat
1760 3617 2114 3667 testimonium

544 3609 685 3680 enim
711 3609 795 3664 lex
822 3613 937 3680 plus
957 3611 1082 3666 facit
1107 3630 1275 3669 reum.
1302 3613 1433 3668 Nam
1453 3609 1734 3668 suffecerat
1760 3617 2114 3672 testimonium

543 3677 834 3753 Sal‘vutoris'
849 3723 862 3746 ,
891 3699 996 3751 quo
1016 3684 1117 3738 sibi
1148 3686 1415 3753 proprium
1445 3685 1651 3740 Patrem
1677 3686 1882 3740 dixerat
1927 3689 2110 3741 Deum.

543 3745 672 3812 Quis
710 3753 848 3805 enim
879 3745 1211 3810 credentium
1237 3745 1504 3810 dubitaret
1529 3756 1659 3810 nihil
1689 3773 1716 3808 a
1745 3756 1901 3811 Patre
1925 3758 2111 3812 differ-

541 3833 602 3872 re
624 3821 678 3896 in
702 3823 993 3896 substantia
1017 3825 1246 3881 Filium?
1271 3827 1376 3882 Sed
1424 3828 1546 3894 quia
1588 3828 1955 3881 haereticorum
1993 3843 2114 3896 per-

542 3892 775 3964 versitas
796 3895 1116 3949 infidelitatis
1144 3892 1458 3951 commentis
1489 3896 1607 3950 fidei
1629 3897 1748 3963 jura
1775 3892 2114 3964 pulsare-ete-

542 3970 710 4035 perat,
735 3963 887 4016 aliter
913 3967 1220 4034 accipiendo
1243 3965 1432 4020 Filium
1463 3966 1552 4019 Dei
1589 3983 1744 4035 quam
1777 3963 2108 4035 prmdicatur,

542 4029 776 4084 additum
813 4042 912 4093 est.
959 4029 1042 4088 ad'
1073 4035 1365 4090 faciendam
1417 4029 1922 4102 manifestatiot'tetn,
1975 4029 2113 4094 hunc

543 4108 665 4170 ante
689 4103 863 4156 omnia
881 4103 1017 4170 apud
1050 4106 1214 4160 Deum
1245 4107 1402 4160 fuisse
1422 4115 1475 4160 et
1507 4107 1669 4160 Detnn
1699 4124 1850 4170 es<c;
1909 4118 1965 4162 ut
2015 4110 2110 4164 de-

543 4168 767 4248 clararet
793 4168 1050 4248 quod_tilii
1078 4177 1187 4230 veri
1215 4178 1348 4230 ratio
1378 4177 1598 4247 mystice
1627 4168 1963 4233 continebat:
2022 4195 2115 4248 per

542 4239 682 4315 quod
711 4239 883 4294 divina
909 4245 1186 4298 clementia
1213 4239 1458 4299 humanae
1488 4248 1777 4300 infirmitati
1822 4239 2112 4315 providisse

543 4309 772 4386 videtur,
802 4319 858 4364 ut
882 4316 1114 4380 aperiret
1132 4317 1272 4386 quod
1302 4317 1538 4370 clausum
1563 4317 1781 4386 potioris
1823 4309 1950 4373 'fidei
1995 4335 2112 4373 me-

542 4377 666 4454 ritis
704 4377 1105 4454 reste-rvaverat:
1150 4377 1298 4438 'unde
1344 4387 1537 4454 adjecit
1563 4377 1592 4450 ’,
1657 4388 1870 4452 dicens,
1928 4388 2112 4444 Omnia

543 4449 978 4526 peripsumfacta
998 4463 1230 4526 sunt,rut
1285 4456 1328 4509 si
1375 4449 1492 4526 quis
1539 4449 1603 4511 ea
1642 4449 2005 4525 superioribus
2059 4464 2111 4516 in

541 4518 716 4588 aliquo
733 4518 1042 4596 ambigeret,
1075 4525 1194 4594 quia
1223 4518 1441 4594 angusia
1464 4537 1545 4581 est
1575 4518 1913 4596 intelligentia
1938 4530 2109 4586 homi-

541 4605 666 4643 num
711 4593 1036 4667 ad_div_i_nas_
1060 4593 1146 4650 res
1170 4593 1474 4663 capiendas,
1505 4612 1569 4652 ex
1599 4598 1679 4652 Itis
1709 4593 1873 4667 capax
1927 4601 2106 4666 fieret,

539 4673 660 4740 cum
691 4663 856 4740 audit,
887 4664 1069 4717 Omnia
1095 4681 1182 4735 per
1200 4668 1363 4740 ipsum
1385 4669 1518 4738 facta
1541 4678 1693 4740 sunt:
1719 4663 1901 4724 ut'non
1931 4663 2109 4740 utique

539 4728 794 4809 {acturam
827 4735 995 4809 ipsum
1027 4728 1252 4802 putaret,
1275 4728 1396 4804 quia
1421 4738 1596 4809 omnia
1627 4756 1720 4806 per
1746 4741 1916 4809 ipsum
1967 4728 2113 4796 au'dit

541 4800 673 4876 facta
696 4817 724 4854 a
751 4800 894 4876 Deo;
921 4800 1164 4876 siautem
1190 4800 1246 4861 et
1276 4800 1389 4876 ipse
1413 4813 1554 4862 esset
1580 4800 1812 4873 factura,
1846 4824 1951 4864 non
1999 4829 2113 4865 otn-

540 4870 626 4922 nia
656 4885 750 4938 per
770 4873 948 4952 ipsum
978 4875 1119 4952 facta
1139 4893 1167 4930 a
1215 4870 1577 4952 Deodixisset
1607 4897 1647 4952 :_
1672 4894 1767 4952 nec
1801 4870 1946 4935 enim
1998 4883 2110 4952 ipse

539 4953 634 5018 per
663 4954 720 5018 se
767 4943 1122 5018 fiebatrQuod
1167 4957 1227 5002 ut
1283 4948 1454 5002 adlmc
1503 4949 1794 5003 absolutius
1839 4943 2108 5018 traderet,

538 5009 764 5088 adjecit,
810 5009 1024 5088 Etsinc
1071 5019 1181 5087 ipso
1201 5061 1216 5084 ,
1243 5019 1444 5088 inquit,
1475 5020 1664 5087 factum
1714 5030 1784 5072 est
1807 5022 1935 5074 nihil
1960 5037 1980 5078 :
2010 5009 2112 5078 hoc

538 5079 739 5163 dicens,
789 5079 1250 5163 eaclusitomnem
1268 5079 1696 5163 controversiam
1719 5102 1770 5163 et
1798 5106 2108 5163 argumenta

541 5157 769 5228 terrena.
812 5153 1065 5228 Quamvis
1093 5175 1195 5212 non
1247 5161 1421 5214 desint
1463 5161 1550 5228 qui
1598 5153 1888 5226 diffidant;
1931 5173 2106 5219 tamen

536 5222 750 5296 quando
779 5225 893 5278 sine
917 5226 1028 5294 ipso
1056 5229 1185 5281 nihil
1217 5229 1409 5283 factunt
1440 5222 1668 5283 ostendit
1690 5272 1706 5296 ,
1758 5222 1901 5285 nullo
1949 5235 2108 5288 modo

535 5290 680 5372 illum
728 5290 1126 5372 factura‘inesse
1153 5300 1408 5370 snspicari
1459 5301 1654 5354 debere
1693 5290 1922 5358 edocuit.
1961 5306 2109 5372 Quo-

534 5361 692 5438 modo
719 5366 861 5438 enim
905 5367 1007 5422 dici
1031 5378 1204 5438 potest
1231 5361 1344 5438 ipse
1370 5385 1490 5424 esse
1540 5371 1769 5436 factura,
1809 5389 1927 5428 cum
1970 5361 2109 5432 7mm

533 5431 738 5488 dtcatur
769 5437 907 5491 Deus
928 5431 1047 5494 sine
1069 5441 1184 5509 ipso
1208 5431 1439 5496 fecisse?
1468 5441 1525 5496 Si
1542 5443 1683 5496 enim
1708 5431 1854 5509 fecit,
1919 5431 2108 5502 mentié

595 5614 704 5693 {sic
718 5615 1374 5693 its._colbertinus..Atnediti,
1398 5619 1506 5674 licet
1527 5623 1641 5693 dare
1661 5623 1736 5676 vel
1764 5631 1862 5693 tres
1889 5641 2108 5693 persona

529 5681 881 5795 ξδεῗξνέῑὼξωηεη
901 5691 993 5728 non
1032 5680 1435 5745 Prwjudicaretur
1467 5684 1654 5745 ma,
1691 5688 1805 5749 quia
1825 5680 1954 5754 quad

593 5801 612 5871 ξ
635 5801 770 5871 editi.
793 5809 988 5871 printer.
1012 5811 1140 5867 Mss,
1163 5811 1286 5871 post.

595 5861 613 5889 ²
635 5865 717 5911 Its.
741 5861 1057 5925 (libertinus.
1085 5861 1262 5922 mereri
1283 5869 1546 5923 antiades.

1540 401 1991 472 QUAZSTIONES
2017 399 2114 458 EX
2153 391 2475 470 UTROQUE
2514 400 2775 459 ΜΙΧΤΙΜ.

3649 401 3796 468 2368

2223 524 2311 569 tur
2338 513 2627 585 Scriptura.
2654 514 2760 571 Sed
2786 513 2943 570 absit.
2967 513 3164 572 Fidelis
3187 515 3332 573 enim
3352 526 3434 573 est
3473 518 3755 592 Scriptura
3773 567 3794 592 ,

2257 601 2335 640 uae
2364 594 2420 658 ut
2438 601 2673 658 errorem
2702 595 2958 658 amputet,
2980 595 3181 658 quanta
3206 596 3383 658 potest
3411 591 3578 646 utitur
3620 591 3797 649 mani;

2257 601 2335 640 uae
2364 601 2420 638 ut
2438 601 2673 640 errorem
2702 601 2958 653 amputet,
2989 601 3181 655 quanta
3206 601 3383 658 p0te5t
3411 601 3578 646 utttur
3620 601 3797 649 mani-

2218 601 2496 735 ?estatione
2512 656 2576 735 ad
2598 655 2821 735 salutem
2849 657 3118 735 hominum
3134 659 3528 735 redimendam.
3557 663 3798 735 Denique

2219 726 2473 804 subjecit,
2505 726 2652 804 Quod
2689 731 2877 804 [actum
2905 737 2977 804 est
3008 729 3076 804 _i_n
3115 729 3237 804 ipso
3262 730 3363 784 vita
3382 740 3465 804 est;
3495 734 3520 802 (
3546 726 3794 804 Joanfl,

2217 795 2320 874 274
2346 796 2396 867 ):
2424 798 2476 851 in
2501 799 2643 874 ipso,
2776 798 2962 874 est_gin
3008 795 3214 874 Verbo,
3240 801 3400 874 ‘quod
3441 795 3640 858 factum
3677 795 3792 874 est,

2217 868 2377 940 vitam
2401 882 2520 940 esse
2547 868 2824 940 significat.
2850 867 2998 923 Sicut
3023 879 3078 924 et
3099 872 3211 940 ipse
3237 867 3490 926 Dominus
3511 875 3620 927 ait:
3651 867 3798 932 Sicut

2218 937 2362 990 habet
2395 936 2549 990 Pater
2567 939 2714 991 vitam
2739 939 2792 992 in
2841 936 3135 1007 sentetipso;
3177 941 3249 994 ita
3276 941 3413 996 dedit
3448 955 3495 996 et
3533 944 3676 999 Filio
3723 949 3798 1000 vi-

2218 1017 2320 1084 tam
2349 1008 2528 1084 [rapere
2553 1009 2606 1084 in
2630 1011 2892 1079 semetipso
2932 1012 2948 1078 (
2977 1008 3062 1063 Id.
3086 1026 3136 1074 v,
3164 1011 3235 1065 26
3255 1013 3292 1084 ).
3342 1013 3458 1067 Non
3507 1015 3632 1084 quia
3665 1015 3798 1072 Ver-

2221 1078 2343 1131 bum
2386 1078 2500 1132 sine
2520 1080 2622 1132 vita
2649 1087 2782 1143 erat,
2815 1088 2870 1134 et
2904 1089 3088 1148 postea
3131 1089 3224 1136 aut
3248 1078 3367 1136 data
3397 1093 3489 1136 aut
3526 1078 3681 1139 'facta
3716 1096 3797 1142 est

2219 1147 2271 1201 in
2312 1148 2528 1228 illqvita
2553 1150 2688 1228 Lsed
2717 1151 2886 1228 ipsum
2909 1147 3176 1228 Verbum-
3201 1154 3361 1228 vitam
3401 1154 3540 1228 _vu|_t_
3576 1157 3799 1228 intelligi

2219 1232 2362 1292 esse.
2384 1217 2438 1292 Si
2465 1219 2531 1292 de
2558 1218 2712 1292 Patre
2736 1220 2844 1292 Deo
2874 1229 3048 1292 potest
3075 1222 3179 1276 dici
3199 1223 3340 1292 quod
3367 1223 3508 1278 aliud
3531 1226 3646 1292 ipse
3675 1217 3794 1291 est",

2219 1299 2272 1364 e_t
2298 1289 2526 1364 aliudin
2565 1303 2624 1364 se
2668 1290 2827 1364 habet
2869 1291 2982 1364 ;ita
3010 1294 3169 1346 etiam
3211 1289 3280 1347 de
3307 1293 3441 1347 Filio
3477 1289 3631 1361 ejus:
3675 1289 3796 1364 quia

2219 1359 2356 1432 sicut
2385 1361 2540 1432 habet
2566 1360 2720 1432 Pater
2743 1361 2904 1414 vitam
2923 1362 3000 1432 Ain
3037 1364 3356 1432 semetipso,
3398 1365 3466 1417 ita
3487 1359 3636 1420 dedit
3667 1359 3798 1422 Filio

2217 1429 2376 1482 vitam
2428 1430 2623 1506 habere
2670 1431 2722 1484 in
2755 1423 3060 1506 semetipso.
3115 1423 3354 1506 “till-tanti
3394 1437 3798 1506 enintgeloquia

2221 1515 2324 1571 non
2347 1509 2468 1553 sunt
2498 1500 2683 1554 id0nea
2705 1500 2772 1554 ad
2799 1516 2884 1555 res
2911 1504 3259 1571 explicandas
3285 1504 3510 1558 divinas.
3547 1505 3671 1560 Ideo
3693 1500 3800 1561 ’νί-

2221 1570 2412 1623 tiosum
2455 1571 2660 1624 videtur
2697 1572 2839 1640 quod
2869 1570 3080 1638 dicitur,
3115 1584 3171 1626 ut
3197 1589 3316 1628 cum
3345 1575 3545 1630 factura
3574 1592 3683 1631 non
3729 1578 3799 1633 sit

2223 1640 2323 1714 Dei
2353 1639 2533 1705 Filius,
2564 1639 2769 1714 in_ipso
2792 1642 2998 1696 dicatur
3044 1644 3240 1698 factum
3264 1646 3404 1714 quod
3453 1647 3598 1700 esti.
3635 1647 3706 1701 Et
3749 1648 3796 1703 si

2220 1709 2459 1784 dixisset,
2489 1711 2627 1784 quod
2654 1709 2888 1784 genitum
2913 1721 2996 1768 est
3017 1715 3068 1767 in
3096 1715 3230 1784 ipso,
3261 1709 3420 1768 etiam
3449 1717 3526 1769 sic
3547 1718 3798 1773 vitiosum

2224 1781 2510 1858 videbatur.
2563 1781 2666 1836 Sed
2699 1781 3157 1858 utsubstantivatn
3185 1787 3634 1858 generationem?
3680 1789 3797 1858 ejus

2219 1851 2550 1915 ostenderet,
2589 1867 2723 1925 opus
2752 1854 2802 1905 in
2847 1867 2910 1907 ea
2941 1853 3132 1925 factum
3173 1851 3316 1924 quali
3360 1857 3432 1911 uti
3461 1855 3632 1925 potuit
3683 1851 3799 1914 ser-

2220 1936 2398 1998 mone,
2431 1937 2524 1990 per
2550 1923 2687 1998 quod
2713 1925 2965 1998 eximeret
2982 1965 3000 1998 _.
3027 1923 3408 1998 demonstravit
3424 1968 3439 1988 ,
3462 1923 3591 1996 quia
3617 1943 3789 1998 gene-

2221 1992 2357 2045 ratio
2402 1997 2517 2060 ejus
2554 1992 2716 2046 vitam
2753 1993 2804 2046 in
2871 2007 2930 2047 se
2980 1993 3157 2051 habet.
3206 1995 3312 2049 Nos
3355 1992 3497 2051 enim
3571 1992 3798 2054 vivimus

2221 2061 2434 2130 quidem
2455 2103 2468 2124 ,
2491 2063 2590 2139 sed
2619 2078 2723 2116 non
2747 2077 3024 2132 possumus
3049 2065 3170 2139 aliis
3194 2066 3324 2139 dare
3351 2067 3508 2121 vitam
3533 2086 3549 2123 :
3599 2071 3798 2139 quippe

2221 2147 2340 2185 cum
2365 2148 2460 2186 nec
2489 2133 2541 2186 in
2569 2143 2830 2201 petestate
2856 2143 3034 2188 nostra
3056 2137 3126 2189 sit
3165 2136 3350 2191 eadem
3399 2139 3526 2192 vita.
3571 2133 3666 2192 llie
3699 2133 3795 2194 au-

2225 2202 2475 2276 temideo
2495 2203 2686 2257 dicitur
2710 2205 2869 2258 vitam
2910 2205 2962 2259 in
2987 2219 3046 2258 se
3074 2206 3269 2261 habere
3287 2247 3301 2270 ,
3325 2208 3445 2276 quia
3484 2218 3680 2276 potens
3719 2219 3800 2264 est

2223 2273 2521 2344 vivificare,
2549 2283 2604 2327 et
2627 2289 2811 2328 creare
2834 2290 2951 2344 quae
2999 2277 3110 2330 vult
3138 2286 3194 2330 ut
3232 2273 3422 2332 sint—et
3471 2273 3673 2333 vivant.
3721 2279 3800 2335 Ad

2223 2342 2324 2420 hoc
2352 2343 2492 2420 enim
2517 2342 2998 2420 natus_dici_tur,_ut
3021 2347 3197 2420 omnia
3236 2348 3406 2418 possit
3454 2349 3632 2406 facere
3683 2365 3800 2420 qua:

2221 2411 2342 2484 facit
2383 2413 2573 2474 Pater;
2601 2416 2723 2484 quia
2763 2417 2839 2469 sic
2867 2416 3023 2470 habet
3069 2411 3306 2470 vitam'in
3329 2433 3386 2472 se
3412 2458 3428 2482 ,
3459 2421 3598 2473 sicut
3642 2411 3802 2476 habet

2222 2491 2278 2560 et
2309 2483 2496 2560 Pater.
2514 2483 2636 2560 _lloc
2658 2485 2798 2539 enim
2825 2496 2938 2560 est,
2969 2488 3146 2541 omnia
3177 2503 3270 2560 per
3296 2488 3466 2556 ipsum
3489 2501 3544 2544 et
3587 2492 3639 2543 in
3688 2492 3801 2560 ipso

2223 2551 2432 2618 fecisse,
2483 2555 2559 2608 sic
2609 2571 2731 2610 eum
2786 2558 3067 2626 genuisse,
3101 2567 3159 2611 ut
3179 2551 3407 2612 haberet
3433 2562 3484 2613 in
3512 2577 3572 2614 se
3593 2551 3761 2614 vitain
3782 2602 3798 2626 ,

2222 2637 2316 2691 per
2338 2639 2494 2692 quam
2523 2628 2698 2699 omnia
2737 2628 2904 2699 possit
2945 2627 3120 2699 facere
3151 2645 3164 2682 :
3197 2644 3300 2682 non
3327 2631 3449 2698 quia
3499 2630 3614 2699 ipse
3658 2631 3801 2686 aliud

2220 2702 2303 2770 est
2330 2709 2484 2763 quam
2516 2696 2653 2770 vita,
2684 2697 2777 2770 sed
2801 2697 2923 2751 dum
2973 2698 3073 2752 hoc
3104 2709 3276 2766 potest
3298 2696 3402 2753 vita
3441 2696 3592 2770 ejus,
3640 2710 3701 2755 ut
3748 2711 3802 2756 et

2222 2764 2385 2837 vivat,
2414 2775 2468 2837 et
2496 2765 2598 2818 alia
2632 2769 2798 2836 possit
2821 2783 3003 2821 creare
3027 2764 3145 2837 qua:
3170 2769 3366 2832 vivant,
3407 2764 3802 2827 viiam'dicitur

2223 2834 2416 2907 habere
2441 2836 2490 2887 in
2520 2834 2827 2907 setnetipso.
2853 2838 2958 2891 Nos
2979 2834 3119 2892 enim
3155 2840 3397 2904 vivimus,
3429 2841 3522 2895 sed
3569 2856 3679 2895 non
3714 2844 3803 2896 ha-

2225 2903 2407 2978 bemus
2433 2906 2510 2978 sic
2532 2906 2582 2959 in
2611 2903 2762 2962 nobis
2783 2909 2941 2962 vitam
2968 2909 3136 2978 ipsam
3154 2948 3168 2971 ,
3201 2922 3257 2964 ut
3283 2903 3443 2964 etiam
3467 2910 3585 2964 aliis
3611 2912 3801 2967 demus

2221 2975 2404 3048 vitam.
2431 2974 2598 3042 Quem
2626 2991 2842 3048 sensum
2881 2989 2935 3033 et
2977 2974 3252 3048 apostolus
3301 2979 3494 3034 Ptfulus
3539 2992 3802 3037 memorat

2221 3045 2360 3121 inter
2387 3057 2577 3121 caetera
2605 3047 2829 3102 dicens:
2884 3047 2984 3113 Qui
3011 3045 3093 3103 ἐει
3145 3051 3314 3121 imago
3349 3052 3616 3105 invisibilis
3667 3052 3795 3118 Dei,

2219 3116 2576 3192 priutogenitus
2604 3126 2720 3192 ante
2745 3116 3268 3192 omnemhcreaturam'
3281 3136 3301 3173 :
3344 3123 3584 3190 quoniam
3610 3123 3666 3175 in
3694 3116 3801 3192 ipso

2220 3186 2422 3237 condita
2447 3196 2561 3238 sunt
2583 3188 2752 3240 omnia
2775 3191 2828 3242 in
2856 3188 2994 3244 cretis
3018 3199 3062 3242 et
3082 3191 3135 3242 in
3161 3199 3330 3244 terra:
3354 3186 3571 3245 risibiIia
3597 3203 3644 3245 et
3673 3186 3801 3246 iuri-

2218 3255 2400 3332 sibilig,
2423 3257 2524 3308 sive
2553 3256 2737 3320 Sedes,
2767 3261 2869 3332 sive
2893 3259 3292 3326 Dominationes,
3309 3262 3411 3315 sive
3434 3261 3794 3332 Principatus,

2218 3323 2651 3402 sittePotestates;
2677 3331 2845 3402 omnia
2876 3346 2965 3398 per
2989 3335 3156 3402 ipsum
3179 3342 3226 3384 et
3251 3323 3304 3385 in
3327 3333 3436 3402 ipso
3465 3323 3636 3386 creata
3685 3323 3800 3388 sunt

2221 3392 2438 3517 quloss.
2474 3398 2638 3463 1.15,
2671 3401 2779 3468 l6).
2808 3392 3144 3455 conveniunt
3184 3392 3362 3457 autem
3412 3402 3706 3474 Evangelia
3746 3405 3797 3458 in

2246 3479 2327 3517 ioc
2357 3467 2585 3517 duorum
2618 3469 2992 3517 Anostnlnmm
3020 3471 3240 3517 Joannis
3267 3483 3320 3517 et
3369 3472 3513 3517 Pauli
3545 3491 3559 3517 ε
3611 3474 3797 3517 92mm

2246 3479 2327 3519 ioc
2357 3467 2585 3521 duorum
2618 3467 2992 3536 Apostolorum
3020 3471 3240 3527 Joannis
3267 3483 3320 3527 et
3366 3472 3515 3526 Pauli
3545 3467 3798 3529 {eadem

2217 3536 2356 3588 enim
2379 3537 2600 3604 dicunt,
2629 3541 2748 3608 quia
2775 3540 2940 3595 Filius
2970 3543 3058 3596 Dei
3105 3555 3228 3597 ante
3253 3557 3464 3596 omnem
3493 3555 3797 3599 creaturam

2215 3607 2426 3683 genitus
2462 3617 2571 3674 est,
2605 3607 2656 3663 ut
2679 3621 2884 3665 crearet
2909 3615 3169 3681 potentias
3209 3614 3530 3683 spirituales,
3564 3623 3624 3669 et
3647 3631 3800 3670 mun-

2215 3677 2378 3749 dum,
2412 3687 2466 3731 et
2489 3693 2607 3749 quae
2653 3683 2702 3734 in
2737 3697 2802 3734 eo
2838 3677 2962 3736 sunt
3003 3677 3255 3738 visibilia:
3292 3683 3443 3749 Quod
3463 3677 3609 3740 enim
3667 3686 3799 3740 dixit

2215 3746 2480 3823 iloannes,
2507 3746 2632 3823 quia
2663 3751 2799 3823 quod
2818 3753 3007 3820 factum
3033 3763 3106 3807 est
3129 3794 3144 3820 ,
3185 3753 3240 3807 in
3260 3746 3373 3823 ipso
3400 3755 3502 3807 vita
3525 3764 3604 3809 est
3622 3797 3638 3821 ,
3701 3757 3800 3809 hoc

2216 3816 2356 3892 idem
2387 3816 2698 3889 significavit
2738 3831 2794 3876 et
2818 3816 3011 3877 Paulus
3043 3816 3256 3887 dicens,
3283 3816 3410 3892 'quia
3432 3826 3487 3878 in
3525 3816 3642 3892 ipso
3675 3842 3797 3879 con-

2215 3891 2322 3965 dita
2349 3899 2463 3965 sunt
2487 3893 2654 3965 munia
2678 3893 2729 3944 in
2773 3893 2909 3965 caelis
2933 3904 2979 3947 et
3021 3895 3072 3947 in
3119 3905 3270 3946 terra.
3310 3891 3380 3965 Et
3418 3895 3470 3948 in
3517 3891 3794 3965 subjectis,

2221 3960 2402 4034 ania
2415 4031 2425 4034 _
2440 3961 2700 4034 peripsam
2712 3972 2756 4014 et
2780 3964 2833 4014 in
2853 3964 2962 4032 ipso
2981 3972 3149 4017 creata
3175 3973 3312 4018 sunt.
3335 3962 3436 4017 Per
3452 3960 3637 4034 ipsum
3652 3960 3798 4021 cresi-

2216 4030 2308 4090 vit,
2339 4031 2458 4098 quia
2489 4031 2539 4083 in
2566 4030 3027 4087 substantia—idem
3055 4034 3305 4098 Deusest,
3330 4036 3430 4088 hoc
3454 4030 3538 4089 est
3560 4037 3721 4090 Pater
3745 4037 3797 4090 iu

2217 4098 2402 4173 Filio:
2442 4098 2507 4154 In
2533 4102 2642 4170 ipso
2671 4117 2831 4166 vero,
2863 4104 3112 4172 quoniam
3161 4106 3240 4158 sic
3265 4106 3537 4173 generavit
3569 4105 3794 4171 Filium,

2216 4179 2273 4223 ut
2301 4171 2519 4225 haberet
2547 4173 2834 4238 potentiam
2857 4171 3082 4228 faciendi
3107 4171 3291 4228 omnia
3312 4175 3536 4229 visibilia
3567 4185 3626 4230 et
3667 4178 3800 4230 invi-

2215 4242 2406 4294 sibilia.
2427 4240 2537 4293 Hoc
2563 4239 2661 4294 fuit
2687 4241 2874 4303 fecisse
2902 4246 2954 4297 in
2977 4245 3065 4298 illo
3089 4247 3279 4312 vitam,
3311 4254 3368 4299 ut
3394 4254 3450 4299 et
3467 4246 3694 4310 viveret,
3744 4254 3797 4300 et

2214 4313 2373 4364 vitam
2403 4312 2522 4386 aliis
2566 4321 2840 4386 praestaret
2880 4314 3120 4386 vivendi,
3173 4315 3526 4385 intelligendi,
3569 4316 3793 4386 agendi,

2214 4390 2267 4458 et
2298 4382 2888 4458 Caeteris_auituantilnts
2916 4385 3212 4458 secundum,
3234 4382 3371 4458 quod
3399 4387 3567 4458 voluit
3588 4382 3794 4458 {quasi

2214 4451 2386 4521 imago
2415 4452 2550 4526 -Dei.
2603 4454 2732 4507 Dum
2759 4457 2901 4509 enim
2920 4457 3092 4526 imago
3115 4451 3306 4512 dicitur
3333 4456 3460 4516 Dei,
3490 4457 3558 4509 ad
3593 4451 3796 4510 utrum-

2215 4538 2316 4596 que
2349 4521 2608 4596 refertur;
2640 4526 2783 4596 quia
2820 4535 2875 4580 et
2929 4521 3049 4595 per'
3068 4539 3374 4596 expressam
3426 4527 3756 4581 nativitatem
3776 4568 3793 4592 ,

2215 4595 2426 4667 plenam
2451 4593 2609 4667 habet
2639 4594 2688 4647 in
2720 4609 2800 4667 se;
2823 4593 3218 4651 similitudinem
3263 4596 3456 4662 Patris,
3504 4607 3562 4651 et
3615 4607 3795 4667 potest

2213 4662 2468 4731 quidquid
2500 4674 2671 4730 potest
2693 4673 2748 4719 et
2775 4665 2959 4730 Pater,
2986 4675 3043 4720 ut
3064 4681 3244 4720 verum
3271 4667 3341 4721 sit
3378 4667 3592 4722 Patrem
3615 4662 3793 4722 Vide-

2213 4734 2260 4786 ri
2300 4733 2360 4808 in
2379 4731 2557 4808 j‘ilio,
2598 4736 2684 4808 qui
2707 4746 2792 4808 est
2808 4737 2990 4808 imago
3036 4737 3322 4808 invisibilis
3363 4737 3479 4791 Dei.
3524 4737 3797 4808 Numquid

2222 4802 2586 4876 quia_Patrem
2615 4802 3107 4876 invisibilem'dixit,
3127 4806 3317 4860 Filium
3346 4808 3614 4863 visibilem
3646 4802 3795 4876 fecit,

2213 4888 2332 4947 cum
2349 4872 2446 4925 hoc
2461 4874 2642 4943 utique
2667 4875 2733 4927 sit
2760 4874 2923 4928 Filius
2950 4894 3042 4946 per
3069 4872 3311 4931 naturam
3339 4878 3478 4947 quod
3503 4891 3560 4932 et
3589 4872 3797 4934 Pater?

2214 4943 2280 5018 Et
2307 4957 2426 5018 cum
2455 4943 2961 5018 creaturactelestis
2978 4948 3048 5001 sit
3092 4943 3388 5018 invisibilis,
3439 4961 3645 5018 quanto
3676 4966 3796 5003 ma-

2211 5015 2294 5084 gis
2320 5014 2541 5067 Creator
2563 5015 2718 5088 ejus?
2769 5017 2873 5071 Sed
2903 5017 3003 5070 hoc
3030 5017 3341 5088 significavit
3366 5014 3505 5088 quod
3535 5021 3590 5072 in
3642 5023 3797 5075 aptis

2214 5092 2314 5158 est,
2343 5099 2445 5158 non
2471 5086 2676 5154 quodin
2701 5096 2874 5158 terra;
2896 5088 3016 5156 quia
3043 5086 3285 5158 quamvis
3323 5086 3486 5143 Filius
3508 5090 3798 5147 invisibilis

2213 5155 2300 5219 sit,
2352 5155 2457 5209 illic
2501 5164 2704 5220 tamen,
2755 5156 2806 5210 id
2835 5155 2955 5222 est,
3006 5155 3075 5211 in'
3104 5159 3410 5214 caelestibus
3460 5160 3675 5215 videtur
3727 5162 3798 5216 ab

2218 5227 2480 5299 Aposmlis
2500 5227 2582 5299 vel
2607 5229 2818 5280 cancris
2845 5229 3056 5299 talibus,
3076 5228 3146 5283 de
3169 5231 3361 5299 quibus
3410 5228 3544 5284 dixit
3568 5247 3582 5284 :
3610 5231 3794 5298 Pater,

2216 5298 2325 5350 volo
2345 5306 2399 5349 ut
2425 5297 2508 5348 ubi
2525 5312 2616 5365 ego
2636 5313 2747 5350 sum
2767 5339 2780 5361 ,
2805 5306 2854 5352 et
2877 5298 2960 5350 isti
2989 5300 3090 5352 sint
3109 5297 3301 5353 mecum
3319 5339 3334 5363 ,
3377 5311 3421 5354 et
3449 5301 3656 5354 videant
3688 5297 3800 5356 cla;

2215 5368 2408 5440 ritatem
2437 5367 2824 5440 meamr(.foau.
2874 5384 2980 5424 xvu
3013 5409 3029 5431 ,
3082 5371 3210 5440 24).
3264 5371 3330 5424 Et
3375 5372 3550 5424 alibi:
3605 5371 3796 5439 Beati,

2214 5437 2416 5510 inquit,
2468 5439 2654 5510 mundo
2700 5439 2882 5505 corde,
2936 5437 3176 5505 quoniam
3214 5442 3312 5510 ipsi
3344 5440 3507 5494 Deum
3554 5437 3800 5498 videbunt

2212 5507 2446 5576 (Matth.
2470 5523 2522 5573 v,
2575 5508 2685 5578 8):
2732 5510 2833 5563 hoc
2880 5520 2980 5578 est,
3031 5507 3245 5565 Patrem
3285 5513 3339 5565 in
3390 5511 3566 5575 Filio.
3621 5514 3797 5570 Deum

2211 5578 2640 5648 imaginc;quod
2667 5587 2751 5635 est
2795 5580 2958 5635 Deum
3007 5581 3059 5636 in
3110 5583 3239 5638 Deo.
3293 5582 3441 5638 Sicut
3490 5586 3800 5654 corporalis

2269 5756 2286 5824 ξ
2336 5763 2419 5824 Is.
2443 5756 2980 5824 Colberti9u8._otnittit,
2999 5760 3127 5824 quod
3143 5763 3234 5824 est.

2201 5819 2407 5936 αἱδίεὸἱο
2443 5825 2523 5870 Ms.
2573 5821 2894 5872 Colbertinus.
2943 5819 3021 5873 Δι’
3039 5822 3188 5890 editi,
3220 5819 3532 5878 αιὺσιωιιὶωη
3574 5835 3798 5894 φατε,
