4070 6490
296 370 436 429 2369

298 492 374 547 rei
400 502 593 557 corpus
622 487 805 557 imago,
832 490 935 551 est,
981 480 1152 557 it_a___et
1194 481 1285 536 Dei
1335 480 1472 536 Deus
1516 480 1700 557 imago
1744 489 1862 536 est:

298 563 420 630 quia
452 550 755 627 eiemplnni
783 556 939 610 Pater
957 553 1319 632 ,AFiliLISXBI‘Q
1346 550 1737 632 exemplumﬁde
1768 566 1864 632 ex.-

298 620 676 703 émplo,qtiod
726 625 1076 703 commulnem
1105 623 1317 691 Spiritui
1361 634 1588 703 sancto;_
1638 621 1768 688 Quia
1806 620 1868 703 de

300 691 414 774 me,
464 691 665 774 inquit,
699 696 914 774 accipiet
960 694 1151 774 (ileon.
1184 709 1311 774 xvi,
1357 694 1480 774 li).
1540 691 1762 774 Ideoque
1795 693 1863 773 uin

302 763 438 828 Filio
467 763 673 844 videtur
696 763 833 844 Dens
860 763 1009 836 quasi
1037 766 1088 818 in
1117 779 1237 844 sua.
1257 764 1500 844 imagine.
1552 763 1697 844 Sient
1723 763 1864 844 enim

301 858 460 898 nemo
488 841 679 914 dignus
728 834 970 914 inventus
998 834 1302 914 estaperire
1332 834 1552 914 librum,
1580 843 1646 914 ‘et
1692 834 1868 914 signaf

300 914 418 968 cnla
447 904 589 981 ejus,
620 910 717 963 nisi
749 908 979 981 Verbum
1009 904 1159 981 Dei
1188 904 1348 974 Apoc.
1378 920 1428 968 v,
1457 904 1551 958 4-8
1580 904 1631 972 );
1691 904 1759 956 ita
1812 912 1866 957 et

303 975 699 1039 Deum'Patt-em
725 993 880 1049 nemo
900 977 1077 1031 videre
1102 975 1291 1049 d_ig_nus
1314 984 1394 1049 est
1415 1016 1430 1038 ,
1461 991 1630 1049 neque
1652 984 1860 1049 natura,

302 1069 474 1123 neque
516 1050 741 1111 meritis.
772 1047 893 1123 nisi
926 1061 1081 1123 verus
1111 1043 1272 1123 [filius
1298 1048 1436 1123 ejus.
1489 1044 1862 1123 Nihilﬂetenim

302 1114 553 1194 medium
581 1131 698 1184 est,
755 1118 896 1194 quod
927 1116 1100 1194 obstet
1118 1115 1277 1194 inter
1298 1115 1542 1194 Patrem“
1554 1125 1606 1168 et
1635 1114 1861 1194 Filium",

300 1193 418 1262 ipso
439 1193 589 1246 nobis
614 1183 748 1262 teste
773 1183 789 1189 ’
808 1190 894 1262 qui
941 1187 1015 1240 ait
1043 1184 1285 1262 :ﬁNeque
1317 1186 1443 1262 enim
1496 1183 1701 1262 ραινεηι
1720 1185 1866 1262 _vidit

300 1253 601 1333 quisquam,
631 1253 838 1333 nisiniti
874 1268 1008 1333 gata
1066 1254 1193 1333 Deo,
1223 1256 1453 1333 Itic__uidit
1486 1253 1646 1307 Deunt
1684 1253 1860 1323 (Joan.

302 1325 380 1398 vt,
410 1325 479 1387 46
500 1331 544 1403 ).ν
571 1331 673 1386 Sed
697 1330 741 1383 si
768 1325 843 1403 :i_n
874 1327 1007 1403 Filio
1031 1326 1236 1379 videtur
1286 1325 1468 1403 Pater,
1516 1340 1677 1403 quare
1697 1340 1864 1403 nemo

300 1395 711 1472 dignns'dieitnr
732 1399 913 1472 videre
943 1399 1140 1472 Deu__n_t__;
1168 1396 1563 1472 etin_t__vi_t_lea_tur
1589 1395 1861 1472 iqmFilio,

300 1464 422 1541 quia
446 1472 573 1525 nihil
601 1470 777 1541 differt
804 1484 833 1523 a
864 1465 1237 1541 Patre_F_ilius?
1265 1464 1588 1541 Nibiiplane
1609 1464 1781 1518 differt
1811 1466 1862 1541 in

300 1535 629 1604 substantia,
676 1540 795 1610 quia
821 1553 977 1593 verus
1016 1536 1185 1610 Filius
1211 1546 1327 1610 est;
1375 1536 1551 1610 differt
1596 1545 1769 1610 autem
1811 1535 1862 1610 in

299 1612 623 1667 causalitatis
642 1605 805 1679 gradu
836 1610 853 1640 ⁸
878 1648 892 1669 ,
941 1607 1059 1676 quia
1086 1606 1259 1679 omnis
1285 1605 1762 1679 potentia__aul’atre
1809 1605 1862 1659 in

300 1682 435 1736 Filio
455 1690 535 1736 est
560 1700 573 1734 :
597 1676 730 1735 et'in
757 1678 1044 1733 substantia
1075 1676 1248 1728 minor
1274 1692 1376 1728 non
1404 1686 1484 1729 est
1511 1676 1692 1739 Filius,
1732 1691 1860 1729 auc-

300 1753 514 1807 toritate
542 1763 715 1806 tamen
743 1750 909 1815 major
935 1758 1016 1801 est
1042 1746 1215 1807 Pater,
1247 1746 1364 1815 ipso
1392 1746 1612 1799 Domino
1638 1756 1865 1800 testante

298 1832 356 1879 et
376 1822 587 1877 dicente
606 1862 620 1884 ,
649 1819 711 1875 Si
736 1818 1007 1889 diligentis
1049 1832 1153 1874 me.
1184 1815 1464 1889 gauderetis
1508 1817 1697 1889 utique,
1742 1818 1859 1885 quia

300 1894 430 1947 uado
449 1892 516 1945 ad
547 1889 751 1945 Patrem
770 1930 786 1954 ,
814 1885 933 1957 quia
959 1886 1114 1944 Pater
1139 1885 1301 1958 major
1330 1903 1408 1938 me
1435 1885 1824 1958 est(Joan.ix1v
1844 1928 1859 1953 ,

300 1962 371 2019 28
402 1963 440 2032 ).
468 1962 633 2029 Quem
679 1961 835 2032 etiam
866 1956 1401 2032 modntn_cuslodieus
1425 1956 1695 2032 apostolus
1722 1957 1859 2011 Pau-

299 2025 413 2095 lus,
444 2025 607 2092 Unus,
650 2031 814 2099 inquit
837 2069 851 2088 .
890 2027 1027 2082 Deus
1072 2025 1242 2099 Roter,
1278 2043 1341 2080 ea;
1364 2025 1470 2096 quo,
1485 2028 1653 2080 omnia
1679 2038 1727 2099 et
1773 2044 1863 2081 nos

298 2104 354 2156 in
389 2104 537 2173 ipso;
564 2111 608 2154 et
634 2095 763 2173 unus
796 2099 1041 2173 Dominus
1085 2095 1255 2173 Iesus,
1287 2095 1538 2173 peronem
1579 2098 1780 2173 omnia,
1802 2106 1864 2173 _et

300 2189 391 2228 nos
411 2166 497 2242 per
523 2174 686 2240 ipsum
719 2170 738 2243 (
752 2172 768 2224 Ι
797 2168 920 2247 Cor.
950 2184 1038 2222 \‘lll
1057 2166 1159 2247 ἰ6)
1190 2184 1202 2218 :
1230 2178 1285 2220 ttt
1315 2168 1513 2235 primus
1554 2168 1747 2247 gradus
1771 2167 1859 2233 sit,

297 2258 364 2298 ex
393 2237 498 2312 quo
524 2237 643 2297 sunt
669 2238 841 2312 omnia
862 2237 1303 2312 ;_secnndns._per
1330 2252 1485 2312 quem
1509 2239 1719 2312 quinia:
1752 2248 1862 2291 ter-

298 2306 427 2379 tius,
460 2316 511 2381 in
532 2327 638 2381 quo
663 2311 859 2381 omnia.
890 2308 955 2362 Et
979 2308 1098 2381 quia
1121 2308 1294 2360 nullus
1318 2322 1382 2381 ex
1405 2306 1487 2361 his
1506 2307 1735 2376 degener
1759 2317 1860 2381 est,

299 2383 353 2437 in
395 2374 595 2438 unitate
642 2382 733 2459 Dei
790 2374 1065 2459 significati
1113 2376 1523 2459 snnt,_dicente
1576 2374 1861 2459 Apostoio,

302 2454 553 2521 Quoniam
572 2470 635 2507 ex
658 2452 767 2521 ipso
786 2492 801 2514 ,
824 2460 868 2503 et
889 2466 976 2518 per
997 2449 1188 2521 ipsum.
1211 2448 1329 2521 etin
1349 2448 1457 2516 ipso
1495 2457 1621 2521 sunt
1658 2448 1859 2513 omnia,

295 2515 395 2594 ᾧδὶ
453 2524 582 2578 toria
603 2526 654 2576 in
675 2515 862 2576 saecula
887 2515 1181 2573 circulorum
1250 2515 1396 2598 liam.
1421 2533 1469 2569 χι
1488 2557 1502 2581 ,
1531 2515 1650 2588 56).

368 2542 577 2643 Ci‘iXlll
600 2590 985 2643 fal.—Utrnm
1011 2588 1178 2642 Adam
1207 2516 1458 2643 thl‘llum
1501 2598 1649 2641 sanet

368 2542 394 2576 lt
453 2542 582 2578 torta
603 2542 654 2576 tn
675 2542 862 2576 saxum
887 2542 1181 2573 Wcuwrum
1250 2542 1396 2571 Itum.
1421 2542 1469 2569 tu
1488 2557 1502 2581 ,
1531 2542 1650 2588 υυ).

368 2542 577 2649 CiquIII
600 2590 985 2665 (a).—Utrnm
1011 2588 1178 2642 Adam
1207 2542 1458 2656 Spiritum
1501 2598 1738 2641 sanctum
1767 2587 1863 2643 ha-

293 2665 609 2802 bugihi’peri
650 2731 903 2803 quosdam
935 2744 1001 2784 ex
1032 2728 1278 2803 fratribus
1304 2728 1543 2803 t_tostris._
1564 2742 1667 2803 non
1712 2728 1865 2796 plene

294 2798 609 2862 discussisse
638 2798 963 2871 Scripturas;
992 2802 1082 2853 sed
1109 2799 1440 2868 simplicitate
1461 2798 1619 2871 animi
1649 2813 1863 2871 asseve-

294 2892 415 2931 rare
444 2875 583 2945 quod
628 2868 795 2927 Adam
827 2872 1023 2949 factus,
1070 2869 1547 2949 sanctunt‘accepit
1589 2868 1857 2949 Spiritum,

294 2939 710 3015 quem'peccans
736 2943 907 2996 amisit
926 2984 939 3001 ,
972 2941 1108 3015 sicut
1136 2955 1275 2993 nunc
1311 2939 1465 3015 datur
1496 2940 1859 3015 credentibus.

294 3008 408 3070 Hac
436 3008 573 3069 ducti
607 3015 829 3076 ratione,
848 3028 951 3081 qua
967 3011 1102 3065 solet
1120 3008 1409 3081 asseverari
1435 3025 1462 3061 a
1485 3010 1723 3081 plurimis
1745 3012 1863 3079 quia

294 3103 393 3157 per
420 3085 575 3140 fidem
619 3078 938 3157 instauratus
974 3092 1053 3136 est
1086 3081 1265 3157 homo,
1298 3078 1366 3132 ita
1402 3088 1460 3132 nt
1486 3078 1563 3157 ad
1590 3081 1861 3157 pristinum

293 3150 533 3212 redditus
554 3165 767 3217 statum,
789 3154 889 3206 hoc
916 3166 1073 3204 omne
1101 3152 1363 3217 acciperet
1388 3150 1525 3218 quod
1554 3152 1691 3204 inter
1718 3151 1864 3206 initia

293 3228 463 3283 Adam
501 3226 672 3281 fuerat
701 3232 1048 3284 consecutus;
1076 3230 1131 3273 et
1155 3221 1273 3287 quia
1305 3220 1565 3287 perfectus
1592 3220 1753 3274 humo
1784 3222 1861 3274 fa-

294 3307 415 3352 ctus
443 3296 735 3360 dicebatur,
764 3294 851 3361 qui
881 3294 923 3346 si
949 3306 1053 3344 non
1085 3290 1294 3355 habuit,
1319 3291 1579 3359 inquiunt,
1608 3289 1861 3361 Spiritum

293 3377 555 3431 sanctum,
588 3360 927 3432 imperfectus
958 3362 1071 3415 fuit.
1105 3362 1214 3429 Ego
1234 3369 1411 3432 autem
1438 3376 1540 3413 non
1573 3361 1741 3415 solum
1769 3360 1864 3415 ho-

293 3439 515 3500 minem,
547 3438 637 3491 sed
664 3431 719 3489 et
752 3443 942 3488 cuncta
972 3448 1089 3500 (μιεὲ
1113 3431 1234 3485 fecit
1262 3431 1431 3494 Deus,
1463 3447 1581 3499 qum
1611 3448 1713 3483 non
1740 3447 1864 3500 pos-

293 3517 420 3563 sunt
447 3508 546 3561 dici
569 3505 838 3574 accepisse
875 3503 1127 3574 Spiritum
1170 3512 1436 3574 sanctum,
1461 3502 1578 3554 dico
1612 3501 1860 3569 perfecta.

293 3578 480 3633 Omnia
508 3577 647 3632 enim
683 3570 877 3644 genera
908 3570 1212 3644 animalium
1243 3570 1295 3624 in
1331 3587 1427 3644 suo
1453 3574 1860 3644 perfectaisunt,

294 3657 354 3703 ut
380 3649 632 3716 impleant
652 3640 707 3699 id
729 3644 794 3698 ad
824 3643 962 3714 quod
989 3654 1110 3694 sunt
1135 3640 1272 3716 facta
1308 3658 1320 3693 :
1344 3640 1413 3716 ita
1435 3651 1487 3694 et
1508 3640 1666 3693 homo
1686 3640 1736 3694 itt
1758 3657 1863 3716 suo

290 3712 485 3788 genere
508 3717 769 3786 perfectus
786 3712 894 3788 est,
916 3723 971 3767 ut
996 3722 1183 3788 potens
1220 3712 1288 3765 sit
1325 3712 1803 3788 discernerenttntia
1832 3728 1862 3766 a

292 3780 479 3851 bonis,
508 3780 673 3857 prava
701 3785 945 3857 a_rec_tis.
974 3780 1085 3857 Est‘
1101 3782 1239 3836 enim
1274 3782 1468 3857 animal
1499 3780 1827 3857 intelligibile
1846 3823 1859 3846 ,

293 3852 584 3929 perfectum
607 3857 673 3911 ad
709 3855 762 3929 id
799 3854 1031 3929 adquod
1060 3852 1252 3929 factum
1281 3864 1379 3904 esr.
1404 3852 1577 3929 Capait
1609 3861 1690 3905 est
1722 3853 1864 3906 enim

291 3920 520 3993 dicendi,
551 3925 882 3994 excogitandi
907 3920 959 3978 et
1000 3920 1242 3986 faciendi,
1274 3930 1336 3994 nt
1374 3937 1492 3994 qua:
1522 3923 1716 3994 virtute
1757 3937 1863 3976 non

294 3990 733 4068 potest,5impleat
760 4011 938 4051 sensu.
963 3994 1032 4068 Et
1060 3991 1323 4068 quomodo
1350 3990 1466 4045 ausi
1493 4003 1615 4068 sunt
1663 3992 1859 4058 dicere,

290 4062 563 4123 hominem
584 4062 872 4135 perfect-nu
894 4064 1036 4118 nasci
1065 4062 1257 4135 debere
1272 4070 1511 4135 ettotnm
1526 4063 1687 4135 scire,
1704 4078 1861 4135 quem

291 4140 475 4193 vident
505 4130 633 4192 nihil
668 4138 803 4191 ultra
832 4150 988 4189 nosse
1017 4148 1171 4202 quam
1201 4130 1285 4195 hic
1310 4132 1516 4185 discat?
1541 4132 1691 4199 Quod
1724 4130 1862 4186 enim

291 4208 377 4264 hic
404 4224 511 4264 non
537 4208 710 4272 discit,
743 4208 927 4261 nescit.
974 4204 1208 4273 Denique
1234 4202 1481 4271 quoniam
1512 4202 1597 4255 hic
1643 4218 1746 4256 non
1782 4204 1863 4257 di-

292 4282 419 4344 scit,
472 4278 644 4349 qualis
669 4278 759 4349 sit,
787 4276 955 4349 nescit
982 4291 994 4326 :
1026 4274 1114 4341 qui
1145 4288 1203 4349 se
1239 4288 1364 4349 ergo
1391 4273 1559 4327 nescit
1588 4273 1756 4340 qualis
1775 4274 1862 4337 sit,

290 4343 559 4418 quomodo
585 4348 766 4418 omnia
784 4346 946 4418 novit,
972 4360 1100 4418 cum
1122 4343 1297 4418 minus
1319 4343 1472 4418 sit_se
1503 4358 1678 4408 nosse,
1707 4359 1863 4412 quam

293 4412 528 4475 caetera?
552 4418 656 4473 Sed
685 4417 804 4485 quia
833 4416 900 4471 de
928 4414 1133 4468 caeteris
1153 4412 1342 4485 discit,
1376 4413 1443 4465 de
1464 4428 1523 4467 sc
1543 4422 1718 4485 autem
1760 4429 1863 4467 non

289 4490 465 4555 discit,
500 4490 568 4543 de
593 4482 715 4565 aliis
748 4488 915 4550 novit,
946 4486 1011 4538 de
1046 4498 1105 4538 se
1145 4482 1341 4565 nescit,
1372 4484 1743 4565 ueqneﬂqnalis
1775 4488 1862 4565 sit,

290 4552 465 4629 neque
484 4574 552 4613 an
572 4560 696 4613 ante
718 4571 913 4625 corpus
938 4572 1003 4608 an
1049 4562 1383 4629 post__c_orpus
1410 4552 1496 4604 sit.
1530 4552 1659 4605 Nam
1699 4554 1747 4629 si
1789 4554 1867 4607 sic

362 4622 558 4685 rfectus
602 4630 769 4683 factus
805 4622 948 4682 esset
990 4622 1061 4678 nti
1091 4622 1283 4677 nullius
1321 4632 1520 4691 egeret,
1550 4638 1657 4676 non
1693 4622 1868 4678 fuerat

330 4715 474 4765 omo,
508 4700 600 4755 sed
632 4700 804 4762 Dens;
835 4712 1006 4762 neque
1031 4694 1421 4765 circumventus
1446 4694 1863 4760 praevaricasset.

290 4763 547 4838 Spiritum
591 4780 765 4822 autem
811 4776 1049 4821 sanctum
1098 4764 1311 4827 habere,
1348 4763 1500 4838 ultra
1543 4773 1784 4838 naturam
1815 4774 1868 4818 et

288 4834 671 4902 ‘perlectionem
700 4837 928 4892 hominis
970 4845 1087 4900 est,
1134 4842 1191 4888 nt
1222 4834 1383 4900 possit
1422 4848 1541 4902 qua:
1585 4834 1674 4889 Dei
1718 4844 1865 4889 sunt.

340 4910 555 4978 nmquid
584 4926 709 4977 non,
744 4910 863 4977 quia
887 4906 1033 4978 asina
1064 4905 1236 4958 locuta
1260 4903 1437 4978 estad
1463 4904 1696 4978 Balaam,
1730 4904 1868 4978 ultra

288 4972 667 5051 perfectionem
690 4972 805 5051 ejus
837 4988 918 5032 est
945 4975 1128 5045 (Num.
1153 4989 1287 5038 χχιι,
1312 4972 1440 5041 28)?
1477 4974 1695 5051 Accepit
1726 4976 1865 5051 enim

290 5044 352 5106 iit
371 5058 552 5119 posset
589 5044 733 5119 quod
754 5044 963 5119 natura!
983 5059 1223 5119 sna:_nou
1246 5052 1379 5104 erat.
1401 5044 1492 5119 sed
1527 5044 1870 5119 ttostraeilta-

288 5114 393 5191 que
436 5120 556 5191 quia
599 5114 934 5191 praestantior
964 5126 1047 5191 est
1091 5114 1251 5191 homo
1282 5115 1487 5191 caeteris
1527 5115 1865 5191 animalibus,

290 5182 492 5247 idcirco
522 5182 614 5244 illa
642 5190 951 5257 imperfecta
985 5186 1206 5239 dicenda
1238 5182 1395 5257 sunt?
1420 5194 1509 5257 aut
1551 5201 1669 5255 quia
1701 5186 1866 5240 sancti

288 5263 480 5332 Angeli
517 5276 622 5315 non
651 5255 774 5332 sunt
798 5258 939 5332 quod
970 5265 1052 5332 est
1093 5255 1559 5332 Densintperfecti
1600 5256 1755 5309 sunt?
1784 5257 1868 5332 vel

330 5325 410 5386 nia
436 5330 715 5385 luminaria
741 5337 798 5385 et
819 5325 990 5383 stella:
1015 5325 1432 5394 imperfectiores
1473 5337 1597 5379 sunt
1626 5327 1868 5395 supernis

330 5349 410 5386 Illa
438 5349 715 5385 tumttlal'la
741 5349 798 5385 et.
821 5349 990 5383 Stella:
1015 5349 1432 5394 turpcrtcuturca
1473 5349 1597 5379 sunt
1626 5349 1868 5395 superuis

287 5349 533 5473 ingelis,
563 5401 646 5456 vel
675 5398 1000 5473 quianubila
1028 5395 1291 5473 velamine
1326 5410 1429 5473 suo
1462 5396 1750 5473 obscurant
1780 5412 1869 5473 so-

289 5465 404 5529 leni
425 5482 480 5527 et
515 5465 718 5537 lunam,
746 5472 917 5523 minus
940 5466 1169 5535 perfecta
1201 5466 1363 5520 sunt?
1388 5465 1458 5537 Et
1486 5467 1607 5532 quia
1635 5468 1869 5521 membra

292 5544 521 5613 invicem
553 5554 710 5613 egent
739 5542 863 5611 (non
890 5540 1029 5613 enim
1052 5546 1275 5613 possunt
1299 5536 1459 5613 pedes
1482 5538 1621 5613 quod
1654 5547 1871 5613 possunt

289 5612 529 5686 manus),
559 5603 863 5683 imperfecta
890 5603 1167 5664 dicentur?
1194 5603 1367 5661 Absit.
1393 5603 1580 5662 Omnia
1607 5603 1747 5666 enim
1773 5623 1871 5678 pro

780 5700 801 5722 Ο

351 5748 371 5813 ‘_
389 5754 472 5813 Its.
496 5744 725 5813 Colbert.,
747 5740 801 5794 in
820 5753 967 5792 causa
981 5736 1057 5813 uel

326 5808 425 5889 _(a)
445 5815 593 5863 Deest
615 5807 667 5859 in
690 5801 793 5857 uss.
816 5801 1016 5859 scandi
1037 5801 1255 5866 generis.

1733 360 2093 420 APPENDIX.

3397 373 3538 435 2870

1973 477 2105 557 locis
2151 479 2623 557 e_t_gradibns_snis
2660 481 2810 537 firma
2836 484 3147 557 etperfecta
3174 497 3324 557 sunt,
3348 500 3406 547 nt
3434 493 3538 548 im-

1974 549 2153 616 pleant
2182 551 2242 629 id.
2259 551 2323 605 ad
2366 553 2507 629 (ιιιοά
2549 553 2681 606 facta
2725 563 2867 608 sunt.
2897 549 3060 629 Igitur
3086 559 3262 613 omnia
3306 549 3534 629 perfecta

1971 629 2115 683 sunt,
2158 622 2277 695 quia
2320 621 2630 695 et’Creator
2669 640 2850 678 eorum
2892 621 3152 694 perfectus
3190 621 3430 695 cstfsed
3470 635 3536 690 ad

1974 692 2416 770 comparationem
2444 695 2558 760 ejus
2585 692 3052 770 ituperi'ecla'sunt.
3082 692 3216 752 Deus
3255 692 3393 755 enim
3442 721 3536 770 per

1970 760 2154 836 omnia
2176 762 2440 829 perfectus
2456 773 2556 828 est,
2581 764 2727 836 quasi
2750 765 2865 819 fons
2886 776 2938 819 et
2960 768 3106 836 origo
3121 771 3377 824 omnium.
3404 760 3533 828 Nam

1969 845 2105 904 qum
2131 832 2263 904 facta
2322 842 2473 897 sunt,
2518 833 2747 901 perfeCIa
2797 836 3008 903 quidem
3044 832 3187 904 sunt,
3244 842 3337 895 sed
3374 843 3438 895 ad
3483 844 3536 898 id

1970 901 2112 979 quod
2139 902 2271 979 facta
2300 913 2442 979 sunt,
2472 913 2525 956 ut
2561 904 2611 956 in
2651 906 2753 959 alia
2800 901 2944 979 parte
2990 923 3092 960 non
3132 901 3236 963 sint
3266 911 3532 979 perfecta;

1970 972 2088 1052 quia
2130 971 2263 1052 alter
2286 973 2504 1052 alterius
2533 982 2650 1042 eget
2679 994 2692 1028 :
2731 971 2866 1052 utin
2892 992 2959 1052 eo
2989 993 3092 1046 quo
3122 995 3226 1052 non
3246 971 3382 1047 eget,
3413 971 3535 1052 per;

1970 1039 2161 1117 fectum
2197 1042 2282 1104 sit,
2313 1059 2417 1096 non
2449 1045 2498 1096 in
2528 1039 2655 1117 quo
2668 1056 2786 1117 eget
2814 1063 2825 1097 :
2856 1039 3080 1116 ideoq'ue
3102 1039 3334 1117 perfecta
3354 1039 3535 1106 et'im-

1971 1110 2201 1192 perfecta
2240 1124 2363 1192 stitit
2399 1110 2593 1192 omnia:
2639 1110 2822 1192 Manus
2854 1110 3383 1192 indigent'pedibus;
3412 1124 3533 1192 quia

1969 1181 2069 1254 nisi
2089 1182 2472 1254 ambulaverint
2492 1184 2671 1254 pedes,
2705 1187 2888 1240 otiosa
2914 1181 3070 1241 eritnt
3104 1181 3308 1245 manus.
3337 1181 3533 1248 lterum

1968 1252 2128 1318 pedes
2166 1252 2396 1321 indigent
2436 1252 2709 1331 manibus;
2739 1257 2974 1313 calceare
3004 1260 3143 1313 enim
3183 1276 3241 1315 se
3272 1278 3375 1316 non
3407 1278 3532 1331 pos—

1968 1330 2125 1400 sunt,_
2140 1338 2309 1400 neque
2335 1339 2540 1400 curare.
2569 1326 2701 1378 Cum
2738 1342 2864 1396 ergo
2903 1342 3093 1396 corpus
3132 1326 3423 1400 perfectum
3468 1334 3536 1389 sit

1969 1393 2239 1458 membris,
2273 1394 2450 1448 volare
2479 1402 2653 1448 tamen
2694 1393 3020 1465 non'potest',
3047 1393 3216 1466 neque
3243 1403 3378 1456 ferre
3417 1412 3534 1455 tan-

1970 1469 2078 1538 tum
2111 1473 2361 1531 quantum
2398 1475 2570 1533 potest
2596 1466 2783 1519 burdo.
2816 1467 3053 1536 Cumque
3084 1471 3134 1521 hi
3169 1472 3383 1538 perfecti
3406 1474 3530 1537 sint,

1966 1532 2263 1612 gubernare
2285 1532 2459 1612 tamen
2484 1549 2543 1612 se
2570 1538 2811 1612 nesciunt
2829 1578 2842 1600 ,
2876 1532 2981 1592 nec
3000 1532 3252 1612 adhibere
3280 1543 3376 1595 sibi
3408 1532 3533 1612 pos;

1968 1612 2089 1655 sunt
2122 1604 2455 1679 medicinam.
2503 1604 2652 1679 Utide
2693 1607 3036 1679 dictumiest,
3071 1608 3243 1664 Nolite
3271 1613 3381 1679 ﬁeri
3406 1604 3535 1668 sicut

1967 1687 2119 1750 equus
2148 1682 2191 1724 et
2221 1675 2477 1750 mulus,_in
2493 1675 2668 1750 quibus
2689 1694 2787 1729 non
2814 1687 2883 1731 est
2903 1677 3179 1735 intellectus
3200 1675 3369 1750 (Psal.
3386 1699 3532 1749 χιιι,

1967 1741 2043 1811 9).
2078 1743 2143 1796 Et
2172 1758 2305 1810 aqua
2333 1754 2384 1799 et
2416 1741 2547 1814 ignis
2589 1763 2706 1800 cum
2743 1759 3037 1815 repugnent
3080 1741 3322 1814 invicem,
3356 1754 3406 1806 in
3438 1741 3535 1809 suo

1969 1827 2176 1889 genere
2193 1815 2851 1889 periectasuuttintplent
2889 1818 3027 1871 enim
3060 1819 3110 1873 id
3141 1821 3204 1875 ad
3232 1823 3366 1889 quod
3400 1823 3534 1879 facta

1967 1891 2108 1960 sntit.
2138 1880 2327 1952 Cunit
2354 1885 2494 1939 enim
2520 1888 2673 1960 ignis,
2706 1880 2760 1943 et
2783 1890 3073 1960 consumit;
3107 1880 3291 1960 purgat
3319 1902 3372 1945 et
3397 1896 3537 1950 cale-

1968 1950 2093 2006 facit
2130 1972 2141 2005 :
2173 1950 2308 2030 aqua
2344 1972 2469 2010 vero
2502 1950 2703 2023 abluit,
2735 1956 3032 2027 refrigerat,
3062 1950 3263 2030 irrigavt,
3297 1963 3534 2020 sitientes

1967 2033 2188 2100 recreat.
2236 2025 2422 2100 Itaque
2442 2041 2560 2080 cum
2614 2025 2888 2100 omniain
2934 2045 3028 2083 suo
3069 2025 3261 2099 gen'ere
3306 2034 3535 2100 perfecta

1967 2093 2089 2160 sint,
2129 2095 2243 2171 sine
2285 2093 2497 2171 homine
2534 2106 2707 2171 tamen
2734 2097 2865 2171 nihil
2894 2093 3139 2171 possunt,
3171 2093 3341 2171 neque
3373 2104 3533 2160 homo

1966 2165 2205 2241 quamvis
2231 2166 2513 2241 perfectior
2538 2170 2627 2229 sit.
2669 2170 2784 2223 sine
2814 2165 2913 2241 his.
2944 2170 3077 2225 Hinc
3106 2165 3388 2241 Aposiolns
3428 2176 3532 2229 iut-

1965 2235 2236 2312 perfectos
2263 2238 2613 2312 _et__perfeetos
2659 2255 2755 2293 nos
2791 2239 2936 2293 dicit.
2970 2242 3049 2295 Ad
3087 2235 3534 2312 comparationem

1967 2305 2106 2356 enim
2134 2305 2436 2380 infidelium
2474 2324 2570 2380 nos
2609 2311 2823 2377 perfecti
2854 2326 3035 2363 sumus
3054 2352 3069 2374 ,
3098 2305 3223 2380 quia
3253 2315 3412 2367 Deum
3441 2332 3535 2369 cu-

1966 2375 2268 2441 gnoscimus
2302 2395 2315 2430 :
2348 2376 2439 2430 sed
2461 2378 2580 2445 quia
2607 2375 2720 2445 quae
2754 2381 3006 2445 promissa
3034 2375 3184 2447 sunt,
3215 2384 3388 2438 minus
3428 2386 3535 2439 sci-

1967 2458 2088 2497 mus
2110 2461 2266 2514 quatn
2290 2447 2562 2523 debemus,
2586 2448 2705 2516 quia
2730 2448 2780 2502 in
2802 2448 2900 2503 hac
2932 2451 3034 2503 vita
3060 2466 3162 2504 non
3193 2462 3389 2523 tantum
3418 2470 3537 2523 pos-

1967 2518 2659 2592 sumus“comprehendere,
2688 2529 2940 2586 quantum
2981 2530 3065 2575 est
3101 2522 3238 2589 quod
3278 2518 3532 2592 creditur,

1967 2582 2261 2658 imperfecti
2283 2582 2484 2641 sumus.
2508 2582 2927 2658 lgiturquoniam
2957 2582 3137 2658 putaui
3162 2582 3535 2650 perfectionem

1966 2653 2095 2708 Ada-
2122 2655 2400 2711 instaurari
2431 2653 2800 2725 credentibus,
2829 2653 3101 2714 videamus
3123 2662 3164 2714 si
3195 2661 3309 2716 b:ec
3334 2665 3535 2719 instau-

1966 2725 2102 2777 ratio
2139 2726 2429 2799 nibilnltra
2457 2729 2576 2783 doni
2611 2730 2797 2782 habeat
2825 2730 2987 2783 divini
3014 2746 3167 2799 quam
3205 2731 3376 2787 fuerat
3410 2750 3538 2791 con-

1967 2804 2180 2874 secutus
2208 2798 2395 2851 Adatn.
2429 2800 2793 2874 Factnsuettim
2824 2801 2989 2854 Adam
3017 2798 3223 2874 positus
3257 2813 3339 2857 est
3366 2804 3415 2856 in
3445 2821 3537 2874 pa-

1968 2865 2164 2931 radiso,
2198 2879 2253 2921 ut
2286 2880 2594 2936 operaretur
2617 2869 2709 2931 ibi,
2752 2878 2804 2923 et
2844 2865 3135 2927 custodiret
3163 2890 3175 2923 :
3208 2874 3307 2927 hoc
3348 2865 3459 2937 est;
3480 2885 3537 2930 ιιι

1968 2937 2165 3015 coleret
2186 2948 2415 3015 terram,
2447 2950 2501 3015 et
2527 2939 2821 3015 custodiret
2856 2951 3112 3010 praecepta
3148 2943 3271 3015 Dei,
3302 2959 3395 3012 per
3419 2961 3536 3015 qua:

1967 3007 2128 3061 sciret
2155 3010 2630 3085 sicsedomininm
2660 3007 2970 3085 cunctorum
3009 3007 3384 3085 accepissefnt
3422 3007 3536 3085 ipse

1970 3085 2141 3149 tamen
2182 3080 2280 3133 sub
2320 3080 2430 3149 lege
2463 3081 2661 3135 viveret
2687 3082 2973 3139 Creatoris.
3008 3097 3074 3136 ne
3116 3083 3407 3138 dominatio
3441 3080 3537 3140 ex-

1970 3147 2180 3220 tolleret
2207 3166 2349 3217 eum,
2373 3147 2429 3205 et
2459 3150 2667 3204 inflatus
2692 3152 2937 3220 superbia
2964 3153 3243 3207 immemor
3272 3156 3423 3210 fieret
3454 3158 3535 3212 sui

1969 3217 2285 3289 Conditoris.
2306 3221 2647 3287 Positusergo
2667 3217 2771 3289 est,
2792 3230 2845 3275 ut
2861 3223 2991 3276 cibis
3021 3233 3404 3279 sustentaretur
3432 3228 3535 3282 vita

1967 3287 2082 3357 ejus
2114 3306 2127 3341 :
2162 3306 2255 3357 per
2279 3291 2541 3345 Christum
2565 3287 2861 3346 autem'hoe
2885 3308 3196 3348 concessum
3227 3304 3327 3354 est.
3362 3306 3419 3350 ut
3449 3314 3535 3351 re-

1968 3368 2248 3434 surgentes
2271 3377 2375 3434 non
2404 3372 2598 3431 egeant
2622 3363 2739 3416 cibo
2769 3363 2851 3434 vel
2877 3373 3036 3434 potu;
3069 3366 3188 3431 quia
3220 3365 3359 3434 quod
3398 3382 3539 3421 mor-

1969 3429 2071 3483 tale
2114 3440 2194 3483 est
2236 3429 2502 3498 hominis,
2545 3429 2958 3487 convertitur—in
3003 3429 3183 3487 vitam.
3225 3429 3417 3491 Factus
3458 3446 3540 3493 est

1966 3499 2136 3552 Adam
2166 3510 2220 3553 ut
2256 3500 2518 3556 habitaret
2548 3504 2612 3574 in
2645 3512 2813 3574 terra;
2849 3503 2981 3558 fides
3015 3514 3191 3559 autem
3233 3506 3410 3574 largiri
3454 3507 3540 3561 di-

1967 3578 2121 3649 gnata
2152 3583 2234 3625 est
2263 3581 2318 3625 ut
2357 3574 2411 3625 in
2440 3573 2687 3649 etelis_sit
2725 3572 2980 3649 habitatio
3022 3585 3232 3649 nostra._
3264 3572 3537 3649 scriptura

1967 3644 2080 3712 ipsa
2127 3650 2366 3707 testatur,
2416 3644 2535 3712 quia
2587 3644 2749 3711 factus
2791 3652 2881 3707 est,
2924 3644 3111 3712 inquit,
3152 3646 3344 3710 primus
3386 3644 3539 3701 homo

1968 3710 2130 3762 Adam
2172 3711 2223 3763 in
2264 3710 2483 3765 animant
2521 3713 2782 3776 viventem,
2815 3710 3059 3767 secundus
3097 3726 3263 3768 autem
3301 3717 3448 3769 Itonia
3486 3718 3539 3771 in

1967 3780 2200 3847 spiritum
2244 3783 2589 3854 viviﬁcantem.
2644 3782 2847 3836 Primus
2880 3794 3044 3854 autem
3079 3785 3226 3837 homo
3275 3786 3338 3838 de
3385 3798 3537 3854 terra,

1967 3859 2223 3916 terrenus;
2247 3853 2491 3908 secundus
2510 3864 2674 3907 autent
2697 3854 2843 3907 homo
2870 3852 2931 3905 de
2948 3853 3090 3913 calo,
3115 3856 3339 3910 caelestis.
3364 3852 3541 3923 Qualis

1969 3930 2212 3986 terrenus,
2234 3924 2356 3977 tales
2372 3934 2415 3977 et
2434 3925 2611 3977 terreni
2631 3942 2649 3988 ;
2676 3936 2718 3978 et
2745 3925 2907 3991 qualis
2922 3925 3152 3988 ccclesiis,
3179 3926 3301 3979 tales
3325 3936 3369 3979 et
3390 3930 3538 3981 uele-

1968 4001 2064 4066 stes
2086 3993 2126 4063 (Ι
2155 3991 2270 4047 Cor.
2295 4010 2393 4066 _xv_,
2424 3994 2630 4066 45748).
2662 3994 2794 4062 Quid
2828 4003 2931 4047 tam
2955 4006 3191 4064 apertum
3221 4012 3376 4065 quam
3398 3998 3540 4066 quod

1968 4063 2136 4135 Adam
2164 4080 2268 4117 non
2294 4064 2475 4118 habuit
2497 4063 2749 4135 Spiritum
2770 4063 3045 4135 sanctum?
3078 4063 3269 4120 Factus
3292 4077 3374 4122 est
3396 4063 3538 4122 enim

1971 4133 2022 4187 in
2052 4135 2278 4206 animam
2324 4133 2617 4206 viventem;
2646 4151 2743 4206 per
2775 4134 3042 4206 Christum
3074 4146 3249 4190 autent
3295 4138 3346 4191 ιιι
3389 4140 3545 4206 Spiri-

1971 4212 2079 4257 tum
2113 4205 2482 4271 vivificantem,
2512 4216 2563 4258 nt
2597 4205 2760 4258 homo
2786 4206 2835 4258 in
2863 4205 3039 4270 aliquo
3062 4207 3250 4259 Similis
3282 4208 3351 4261 sit
3378 4205 3541 4262 Grea-

1973 4275 2094 4347 tori,
2117 4289 2274 4347 quem
2303 4276 2470 4330 credit
2489 4277 2527 4327 ί.
2550 4274 2681 4341 Quia
2704 4276 2845 4329 enim
2876 4278 3184 4346 mysterium
3226 4275 3368 4339 fidei,
3401 4278 3540 4347 quod

1971 4345 2483 4417 ads:ilntemdatum
2513 4357 2616 4409 est,
2636 4348 2828 4399 trinum
2858 4345 2970 4409 est,
2999 4348 3163 4417 tritius
3191 4347 3266 4411 fit,
3297 4345 3542 4417 corpore,

1971 4416 2166 4479 anima,
2195 4427 2244 4469 et
2273 4416 2467 4486 Spiritu
2495 4426 2698 4476 sancto.
2729 4431 2821 4485 per
2843 4431 2999 4486 quem
3021 4416 3248 4471 dicimur
3283 4418 3375 4472 filii
3398 4416 3503 4473 Dei
3527 4436 3542 4473 :

1971 4486 2111 4554 quod
2140 4487 2356 4540 minime
2379 4486 2544 4540 Adam
2574 4486 2825 4555 probatur
2852 4497 3101 4552 vocatus;
3134 4498 3373 4542 terrenus
3399 4490 3542 4542 enim

1970 4555 2140 4627 factus
2168 4567 2269 4610 est.
2298 4556 2413 4610 Filii
2440 4565 2615 4610 autem
2642 4557 2735 4627 Dei
2765 4571 2871 4609 non
2913 4557 3228 4627 carnaliter,
3259 4558 3351 4612 sed
3390 4559 3545 4627 spiri-

1974 4626 2183 4679 tualiter
2208 4628 2337 4689 nati,
2368 4627 2614 4682 cmlestes
2646 4626 2894 4680 dicuntur
2912 4641 3050 4682 esse.
3080 4626 3217 4682 Ecce
3246 4626 3545 4683 absolutum

1973 4706 2057 4748 est
2082 4696 2277 4749 donum
2311 4698 2401 4750 Dei
2428 4697 2592 4749 multo
2629 4697 2744 4764 plus
2769 4699 2951 4765 gratiae
2975 4698 3305 4752 ceucessisse
3345 4700 3543 4753 homini

1973 4774 2211 4836 tempore
2237 4767 2544 4828 Salvaturis,
2572 4783 2728 4835 quam
2758 4777 3037 4837 acceperat
3062 4767 3259 4832 Adam;
3291 4768 3411 4838 quia
3440 4785 3544 4822 non

1973 4838 2141 4891 Solum
2187 4847 2269 4891 est
2314 4838 2665 4903 instauratus,
2695 4838 2788 4892 sed
2824 4848 2878 4892 et
2910 4838 3216 4892 melioratus
3243 4856 3257 4892 :
3292 4839 3345 4891 itt
3376 4853 3442 4893 co
3469 4839 3548 4893 itt-

1976 4917 2262 4963 stauratus.
2291 4909 2411 4977 quia
2454 4909 2683 4976 peccatis
2710 4908 2920 4961 ablutus
2949 4917 3059 4973 est;
3097 4908 3149 4960 in
3192 4910 3400 4962 eteteris
3431 4925 3545 4964 tne-

1974 4978 2211 5032 lioratus.
2248 4979 2355 5033 lloc
2390 4981 2530 5032 enim
2574 4986 2631 5033 et
2663 4978 2861 5047 jnstitia
2906 4987 2960 5030 et
3004 4978 3141 5031 ratio
3172 4979 3461 5048 exigebat,
3492 4990 3548 5033 ut

1976 5058 2098 5109 tunc
2129 5049 2339 5103 uberior
2368 5060 2510 5103 esset
2536 5049 2811 5105 clementia
2842 5048 2932 5101 Dei
2960 5048 3011 5101 itt
3043 5047 3231 5103 dandis
3260 5049 3545 5115 beneficiis,

1974 5117 2183 5188 quando
2213 5123 2518 5188 mysterium
2559 5119 2847 5173 divinitatis
2881 5132 2990 5171 sua:
3031 5118 3362 5174 innotescere
3383 5122 3550 5174 voluit

1974 5199 2228 5243 creatum
2259 5207 2273 5244 :
2322 5201 2377 5244 ut
2413 5196 2821 5259 Cognoscentes,
2850 5188 2991 5257 quod
3033 5189 3356 5257 incognitum
3389 5190 3487 5245 fuit
3520 5206 3550 5244 a

1976 5260 2183 5314 szrcnlis
2206 5272 2257 5314 et
2286 5260 2740 5329 generationibus,
2772 5259 2863 5315 Dei
2893 5259 3048 5313 unius
3077 5272 3465 5315 sacramentum
3498 5261 3549 5314 in

1975 5330 2235 5386 Trinitate
2254 5333 2576 5393 consistere,
2607 5344 2700 5397 pro
2731 5329 2844 5398 ipsa
2881 5330 3126 5385 novitatis
3157 5331 3307 5400 quasi
3334 5331 3551 5386 dedica-

1976 5401 2117 5455 tione
2144 5404 2370 5470 peccatis
2399 5401 2564 5455 abluti
2592 5400 2805 5468 insuper
2828 5400 3207 5470 jnstit’icentur,
3235 5410 3290 5455 et
3313 5401 3551 5470 adoptali

1974 5488 2003 5525 a
2027 5473 2136 5527 Deo
2164 5472 2414 5541 Spiritum
2454 5480 2689 5543 sanctum
2726 5472 3005 5543 accipiant,
3036 5487 3130 5541 per
3156 5487 3312 5543 quem
3343 5476 3549 5543 signum

1975 5539 2274 5614 adoptionis
2301 5543 2495 5614 habere
2521 5540 2828 5614 videantur.
2847 5539 3077 5611 Adoptio
3102 5539 3243 5597 enim
3274 5558 3303 5596 a
3338 5539 3447 5599 Deo
3475 5546 3547 5598 si-

1974 5611 2136 5692 gnuiu
2163 5613 2360 5669 habere
2386 5612 2545 5667 debet
2572 5611 2666 5667 Dei
2692 5612 2863 5666 Patris
2880 5652 2896 5678 ,
2924 5622 2981 5668 ut
3006 5628 3111 5670 non
3147 5614 3413 5682 immerito
3460 5615 3551 5688 filii

2042 5796 2061 5831 ³
2085 5792 2410 5863 88.001bert.,
2432 5794 2479 5867 et
2493 5788 2554 5859 sit
