4042 6516
539 363 682 424 2375

541 492 646 546 alta
677 490 770 548 Dei
797 490 956 556 scire,
977 498 1033 548 et
1055 490 1382 545 voluntatem
1407 485 1500 542 Dei
1525 499 1630 540 non
1659 485 1920 556 ignorare,
1947 497 2110 536 unum

541 563 822 636 signiﬁcat.
854 555 1008 636 Quid
1037 563 1330 636 enim_tam
1372 560 1536 636 altum
1579 555 1886 636 tiivsterittm
1907 593 1921 614 ,
1953 567 2110 621 quam

543 626 786 690 voluntas
812 626 898 688 est
919 633 1046 696 Dei,
1075 631 1212 699 quod
1241 631 1506 699 cognitum
1538 637 1620 680 est
1644 626 1860 699 Spiritui
1884 636 2068 699 saneto
2092 663 2108 688 ,

541 704 752 760 ueteris
792 719 917 761 vero
947 693 1266 775 incognitum
1308 693 1390 754 cst
1427 693 1705 775 omnibus?
1743 693 2112 775 Contuendum

541 775 738 830 etenim
767 783 850 830 est
876 763 1153 844 quomodo
1169 773 1363 844 dictum
1403 770 1505 844 sit,
1537 769 1654 844 quia
1684 783 1845 844 _nemo
1874 766 1972 844 scit
1991 763 2111 844 quid

541 846 608 900 sit
629 846 682 918 in
703 833 1052 918 [Wﬁlin-c.1111.“
1076 841 1279 918 spiritus
1308 833 1730 918 [tauriniquui-in
1759 853 1815 890 eo
1837 845 1906 918 est
1931 837 1974 908 (Ι
1991 833 2110 890 Cor.

545 930 618 988 tt,
658 915 749 988 Η)
773 931 791 988 _:
819 909 1057 988 spiritum
1078 909 1364 988 _animam_
1384 909 1692 988 signiﬁcavit
1728 925 1743 988 ξ
1789 909 1930 988 quia.
1956 920 2114 988 nemo

545 979 789 1058 scitquid
813 979 882 1042 sit
905 984 1182 1058 inanimo
1226 982 1452 1058 hominis
1473 1023 1487 1046 ,
1519 979 1630 1058 nisi.
1658 980 1864 1032 animus
1884 979 2111 1058 ejuanui

544 1065 628 1110 est
665 1049 900 1122 spiritus.
939 1053 1030 1110 Sic
1053 1066 1106 1108 et
1153 1054 1204 1107 in
1232 1053 1341 1106 Deo
1379 1065 1538 1122 nemo
1559 1051 1658 1104 scit
1694 1063 1813 1122 qiuc
1836 1058 1959 1122 sunt
1985 1049 2114 1122 Dei,

545 1125 644 1179 nisi
667 1117 896 1193 Spiritus
920 1125 1048 1190 Dei,
1081 1125 1181 1178 hoc
1208 1133 1288 1177 est
1309 1165 1322 1187 ,
1354 1123 1467 1190 ipse
1516 1121 1673 1174 Deus.
1713 1117 1818 1186 'Qui
1840 1118 2002 1193 _enim
2047 1117 2114 1172 de

545 1194 653 1248 Deo
681 1189 765 1249 est
793 1195 810 1227 ⁸
831 1237 846 1258 ,
872 1211 977 1250 non
1007 1189 1148 1248 aliud
1179 1189 1497 1262 intelligitur
1510 1205 1628 1244 esse
1654 1205 1808 1258 quam
1828 1189 1978 1262 Deus
2003 1196 2106 1262 est.

542 1263 666 1319 Ideo
701 1263 942 1335 Spiritus
970 1265 1064 1320 Dei
1090 1265 1189 1318 scit
1233 1259 1370 1335 quid
1388 1264 1438 1335 in
1473 1261 1581 1315 Deo
1605 1267 1720 1324 est,
1752 1261 1872 1329 quia
1910 1259 1976 1335 de
2004 1259 2114 1335 Deo

541 1342 644 1390 est.
669 1329 802 1390 Nam
852 1338 896 1390 si
937 1329 1280 1405 cogitationes
1305 1333 1572 1386 hominum
1613 1346 1770 1405 nemo
1811 1330 1959 1382 novit
2007 1329 2110 1405 nisi

477 1463 480 1466 ,
541 1405 716 1471 Deus;
747 1415 946 1476 quanto
967 1399 1252 1481 uiagisDei
1275 1412 1487 1481 secreta
1515 1410 1568 1454 et
1588 1401 1906 1481 voluntatem
1937 1399 2114 1480 nullus

615 1470 716 1529 test
763 1470 1086 1546 cognoscere
1111 1475 1212 1532 nisi
1242 1476 1314 1546 psit
1340 1475 1405 1546 de
1420 1474 1562 1546 Deo,
1592 1472 1692 1546 hoc
1733 1480 1813 1546 cst
1839 1470 1976 1524 idem
1995 1472 2116 1546 ipse

615 1489 716 1529 test
763 1491 1086 1546 cognoscere
1111 1491 1212 1532 nisi
1245 1489 1314 1528 su
1340 1489 1405 1528 ue
1430 1489 1562 1532 υεο,
1592 1489 1692 1525 noc
1733 1489 1813 1523 ρει
1839 1489 1976 1524 luem
2001 1489 2114 1538 ipse

539 1489 723 1616 Fisus?
751 1546 866 1616 Ipse
894 1555 975 1602 est
1001 1547 1139 1600 enim
1189 1545 1290 1600 sibi
1331 1545 1429 1598 soli
1459 1543 1730 1616 cognitos.
1761 1541 1892 1595 Nam
1933 1543 2114 1616 utique

541 1613 593 1668 in
627 1617 732 1670 Deo
763 1611 870 1672 non
907 1626 1030 1672 sunt
1057 1615 1427 1684 cogitationes.
1457 1612 1563 1684 Nec
1588 1612 1735 1684 enim
1759 1620 1946 1684 tractat
1970 1611 2113 1679 apud

541 1699 598 1738 se
627 1687 751 1755 quid
803 1689 991 1754 iaciat,
1037 1682 1148 1742 aut"
1176 1687 1298 1756 quid
1339 1683 1654 1756 nouol'aciat.
1705 1682 2111 1756 deliberansan

543 1751 817 1832 expediat;
847 1751 985 1828 quia
1017 1751 1333 1832 omnia-quac
1355 1755 1424 1832 _in
1458 1754 1564 1806 Deo
1581 1761 1716 1832 sunt
1753 1753 1879 1832 siiie
1902 1751 2112 1832 dubita-

547 1823 690 1881 tione
718 1823 841 1882 sunt
862 1823 966 1882 non
993 1844 1088 1896 per
1112 1823 1478 1885 accidentium,
1503 1823 1598 1878 sed
1626 1839 1718 1896 per
1737 1823 2108 1896 substantiam;

542 1911 642 1951 nec
681 1913 774 1966 per
793 1893 1024 1953 studium
1045 1940 1060 1964 ,
1083 1899 1176 1952 sed
1201 1913 1294 1966 per
1325 1903 1602 1959 naturam;
1634 1894 1888 1966 quianon
1917 1893 2112 1946 imniu‘

544 1963 726 2020 tatur".
759 1971 835 2022 Ac
858 1984 962 2036 per
981 1963 1080 2039 hp'c
1118 1963 1222 2022 non
1267 1967 1420 2039 aliter
1449 1965 1595 2039 novit
1631 1963 2114 2039 Spiritus_sanct_us

541 2039 792 2108 mysteria
822 2033 946 2103 Dei,
981 2033 1078 2092 nisi
1111 2051 1204 2106 per
1237 2036 1634 2108 substantiam:
1667 2033 1766 2088 una
1801 2033 1942 2108 enim
1982 2033 2112 2108 sub-

539 2104 732 2162 stantia
777 2125 940 2164 unum
987 2104 1144 2162 habet
1187 2123 1400 2163 sensum
1444 2115 1497 2161 et
1523 2105 1862 2159 voluntatem.
1905 2104 1976 2158 De
2007 2105 2114 2158 Deo

541 2176 792 2250 Loquitur,
825 2181 912 2249 qui
935 2194 1146 2248 semper
1165 2192 1306 2234 unus
1329 2187 1382 2231 et
1402 2175 1742 2250 immutabilis
1767 2183 1885 2250 est_,
1915 2175 2026 2250 s_ive
2055 2175 2112 2228 in

543 2245 676 2318 Filio
701 2291 716 2314 ,
745 2245 856 2304 sive
881 2250 932 2304 in
959 2245 1158 2318 Spiritu
1195 2259 1397 2301 sancto.
1428 2245 1591 2318 Quod,
1613 2246 1754 2300 enim
1786 2245 1894 2318 vult
1922 2245 2077 2318 Pater
2095 2286 2110 2308 ,

541 2316 644 2372 hoc
667 2321 782 2373 vult
809 2329 862 2373 et
889 2315 1091 2384 Filius;
1123 2329 1177 2373 et
1201 2318 1338 2387 quod
1363 2319 1469 2370 vult
1497 2315 1694 2387 Filius,
1719 2316 1904 2387 eadem
1926 2315 2036 2387 vult
2061 2321 2114 2387 ct

541 2387 770 2455 Spiritus
807 2399 1038 2444 sanctus.
1066 2385 1418 2455 Quamobrem
1438 2385 1928 2453 aliquandodicitur
1949 2385 2114 2452 Spiri-

543 2465 626 2512 tus
659 2459 772 2524 Dei,
803 2459 1082 2529 aliquando
1109 2459 1340 2529 Spiritus
1351 2456 1551 2529 Christi
1574 2472 1586 2507 :
1609 2455 1756 2520 Quia
1775 2455 1908 2529 Deo,
1923 2455 2107 2523 inquit,

541 2529 801 2598 procedit;
826 2525 908 2590 et,
951 2529 1024 2598 de,
1052 2525 1163 2582 meo
1182 2528 1409 2598 accipiet.
1440 2527 1573 2598 Hine
1607 2538 1688 2580 est
1721 2525 2113 2598 undeiioannes

538 2595 810 2666 apostolus
837 2600 910 2653 ait
942 2617 954 2652 :
979 2597 1064 2652 Ex
1078 2599 1170 2652 hoc
1194 2595 1378 2651 scimus
1393 2595 1668 2667 quiaVDeus
1687 2598 1740 2667 in
1761 2595 1903 2650 nobis
1923 2609 2108 2660 manet,

539 2665 602 2739 de
631 2668 828 2739 Spiritu
857 2686 949 2722 suo
972 2711 984 2734 ,
1013 2685 1158 2739 quem
1182 2669 1315 2739 dedit
1344 2665 1413 2721 in'
1439 2666 1579 2719 nobis
1608 2665 1666 2736 (ι
1690 2665 1844 2720 Joan.
1877 2683 1963 2739 ut,
1998 2667 2108 2738 24).

537 2737 683 2811 Ergo
708 2741 752 2794 si
793 2739 992 2811 Spiritu
1025 2737 1116 2794 Dei
1139 2741 1192 2794 in
1215 2738 1364 2811 nobis
1387 2746 1651 2804 manente,
1681 2751 1894 2811 manere
1923 2737 2114 2811 dicitur

539 2807 764 2879 innubis
805 2807 983 2877 Deus,
1015 2811 1152 2866 Deus
1193 2809 1518 2879 signiﬁcatur
1560 2822 1677 2862 esse
1721 2807 1947 2876 Spiritus
1997 2809 2109 2862 Dei.

537 2878 794 2951 Denique,
827 2881 926 2935 hoc
951 2891 1033 2936 est
1074 2878 1280 2951 signum
1299 2879 1634 2951 credentium
1656 2919 1670 2944 ,
1694 2881 1834 2948 quod
1885 2880 1990 2951 sint
2019 2879 2112 2934 lilii

537 2948 663 3015 Dei,
691 2948 756 3006 ἰιι
805 2967 924 3008 cum
973 2948 1440 3019 hunc'accipiunt,
1485 2950 1574 3002 Dei
1615 2963 1672 3003 se
1707 2953 1840 3002 lilios
1885 2950 2114 3003 audeant

535 3022 818 3091 appellare.
849 3023 956 3077 Nisi
983 3023 1126 3078 enim
1162 3023 1366 3091 signum
1408 3020 1619 3075 deitatis
1663 3020 1983 3091 habuerint,
2020 3021 2112 3075 Dei

538 3089 630 3163 ﬁlii
674 3093 776 3148 dici
819 3109 923 3148 non
955 3089 1231 3163 poterunt.
1250 3093 1560 3163 Quanquam
1604 3089 1795 3163 aliquis
1821 3105 1977 3163 verus
2019 3091 2114 3144 Dei

536 3159 676 3230 ﬁlius
703 3178 807 3218 non
835 3172 918 3218 est
936 3159 970 3230 ,’
989 3173 1046 3218 ιιι
1071 3165 1139 3217 sit
1169 3173 1308 3217 totus
1338 3162 1404 3215 de
1422 3159 1535 3214 toto
1558 3202 1570 3224 ,
1603 3159 1740 3216 sicut
1769 3171 1820 3215 et
1847 3159 2108 3217 Christus.

535 3229 639 3302 ξεν
666 3229 999 3302 adoptionem
1050 3243 1224 3288 autem
1255 3233 1388 3286 ﬁunt
1415 3233 1503 3284 lilii
1539 3231 1629 3286 Dei
1656 3273 1669 3295 ,
1699 3241 1757 3286 ut
1793 3233 2110 3302 accipientes

535 3299 788 3369 Spiritum
819 3305 1014 3358 Christi
1057 3319 1150 3372 per
1189 3305 1362 3372 ipsum
1387 3304 1475 3355 lilii
1523 3302 1610 3354 Dei
1651 3299 1921 3368 dicantur,
1947 3319 2040 3372 per
2061 3301 2112 3356 id

534 3373 674 3442 quod
705 3374 773 3428 de
803 3374 910 3427 Deo
939 3383 1019 3429 est
1045 3371 1286 3442 quernin
1321 3388 1378 3426 se
1413 3373 1609 3426 habent
1647 3373 1922 3442 Spiritum.
1963 3371 2018 3425 In
2048 3375 2112 3425 li-

534 3441 621 3514 liis
649 3444 789 3498 enim
811 3485 826 3510 ,
859 3441 1100 3514 quamvis
1133 3443 1422 3514 adoptativi
1448 3445 1584 3509 sint,
1619 3441 1783 3514 patris
1822 3451 1996 3514 tamen
2045 3459 2113 3498 ex

535 3511 709 3581 aliqua
740 3511 889 3583 parte
913 3513 1072 3570 debet
1107 3511 1272 3569 videri
1318 3511 1627 3568 substantia.
1663 3513 1716 3566 1n
1749 3513 1945 3566 mundo
1970 3513 2110 3568 enim

532 3584 654 3650 quia
683 3599 770 3638 res
795 3587 1116 3653 imperfech
1143 3593 1301 3648 sunt,
1328 3584 1559 3652 adoptati
1590 3585 1656 3637 ab
1685 3583 1984 3637 hominibus
2022 3585 2112 3640 lilii

533 3655 736 3708 nullum
767 3657 974 3725 pignus,
999 3656 1090 3710 sed
1121 3656 1290 3709 solum
1327 3669 1520 3708 nomen
1543 3655 1824 3723 accipiunt.
1855 3655 1994 3709 Deus
2020 3671 2112 3708 au-

533 3731 638 3778 tem
663 3726 786 3794 quia
825 3728 1085 3796 perfectus
1115 3735 1217 3790 est,
1243 3727 1361 3795 plus
1385 3725 1504 3778 facit
1525 3766 1538 3789 ,
1572 3735 1625 3778 ut
1655 3725 1914 3793 adaptatis
1941 3727 2112 3793 Spiri-

533 3803 642 3848 tum
675 3795 837 3851 suum
860 3799 951 3852 det
969 3837 983 3861 ,
1009 3812 1102 3866 per
1125 3812 1281 3867 quem
1303 3797 1532 3867 aliquam
1558 3797 1833 3850 veritatem
1877 3795 2110 3866 adoptati

529 3867 596 3938 ab
611 3881 677 3921 eo
689 3868 963 3922 videantur
981 3866 1192 3930 habere;
1217 3867 1337 3938 quia
1349 3866 1603 3921 vocabula
1625 3867 1740 3921 sine
1761 3868 1920 3920 rebus
1937 3868 2111 3922 inania

529 3935 674 4000 Sunt,
707 3939 994 4004 ApOslUlus
1021 3948 1200 3992 noster
1226 3935 1361 3991 hanc
1380 3949 1727 3992 assertionem
1757 3947 1995 3991 nostram
2019 3939 2113 3991 ad-

525 4005 708 4078 juvat,
736 4009 916 4064 diccns
939 4028 950 4062 :
973 4007 1018 4064 Ο
1046 4009 1260 4062 altitudo
1290 4009 1574 4061 diuitiarum
1598 4009 1860 4078 sapientiw
1879 4004 1924 4061 et
1951 4010 2110 4062 scien-

529 4079 614 4161 tia:
757 4083 775 4131 .'
803 4097 954 4161 quam
975 4079 1318 4161 inseratabilia
1341 4087 1464 4161 s_it_nt
1479 4077 1681 4161 ludieiu
1709 4080 1815 4150 ejus
1835 4120 1850 4143 ,
1879 4081 2110 4161 ﬁliave:-

531 4147 756 4220 tigabiles
779 4147 872 4204 vim
895 4152 1002 4220 ejus
1030 4151 1202 4220 (Rom.
1233 4165 1284 4204 ιιι
1303 4191 1316 4213 ,
1350 4147 1624 4216 55)ε’ριιιι1
1646 4147 1820 4204 tamen
1850 4151 1946 4204 sibi
1973 4151 2105 4218 vult,

529 4219 670 4282 quod
701 4233 820 4272 cum
855 4219 979 4273 alibi
1009 4219 1150 4274 dicat
1185 4221 1486 4274 scrutahilia
1515 4235 1634 4274 esse
1661 4222 1764 4275 alta
1793 4221 1919 4284 Dei,
1951 4220 2003 4274 id
2027 4233 2110 4275 est

529 4297 756 4358 secreta,
781 4289 880 4342 hoc
908 4289 962 4342 in
987 4291 1102 4345 loco
1119 4291 1367 4358 deneget,
1391 4289 1573 4343 dicens
1595 4292 1950 4346 inscrutabilia
1967 4293 2108 4345 csse?

529 4353 634 4432 Sed
665 4359 715 4412 in
765 4363 864 4414 hoc
889 4359 1004 4414 loco
1035 4361 1102 4414 de
1131 4353 1717 4432 creatura_dixit,_quia
1749 4363 2106 4416 inscrutabilia

528 4429 652 4486 sunt
677 4433 726 4486 ei
748 4441 950 4486 secreta
981 4433 1062 4485 vel
1083 4431 1276 4502 judicia
1299 4429 1390 4483 Dei
1416 4447 1427 4482 :
1450 4429 1666 4498 Spiritui
1695 4441 1872 4502 autem
1899 4441 2102 4496 sancto,

527 4515 593 4556 eo
619 4504 758 4572 quod
788 4505 963 4556 omnia
991 4501 1340 4565 Deinoverit,
1365 4502 1664 4555 scrutabilia
1682 4501 1814 4555 dixit
1839 4517 1959 4557 esse
1977 4518 2110 4556 cun-

527 4581 609 4626 cta
639 4591 757 4646 qua:
789 4578 836 4628 in
867 4575 974 4628 Dl'O
1018 4583 1179 4636 sunt;
1223 4581 1279 4626 ut
1319 4572 1460 4646 quod
1496 4584 1759 4646 creaturae
1785 4573 2104 4646 incognitum

529 4653 612 4698 est
633 4687 648 4711 ,
685 4647 773 4701 Dei
805 4647 1058 4714 Spiritum
1085 4652 1288 4696 asserat
1315 4659 1416 4697 non
1447 4645 1708 4712 ignorare.
1738 4645 1828 4699 Dei
1855 4659 1983 4714 ergo
2007 4659 2106 4698 na-

527 4723 642 4768 tura
676 4718 852 4787 negari
883 4733 985 4769 non
1029 4721 1231 4784 potest,
1262 4729 1378 4781 qua:
1426 4715 1886 4787 cognitnmhabet
1905 4715 2052 4787 quod
2069 4731 2104 4787 ea

525 4785 766 4840 creatura
792 4804 895 4841 non
911 4795 1086 4856 potest
1123 4785 1518 4852 comprehendi.
1544 4785 1640 4852 Qui
1682 4785 1995 4854 degenerem
2027 4786 2106 4839 di-

527 4865 656 4910 cunt
671 4857 926 4924 Spiritum
941 4868 1178 4912 sanctum
1205 4857 1316 4920 Dei,
1335 4856 1540 4922 pulsant
1555 4861 1900 4924 propositum,
1920 4859 2006 4927 qtti
2027 4868 2128 4912 ιον

527 4927 627 4981 tius
643 4937 898 4983 creatura:
916 4930 1138 4984 salutem
1158 4929 1207 4980 in
1227 4927 1500 4981 Trinitatis
1515 4927 1786 4985 divinitate
1815 4937 2106 4987 consistere

525 4998 814 5069 declaravit
851 5000 1008 5069 :quia
1056 5000 1099 5053 si
1129 4998 1589 5053 consubstantivus
1637 5017 1741 5055 non
1791 5013 1872 5057 est
1902 5005 2009 5056 Deo
2053 5015 2106 5058 et

525 5068 765 5134 Christo,
795 5068 1028 5138 ineptum
1059 5081 1138 5123 est
1179 5083 1376 5137 ponere
1421 5070 1576 5123 istum
1607 5071 1656 5124 in
1687 5089 1909 5127 numero
1938 5075 2105 5129 Patris

524 5148 578 5192 et.
597 5139 722 5215 filii
745 5151 843 5215 ,_itt
867 5143 984 5196 sine
1011 5141 1112 5194 hoc
1141 5156 1312 5210 neque
1337 5140 1486 5215 salus
1508 5141 1660 5195 alicui
1691 5144 1760 5197 sit
1778 5186 1792 5206 ,
1823 5161 1992 5215 neque
2017 5147 2102 5200 di-

520 5211 715 5282 gnitas.
763 5212 818 5266 Si
867 5215 1010 5266 enim
1059 5227 1160 5265 non
1215 5223 1296 5267 est
1340 5211 1576 5279 ejusdem
1633 5211 1955 5282 divinitatis,
2011 5227 2104 5273 aut

521 5281 701 5354 stulte.
733 5291 820 5338 aut
845 5283 1008 5354 gratis
1031 5283 1275 5354 eﬁectum
1297 5282 1436 5348 est';
1465 5283 1604 5351 quod
1634 5286 1786 5338 absit.
1806 5281 2102 5354 Quis’enim

523 5353 861 5418 prudentium
887 5353 1116 5425 deneget
1151 5353 1456 5410 Creatorem
1484 5367 1604 5408 cum
1636 5353 1873 5412 creatura
1905 5375 2105 5414 connu-

520 5425 714 5498 merari
747 5443 852 5479 non
877 5441 1052 5498 posse,
1079 5433 1526 5498 nequeo-ueternum
1551 5440 1668 5480 cum
1691 5443 1756 5483 co
1775 5429 1862 5498 qui
1887 5430 1985 5484 sub
2006 5434 2105 5485 iiii-

521 5496 594 5548 tio
616 5497 684 5549 sit
712 5497 1032 5566 comparari,
1051 5511 1225 5566 neque
1245 5497 1522 5572 Dominum
1553 5511 1672 5552 cum
1702 5496 1856 5572 servo
1882 5503 2098 5572 aequari,

519 5579 694 5636 neque
741 5577 1011 5638 potentem
1077 5582 1196 5624 cum
1269 5567 1560 5637 impotente
1613 5570 1842 5626 conferri
1865 5613 1880 5640 ,
1926 5567 2100 5647 neque

585 5695 603 5762 ξ
615 5693 813 5762 Εᾶιιιήῃ
833 5703 948 5747 nec.
965 5703 1020 5762 A_t
1039 5703 1124 5747 Ms.
1147 5697 1380 5762 colbert.,
1398 5699 1461 5750 de
1485 5709 1601 5754 Deo.

585 5757 702 5820 fus.
725 5755 952 5820 comem,
975 5757 1302 5812 immutantur.

489 5861 502 5882 .
530 5891 540 5898 ,
585 5817 608 5860 δ
630 5827 709 5878 ιιι.
731 5817 962 5887 οοηιθιιέ,
985 5830 1066 5876 aut
1083 5823 1290 5890 arm
1303 5826 1488 5886 factum
1497 5832 1588 5884 est.

1531 351 2108 428 QUESTIONESJX
2147 351 2469 421 UTROQUE
2506 354 2769 414 MIXTIM.

3659 359 3802 420 3376

2219 481 2390 551 scium
2411 496 2532 536 cum
2561 481 2727 536 inscio
2751 478 3026 550 deputari?
3051 476 3157 536 Sed
3174 479 3284 551 jam
3306 489 3482 538 cesset
3509 476 3799 542 calumnia.

2219 550 2429 622 Tertius
2469 553 2609 606 enim
2664 553 2851 606 ordine
2894 559 3004 616 cst,
3052 550 3417 616 nou’iiatura;
3463 555 3662 622 gradu,
3695 573 3801 612 non

2217 621 2512 687 divinitate;
2530 639 2752 688 persona
2775 665 2790 688 ,
2819 637 2922 676 non
2943 623 3256 691 ignorantia.
3283 623 3432 676 Sicut
3460 621 3602 678 cnim
3631 626 3801 683 Filius

2219 693 2314 766 Dei
2341 693 2606 766 secundus
2640 709 2668 746 a
2703 694 2856 748 Patre
2878 703 2978 756 est,
3001 702 3056 746 et
3072 694 3343 766 divioitate
3360 695 3533 749 minor
3559 711 3668 751 non
3697 711 3800 766 est;

2217 762 2364 836 ita_et
2380 763 2847 836 Spiritusﬂsanctus
2875 779 3103 836 sequens
3131 781 3158 816 a
3181 763 3315 836 Filio
3333 774 3445 828 est,
3471 781 3578 820 non
3609 762 3802 836 impar,

2218 833 2310 888 sed
2339 836 2555 910 aqualis
2581 834 2856 910 divinitate
2889 833 3216 910 substantiae.
3258 835 3494 910 Denique
3519 853 3640 906 quae
3675 833 3806 910 legi?

2218 917 2336 975 mus
2364 904 2430 958 de
2461 905 2594 958 Filio
2617 905 2739 971 Dei,
2763 905 2945 959 eadem
2970 905 3194 974 legimus
3213 905 3351 960 etde
3371 904 3570 975 Spiritu
3591 904 3798 974 sanet-0,

2218 973 2334 1044 ipso
2381 976 2532 1046 nobis
2573 985 2818 1029 testante.
2859 976 2946 1029 Ait
2991 973 3171 1046 enim:
3207 973 3427 1046 Rogabo
3467 975 3711 1042 Patrem,
3759 973 3802 1034 et

2217 1047 2374 1120 alium
2398 1045 2720 1120 Raracletum
2748 1046 2883 1120 dabit
2911 1046 3068 1120 uobis,
3097 1045 3348 1120 §piritum
3373 1047 3594 1102 ueritatis
3617 1048 3800 1120 (lauit.

2219 1131 2328 1178 le,
2353 1116 2466 1182 i6).
2485 1118 2658 1170 Alium
2682 1132 2800 1170 cum
2827 1117 2979 1180 dixit,
3009 1132 3070 1171 se
3099 1117 3429 1171 Paracletum
3459 1116 3800 1184 signiﬁcavit.

2217 1185 2366 1260 Quod
2393 1188 2624 1260 Joannes
2648 1186 2914 1260 declarat,
2943 1187 3126 1260 dicens
3151 1189 3274 1260 quia
3295 1187 3461 1260 Filius
3505 1189 3600 1244 Dei
3630 1203 3805 1260 postu-

2218 1255 2288 1310 lat
2305 1274 2404 1329 pro
2431 1257 2841 1329 peccatisnostris
2861 1259 2878 1328 (
2897 1257 2912 1310 Ι
2933 1256 3089 1329 Ινοαη.
3117 1273 3160 1329 ιι
3173 1255 3189 1322 ,
3217 1257 3252 1310 2
3272 1260 3310 1327 ).
3341 1259 3408 1312 Ει
3435 1255 3639 1316 Ρειιιιιέ
3675 1277 3806 1329 apo-

2219 1326 2609 1400 stolum—Ipse,
2648 1328 2816 1400 inquit
2837 1371 2850 1392 ,
2873 1326 3103 1400 Spiritus
3123 1327 3219 1382 Dei
3249 1326 3594 1400 postulatpro
3639 1326 3802 1386 nobis.

2219 1397 2357 1452 Ecce
2375 1399 2642 1464 Scriptura
2667 1399 2850 1452 ambos
2865 1397 3148 1452 advocatos
3169 1413 3288 1453 esse
3301 1397 3554 1452 ostendit.
3585 1401 3652 1455 Et
3681 1417 3802 1456 cum

2217 1469 2453 1522 veritatis
2483 1470 2630 1522 illum
2661 1468 2798 1522 dixit
2825 1468 3099 1536 Spiritum,
3129 1469 3257 1522 nihil
3285 1469 3432 1522 illum
3457 1486 3486 1522 a
3508 1485 3570 1524 se
3587 1471 3804 1528 differre

2219 1540 2452 1614 ostendit
2471 1581 2484 1603 ,
2509 1540 2632 1614 quia
2657 1539 2831 1614 dixit_:_
2853 1537 2964 1614 Ego
2992 1557 3102 1614 sum
3124 1541 3304 1614 veritos
3335 1537 3526 1610 (Joan.
3552 1557 3644 1614 xlv
3667 1583 3682 1602 .
3715 1542 3804 1614 6.)

2216 1607 2436 1664 Missum
2467 1607 2573 1664 se‘a
2601 1611 2755 1682 Patre
2783 1607 2954 1682 dixit,
2981 1619 3036 1664 et
3063 1610 3176 1679 ipse
3204 1607 3413 1663 mittere
3455 1627 3514 1664 se
3545 1607 3804 1682 Spiritum

2217 1691 2458 1734 sanctum
2490 1680 2746 1748 promisit.
2778 1679 2832 1735 Si
2863 1681 2975 1746 ipse
3005 1696 3032 1732 a
3066 1682 3306 1750 mittente
3347 1681 3518 1750 impar
3545 1679 3654 1737 non
3683 1694 3768 1738 est
3787 1725 3801 1750 ,

2218 1765 2388 1820 neque
2415 1767 2442 1804 a
2471 1751 2716 1808 mittente
2759 1751 2928 1820 impar
2948 1753 3013 1805 ab
3035 1751 3125 1804 illo
3169 1749 3396 1818 Spiritus
3428 1749 3655 1807 Sanctus
3701 1749 3800 1809 est.

2216 1819 2397 1890 Neque
2451 1823 2591 1874 enim
2640 1822 2760 1889 quia
2805 1819 2912 1876 tres
2965 1831 3088 1874 sunt
3135 1821 3362 1890 singuli,
3413 1822 3548 1876 alter
3585 1825 3804 1882 alterius

2216 1892 2454 1945 membra
2483 1900 2624 1954 sunt,
2657 1901 2717 1946 ut
2735 1892 2942 1962 diversa
2975 1892 3198 1962 possint.
3227 1891 3336 1946 Una
3359 1899 3444 1946 est
3471 1893 3614 1946 enim
3645 1895 3802 1950 trium

2217 1963 2450 2031 potentia
2475 2003 2488 2020 .
2537 1971 2592 2016 iit
2631 1963 2759 2016 nihil
2795 1961 2932 2016 desit
2973 1963 3212 2032 singulis.
3244 1962 3341 2032 Hic
3385 1963 3504 2017 linis
3545 1965 3636 2018 sit.
3686 1965 3802 2020 Jam

2215 2033 2357 2104 enim
2383 2033 2430 2085 in
2462 2033 2640 2104 libello
2657 2033 2912 2087 adversus
2934 2031 3182 2086 Arianam
3219 2031 3543 2104 impietatem
3569 2034 3800 2104 digesto,

2217 2102 2418 2175 reliqua
2440 2103 2646 2175 plenius
2674 2111 2889 2175 tractata
2916 2111 3058 2169 sunt,
3085 2118 3204 2174 qua:
3233 2102 3803 2175 Triuitatisconiplexa

2219 2181 2344 2226 sunt
2365 2173 2700 2226 indiscretam
2739 2173 3016 2227 unitatem.

2463 2260 2531 2297 ne
2571 2258 2636 2297 eo
2673 2258 2762 2307 om
2803 2259 2959 2297 nosti
3000 2257 3208 2297 cumsrt
3247 2247 3548 2298 psacsrtr‘.

2286 2312 2518 2386 CXXVI.
2534 2343 2604 2386 -έ-
2623 2314 2890 2384 Scriptum
2907 2322 3007 2378 est,
3033 2315 3162 2386 Quia
3173 2315 3316 2384 justo
3335 2316 3462 2368 nihil
3479 2315 3705 2385 proderit
3709 2318 3803 2386 ju-

2216 2385 2352 2456 stitia
2389 2385 2528 2456 ejus,
2555 2385 2616 2456 in
2651 2401 2750 2455 qua
2775 2385 2855 2438 die
2893 2385 3170 2438 erraverit:
3199 2394 3246 2438 et
3282 2386 3405 2456 quia
3422 2387 3639 2456 jiijusto
3679 2385 3804 2441 nihil

2217 2454 2369 2525 oberit
2389 2455 2637 2525 iujustitia
2662 2454 2756 2508 sua
2780 2497 2794 2518 ,
2841 2471 2956 2508 cum
2983 2472 3036 2508 se
3069 2457 3364 2508 converterit
3389 2454 3602 2525 (Ezech.
3635 2474 3798 2524 xviii,

2215 2523 2308 2596 26,
2327 2523 2444 2596 27).
2473 2525 2538 2578 Et
2567 2525 2824 2596 Dominus
2845 2527 2898 2578 in
2921 2525 3226 2596 Evangelia,
3260 2525 3361 2591 Qui
3378 2523 3476 2596 non
3500 2523 3800 2594 crediderit,

2217 2593 2419 2660 inquit,
2438 2597 2552 2676 jam
2578 2595 2838 2680 judicotus
2862 2605 2933 2649 est
2977 2593 3167 2680 (loeti.
3201 2613 3254 2650 ιιι
3277 2595 3410 2680 .18)
3430 2615 3450 2680 Δε
3485 2605 3544 2651 ut
3579 2613 3680 2680 per
3707 2593 3806 2654 hoc

2215 2680 2342 2738 eum
2362 2667 2450 2734 qui
2493 2666 2816 2738 crediderit,
2849 2683 2952 2738 non
2988 2666 3186 2738 judicio
3241 2666 3536 2734 subjectum
3587 2669 3656 2722 ad
3685 2685 3806 2724 sen-

2218 2737 2434 2808 tentiam
2484 2737 2848 2808 excipiendam
2895 2737 3255 2808 signiﬁcaret,
3297 2738 3392 2808 sed
3442 2739 3563 2792 ﬁdei
3611 2742 3804 2794 merito

2217 2805 2372 2878 laude
2411 2808 2624 2878 dignum
2656 2807 2907 2862 futurum.
2941 2805 3079 2878 Ergo
3125 2807 3357 2876 cognitio
3405 2810 3495 2862 Dei
3539 2811 3680 2864 hanc
3713 2812 3807 2866 ha-

2217 2877 2306 2932 bet
2330 2877 2750 2948 prserogativam,
2773 2887 2828 2932 ut
2861 2877 3199 2948 peccatorum
3221 2889 3579 2948 consequatur
3607 2881 3800 2935 remis-

2217 2963 2370 3022 sam._
2393 2947 2924 3022 Credensenichi
2971 2965 3091 3022 esse
3129 2949 3330 3022 Filium
3350 2949 3572 3022 .lesum,
3609 2952 3802 3022 dignus

2216 3019 2396 3073 existit
2422 3021 2489 3072 ab
2512 3019 2759 3073 omnibus
2786 3020 2998 3075 liberari
3030 3021 3279 3089 peccatis.
3309 3019 3401 3074 Diu
3429 3022 3576 3074 enim
3619 3019 3804 3076 errore

2215 3089 2402 3146 devius
2420 3129 2432 3150 .
2461 3105 2582 3144 cum
2607 3105 2702 3158 per
2725 3089 2932 3144 diversa
2959 3093 3272 3161 ignorantiae
3301 3091 3546 3146 ﬂuctibus
3569 3092 3804 3160 jactare-

2218 3169 2324 3234 tur,
2355 3161 2954 3234 illuminatusveritatis
3001 3166 3424 3216 coruscationem
3467 3173 3660 3218 nactus
3687 3173 3800 3234 est,

2217 3230 2270 3283 in
2291 3246 2398 3302 qua
2427 3241 2542 3299 post
2583 3231 2772 3286 nimias
2818 3241 3160 3298 tempestates
3199 3234 3494 3302 requiescat
3536 3230 3800 3289 securus:

2216 3301 2302 3354 cui
2327 3303 2607 3372 congruit,
2633 3310 2688 3354 ut
2721 3311 2837 3369 post
2862 3302 3216 3372 cognitionem
3249 3301 3506 3372 temperet
3525 3319 3587 3358 se
3631 3305 3702 3359 ab
3743 3305 3804 3360 iis

2215 3386 2336 3444 qua:
2359 3371 2467 3440 jam
2499 3371 2700 3444 pridem
2733 3373 2782 3424 in
2831 3371 3122 3442 igndrantia
3177 3371 3376 3442 positus
3408 3375 3621 3444 agebat.
3669 3376 3806 3442 Quid

2217 3442 2359 3512 enim
2394 3443 2608 3510 prodest
2628 3444 2882 3512 cognitio,
2915 3445 2958 3498 si
2988 3451 3167 3498 manet
3191 3444 3407 3512 pristina
3429 3442 3805 3502 conversatio?

2215 3511 2352 3566 Hinc
2379 3513 2576 3568 etenim
2611 3511 2729 3582 quis
2750 3513 2956 3590 videtur
2988 3511 3301 3590 cognpvisse
3334 3516 3496 3590 Deum
3517 3556 3534 3581 ,
3556 3517 3612 3590 si
3641 3519 3804 3590 vitam

2217 3593 2421 3656 mutet,
2469 3593 2522 3637 et
2557 3586 3018 3656 conversationem
3060 3585 3210 3656 suam
3252 3587 3501 3654 corrigat.
3545 3585 3806 3656 Cognitus

2215 3655 2360 3707 enim
2405 3654 2544 3708 Deus
2596 3656 2766 3708 timeri
2798 3655 2990 3722 debet,
3016 3656 3137 3725 quia
3171 3655 3503 3724 judicaturus
3549 3654 3810 3725 praedicn-

2219 3731 2321 3795 tur,
2343 3733 2398 3777 ut
2427 3733 2480 3777 et
2507 3725 2689 3778 ﬁdeles
2723 3725 2941 3794 justitire
2977 3741 3085 3780 sure
3121 3727 3409 3795 percipiant
3446 3725 3683 3782 fructum
3707 3771 3720 3791 ,
3753 3741 3808 3784 et

2217 3793 2392 3863 impii,
2427 3795 2485 3870 id_
2527 3804 2610 3850 est
2652 3793 2942 3870 increduli,
2981 3797 3214 3870 perﬁdia:
3245 3793 3352 3850 sum
3378 3811 3648 3867 congruas
3689 3815 3806 3870 pte-

2217 3879 2313 3941 nas
2340 3867 2635 3941 exsolvant.
2675 3865 2940 3941 Convenit
2983 3865 3122 3920 enim
3163 3867 3334 3941 justos
3363 3870 3412 3922 in
3461 3865 3644 3923 futuro
3679 3865 3810 3941 gau-

2215 3933 2362 3998 dere,
2397 3937 2482 3990 tibi
2511 3938 2752 4006 regnabit
2778 3936 3020 3993 Christus
3053 3933 3179 3992 cuni
3201 3939 3306 3992 suis
3339 3957 3352 3992 :
3378 3949 3434 3992 ut
3459 3941 3596 3993 sicut
3623 3933 3807 3997 in'sac-

2215 4007 2336 4083 culo
2376 4015 2498 4060 sunt
2539 4009 2860 4083 opprobrio,
2905 4019 2958 4083 et
3000 4009 3206 4083 injuriis
3257 4009 3567 4083 subiacent,
3601 4012 3658 4065 in
3703 4028 3810 4083 quo

2217 4077 2462 4146 princeps
2487 4089 2568 4132 est
2595 4079 2833 4132 diabolus
2857 4097 2870 4132 :
2905 4080 2974 4134 ita
2995 4089 3049 4134 et
3078 4079 3128 4132 in
3171 4081 3558 4153 regnoChristi
3588 4077 3810 4153 gloriosi

2214 4157 2533 4216 appareant,
2561 4157 2774 4218 propter
2799 4163 2956 4219 quem
2987 4151 3654 4219 contemptibilesjudicati
3685 4167 3812 4210 sunt

2213 4231 2244 4270 a
2282 4219 2560 4273 mundanis
2585 4237 2598 4272 :
2627 4220 2848 4289 injustos
2873 4229 3046 4276 autem
3080 4222 3203 4290 quia
3235 4222 3365 4276 falso
3393 4223 3588 4278 ﬁorere
3615 4225 3810 4280 viden-

2215 4295 2304 4366 tur
2325 4330 2340 4354 ,
2361 4305 2481 4366 _pe_r
2526 4291 2858 4366 mendacium
2888 4301 3245 4366 repugnantes
3280 4293 3485 4366 veritati
3509 4335 3526 4360 ,
3561 4295 3614 4349 in
3649 4312 3808 4366 poena

2215 4359 2489 4437 tribulari;
2517 4372 2572 4414 ut
2615 4363 2700 4437 qui
2748 4377 2844 4437 per
2879 4359 3062 4437 fucum
3103 4365 3318 4437 gloriosi
3357 4365 3454 4418 visi
3503 4359 3671 4428 sunt:
3713 4383 3812 4437 per

2213 4444 2397 4504 verum
2435 4429 2666 4504 despecti
2708 4429 2763 4504 εἰ
2805 4433 3066 4504 humiliati
3107 4429 3264 4488 nimis
3309 4446 3624 4504 appareant.
3657 4429 3814 4493 Tunc

2213 4501 2354 4574 enim
2373 4501 2500 4574 justi
2523 4501 2582 4556 se
2600 4503 2888 4558 credidisse
2907 4503 3226 4572 gaudebunt,
3251 4501 3636 4574 cum‘perﬁdos
3657 4511 3812 4566 vide-

2215 4571 2322 4646 rint
2345 4573 2568 4646 cruciari
2596 4589 2608 4625 :
2634 4583 2686 4646 et
2709 4589 2804 4646 nec
2822 4571 3344 4646 paenitebitperﬁdos
3373 4571 3478 4630 n'on
3507 4580 3814 4636 credidisse

2213 4642 2314 4721 nisi
2347 4643 2576 4721 viderint
2620 4645 2844 4721 gloriam
2883 4661 3065 4700 eorum
3109 4642 3162 4701 et
3201 4663 3642 4721 suamptenam,
3675 4667 3817 4721 quos

2213 4713 2332 4782 quia
2363 4713 2704 4788 crediderunt
2747 4718 2952 4788 stultos,
2999 4725 3053 4788 et
3089 4713 3516 4788 contemptibiles
3562 4713 3818 4778 arbitrati

2213 4785 2531 4858 suntaljjrgo
2561 4801 2622 4858 ex
2652 4786 2882 4858 ecquod
2911 4787 3185 4856 proﬁtetur
3218 4805 3274 4842 se
3304 4785 3421 4858 quis
3446 4792 3820 4850 christianum

2212 4869 2352 4927 esse,
2377 4853 2426 4908 id
2458 4855 2672 4910 studere
2697 4853 2850 4912 debet
2879 4853 2946 4912 ne
2983 4869 3182 4927 peccet,
3217 4870 3272 4914 et
3295 4853 3504 4916 armare
3531 4877 3592 4916 se
3618 4877 3818 4920 contra

2213 4925 2374 5000 vitia:
2400 4935 2453 5000 et
2477 4927 2599 5000 quia
2623 4927 2948 5000 impossibile
2971 4925 3286 5000 estsemper
3307 4933 3546 5000 vincere,
3565 4935 3612 4989 si
3637 4939 3820 4992 victus

2213 4995 2390 5072 fuerit,
2421 4996 2600 5051 dolere
2632 4995 2710 5052 ne
2739 4999 2926 5072 iterum
2957 4995 3228 5066 vincatur;
3274 5003 3392 5070 quia
3438 4995 3622 5072 quise
3663 5008 3820 5064 dolet

2213 5067 2429 5131 victum,
2461 5078 2670 5142 reparat
2695 5085 2785 5142 se:
2804 5070 2901 5136 Qui
2926 5085 3051 5142 ergo
3083 5067 3357 5142 repugnat,
3383 5067 3546 5129 habet
3575 5079 3728 5133 unde
3757 5094 3822 5135 se

2213 5148 2445 5200 excuset,
2479 5139 2523 5194 si
2561 5139 2728 5193 victus
2764 5139 2938 5194 fuerit.
2967 5139 3378 5197 Ostendit‘enim
3403 5159 3464 5199 se
3491 5157 3682 5202 votum
3721 5151 3826 5203 ha-

2212 5208 2673 5290 buis‘e'vincendi,
2701 5211 2796 5266 sed
2819 5213 3038 5266 minime
3063 5215 3419 5290 pnevaluisse.
3451 5217 3530 5290 De
3554 5218 3660 5272 hoc
3685 5235 3826 5290 spes

2211 5289 2293 5333 est
2317 5287 2436 5348 quia
2469 5289 2640 5345 potest
2665 5297 2723 5335 se
2755 5297 3022 5350 reparare,
3053 5295 3109 5338 ut
3134 5287 3342 5338 assidua
3369 5287 3737 5345 meditatione
3765 5293 3826 5348 in

2211 5351 2610 5434 congressione
2633 5353 2850 5420 peritior
2886 5363 2939 5408 et
2977 5353 3165 5434 fortior
3205 5357 3520 5434 inpellimur.
3554 5359 3696 5414 Nam
3729 5365 3826 5434 qui

2210 5421 2274 5474 ad
2325 5421 2425 5474 hoc
2453 5426 2637 5502 surgit,
2669 5433 2724 5476 ut
2766 5434 2992 5502 peccet,_
3015 5427 3384 5502 inexcusabilis
3415 5428 3646 5502 eﬁigctus
3689 5421 3830 5502 per-

2209 5506 2422 5564 gravem
2458 5493 2614 5548 habet
2637 5493 2872 5548 causam.
2908 5495 3061 5564 Pejus
3087 5505 3169 5550 est
3193 5500 3332 5551 enim
3365 5501 3463 5552 sub
3499 5500 3592 5554 Dei
3625 5493 3834 5561 vivere

2211 5563 2558 5644 professione.
2583 5573 2638 5644 et
2667 5563 2992 5620 voluntatem
3020 5567 3219 5644 habere
3251 5570 3526 5644 peccandi,
3565 5591 3746 5644 quam
3782 5579 3834 5636 si

2209 5635 2418 5704 ignoret
2445 5636 2564 5705 quis
2595 5635 2761 5690 Deum
2804 5646 2858 5691 et
2899 5637 3118 5708 turpiter
3157 5649 3208 5694 ει
3232 5635 3598 5699 contaminate
3624 5635 3830 5705 verse.

2235 5774 2510 5856 .L‘taiieu
2535 5775 3019 5856 εεςίεὶιᾲἑιξιιιλέιιάςι
3049 5779 3422 5856 ωεεεῖηεπιεηιίω
3442 5795 3528 5832 δαί
3550 5797 3840 5856 ιιι-φρασ-

2207 5838 2319 5894 tim
2337 5838 2506 5892 habent
2529 5840 2594 5890 ad
2611 5839 2818 5908 gratiam
2833 5838 3213 5908 οωιζςείιαεηααη,
3231 5843 3340 5909 pm
3357 5857 3506 5910 qm
3551 5838 3562 5847 .
3713 5838 3804 5856 --ἡ
