4070 6476
353 425 498 484 2585

281 571 294 600 -,
357 538 508 594 Tunc
547 537 801 606 prtecepit
823 535 1109 605 Apostolus
1148 551 1253 591 non
1286 535 1482 590 debere
1523 548 1743 591 uxorem
1769 550 1798 589 a
1824 537 1944 591 viro

358 605 612 666 recedere
636 626 648 660 :
673 605 793 663 eum
813 607 1059 662 habuerit
1080 608 1412 662 occasionem
1435 606 1665 673 dicendi,
1686 608 1729 662 si
1754 608 1944 663 scisset

355 681 434 736 sic
448 679 875 743 docendum,non
895 679 1054 733 licere
1069 677 1559 748 nubere;quomodo
1574 679 1711 748 quod
1729 679 1827 733 sibi
1843 695 1946 735 non

355 753 423 807 sit
446 750 721 817 traditum,
744 750 938 805 docere
958 765 1016 803 se
1040 765 1145 804 non
1166 765 1320 820 posse
1340 749 1589 804 ostendit.
1622 749 1750 815 Quis
1770 759 1948 806 autem

357 823 742 893 discipulorum
775 821 990 876 doceret
1017 821 1157 893 quod
1194 835 1224 874 a
1255 823 1508 893 magistro
1554 821 1802 893 traditum
1840 838 1946 876 non

357 891 604 948 est?'Vel
647 892 764 962 quis
795 908 898 947 non
941 892 1120 947 audiat
1145 891 1524 962 praedicantem
1557 909 1569 944 :
1607 891 1734 946 Volo
1777 893 1951 946 adole-

354 965 607 1036 scentulus
633 961 858 1036 nubere,
882 963 1014 1036 ﬁlios
1057 961 1320 1036 procreare
1350 961 1396 1036 (Ι
1421 961 1563 1036 Τὶηιη
1596 979 1647 1024 v,
1681 963 1814 1036 id)?
1845 964 1951 1020 Sed

355 1034 497 1090 forte
525 1034 732 1089 dicatur
762 1052 775 1088 :
805 1033 862 1089 Si
889 1034 1007 1089 licet
1049 1043 1103 1088 et
1129 1035 1328 1090 bonum
1361 1033 1447 1088 est
1478 1034 1698 1099 nubere,
1741 1033 1836 1089 cur
1861 1051 1950 1090 sa-

355 1106 666 1161 cerdotibus
691 1121 796 1160 non
828 1106 950 1160 licet
971 1121 1164 1160 uxores
1192 1105 1428 1160 habere?
1453 1103 1506 1160 id
1534 1115 1634 1170 est,
1664 1117 1722 1160 ut
1738 1107 1952 1161 ordina-

357 1177 552 1246 tisjam
582 1192 687 1230 non
712 1177 866 1230 liceat
885 1177 1206 1231 convenire?
1235 1177 1362 1242 Quis
1383 1177 1583 1232 nesciat
1609 1177 1950 1247 unumquod-

355 1264 461 1317 que
509 1264 660 1302 suam
709 1248 878 1317 legem
933 1248 1167 1302 habere?
1207 1247 1303 1302 Est
1347 1249 1488 1302 enim
1539 1248 1678 1318 quod
1733 1250 1952 1304 omnino

355 1319 682 1388 generaliter
723 1318 969 1373 omnibus
998 1334 1103 1373 non
1133 1319 1290 1374 liceat
1324 1337 1336 1374 :
1366 1329 1447 1374 est
1490 1320 1615 1373 item
1656 1319 1794 1388 quod
1832 1320 1952 1374 aliis

356 1389 501 1452 licet,
531 1398 585 1444 et
617 1389 735 1460 aliis
766 1405 870 1443 non
905 1391 1026 1444 licet
1056 1407 1067 1442 :
1099 1397 1154 1444 et
1195 1400 1277 1444 est
1321 1390 1463 1460 quod
1493 1389 1775 1460 aliquando
1805 1390 1947 1454 licet,

356 1467 414 1514 et
438 1459 724 1530 aliquando
747 1476 851 1514 non
873 1461 1014 1516 licet.
1047 1461 1321 1516 Fornicari
1341 1459 1592 1515 omnibus
1613 1476 1824 1530 semper
1846 1478 1949 1516 non

357 1531 486 1586 licet
521 1550 534 1585 :
563 1531 821 1600 negotiari
861 1548 988 1586 vero
1016 1532 1300 1601 aliquando
1341 1531 1484 1595 licet,
1531 1531 1816 1601 aliquando
1845 1549 1950 1588 non

357 1603 504 1657 licet.
537 1603 836 1671 Antequam
869 1603 1010 1657 enim
1038 1603 1430 1658 ecclesiasticus
1460 1603 1578 1671 quis
1619 1603 1707 1668 sit,
1755 1602 1877 1658 licet
1902 1604 1952 1658 ei

357 1673 616 1743 negotiari
664 1690 676 1725 :
723 1672 862 1728 facto
886 1673 996 1744 jam
1044 1689 1147 1727 non
1200 1674 1342 1729 licet.
1387 1675 1451 1728 Et
1478 1673 1781 1744 Christiano
1827 1691 1949 1728 cum

358 1759 525 1798 uxore
553 1759 647 1798 sua
675 1743 960 1799 convenire
1003 1744 1286 1814 aliquando
1317 1745 1459 1809 licet,
1491 1743 1777 1812 aliquando
1822 1761 1950 1800 vero

357 1830 465 1869 non
496 1814 641 1868 licet.
685 1814 908 1883 Propter
943 1815 1056 1870 dies
1098 1817 1240 1870 enim
1270 1815 1624 1885 processionis
1665 1815 1950 1884 aliquando

359 1901 468 1940 non
494 1886 616 1956 licet
643 1886 930 1942 convenire
955 1902 969 1951 ;
998 1887 1117 1956 quia
1145 1887 1306 1940 etiam
1335 1903 1364 1940 a
1395 1887 1550 1940 licitis
1574 1885 1948 1941 abstinendum

358 1966 464 2028 est,
486 1965 543 2010 ut
565 1955 774 2028 facilius
800 1955 1069 2028 impetrari
1093 1958 1260 2026 possit
1282 1958 1425 2028 quod
1453 1957 1763 2026 postulatur.
1795 1956 1950 2014 Unde

357 2027 745 2096 Apostolus,ex
774 2027 1038 2082 consensu
1071 2027 1534 2083 aitabstineudum
1561 2028 1626 2082 ad
1643 2039 1870 2096 tempus,
1892 2039 1950 2084 ut

358 2108 578 2170 _vac_et_ur
597 2097 1018 2170 orationi(lCor.
1051 2115 1141 2162 vn,
1165 2097 1251 2170 5).
1281 2099 1411 2152 Nam
1441 2099 1730 2154 secundum
1753 2097 1948 2169 Legem

1811 422 2178 482 APPENDIX.

3492 424 3638 484 2586

2054 537 2264 606 Quanto
2299 537 2468 608 magis
2492 538 2545 592 in
2594 537 2687 593 Dei
2712 536 2930 592 causis?
2975 536 3055 592 Ac
3080 550 3177 608 per
3225 537 3326 594 hoc
3349 539 3642 596 antistitem

2051 612 2170 678 ejus
2206 607 2473 681 puriorem
2497 610 2705 681 eteteris
2723 625 2846 664 esse
2871 607 3122 679 oportet:
3149 607 3314 681 ipsius
3340 611 3482 664 enim
3512 627 3643 681 per—

2053 695 2238 736 sonam
2276 679 2474 734 habere
2519 680 2768 746 videtur,
2801 689 2884 735 est
2931 681 3074 735 enim
3121 679 3351 734 vicarius
3397 679 3555 751 ejus:
3585 692 3646 737 ut

2052 751 2195 821 quod
2221 751 2428 805 caeteris
2454 751 2598 815 licet,
2631 752 2705 804 illi
2753 767 2860 806 non
2887 751 3079 817 liceat;
3127 752 3247 821 quia
3281 765 3500 806 necesse
3542 752 3644 806 ha-

2052 822 2178 878 beat
2204 822 2438 892 quotidie
2463 822 2658 876 Christi
2686 822 2855 876 vicem
2881 837 3060 892 agere,
3103 831 3194 876 aut
3219 835 3376 875 orare
3403 836 3499 891 pro
3543 839 3644 892 po-

2055 895 2202 964 pulo,
2230 902 2323 948 aut
2367 892 2593 964 oll‘erre,
2631 902 2722 948 aut
2760 897 2985 962 tingere.
3039 893 3106 947 Et
3150 908 3255 964 non
3305 893 3476 964 solum
3521 893 3647 948 huic

2053 963 2367 1020 concubitus
2409 980 2512 1017 non
2567 963 2704 1028 licet,
2749 979 2934 1019 verum
2981 964 3140 1018 etiam
3191 963 3434 1018 ministro
3486 965 3643 1032 ejus:

2053 1037 2173 1106 quia
2214 1037 2326 1104 ipse
2367 1035 2614 1090 mundior
2638 1035 2796 1106 debet
2837 1050 2977 1100 esse,
3008 1035 3128 1104 quia
3156 1041 3337 1106 sancta
3379 1042 3502 1088 sunt
3527 1049 3648 1104 qua:

2055 1105 2341 1180 ministrat.
2387 1106 2518 1159 Nam
2549 1107 2692 1180 sicut
2729 1105 2796 1159 ad
2824 1106 3277 1180 comparationem
3306 1105 3536 1180 lucerna:
3565 1116 3648 1158 te.
3700 1130 3724 1180 ᾗ

2055 1179 2234 1233 nebra':
2280 1193 2382 1232 non
2412 1185 2617 1231 tantum
2645 1177 2906 1241 obscurae,
2934 1177 3026 1230 sed
3057 1177 3216 1230 etiam
3244 1175 3473 1229 sordidze
3499 1182 3646 1239 sunt,
3707 1175 3724 1211 "'-

2055 1247 2123 1304 ad
2163 1249 2618 1318 comparationem
2662 1257 2837 1302 autem
2889 1247 3158 1301 stellarum
3208 1246 3424 1318 lucerna
3451 1247 3648 1318 caligo

2055 1329 2156 1383 est,
2201 1316 2444 1374 (td—solis
2489 1336 2614 1372 vero
2655 1319 3102 1388 comparationem
3153 1317 3322 1371 stellae
3361 1316 3648 1388 nebulosa:

2055 1399 2201 1457 sunt,
2232 1391 2296 1444 ad
2325 1390 2418 1444 Dei
2447 1399 2627 1444 autem
2653 1386 2946 1443 claritatem
2975 1389 3055 1442 sol
3086 1403 3190 1442 nox
3211 1396 3294 1442 est
3318 1405 3332 1440 :
3358 1386 3428 1441 ita
3450 1397 3503 1442 et
3523 1402 3646 1456 quze

2056 1461 2121 1516 ad
2145 1478 2242 1516 nos
2271 1462 2411 1516 licita
2443 1470 2495 1514 et
2519 1460 2713 1514 munda
2748 1469 2890 1524 sunt,
2919 1459 2986 1513 ad
3011 1459 3306 1514 Dei'autem
3335 1457 3651 1526 dignitatem

2055 1533 2204 1603 quasi
2232 1532 2408 1586 illicita
2439 1539 2495 1585 et
2523 1531 2794 1585 immunda
2823 1539 2984 1593 sunt;
3013 1543 3315 1598 quanquam
3341 1530 3483 1603 enim
3511 1528 3649 1603 bona

2055 1597 2195 1665 sunt,
2226 1604 2321 1656 Dei
2363 1611 2542 1658 tamen
2586 1617 2824 1671 personae
2873 1615 2977 1655 non
3009 1597 3337 1671 competunt.
3382 1597 3652 1671 Numquid

2055 1689 2162 1729 non
2186 1674 2364 1729 tunica
2387 1670 2670 1727 medioeris
2695 1673 2946 1738 hominis,
2965 1670 3208 1740 quamvis
3236 1670 3451 1732 munda,
3482 1670 3654 1740 impe-

2055 1747 2219 1800 ratori
2245 1755 2420 1800 tamen
2447 1743 2659 1798 sordida
2690 1752 2744 1798 et
2772 1743 2950 1796 illicita
2979 1739 3094 1795 est?
3123 1741 3366 1794 similiter
3394 1747 3451 1794 et
3477 1739 3650 1794 Saxo-

2055 1816 2190 1871 nieia
2219 1815 2494 1872 senatori?
2524 1817 2600 1869 Ac
2621 1830 2716 1884 per
2738 1814 2840 1868 hoc
2863 1811 3236 1884 antistitesDei
3263 1812 3506 1879 puriores
3529 1824 3651 1863 esse

2053 1886 2430 1960 debentgquam
2448 1881 2658 1960 _e:e_teri,
2682 1885 2803 1960 quia
2825 1893 2880 1938 et
2899 1882 3097 1938 Christi
3123 1881 3650 1960 habentpersonam,

2053 1966 2108 2030 et
2145 1949 2417 2030 ministros
2448 1958 2540 2030 Dei
2565 1949 2874 2011 mundiores
2901 1968 3022 2008 esse
3047 1959 3280 2030 Oportet.
3314 1949 3482 2030 Nemo
3507 1951 3652 2030 enim

2056 2029 2362 2101 imperatori
2383 2028 2647 2101 ministrat
2667 2043 2772 2101 non
2794 2035 3108 2101 accuratus;
3140 2023 3299 2101 igitur
3319 2022 3653 2101 vestimentis

2054 2095 2212 2155 claris
2240 2109 2295 2154 et
2322 2099 2532 2154 mundis
2563 2099 2731 2153 induti
2761 2097 3068 2152 ministrant
3100 2111 3113 2146 :
3147 2095 3288 2148 Deus
3312 2102 3490 2147 autem
3527 2095 3655 2160 quia

2054 2183 2242 2226 natura
2287 2171 2616 2225 clarissimus
2645 2179 2748 2235 est,
2797 2168 3071 2222 ministros
3100 2165 3216 2234 ejus
3256 2173 3441 2235 natura
3484 2162 3655 2235 magis

2053 2257 2211 2311 quam
2239 2241 2474 2311 vestibus
2498 2241 2724 2294 mundos
2737 2232 2871 2293 esse
2891 2232 3140 2308 oportet;
3162 2235 3249 2290 cui
3274 2234 3392 2298 laus
3411 2242 3464 2289 et
3484 2232 3654 2302 gloria

2057 2310 2108 2365 in
2136 2310 2330 2366 sazcula
2359 2313 2696 2365 saeculorum.
2724 2311 2917 2364 Amen.
3618 2339 3623 2346 -

360 2168 413 2224 in
441 2167 646 2238 jejunio
661 2168 792 2222 ctedi
818 2179 872 2222 et
895 2169 1096 2239 jurgari
1127 2167 1230 2224 non
1260 2170 1402 2232 licet,
1437 2179 1616 2238 postea
1641 2170 1762 2223 licet.
1787 2189 1798 2223 :
1827 2167 1948 2239 quia

359 2239 532 2307 major
576 2239 870 2294 reverentia
898 2239 1119 2294 debetur
1144 2241 1238 2295 Dei
1265 2240 1457 2294 causis.
1483 2239 1746 2308 Numquid
1789 2257 1948 2294 omne

360 2309 501 2380 quod
548 2317 670 2364 ante
711 2318 935 2365 caeteros
983 2310 1140 2379 licet,
1192 2321 1316 2366 ante
1362 2311 1740 2380 imperatorem
1787 2311 1948 2366 licet?

668 2497 751 2559 IN
794 2497 1314 2572 QUESTIONES
1355 2497 1699 2560 VETERIS
1743 2499 1849 2560 ET
1885 2499 2082 2562 NOVI
2131 2499 2647 2562 TESTAMENTI
2688 2497 2878 2561 POST
2926 2493 3356 2560 VULGATAS

1676 2637 2376 2709 ADMONITIO.

436 2787 612 2843 Habes
655 2788 930 2858 praeﬁxum
957 2788 1224 2859 superiori
1263 2788 1403 2845 libro
1430 2789 1712 2845 elenchum
1735 2790 1999 2860 duplicem
2030 2806 2044 2844 :
2074 2806 2237 2844 unum
2269 2804 2376 2860 quo
2401 2788 2492 2844 illa
2522 2785 2942 2858 prrccedentium
2961 2785 3192 2856 :centum
3220 2784 3405 2855 viginti
3457 2791 3662 2854 septem

366 2881 730 2949 Quaestionum
751 2881 1032 2937 exhibetur
1051 2882 1320 2950 collectio,
1339 2898 1458 2952 quae
1483 2883 1550 2938 ab
1570 2885 1864 2954 Augustino
1887 2884 2290 2954 Ratisponensi,
2314 2885 2381 2940 ab
2401 2883 2609 2939 Joanne
2633 2881 2988 2937 Amerbachio
3013 2890 3068 2937 et
3089 2896 3118 2935 a
3141 2879 3423 2936 Desiderio
3440 2880 3670 2934 Erauno

367 2973 466 3030 fuit
503 2974 726 3045 primum
757 2975 968 3045 vulgata
993 2993 1008 3041 ;
1039 2976 1284 3042 alterum,
1316 2977 1406 3046 qui
1443 2977 1814 3032 collectionem
1840 2993 1945 3032 non
1975 2985 2177 3032 tantum
2205 2977 2470 3046 disparem
2514 2977 2877 3046 Quaestionum
2907 2975 3116 3041 ordine,
3158 2975 3253 3030 sed
3281 2974 3440 3029 etiam
3479 2988 3664 3028 carm

367 3082 593 3122 numero
618 3067 909 3121 auctiorem
951 3067 1107 3138 longe
1133 3077 1502 3138 repraesentat.
1532 3068 1703 3140 Hujus
1732 3085 1892 3139 porro
1916 3070 2136 3124 alterius
2165 3070 2494 3125 collectionis
2519 3071 2793 3140 exemplar
2835 3085 2956 3124 cum
2979 3084 3011 3124 e
3036 3067 3305 3123 Victorina
3336 3066 3664 3122 Bibliotheca

369 3160 592 3230 adeptus
616 3159 803 3216 fuisset
823 3160 1051 3217 Jacobus
1084 3162 1337 3227 Haemer,
1367 3163 1572 3219 curavit
1604 3171 1666 3218 ut
1684 3164 2069 3235 subscquentes
2090 3164 2178 3219 hic
2206 3165 2564 3232 Qutestiones,
2591 3180 2721 3235 quas
2745 3163 2995 3219 videlicet
3019 3172 3110 3219 aut
3133 3163 3367 3218 nondum
3398 3162 3662 3232 vulgatas,

369 3260 461 3306 aut
484 3260 627 3307 certe
652 3252 770 3306 aliis
797 3253 974 3308 verbis
1021 3263 1270 3309 tractatas
1305 3270 1424 3310 esse
1468 3256 1952 3321 animadvertebat,
1984 3257 2260 3327 prodirent
2309 3257 2361 3311 in
2392 3257 2586 3312 lucem.
2622 3257 2917 3312 Fecitvero
2939 3258 3054 3328 ipse
3084 3266 3197 3312 tres
3223 3271 3408 3310 earum
3439 3255 3664 3323 classes,

371 3361 594 3416 quarum
624 3347 791 3416 prima
819 3347 872 3400 in
898 3346 1054 3402 editis
1083 3347 1411 3414 inscribitur,
1441 3347 1807 3416 Quaestionum
1839 3366 1903 3404 ex
1933 3349 2112 3405 Veteri
2141 3349 2487 3404 Testamento
2512 3365 2637 3419 pars
2664 3349 2895 3404 secunda
2919 3367 2932 3417 ;
2964 3349 3080 3403 aliae
3102 3347 3367 3413 similiter,
3397 3345 3665 3413 Quaestio-

372 3455 500 3494 num
521 3441 630 3494 sive
655 3456 720 3494 ex
750 3439 896 3494 Novo
922 3439 1284 3508 Testamento,
1312 3442 1425 3497 sive
1445 3458 1509 3497 ex
1542 3451 1766 3512 utroque
1794 3442 2021 3511 mixtim,
2051 3457 2172 3512 pars
2199 3441 2432 3497 secunda
2454 3442 2558 3496 dici
2581 3442 2786 3496 solent:
2819 3449 3139 3496 cumtamen
3172 3437 3471 3494 Victorinus
3493 3436 3667 3494 codex

373 3535 567 3604 aliique
587 3535 809 3606 inspecti
827 3552 858 3590 a
883 3536 1039 3591 nobis
1061 3537 1214 3605 Mss.,
1235 3542 1287 3592 in
1318 3555 1421 3592 una
1440 3549 1492 3594 et
1515 3541 1682 3594 altera
1703 3541 1876 3595 classe
1895 3539 2229 3605 Quzestiones
2248 3554 2453 3604 omnes,
2478 3555 2576 3594 nec
2592 3540 2694 3592 alia
2707 3554 2865 3608 quam
2893 3539 2945 3592 in
2963 3551 3160 3593 excuso
3177 3537 3424 3606 superius
3440 3535 3670 3591 elencho

372 3631 626 3698 cernitur,
657 3632 865 3688 ratione
891 3640 943 3687 et
965 3632 1152 3687 ordine
1179 3633 1412 3703 digestas
1437 3635 1877 3704 complectantur.
1909 3634 2050 3689 Nihil
2078 3647 2174 3688 nos
2202 3633 2254 3686 in
2275 3634 2565 3688 constituta
2592 3648 2685 3700 per
2701 3632 3076 3696 Haemereum,
3112 3645 3310 3700 perque
3339 3630 3668 3698 posteriores

374 3723 634 3779 editiones
672 3724 785 3795 jam
825 3724 1139 3780 conﬁrmata
1182 3725 1556 3782 distributione
1606 3726 1920 3782 mutandum
1961 3726 2249 3781 duximus:
2283 3725 2386 3780 nisi
2434 3723 2574 3794 quod
2622 3723 2835 3794 aliquod
2860 3722 2982 3777 inde
3011 3722 3344 3789 Quaestiones
3376 3719 3669 3775 transferre

373 3819 544 3873 visum
571 3829 654 3874 est
700 3820 752 3874 in
783 3820 1113 3889 superiorem
1157 3820 1349 3875 librum
1381 3821 1712 3877 collectionis
1741 3821 1914 3891 primo
1941 3820 2202 3890 vulgatae;
2237 3828 2296 3874 ut
2337 3834 2456 3889 qua:
2497 3817 2565 3872 de
2597 3817 2788 3872 eodem
2828 3823 3144 3886 argumento
3201 3821 3383 3884 agunt,
3411 3813 3562 3882 juxta
3608 3826 3668 3866 se

374 3911 668 3977 collocatis,
702 3910 829 3980 quid
849 3910 985 3966 inter
1014 3912 1128 3966 illas
1150 3912 1444 3968 intercedat
1462 3914 1730 3969 varietatis
1760 3915 1931 3983 primo
1960 3921 2250 3982 conspectu
2274 3910 2678 3980 deprehendas;
2706 3920 2814 3964 tum
2835 3910 2995 3964 etiam
3025 3918 3140 3962 utra
3173 3907 3416 3962 collectio
3446 3907 3497 3959 in
3528 3904 3664 3959 Mss.

373 4007 640 4077 antiquior
665 4015 718 4062 et
749 4007 1012 4063 sincerior
1038 4007 1126 4076 sit,
1172 4010 1259 4064 vel
1311 4009 1484 4079 potius
1511 4024 1576 4063 an
1608 4017 1829 4079 utraque
1858 4006 2252 4078 interpolatoris
2279 4005 2445 4075 inepti
2475 4019 2690 4059 manum
2719 4002 2936 4070 referat,
2990 4001 3282 4072 dijudicare
3327 3999 3521 4070 possis.
3551 3995 3671 4052 Cae-

376 4109 548 4156 terum
575 4101 643 4156 de
660 4101 1002 4172 subsequenti
1024 4117 1184 4173 Opere
1229 4102 1372 4158 idem
1412 4101 1554 4172 quod
1595 4102 1661 4157 de
1691 4102 1870 4171 priore
1890 4100 2074 4158 sentiri
2114 4099 2300 4155 volunt
2327 4097 2686 4152 Lovanienses
2715 4094 2972 4164 Theologi
2994 4112 3005 4146 :
3030 4092 3173 4164 quod
3193 4091 3362 4160 varia,
3396 4089 3664 4160 inquiunt,

375 4194 643 4248 contineat
665 4203 720 4249 et
743 4195 1039 4264 Augustino
1061 4194 1294 4266 indigna,
1322 4205 1375 4251 et
1395 4210 1426 4250 a
1454 4196 1678 4250 veritate
1701 4195 1895 4250 aliena.

1391 4393 2666 4562 QUAESTIONUM

860 4631 1104 4748 nx
1159 4627 1861 4743 VETERI
1917 4615 3158 4740 TESTAMENTO

1746 4819 1924 4878 PARS
1961 4814 2300 4874 SECUNDA.

381 4296 3666 4326 Μ

3701 4583 3722 4771 i

1009 4978 1216 5021 NEGAN’I'
1273 4977 1342 5017 AD
1393 4974 1536 5016 Βιζοκ
1579 4973 1789 5024 ALlQUlD
1841 4971 1973 5011 PER-

1067 5050 1290 5090 TINEBE.

454 5115 666 5183 Qumsr.
684 5128 840 5166 mum
855 5111 1030 5183 (a).7_—
1043 5107 1240 5183 Multis,
1257 5118 1391 5183 quos
1403 5101 1672 5183 saecularis
1666 5101 1784 5183 'ista
1806 5099 1977 5168 caligo

383 5171 621 5250 emcavit,
653 5171 1389 5254 plurimmndisplicentus,_si
1419 5173 1634 5254 solliciti
1662 5171 1975 5253 Deipracce:

384 5268 472 5326 pta
499 5243 792 5318 servemus,
820 5254 863 5326 si
889 5243 1200 5326 occasiones
1228 5245 1578 5326 delinquendi
1611 5243 1977 5326 fugiatnus‘hsi

384 5313 523 5383 bona
551 5326 730 5381 omnia
777 5313 992 5378 salutari
1021 5319 1198 5374 studio
1228 5313 1451 5385 implere
1476 5330 1750 5374 conemur,
1780 5313 1826 5385 si
1860 5313 1978 5366 ille-

385 5401 684 5462 cebrarum,
713 5395 1069 5462 vitiorumque
1118 5384 1480 5465 blandimenta
1529 5384 1830 5465 seductoria
1883 5399 1976 5465 ne-

383 5456 737 5538 gligamus,'si
769 5465 911 5519 nulla
943 5456 1305 5538 nossreculari
1349 5458 1635 5538 dulcedine
1662 5456 1778 5525 capi
1808 5456 1977 5524 patia-

385 5529 525 5604 i'nuvr,
559 5542 600 5593 si
626 5545 816 5608 sponte
847 5551 941 5605 pro
971 5534 1064 5588 Dei
1084 5605 1094 5608 _
1118 5531 1350 5608 nomine
1388 5529 1978 5608 cruciatus-paruasque

385 5599 696 5676 subeamus,
728 5607 773 5662 si
823 5599 1049 5661 mortem
1084 5605 1262 5676 ipsam
1305 5603 1498 5656 virtute
1545 5599 1762 5676 spiritus
1792 5607 1977 5676 conte-

385 5697 650 5738 mnamus.
685 5670 808 5734 Tlllis
861 5670 1121 5732 nimirum
1155 5674 1348 5750 quibus
1387 5687 1545 5750 omne
1569 5671 1710 5740 quod
1747 5670 1973 5750 geritur,

385 5769 575 5811 sensus
606 5752 706 5807 iste
750 5750 989 5806 mortalis
1031 5761 1128 5801 nec
1157 5739 1314 5800 laude
1354 5760 1454 5799 nec
1477 5739 1864 5813 vituperatione
1889 5739 1975 5795 di-

384 4986 660 5030 Αυγειιεωι
715 4983 810 5024 EOS
863 4982 952 5032 QUI

451 5887 522 5952 (α)
546 5893 693 5938 Deest
715 5885 763 5936 in
785 5890 889 5935 Mss.
916 5885 1055 5948 primi
1077 5894 1292 5947 generis.

1577 5965 1619 5982 δ’

2083 4965 2243 5022 gnum
2264 4962 2389 5022 esse
2418 4949 2702 5022 persuasit.
2732 4949 2951 5022 Nolunt
2971 4948 3116 5003 enim
3141 4949 3225 5022 ad
3253 4949 3423 5004 Deum
3471 4947 3668 5022 borum

2082 5017 2281 5091 aliquid
2311 5017 2597 5091 pertinere.
2621 5020 2866 5073 Nonnulli
2888 5019 3023 5091 adeo
3048 5021 3249 5075 scelera
3277 5035 3372 5074 sua
3413 5017 3669 5091 crimina-

2081 5089 2190 5162 que
2232 5089 2518 5162 defendere
2557 5091 2852 5162 cupientes,
2891 5089 3074 5162 Nihil,
3116 5092 3376 5160 inquiunt,
3400 5089 3668 5162 mprodest,

2081 5161 2217 5217 bene
2247 5178 2312 5216 an
2346 5161 2481 5214 male
2511 5162 2676 5215 vivas.
2700 5161 2882 5230 Neque
2924 5161 3066 5216 enim
3092 5163 3190 5216 ista
3233 5178 3371 5215 nunc
3397 5161 3510 5216 Deo
3542 5175 3672 5215 cura

2081 5243 2182 5298 est,
2217 5242 2272 5287 ut
2320 5242 2370 5286 tc
2419 5232 2773 5302 diversaipro
2822 5232 3063 5286 instituto
3110 5233 3326 5302 proprio
3373 5231 3672 5300 morboque

2081 5313 2357 5375 gerentem
2387 5302 2611 5375 sollicite
2640 5301 2851 5375 (estinet
2877 5301 3138 5375 aspicere,
3166 5301 3223 5358 et
3252 5303 3408 5358 {mdis
3429 5303 3675 5375 aliquan—

2083 5372 2151 5431 do
2183 5377 2282 5430 tuis
2313 5374 2519 5427 actibus
2549 5372 2730 5426 oculos
2758 5372 3105 5442 permiScere.
3138 5375 3284 5428 Vana
3317 5383 3441 5429 sunt
3461 5373 3662 5440 omnia,

2083 5462 2201 5517 qua:
2223 5454 2280 5500 ut
2327 5445 2530 5499 libitum
2578 5443 2736 5498 fuerit
2783 5445 3119 5499 celebrantur
3149 5463 3160 5499 :
3194 5446 3236 5499 is
3270 5447 3359 5515 qui
3387 5445 3452 5499 ad
3485 5444 3666 5517 Deum

2081 5515 2335 5589 pertinet,
2356 5523 2591 5589 secretus
2619 5524 2775 5589 estet
2799 5526 3035 5570 remotus
3055 5517 3122 5571 ab
3161 5517 3275 5570 istis
3302 5515 3645 5589 rebuslnuna

2082 5585 2186 5655 ius,
2210 5599 2263 5643 et
2288 5587 2407 5642 ideo
2434 5601 2532 5639 nec
2559 5585 2822 5652 irascitur,
2845 5603 2943 5641 nec
2972 5597 3248 5652 movetur;
3285 5588 3426 5640 nulla
3464 5587 3540 5639 illi
3571 5585 3670 5638 hu-

2083 5674 2359 5715 manarum
2392 5672 2593 5722 rerum,
2618 5657 2761 5711 nulla
2783 5659 2949 5712 nostri
2971 5669 3120 5712 actus
3151 5668 3229 5713 cst
3251 5657 3669 5726 contemplatio;

2083 5742 2225 5786 totus
2253 5729 2404 5783 rotati
2431 5729 2612 5781 sa'culi
2641 5744 2850 5795 cursus,
2883 5737 2934 5783 et
2964 5729 3199 5799 qmedam
3239 5729 3490 5784 mundani
3522 5729 3670 5784 orbis
3729 5729 3764 5769 “'3

2085 5800 2470 5870 inexplicabilis
2520 5799 2795 5863 volutatio,
2849 5801 2920 5854 ita
2949 5812 3252 5870 correptum
3291 5801 3429 5870 rapit
3454 5808 3507 5854 et
3537 5813 3666 5870 pro-

2081 5874 2216 5944 jieit,
2249 5882 2306 5928 ut
2353 5871 2545 5930 stultus
2575 5871 2822 5928 credatur
2851 5873 3090 5945 quisquis
3141 5888 3200 5928 se
3237 5872 3304 5928 ad
3347 5883 3530 5930 curam
3571 5870 3668 5927 Dei
