4042 6478
1053 323 1084 333 ⁸-1
1093 321 1096 324 .

461 389 598 450 2591

461 503 736 579 permisit,
767 511 824 579 ut
846 501 1198 579 confunderet
1222 503 1491 579 tenebras,
1516 511 1570 558 et
1587 501 1858 579 principes
1877 517 2060 579 e_arut_n

462 573 767 635 remitteret
785 573 1198 633 bebetes.Unde
1227 583 1282 628 et
1308 573 1422 644 ipse
1449 573 1704 644 Dominus
1733 573 1806 629 ait
1836 592 1849 629 :
1883 573 2062 628 Tristis

463 655 538 718 est
579 647 753 702 anima
797 663 909 702 mea
944 662 1102 718 usque
1144 645 1220 718 ad_
1246 643 1457 700 mortem
1486 643 1701 716 (Matth.
1755 662 1898 710 xxvn,
1932 645 2059 718 738).

460 715 735 799 Permissa
762 727 848 772 est
871 715 1051 784 enim,
1082 716 1224 799 quod
1255 725 1456 799 natura:
1486 715 1596 799 Suae
1621 728 1759 799 erat,
1791 725 1849 770 ut
1879 715 2062 772 trista-

461 798 615 845 retur
637 830 654 856 ,
692 797 952 860 tropaeum
982 787 1226 860 protinus
1254 787 1514 860 referens,
1545 795 1601 841 et
1619 789 1788 858 spolia
1819 801 2003 844 eorum
2031 803 2062 840 a

465 859 663 929 quibus
690 857 1002 916 contristata
1032 857 1206 914 fuerat
1227 873 1394 927 usque
1413 857 1480 913 ad
1505 857 1753 926 mortem,
1777 867 1898 928 post
1919 872 2064 913 mor-

465 938 578 986 tem
603 930 714 1001 jam
743 933 795 984 in
825 939 1027 986 aeterno
1065 929 1258 1000 gaudio
1302 929 1610 1001 constituta.
1661 930 1841 984 Potest
1891 937 1952 1001 et
1995 929 2064 984 de

465 1008 582 1071 _toto
608 999 842 1056 homine
887 999 1144 1071 intelligi;
1192 1001 1314 1070 quia
1354 999 1446 1071 qui
1491 1009 1764 1071 peccatum
1794 1000 2002 1068 nesciit,
2031 1015 2062 1053 a

462 1069 587 1142 lege
609 1072 864 1142 flagellari
891 1088 998 1127 non
1025 1069 1217 1142 potuit.

541 1141 708 1216 ΣᾟΙΙ
740 1141 838 1216 (α).
855 1141 1045 1198 —Cur
1054 1142 1306 1216 Salomon
1319 1141 1565 1216 spiritum
1585 1141 2064 1216 sapientiarhabuit

465 1213 572 1282 (lli
601 1213 731 1286 Reg.
749 1211 873 1286 ut),
892 1229 1021 1286 cum
1041 1214 1211 1286 vitam,
1245 1211 1500 1268 mundam
1526 1229 1632 1268 non
1652 1211 1882 1286 habuit?
1909 1211 2064 1286 valde

463 1286 609 1410 ﬁcitur
653 1284 966 1410 mulieribus
993 1284 1382 1354 delectabatur,
1423 1300 1486 1341 ac
1522 1300 1618 1355 per
1667 1285 1768 1340 hoc
1811 1285 2066 1355 peccabat

570 1397 582 1408 .
613 1371 670 1410 ιι
703 1396 717 1410 .

570 1397 582 1408 .
613 1371 717 1410 Ili.

461 1353 774 1481 “(Prsidim
805 1426 995 1481 merito
1042 1441 1140 1508 suo
1185 1426 1396 1508 accepit.
1431 1427 1672 1508 spiritum
1711 1425 2004 1508 prudentiae
2035 1441 2050 1480 :

461 1507 652 1621 postea
673 1512 800 1553 vero
822 1513 978 1567 quam
1010 1496 1322 1552 mulieribus
1345 1496 1568 1552 nimium
1595 1497 1758 1566 cmpit
1775 1498 1872 1563 uti,
1896 1505 1948 1552 et
1969 1511 2066 1566 per

508 1583 572 1621 oc
596 1583 840 1621 peccare.
872 1567 919 1621 si
951 1565 1133 1621 habuit
1157 1568 1402 1621 sniritum
1429 1569 1702 1621 sanientim
1721 1610 1734 1621 .
1767 1567 1916 1621 retzni
1947 1583 2063 1621 me-

508 1583 572 1622 oc
596 1565 853 1638 peccare,
872 1567 919 1622 si
951 1565 1139 1638 habuit
1157 1568 1402 1637 spiritum
1429 1565 1702 1638 sapientiai
1721 1610 1734 1632 ,
1767 1567 1916 1637 regni
1947 1565 2063 1638 me-

464 1638 573 1692 rito
601 1637 787 1710 habuit
805 1655 825 1710 :7
849 1638 990 1692 sicut
1015 1646 1070 1692 et
1093 1637 1588 1710 Nabuchodonosor
1613 1639 1762 1710 regni
1791 1639 1981 1694 merito
2011 1637 2064 1692 in

468 1710 683 1766 Camin
703 1707 974 1764 Christum
1003 1709 1152 1764 vidit.

533 1839 609 1905 (a)
638 1847 790 1892 Deest
809 1840 861 1893 in
883 1848 990 1894 Mss.
1010 1842 1390 1908 pnmigenerls.

488 1969 864 1989 ~—

1253 385 1714 458 QUAEIIONUM
1753 385 1850 444 EX
1885 385 2072 448 NOVO
2107 385 2304 448 TEST.
2343 387 2520 446 PARS
2553 389 2887 448 SECUNDA.

3461 287 3570 306 .,‘_'_

3601 393 3756 454 πω

2240 503 2364 578 XIX
2389 505 2484 576 (a).
2503 537 2574 548 —
2591 504 2651 561 ln
2662 506 2966 578 Salomone,
2987 505 3114 578 Spes
3135 515 3228 573 est,
3247 506 3437 578 inquit,
3452 507 3506 561 in
3522 509 3759 578 tenebris,

2171 583 2217 631 et
2243 577 2418 630 melior
2447 587 2515 630 est
2544 579 2683 632 canis
2707 577 2845 631 vivus
2869 588 2916 632 et
2945 577 3086 633 leone
3106 587 3328 632 mortuo.

2242 647 2497 720 Tenebrae
2529 649 2880 718 ignorantiam
2927 650 3221 720 significant
3263 659 3316 704 et
3362 650 3762 720 gentilitatem:

2169 718 2446 792 quia_spes
2472 728 2553 774 est
2583 721 2637 792 in
2664 721 2848 790 gentili
2874 718 3049 792 potius
3079 735 3235 788 quam
3275 720 3329 792 in
3359 718 3625 790 apostata,
3651 737 3761 780 etc.

2243 788 2341 844 XX
2371 791 2468 860 (b).
2500 821 2572 830 -—
2595 791 2654 846 In
2669 788 2964 861 Sapientia,
3004 791 3332 862 Quicreavt't,
3373 788 3564 862 inquit,
3593 788 3770 850 urbem

2171 877 2240 936 ea;
2257 862 2467 915 materia
2479 862 2654 936 invisa
2685 881 2703 916 :
2727 871 2780 936 et
2797 871 3012 936 contra,
3035 861 3158 932 quia
3188 879 3252 916 ea:
3276 863 3434 917 nihilo
3445 861 3570 936 facti
3585 883 3770 922 sumus

2173 930 2330 1002 (Sap.
2360 948 2438 1000 χι,
2471 933 2558 998 18,
2589 943 2636 986 et
2665 951 2723 999 ιι,
2754 934 2834 1003 2).

2243 1003 2410 1058 Deum
2431 1003 2588 1058 simul
2618 1005 2867 1060 confusas
2893 1003 3214 1077 substantias
3243 1019 3454 1061 creasse
3473 1048 3487 1072 ,
3522 1006 3768 1077 Scriptu-

2170 1089 2348 1146 rarum
2401 1090 2591 1146 sensus
2642 1077 2906 1140 declarat,
2959 1075 3233 1146 permixtis
3275 1077 3458 1146 utique
3501 1075 3766 1134 tenebris.

2171 1144 2318 1199 Hanc
2329 1145 2697 1220 confusionem
2717 1161 2914 1210 rerum,
2940 1144 2994 1220 id
3024 1156 3134 1220 est,
3153 1163 3296 1220 aera,
3323 1144 3522 1218 ignem,
3546 1165 3767 1220 aquam,

2173 1223 2368 1270 terram
2391 1259 2406 1284 ,
2438 1219 2684 1272 tenebras
2706 1260 2720 1282 ,
2765 1218 3043 1272 materiam
3085 1219 3218 1272 dixit
3260 1219 3515 1283 invisam,
3550 1218 3690 1274 sicut
3717 1221 3770 1274 in

2171 1285 2366 1359 Genesi
2399 1289 2594 1359 legitur
2620 1307 2634 1344 :
2663 1287 2821 1343 Terra
2845 1298 3013 1342 autem
3043 1299 3168 1354 erat,
3203 1289 3394 1358 inquit,
3423 1289 3694 1346 invisibilis
3721 1301 3768 1345 et

2171 1357 2504 1430 incontposiia
2528 1357 2678 1430 (Gen.
2708 1376 2744 1426 ι,
2775 1359 2855 1430 2).
2889 1360 2970 1414 Ex
2995 1359 3094 1414 hac
3121 1375 3250 1429 ergo
3274 1357 3592 1416 confusione
3615 1377 3769 1416 crea-

2172 1378 2334 1412 mcom
2375 1378 2504 1413 osua
2528 1378 2678 1430 (ben.
2708 1378 2744 1426 ι,
2776 1378 2855 1430 2).
2889 1378 2970 1414 nx
2995 1378 3094 1414 nac
3121 1378 3250 1429 ergo
3274 1378 3592 1416 comusmne
3615 1378 3768 1416 crea-

2172 1429 2247 1482 vit
2275 1378 2457 1485 orﬁem
2491 1431 2731 1502 instituto
2759 1431 3112 1502 firmamento,
3143 1440 3202 1484 ut
3231 1431 3366 1484 intra
3395 1431 3572 1502 ipsum
3615 1434 3768 1502 aquis

2172 1503 2509 1571 congregatis
2538 1501 2590 1555 in
2617 1517 2783 1557 unum
2815 1501 3068 1556 habitatio
3097 1501 3247 1556 tieret
3273 1503 3460 1570 generi
3499 1501 3762 1558 humano.

2173 1571 2445 1627 Distinctis
2483 1574 2624 1627 enim
2663 1582 2718 1628 et
2754 1571 3002 1628 discretis
3044 1572 3376 1640 substantiis,
3419 1573 3474 1627 in
3517 1588 3762 1630 concavo

2173 1641 2392 1698 domum
2419 1643 2760 1700 habitabilem
2785 1641 2931 1698 fecit.

2236 1777 2310 1890 tu)
2333 1779 2548 1852 Habetur
2571 1789 2718 1840 supra
2740 1779 2870 1850 inter
2891 1779 3045 1840 primo
3069 1776 3308 1842 vulgatas,
3325 1775 3468 1840 juxta
3485 1783 3669 1841 quast.
3691 1777 3772 1828 39.

2255 1838 2285 1890 b
2328 1845 2478 1890 Deest
2499 1853 2551 1890 1n
2579 1849 2685 1890 Mss.
2715 1840 2856 1890 primi
2879 1841 3097 1890 ueneris.

2255 1838 2306 1890 bl
2328 1845 2478 1890 Deest
2499 1841 2551 1890 in
2579 1838 2685 1890 Mss.
2715 1840 2856 1914 primi
2879 1838 3097 1902 generis.

856 2181 860 2186 .
1488 2062 2716 2234 QUESTIONUM

431 2269 453 2418 ἱ
631 2343 820 2418 _
1044 2269 1292 2382 EX
1337 2267 1846 2382 Νονο
1925 2265 3174 2382 τεετΔινιι-ιπτο

505 2431 568 2482 κ’
643 2415 668 2504 5.
781 2409 784 2412 ’
815 2409 820 2418 ’
1839 2439 2016 2498 rans
2053 2438 2396 2498 saeuum.

3759 2507 3778 2552 ,δ

449 2551 506 2646 Γ
1953 2581 2080 2637 Θ(θὲ

2185 2580 2325 2638 Ξ-ο-ὶβπ

546 2715 800 2785 Qus-:srto
847 2729 1004 2772 PBIIA
1045 2713 1145 2786 (a).
1173 2743 1245 2754 —
1269 2712 1379 2768 Cur
1399 2711 1617 2786 facta_et
1641 2711 1780 2786 dicta
1803 2709 2067 2786 dominica

475 2781 708 2858 quatuor
735 2781 1152 2858 voluminibus'a
1181 2793 1412 2856 quatuor
1450 2783 1800 2854 scriptoribus
1842 2787 1968 2837 sunt
2012 2781 2066 2836 in

475 2857 794 2928 scripturam
817 2857 1058 2928 digesta?

545 2923 851 2999 congruum
876 2923 975 2999 iuit
1011 2943 1210 2983 annum
1253 2926 1462 2999 Domini
1487 2925 1866 2999 acceptabilem
1889 2965 1903 2999 ,_
1929 2923 2069 2999 sicut

474 2999 604 3076 dicit
625 2995 888 3076 propheta
921 2997 1072 3076 (Isai.
1105 3015 1212 3064 th,
1243 2998 1342 3076 2)_,
1379 3005 1679 3076 a_t1uatuttt'
1709 2995 2067 3076 voluminibus

472 3067 647 3124 veluti
677 3067 903 3140 quatuor
932 3067 1144 3124 vicibus
1185 3067 1466 3123 contineri.
1491 3067 1669 3140 >Sicut
1711 3067 1850 3140 enim
1890 3081 2064 3140 annus

470 3137 710 3210 quatuor
749 3141 1076 3210 temporibus
1123 3139 1389 3194 evolvitur
1417 3138 1557 3210 ,Vita
1605 3146 1666 3192 ut
1715 3137 1940 3210 invicem
1981 3137 2066 3210 sui

471 3207 697 3280 egeant;
723 3213 794 3266 ita
823 3207 876 3266 et
905 3221 1052 3280 gesta
1073 3221 1128 3265 et
1149 3209 1289 3264 dicta
1316 3209 1526 3280 Domini
1549 3217 1777 3280 quatuor
1794 3207 1943 3280 libris
1968 3207 2066 3262 de-

475 3279 624 3335 ﬁnita
657 3291 800 3348 sunt,
829 3283 896 3334 ita
917 3291 978 3336 ut
997 3283 1130 3336 alter
1149 3281 1370 3335 alterius
1395 3279 1629 3348 indigeat
1659 3295 1671 3330 :
1702 3279 1864 3332 simul
1887 3287 2066 3332 autem

472 3352 808 3421 plenitudine
851 3351 1082 3420 perfecta
1121 3359 1264 3405 sunt.
1293 3349 1363 3421 Ut
1406 3358 1584 3403 autem
1615 3363 1644 3401 a
1671 3357 1903 3421 quatuor
1930 3349 2066 3402 scri-

473 3417 718 3491 pluribus
744 3417 1149 3488 ordinarentur,
1193 3423 1306 3474 tunc
1333 3417 1438 3491 fuit
1459 3433 1652 3480 causa.
1685 3428 1748 3474 ut
1775 3420 1898 3488 quia
1930 3428 2065 3473 tem-

473 3489 668 3562 porum
713 3492 922 3547 diversa
957 3501 1084 3547 sunt
1123 3491 1366 3562 nomina,
1399 3489 1820 3562 Evangeliorumi
1851 3503 2079 3562 quoque

469 3561 656 3618 essent
679 3563 890 3618 diversa
923 3562 1199 3618 vocabula.
1229 3561 1298 3616 Et
1322 3561 1366 3632 si
1393 3575 1499 3632 qua
1530 3561 1780 3616 videntur
1809 3561 1862 3614 in
1891 3561 2068 3616 verbis

473 3635 763 3701 contraria,
801 3647 964 3690 sensu
994 3641 1170 3689 tamen
1198 3648 1302 3687 non
1331 3631 1658 3702 discrepant,
1685 3647 1780 3701 per
1805 3633 2066 3700 interpre-

472 3705 728 3760 tationem
757 3713 934 3774 aptam
963 3720 1138 3761 causa:
1167 3722 1182 3758 :
1209 3705 1348 3758 sicut
1373 3713 1610 3773 tempora
1642 3719 1764 3758 cum
1788 3703 2069 3774 videantur

471 3777 661 3846 utique
689 3772 900 3832 diversa
932 3778 1175 3838 nomine,
1225 3791 1378 3838 aere,
1425 3772 1674 3829 et’cursu
1720 3772 1978 3846 siderum,
2011 3774 2066 3829 in

469 3845 668 3904 eil‘eCtu
709 3857 888 3904 tamen
927 3863 1112 3902 eorum
1140 3861 1258 3915 qua:
1285 3846 1574 3916 gignuntur
1603 3860 1709 3916 non
1739 3845 2063 3913 discrepant.

552 3919 596 3992 ll
620 3919 717 3992 (b).
748 3947 818 3958 --
850 3915 1600 3992 Quoniam__constatq_uatuor
1625 3915 1789 3992 libros
1813 3916 1914 3992 rite
1940 3929 2069 3992 con-

473 3985 703 4060 scriptos
721 4001 998 4060 geStorum
1021 3998 1076 4044 et
1097 3987 1364 4044 dictorum
1388 3987 1620 4054 Domini,
1651 3985 1928 4042 sciendum
1945 3987 2066 4056 quis

474 4059 607 4114 ordo
632 4059 818 4116 eorum
845 4063 934 4114 sit.

549 4130 896 4200 Evangelium
918 4129 1252 4186 ordinatione
1275 4129 1540 4199 colligitur
1563 4129 1732 4200 magis
1747 4142 1905 4198 quam
1926 4135 2066 4200 tem-

476 4215 626 4270 pore.
667 4201 946 4254 Matthzeus
993 4217 1118 4270 ergo
1164 4202 1368 4269 primus
1410 4199 1687 4270 ponendus
1709 4199 1970 4270 est,quia
1996 4199 2064 4253 ab

477 4269 594 4338 ipsa
627 4271 979 4338 promissione
1003 4269 1229 4338 sumpsit
1249 4271 1478 4335 initium,
1497 4269 1548 4323 id
1573 4279 1654 4323 est
1681 4271 1748 4324 ab
1773 4269 2061 4334 Abraham,

477 4341 566 4410 cui
607 4341 744 4394 facta
785 4341 1072 4410 promissio
1100 4349 1183 4394 est
1225 4340 1602 4394 incarnationis
1642 4340 1850 4394 Domini
1897 4340 2064 4393 nostri

475 4409 605 4466 Jesu
642 4409 858 4467 Christi.
899 4412 1024 4465 Post
1062 4409 1206 4464 hunc
1237 4409 1442 4475 Lucas,
1485 4411 1610 4480 quia
1647 4410 2064 4466 incarnationem

476 4481 616 4538 hanc
641 4481 908 4552 quomodo
937 4482 1072 4535 facta
1099 4490 1206 4545 est,
1237 4489 1438 4536 narrat.
1467 4481 1677 4552 Tertius
1715 4481 1942 4545 Marcus,
1975 4481 2066 4550 qui

476 4551 823 4624 Evangelium
851 4553 995 4624 quod
1033 4552 1378 4624 praedicatum
1403 4561 1486 4607 est
1508 4567 1538 4606 a
1566 4551 1776 4624 Christo
1795 4593 1812 4619 ,
1843 4560 2066 4624 testatur

476 4625 532 4678 in
575 4621 715 4694 Lege
753 4621 1096 4693 promissum.
1146 4621 1395 4694 Quartus,
1411 4632 1588 4678 autem
1628 4623 1895 4687 Joannes,
1941 4623 2064 4691 quia

475 4695 621 4750 hunc
653 4693 742 4766 qui
786 4696 1083 4764 promissus
1115 4703 1197 4766 est
1238 4693 1466 4748 Abrahae
1523 4694 1894 4766 incarnaudus,
1940 4703 1994 4747 et
2036 4707 2064 4744 a

475 4766 620 4822 Luca
647 4766 1098 4836 quemadmodum
1131 4765 1436 4820 incarnatus
1463 4773 1544 4821 est
1578 4765 1776 4820 dictum
1805 4775 1912 4829 est,
1945 4771 1999 4818 et
2034 4779 2066 4818 a

476 4835 1032 4909 liiarcoEvangelium
1059 4836 1176 4906 ejus
1192 4835 1344 4903 juxta
1371 4836 1560 4891 isaiam
1589 4837 1900 4909 prophetam
1927 4849 2064 4909 prte-

475 4907 706 4962 dicatum
734 4905 1007 4963 ostensum
1033 4905 1148 4972 est,
1177 4917 1360 4976 aperta
1382 4922 1512 4962 voce
1533 4905 1763 4964 ostendit
1787 4907 1952 4962 Deum
1982 4905 2064 4976 die

473 4993 626 5050 cens,
656 4977 724 5034 In
759 4979 1008 5050 principio
1035 4988 1142 5050 erat
1182 4975 1420 5050 Verbum,
1453 4986 1498 5029 et
1539 4976 1752 5050 Verbum
1791 4985 1895 5033 erat
1924 4975 2064 5048 apud

476 5049 664 5120 Deum,
691 5060 740 5104 et
760 5047 907 5103 'Deus
926 5047 1041 5102 erat
1062 5047 1290 5120 i’erbum
1313 5049 1330 5120 (
1341 5047 1498 5102 Joau.
1523 5064 1560 5112 1,
1578 5049 1614 5120 ii
1628 5048 1666 5118 ).

426 5171 428 5174 ,
549 5119 616 5174 lll
636 5120 730 5191 (c).
757 5149 830 5160 —
853 5121 1028 5191 Quare
1059 5117 1336 5191 Matthaeus
1365 5119 1705 5191 Evangelium
1727 5117 1934 5191 Christi
1971 5117 2066 5191 de_-_

473 5187 925 5261 scribensddicit,
983 5189 1136 5261 Liber
1183 5190 1520 5261 generationis
1569 5187 1706 5261 iIesu
1723 5187 1932 5260 [Christi
1970 5189 2068 5258 ﬁlii

475 5261 641 5334 David
670 5259 952 5334 (statim,
979 5257 1066 5334 1);
1095 5257 1216 5334 cum
1241 5261 1385 5334 prior
1414 5261 1484 5334 sit
1518 5257 1828 5334 Abraham?

546 5333 836 5402 Propterea
858 5331 938 5386 sic
968 5330 1148 5401 etrapit,
1181 5341 1240 5386 ut
1262 5332 1406 5402 prius
1425 5331 1492 5387 de
1518 5330 1633 5401 ipso
1657 5331 1858 5402 diceret
1877 5346 1917 5402 7a
1943 5345 2063 5400 pro-

475 5401 732 5460 missione
761 5401 1290 5474 incarnationisejus
1319 5403 1680 5474 genealogiam
1717 5401 2022 5474 describens
2043 5445 2058 5468 ,

475 5475 616 5530 sicut
644 5473 772 5528 dicit
796 5475 1107 5544 Apostolus,
1139 5471 1365 5544 Quorum
1387 5471 1566 5544 patres
1577 5483 1622 5527 et
1645 5489 1706 5527 ea;
1724 5472 1900 5544 quibus
1917 5471 2065 5528 Chri-

477 5557 582 5601 stus
614 5543 890 5601 secundum
925 5561 1130 5600 carnem
1157 5543 1329 5616 (Rom.
1355 5543 1426 5614 Ix,
1460 5545 1534 5616 5).
1571 5545 1697 5601 Ideo
1726 5543 1878 5612 dixit,
1917 5544 2064 5600 Liber

559 5694 610 5817 (ιζ
633 5701 784 5747 Deest
799 5695 850 5745 in
872 5702 980 5745 Mss.
1003 5695 1146 5758 primi
1169 5690 1384 5760 generis.
1425 5735 1430 5740 .

561 5755 588 5817 b
633 5763 780 5807 Deest
801 5759 852 5806 in
876 5757 1047 5807 iisdem
1069 5763 1176 5806 Mss.

563 5755 610 5807 ὁ)
633 5763 780 5807 Deest
801 5759 852 5806 in
876 5755 1047 5807 iisdem
1069 5755 1176 5806 Mss.

549 5816 620 5879 (ε)
643 5823 793 5869 Deest
813 5820 865 5875 in
887 5818 1063 5869 iisdem
1085 5825 1194 5868 MSS.

2209 2708 2547 2773 enerationis;
2593 2708 2716 2778 quia
2761 2722 2830 2764 ex
2883 2709 3064 2764 multis
3101 2718 3156 2764 et
3210 2708 3434 2766 diversis
3471 2709 3776 2770 incarnatio

2202 2780 2374 2835 1hristi
2395 2779 2690 2854 _consistit,
2721 2787 2778 2833 ut
2815 2780 2936 2854 quia
2963 2795 3162 2854 ex_uno
3189 2780 3384 2854 diversi
3425 2795 3550 2854 esse
3584 2799 3774 2854 caepe-

2175 2861 2334 2918 runt,
2377 2849 2445 2906 de
2484 2851 2730 2904 omnibus
2755 2851 3138 2920 corpulentiam
3171 2852 3422 2906 traheret.
3469 2853 3545 2906 De
3574 2849 3773 2910 Judieis

2182 2931 2238 2977 et
2263 2919 2521 2978 Gentibus
2545 2929 2598 2976 et
2623 2921 2691 2976 de
2715 2919 2888 2992 dignis
2913 2931 2968 2978 et
2995 2921 3222 2992 indignis
3262 2941 3274 2975 :
3303 2922 3424 2992 quia
3453 2921 3597 2978 Ruth
3631 2925 3773 2980 Moa-

2175 2992 2342 3048 bitida
2375 2993 2492 3055 fuit,
2520 3000 2576 3047 et
2599 2991 2868 3047 Bersabee
2893 3007 2959 3046 ex
2984 2991 3192 3048 mcecha
3233 2991 3368 3048 facta
3396 3009 3532 3048 uxor
3557 3007 3682 3061 est;
3715 3005 3770 3052 ut

2176 3065 2416 3118 omnium
2441 3079 2656 3120 carnem
2687 3063 2751 3134 ad
2770 3078 2839 3134 ise
2865 3063 3102 3134 trahens,
3137 3063 3202 3134 ad
3235 3065 3490 3118 unitatem
3529 3065 3654 3121 illos
3682 3083 3770 3134 ge-

2179 3135 2396 3190 nuinam
2417 3143 2710 3206 revocaret.
2731 3133 2952 3206 idcirco,
2979 3133 3104 3188 Iesu
3125 3133 3314 3190 Christi
3329 3137 3442 3206 lilii,
3461 3136 3554 3206 ait,
3577 3133 3766 3206 David,

2177 3220 2296 3276 cum
2325 3207 2470 3276 prior
2506 3205 2577 3260 sit
2602 3204 2903 3276 Abraham;
2936 3206 3058 3276 quia
3087 3207 3390 3274 specialiter
3415 3205 3668 3264 Christus
3691 3204 3768 3264 di;

2176 3275 2313 3330 citur
2340 3275 2481 3330 filius
2511 3275 2698 3341 David,
2731 3275 3198 3346 propter’rcgnum
3229 3294 3240 3328 :
3275 3285 3330 3330 ut
3359 3278 3496 3331 sicut
3527 3279 3676 3334 Dens
3703 3281 3768 3335 de

2177 3347 2310 3416 Deo,
2343 3347 2413 3400 ita
2441 3355 2494 3402 et
2519 3362 2608 3402 rex
2638 3347 2704 3400 de
2731 3362 2854 3416 rege
2878 3355 3050 3400 ortum
3081 3359 3291 3416 caperet
3329 3349 3479 3416 juxta
3522 3364 3764 3405 carnem.

2177 3415 2267 3472 Sic
2303 3417 2445 3471 enim
2475 3417 2672 3472 dictum
2708 3415 2880 3472 estad
2909 3417 3070 3470 David
3106 3415 3229 3471 :De
3257 3415 3428 3486 fructu
3469 3421 3662 3474 ventris
3699 3422 3768 3476 tui

2179 3504 2366 3562 partem
2392 3505 2546 3562 super
2575 3488 2743 3562 sedem
2770 3497 2908 3540 luant
2940 3485 3109 3558 (Psal.
3133 3485 3310 3562 exiuit,
3337 3487 3450 3562 11).

2245 3557 2313 3612 lV
2333 3557 2702 3631 (ah—Quid
2729 3567 2829 3620 est,
2855 3567 2912 3612 ut
2933 3557 3322 3631 generationes
3367 3557 3562 3618 omnes
3584 3563 3636 3618 in
3661 3571 3766 3620 tres

2175 3627 2359 3770 parte:
2390 3627 2684 3772 diligeret
2753 3627 3085 3699 supradictus
3163 3630 3441 3686 Matthaeus
3493 3636 3768 3703 apostolus

2264 3717 2293 3753 a
2355 3717 2390 3754 ι.
2416 3716 2454 3766 ι,
2521 3717 2590 3754 ι.

2177 3701 2390 3770 (Matth.
2416 3716 2454 3766 ι,
2478 3701 2590 3770 i7).

2245 3769 2431 3825 Causa:
2471 3769 2670 3826 faciunt
2706 3769 2996 3842 divisiones
3034 3779 3088 3826 et
3130 3779 3394 3842 tempora.
3445 3773 3656 3830 Idcirco
3703 3775 3767 3832 ab

2173 3841 2446 3918 Abraham
2472 3856 2648 3918 usque
2671 3841 2738 3896 ad
2775 3841 2940 3896 David
2967 3841 3224 3918 distinxit.
3245 3841 3431 3918 Prima
3459 3847 3604 3918 enim
3643 3862 3760 3918 pars

2174 3926 2349 3967 causa:
2375 3913 2908 3985 abAbrahamgusque
2932 3913 2999 3968 ad
3026 3914 3188 3968 David
3209 3924 3290 3970 est
3309 3931 3323 3979 ;
3345 3917 3468 3985 quia
3493 3913 3764 3973 Abraham

2175 3991 2329 4054 pater
2358 3983 2480 4039 fidei
2511 3993 2612 4050 est,
2641 3993 2697 4039 et
2727 3983 2891 4038 David
2929 3994 3078 4052 pater
3107 3987 3274 4054 regni.
3314 3983 3444 4042 sam
3483 3989 3633 4042 enim
3679 3991 3760 4044 in-

2175 4053 2367 4124 dignus
2395 4054 2632 4126 eifectus,
2658 4055 2893 4124 seipsum
2914 4071 3078 4126 regno
3107 4053 3348 4124 privavit.
3378 4059 3420 4112 A
3441 4057 3610 4112 David
3639 4076 3762 4115 vero

2174 4140 2346 4196 usque
2381 4125 2446 4180 ad
2492 4125 3012 4200 transmigrationem
3054 4127 3158 4200 alia
3197 4141 3321 4200 pars
3346 4143 3546 4200 causar,
3585 4130 3638 4184 in
3665 4147 3764 4200 qua

2175 4211 2399 4266 regnum
2428 4196 2721 4251 amiserunt
2745 4196 2866 4250 facti
2889 4197 3103 4265 reprobi
3133 4197 3320 4252 Judaei.
3352 4199 3480 4254 Post
3507 4196 3762 4256 transmi-

2171 4269 2466 4338 grationem
2495 4275 2669 4321 autem
2697 4267 2982 4338 Babylonis
3009 4283 3175 4338 usque
3204 4268 3270 4322 ad
3297 4269 3573 4326 Christum
3615 4273 3764 4328 tertia

2173 4351 2310 4412 pars
2339 4337 3424 4412 lamentatiouis_et’miseriae,"captivitatis
3463 4353 3516 4396 et
3560 4343 3766 4412 disper-

2175 4408 2342 4482 sionis
2382 4407 2594 4482 illorum
2630 4427 2644 4461 :
2676 4409 3072 4482 quia_quamvis
3097 4419 3217 4479 post
3244 4407 3766 4482 transmigrationem

2173 4477 2474 4552 Dabylonis
2497 4488 2553 4552 et
2579 4477 2910 4550 septuaginta
2933 4477 3195 4552 annorum
3227 4491 3456 4551 tempus,
3471 4477 3706 4552 'quando
3736 4500 3766 4538 a

2171 4545 2309 4618 Cyro
2355 4550 2558 4622 dimissi
2597 4545 2798 4605 reversi
2837 4559 2961 4622 sunt
3001 4551 3068 4604 ad
3097 4566 3217 4618 sua,
3266 4545 3538 4622 nunquam
3587 4564 3762 4610 tamen

2171 4633 2388 4696 causam
2420 4621 2437 4652 ³
2467 4621 2551 4676 vel
2575 4622 2813 4696 requiem
2841 4619 3169 4696 habuerunt.
3195 4622 3378 4696 Neque
3397 4619 3550 4678 enim
3577 4635 3763 4696 postea

2173 4689 2356 4746 Judaea
2387 4707 2610 4766 regnare
2641 4689 2974 4766 pptuit,_sed
3004 4693 3216 4748 solliciti
3247 4689 3463 4764 semper
3491 4705 3546 4750 et
3572 4689 3766 4766 perva-

2173 4773 2361 4831 gantes
2387 4761 2618 4818 fuerunt.
2645 4763 2777 4816 Nam
2796 4761 2976 4831 utique
2993 4771 3234 4832 tempore
3253 4761 3548 4821 nativitatis
3569 4761 3766 4823 Christi

2173 4834 2364 4911 captivi
2397 4833 2630 4911 fuerunt,
2677 4833 2919 4911 dicentes
2938 4832 3106 4911 _:__N_os
3131 4877 3145 4896 .
3185 4853 3286 4890 non
3330 4837 3572 4911 habemus
3600 4856 3766 4911 regem

2173 4901 2271 4957 nisi
2291 4901 2744 4976 Ctzsoremjloan.
2765 4921 2873 4970 xxx,
2900 4903 3009 4976 i5).
3039 4906 3148 4962 liae
3161 4921 3292 4976 ergo
3307 4921 3466 4962 causa
3486 4901 3766 4965 Matthieus

2173 4983 2280 5030 tres
2309 4974 2504 5044 gradus
2527 4973 2656 5030 fecit
2686 4973 3066 5046 generationis,
3091 4987 3150 5032 ut
3173 4973 3332 5032 etiam
3364 4979 3686 5035 meritorum
3715 4991 3768 5036 et

2173 5061 2452 5118 causarum
2477 5046 2800 5118 mutationes
2823 5047 3134 5103 ostenderet
3166 5063 3196 5103 a
3239 5050 3595 5118 promissione
3633 5053 3764 5108 facta

2171 5131 2340 5192 usque
2365 5116 2444 5192 _ad
2473 5115 2766 5192 Christum,
2811 5119 2934 5171 anni
2981 5127 3157 5174 autem
3197 5115 3439 5191 témpora
3487 5137 3662 5192 usque
3704 5123 3766 5176 ad

2171 5185 2342 5258 ﬁnem
2363 5187 2415 5258 in
2444 5203 2607 5258 unam
2634 5188 2858 5258 gratiam
2895 5203 3230 5257 permanere.

2245 5256 2286 5333 ll
2324 5257 2420 5328 (b).
2451 5287 2522 5333 --_-
2547 5256 2726 5333 Quare
2757 5273 2877 5312 cum
2893 5256 3240 5333 quadraginta
3269 5269 3323 5333 et
3339 5277 3442 5316 una
3473 5263 3584 5317 sint
3609 5279 3770 5333 gene-

2170 5328 2434 5396 rationes,
2479 5329 2813 5398 Evangelista
2871 5328 3220 5438 quadraginta
3270 5331 3402 5386 duas
3457 5328 3768 5389 numerasse

2173 5399 2383 5438 vidntur-
2423 5398 2626 5438 ΙΜηΗΙι
2681 5416 2696 5438 ι
2773 5399 2862 5438 ιΙἿΧ
2935 5400 3040 5438 Tns-
3065 5402 3206 5438 nniun
3236 5404 3641 5438 nuantnnwlnnin.
3681 5405 3764 5438 ηιιί

2173 5399 2383 5477 videtur
2423 5398 2442 5471 (
2461 5399 2648 5477 Matth.
2681 5416 2700 5477 t_
2717 5442 2732 5466 ,
2773 5398 2906 5477 {_7)?
2935 5400 3040 5477 'l_‘er
3059 5398 3207 5477 _énim
3235 5404 3768 5477 quatuordecim,qui

2171 5471 2371 5526 faciunt
2390 5511 2404 5536 ,
2435 5472 2535 5526 nisi
2564 5471 2908 5543 quadraginta
2936 5471 3081 5527 duo?

2169 5630 2420 5756 pa;
2443 5629 2646 5741 atat-mat
2665 5630 2950 5695 tegendum,
2971 5643 3188 5698 parum,
3212 5633 3310 5686 vid.
3335 5633 3763 5697 Elementn'iucw

2254 5756 2304 5820 ᾳ)
2329 5760 2476 5804 Deest
2495 5756 2548 5820 _in
2568 5761 2675 5820 mss.
2699 5757 2840 5818 primi
2861 5762 3079 5820 generis.

2307 5707 2548 5804 ﬁttest?)
2569 5761 2675 5806 Mss.
2699 5757 2840 5818 primi
2861 5776 2864 5815 Α

2255 5755 2306 5880 bi
2327 5822 2476 5868 Deest
2493 5817 2542 5867 in
2563 5819 2736 5870 iisdem
2757 5825 2864 5869 Mss.
