4042 6468
475 332 510 386 2
523 333 614 386 i225

473 447 729 515 Quartum
766 445 984 511 animal,
1031 443 1322 498 Ecclesiam
1361 441 1514 505 dixit,
1556 439 1788 496 Similem
1827 439 2045 507 aquilae:

477 519 528 572 id
551 526 655 582 est,
685 516 950 572 volantem
973 523 1026 570 et
1052 515 1296 578 liberam,
1328 521 1485 580 atque
1514 527 1544 566 a
1577 522 1716 566 terra
1741 525 2050 582 suspensam

475 581 684 642 duabus
710 589 828 650 alis,
857 587 1009 656 quasi
1041 585 1262 656 duorum
1291 583 1774 656 'l‘estamentortmi,
1799 583 1908 656 sive
1928 581 2056 636 duo-

477 675 593 712 rum
641 651 1024 728 przeceptorum
1070 655 1444 728 gubernaculis
1484 653 1762 728 elevatam.
1789 651 1942 728 _Nam
2001 663 2056 706 et

479 723 714 784 Joannes
739 723 1058 796 evangelista
1083 741 1204 780 eum
1222 725 1288 778 de
1309 723 1424 777 istis
1445 724 1760 796 animalibus
1789 723 2054 790 introspe-

476 803 643 854 xisset
663 799 715 854 in
743 793 954 856 Christo
977 797 1297 864 completum
1331 809 1449 848 esse
1477 793 1833 862 quadriforme
1859 803 2055 864 myste-

481 871 640 935 rinm,
681 879 732 924 et
765 869 984 922 vidisset
1027 867 1295 919 hominem
1340 874 1664 928 nascentem,
1693 865 1909 916 vitulum
1959 879 2053 930 pa-

481 943 721 1002 tientem,
749 949 804 994 et
827 939 1034 992 lennem
1061 946 1390 1006 regnauiem,
1421 945 1548 1006 tunc
1575 935 1705 988 vidit
1739 943 1791 988 et
1827 935 2052 1006 aquilam

478 1012 546 1065 ad
585 1012 818 1066 cmlestia
863 1005 1208 1064 remeantem.
1251 1005 1314 1060 Et
1362 1005 1773 1076 singulaeorum
1816 1005 2057 1076 habebant

479 1085 590 1134 alas
637 1098 778 1134 senas
819 1097 908 1150 per
945 1079 1225 1132 circuitum.
1261 1078 1314 1131 In
1355 1075 1672 1150 animalibus
1707 1075 2058 1150 ostenduntur

477 1153 662 1221 viginti
693 1147 922 1220 quatuor
961 1150 1379 1204 senioresznam
1409 1163 1552 1221 seme
1593 1147 1692 1200 alae
1729 1147 1786 1221 i_n
1831 1155 2058 1221 quatuor

482 1217 820 1284 animalibus,
847 1221 1027 1290 viginti
1073 1229 1126 1274 et
1168 1228 1393 1290 quatuor
1431 1219 1535 1290 alio
1557 1227 1695 1290 sunt.
1729 1217 1935 1270 Etenim
1965 1232 2060 1290 per

480 1293 758 1348 circuitum
794 1288 968 1346 throni
997 1290 1128 1344 vidit
1151 1289 1420 1352 animalia,
1453 1288 1538 1342 ubi
1563 1305 1618 1341 se
1645 1288 1851 1342 dixerat
1877 1288 2058 1342 senio-

483 1377 572 1417 res
591 1364 808 1416 vidisse.
839 1363 968 1416 Nam
1001 1360 1267 1432 quomodo
1293 1360 1490 1432 animal
1517 1375 1635 1432 cum
1681 1373 1770 1432 sex
1816 1358 1912 1432 alis
1961 1372 2059 1432 po-

483 1441 588 1488 test
612 1434 784 1487 simile
809 1449 928 1488 esse
953 1429 1162 1502 aquilm,
1186 1447 1304 1500 quae
1327 1430 1484 1484 habet
1504 1429 1786 1502 dnasalas,
1813 1429 1914 1502 nisi
1937 1429 2060 1502 quia

481 1515 712 1573 quatuor
754 1499 1016 1558 animalia
1043 1499 1217 1556 unum,
1251 1511 1540 1573 sunt,qute
1571 1500 1768 1553 habent
1796 1499 1974 1573 viginti
2007 1507 2062 1553 et

485 1570 713 1644 quatuor
757 1575 886 1634 alas,
921 1575 972 1628 in
1015 1575 1204 1642 quibus
1235 1571 1414 1644 viginti
1459 1579 1512 1644 et
1552 1579 1778 1640 quatuor
1821 1570 2061 1644 seniores

485 1641 846 1713 iiitclliglmus,
881 1645 965 1712 qui
1011 1641 1134 1697 sunt
1181 1643 1230 1695 in
1277 1641 1512 1696 Ecclesia
1553 1657 1708 1710 quam
1750 1641 2064 1713 assiinilavit

485 1711 713 1784 aquila}?
743 1717 806 1768 Et
835 1711 988 1768 aliter
1029 1730 1171 1767 senm
1215 1714 1311 1767 alae
1353 1713 1649 1784 testimonia
1697 1720 1819 1764 sunt
1857 1711 2064 1765 Veteris

487 1783 831 1840 Testamenti.
873 1787 1017 1839 Sient
1065 1785 1204 1838 enim
1245 1784 1437 1836 animal
1484 1783 1661 1836 volare
1709 1793 1813 1835 non
1867 1790 2057 1850 potest,

488 1857 587 1910 nisi
637 1857 826 1908 habeat
866 1869 1098 1924 pennas;
1131 1855 1206 1907 sic
1243 1869 1340 1908 nec
1384 1853 1686 1922 praedicatio
1715 1851 1846 1924 vai
1871 1851 2064 1924 Testa-3

487 1927 656 1981 menti
693 1922 1074 1990 fidem—habet,
1119 1925 1220 1978 nisi
1259 1925 1450 1979 habeat
1491 1923 1698 1978 Veteris
1739 1922 2064 1976 Testamenti

488 1997 837 2066 prasnuntiata
871 1997 1190 2064 testimonia,
1233 2011 1328 2064 per
1372 2011 1490 2066 quae
1531 1993 1732 2048 tollitur
1759 2009 1788 2046 a
1812 2001 1978 2066 terra,
2011 2002 2067 2046 et

487 2061 650 2121 volat.
681 2067 904 2136 Semper
933 2069 1071 2120 enim
1104 2061 1248 2135 quod
1284 2061 1406 2136 ante
1440 2065 1649 2136 dictum
1685 2073 1779 2136 est
1805 2061 2062 2136 futurum,

489 2148 544 2190 et
573 2145 752 2206 postea
781 2133 974 2192 factum
1005 2133 1288 2198 invenitur,
1314 2135 1472 2206 ﬁdem
1495 2133 1618 2189 facit
1639 2133 2062 2206 irndtihitabilem.

487 2203 600 2262 Nisi
627 2209 766 2262 enim
794 2225 911 2278 qum
945 2209 1297 2276 prtediseraut
1323 2205 1633 2278 Ριθοιήιθιερ,Δ
1653 2205 1704 2258 in
1730 2203 1946 2278 _Christo
1975 2218 2064 2258 es-

493 2288 616 2332 sent
647 2273 1032 2342 consimimata,
1077 2278 1246 2331 inanis
1289 2273 1444 2330 esset'
1475 2274 1780 2344 praedicatio
1833 2273 2063 2344 illorum.

493 2347 606 2401 Hoc
657 2359 794 2402 tenet
849 2349 1086 2402 Ecclesia
1133 2347 1410 2406 catholica.
1455 2343 1507 2398 et
1551 2353 1673 2398 ante
1721 2343 1987 2412 prtedicta,
2015 2352 2071 2398 et

495 2427 685 2486 postea
731 2426 1114 2472 c0nsununata.
1149 2417 1336 2486 Merito
1379 2416 1540 2480 volat,
1572 2414 1846 2486 attollitur
1871 2429 1902 2466 a
1931 2421 2070 2486 terra

495 2484 658 2541 unum
691 2489 882 2542 animal
903 2489 918 2519 ¹
937 2489 986 2541 in
1016 2487 1228 2543 caelum.
1249 2484 1315 2538 Et
1335 2487 1556 2554 requiem
1577 2501 1674 2538 non
1695 2485 1938 2538 habebant
1959 2485 2072 2536 ani-

495 2559 652 2610 malia
675 2558 804 2612 illa:
833 2559 1066 2612 Ecclesia
1097 2566 1196 2619 est,
1226 2571 1344 2624 qum
1375 2573 1477 2610 non
1509 2555 1666 2610 habet
1690 2555 1945 2624 requiem.
1977 2555 2070 2609 sed

497 2643 708 2697 semper
755 2629 934 2682 laudat
981 2630 1143 2682 Deum
1197 2627 1392 2697 Viginti
1445 2636 1498 2680 et
1552 2633 1778 2697 quatuor
1832 2625 2072 2697 seniores

499 2695 780 2768 pessumus
806 2700 962 2752 etiam
988 2695 1282 2766 intelligere
1309 2698 1472 2752 libros
1499 2697 1705 2750 Veteris
1721 2695 2070 2768 Testamenti,

497 2766 552 2823 et
577 2770 908 2824 Patren-cluas
935 2779 988 2824 et
1018 2769 1298 2838 Apostolus
1323 2785 1336 2820 :
1365 2767 1568 2836 fulgura
1595 2778 1646 2820 et
1675 2766 1927 2838 tonitrua,
1955 2781 2073 2838 qua:

499 2840 568 2894 de
597 2841 729 2893 solio
759 2842 904 2895 exire
933 2836 1198 2904 dicuntur,
1231 2839 1635 2908 praedicationes
1673 2845 1726 2892 et
1761 2836 2073 2908 promissio-

501 2925 596 2966 nes
620 2911 752 2965 Novi
782 2912 1126 2965 Testamenti.
1153 2907 1407 2963 Mittentcs
1430 2925 1642 2962 coronas
1663 2907 1782 2962 suas
1804 2915 1917 2961 ante
1937 2907 2076 2960 thro-

500 2997 658 3035 num:
683 2982 782 3036 hoc
810 2983 948 3047 ideo,
975 2981 1093 3050 quia
1133 2977 1386 3050 quidquid
1425 2979 1696 3050 dignitatis
1724 2978 1920 3050 habent
1946 2993 2074 3050 san-

499 3053 591 3110 cti.
626 3063 790 3105 totum
839 3054 948 3107 Deo
979 3048 1243 3114 tribuunt;
1277 3048 1412 3104 Sicut
1457 3061 1510 3104 et
1559 3050 1628 3103 illi
1683 3049 1734 3102 in
1786 3048 2076 3118 Evangelio

501 3123 702 3192 palmas
729 3132 784 3176 et
809 3123 964 3178 flores
995 3121 1302 3177 sternebant
1339 3121 1438 3174 sub
1475 3119 1693 3190 pedibus
1719 3119 2072 3192 ejusltllatth.

499 3189 610 3264 ist,
640 3193 718 3262 8),
749 3194 798 3246 id
829 3205 930 3258 est,
967 3195 1066 3264 ipsi
1109 3193 1402 3246 tribuentes
1439 3189 1786 3264 omne‘quod
1815 3189 2073 3244 vicerant.

505 3263 638 3328 Quia
669 3261 722 3316 tu
747 3265 924 3317 creasti
955 3261 1152 3328 oinnia,
1198 3273 1244 3314 et
1290 3279 1352 3315 ea:
1387 3261 1640 3316 voluntate
1688 3271 1773 3314 tua
1823 3269 1982 3324 erant,
2031 3269 2077 3314 et

503 3347 670 3385 creata
693 3344 844 3386 sunt:
868 3343 1020 3386 erant
1045 3334 1334 3386 secundum
1367 3333 1552 3397 Deum,
1585 3347 1614 3384 a
1639 3347 1744 3400 quo
1768 3339 1955 3384 cuncta
1983 3347 2079 3384 an-

507 3411 717 3472 tequam
760 3405 946 3456 tierent
987 3417 1228 3472 possessa
1253 3413 1406 3472 sunt;
1435 3411 1611 3455 creata
1642 3409 1770 3472 sunt,
1791 3409 1989 3464 autem,
2021 3411 2080 3456 ut

503 3481 558 3541 et
579 3489 605 3524 a
625 3473 776 3526 nimis
793 3471 1115 3534 viderentur.
1143 3473 1278 3526 sicut
1297 3471 1422 3526 dicit
1447 3472 1652 3541 Moyses
1675 3471 1741 3525 ad
1763 3471 2076 3536 Ecclesium,

503 3540 691 3596 Nonne
719 3543 798 3596 hic
825 3545 934 3612 ipse
953 3555 1022 3614 est
1057 3542 1209 3596 Pater
1238 3553 1375 3608 tuus,
1411 3544 1494 3614 qui
1537 3540 1671 3614 fecit
1689 3551 1754 3614 te,
1788 3553 1835 3594 et
1863 3541 2081 3614 possedit

502 3621 569 3686 te,
586 3623 641 3686 et_
661 3611 853 3686 creavit
873 3625 919 3686 te
949 3613 1122 3686 (Deut.
1145 3629 1318 3686 XXXII,
1339 3613 1393 3675 6)
1409 3611 1432 3686 ’ξ
1461 3611 1699 3668 Pessedit
1717 3613 1769 3666 in
1797 3613 2079 3682 prtescien-

501 3684 594 3748 tia,
620 3683 740 3738 fecit
761 3685 811 3739 in
841 3683 1028 3752 Adam,
1047 3685 1242 3739 creavit
1274 3701 1337 3738 ex
1357 3683 1545 3738 Adam.

1131 3771 1344 3810 IIOMILIA
1375 3771 1448 3808 IV.

573 3825 670 3898 [Ih.
703 3825 780 3898 v.]
825 3825 890 3880 Et
927 3827 1028 3882 vidi
1048 3844 1203 3895 supra
1242 3827 1498 3898 dexteram
1535 3825 1750 3880 sedentis
1763 3841 1848 3898 _tn
1899 3825 2080 3880 throno

500 3895 682 3950 libi-um
711 3895 951 3968 scriptum
980 3899 1114 3951 intus
1136 3906 1197 3968 et,
1226 3897 1350 3966 foris
1387 3913 1406 3950 :
1437 3905 1734 3968 utrumque
1763 3895 2082 3951 Testamen-

499 3977 610 4021 tum
644 3965 911 4038 intelligc;
941 3985 970 4022 a
1001 3969 1128 4022 foris
1159 3965 1352 4030 Vetus,
1383 3967 1467 4019 tab
1513 3965 1654 4020 intus
1680 3965 1895 4038 Novum
1939 3968 2080 4035 quod

503 4039 638 4092 intra
669 4037 830 4092 Vetus
857 4039 1072 4094 latebat.
1100 4039 1390 4109 Signatum,
1424 4037 1618 4109 inquit.
1643 4037 1823 4109 sigillis
1853 4047 2042 4108 septem
2063 4053 2082 4092 :

500 4109 554 4162 id
580 4119 679 4182 est.
707 4111 940 4182 omnium
973 4107 1346 4182 mysteriorum
1371 4107 1697 4182 plenitudine
1715 4107 2078 4182 obscumtuni,

499 4179 638 4248 quod
669 4195 834 4246 usque
869 4181 934 4234 ad
977 4177 1274 4249 passionem
1302 4191 1355 4232 et
1403 4179 1842 4233 resurrectionem
1883 4177 2082 4234 Christi

499 4249 696 4319 mansit
717 4251 998 4318 signatum.
1025 4250 1155 4304 Nam
1178 4249 1445 4319 quomodo
1473 4259 1846 4302 testamentum
1869 4264 1974 4302 non
1997 4249 2080 4302 di-

499 4317 658 4381 citur,
683 4317 785 4372 nisi
814 4319 952 4387 quod
977 4321 1172 4374 faciunt
1196 4317 1462 4380 inorituri,
1487 4327 1541 4372 et
1565 4319 1799 4387 signatur
1822 4335 1985 4388 usque
2013 4319 2082 4374 ad

499 4399 726 4444 mortem
759 4391 1043 4454 lestatoris,
1090 4399 1142 4442 et
1185 4397 1304 4458 post
1333 4399 1558 4442 mortem
1595 4389 1761 4458 ipsius
1802 4388 2035 4456 aperitur
2065 4407 2077 4442 :

499 4461 572 4514 ita
600 4469 653 4514 et
684 4469 798 4526 post
827 4461 1018 4515 Christi
1039 4469 1260 4514 mortem
1284 4461 1459 4513 omnia
1491 4459 1741 4528 mysteria
1759 4459 2077 4516 revelantur.

505 4529 570 4584 Et
593 4533 693 4584 ridi
716 4531 948 4598 angelum
974 4535 1152 4600 fortem
1191 4529 1490 4583 clamantem
1525 4545 1640 4582 voce
1678 4545 1860 4597 magna
1891 4547 1911 4582 :
1956 4529 2081 4596 Quis

501 4612 571 4654 est
603 4603 782 4670 dignus
815 4603 1012 4670 aperire
1043 4602 1258 4664 librum,
1302 4609 1348 4652 et
1392 4600 1579 4670 solvere
1611 4600 1878 4670 signacula
1926 4601 2082 4670 ejus?

501 4671 607 4725 Cur
644 4669 811 4740 primo
852 4672 996 4741 signa
1029 4671 1300 4724 solvantur
1323 4712 1337 4734 ,
1374 4669 1567 4724 deinde
1609 4669 2074 4741 liberaperiatur,

501 4739 653 4796 cerIa’
671 4743 805 4795 ratio
831 4739 946 4808 est,
987 4741 1107 4810 quia
1154 4741 1394 4794 Christus
1430 4751 1554 4794 tunc
1595 4739 1803 4808 aperuit
1847 4739 2076 4806 librum,

501 4825 620 4865 cum
652 4827 784 4880 opus
815 4822 1046 4880 paterna:
1065 4811 1346 4866 voluntatis
1377 4825 1675 4880 aggressus,
1709 4819 2000 4880 conceptus
2028 4819 2082 4866 et

501 4891 655 4936 natus
686 4879 795 4946 est;
820 4879 954 4936 tunc
978 4884 1093 4947 eius
1119 4881 1385 4952 signacqla
1409 4879 1585 4944 solvit,
1619 4881 1830 4949 quando
1871 4879 1964 4951 pro
1991 4897 2080 4952 ge-

501 4969 629 5006 nere
661 4953 894 5006 huniano
921 4953 1128 5006 occisus
1168 4949 1268 5006 est.
1303 4949 1388 5023 Et
1409 4967 1551 5003 nemo
1586 4961 1781 5023 poterat
1828 4949 2080 5023 neque'in

499 5023 645 5086 cmlo,
675 5039 828 5092 neque
857 5023 908 5075 in
935 5034 1095 5085 terra,
1133 5039 1287 5090 neque
1310 5021 1400 5074 sub
1427 5031 1558 5074 terra
1595 5038 1613 5074 :
1645 5021 1696 5075 id
1744 5034 1824 5077 est
1843 5065 1857 5088 ,
1902 5021 2080 5094 neque

497 5095 739 5163 angelus,
775 5109 945 5162 neque
975 5094 1024 5146 in
1053 5094 1206 5147 terris
1233 5095 1432 5158 vivens,
1464 5107 1636 5163 neque
1663 5103 1922 5148 mortuus.
1945 5093 2079 5160 Ape-

499 5162 600 5218 rire
629 5165 830 5228 librum,
861 5181 1015 5234 neque
1040 5164 1204 5219 uidere
1245 5163 1430 5216 illum:
1465 5162 1517 5216 id
1567 5173 1683 5234 est,
1694 5233 1705 5234 ί
1731 5165 2078 5234 contemplari

501 5237 839 5306 splt-ndOrcm
869 5233 1051 5306 gratia:
1097 5235 1214 5288 novi
1269 5233 1616 5306 Testamenti.
1661 5233 1728 5286 Et
1769 5250 1858 5304 ego
1896 5235 2078 5306 ﬂebam

499 5307 732 5374 nmltum,
767 5305 889 5374 quia,
913 5325 1056 5362 nemo
1085 5307 1310 5360 inventus
1358 5315 1426 5358 est
1451 5305 1634 5374 dignus
1660 5305 1855 5374 aperire
1899 5305 2079 5359 librum

499 5387 544 5432 et
574 5379 740 5433 videre
769 5395 920 5432 eum:
951 5377 1183 5431 Ecclesia
1211 5377 1396 5438 flebat,
1429 5379 1579 5445 cujus
1627 5375 1850 5446 figuram
1898 5375 2080 5431 habuit

498 5449 752 5513 Joannes,
782 5459 998 5502 onerata
1021 5457 1070 5500 et
1101 5457 1312 5516 gravata
1357 5448 1587 5516 peccatis
1607 5489 1621 5508 ,
1669 5447 1957 5514 implorans
1997 5448 2078 5502 sui

499 5520 938 5588 redemptionem.
971 5517 1034 5570 Et
1054 5515 1166 5570 ecce
1190 5533 1317 5570 unus
1343 5533 1402 5570 ea:
1443 5515 1721 5570 senioribus
1746 5531 1764 5570 :
1786 5532 1967 5588 unum
2011 5532 2078 5572 ex

499 5587 795 5645 scnioribus
823 5597 989 5641 totum
1014 5601 1206 5656 corpus
1237 5588 1619 5655 Prophetarum
1651 5587 1904 5657 intelligo.
1945 5587 2077 5642 Pro-

563 5741 580 5772 ι
597 5739 726 5802 Apud
739 5740 1044 5802 Victorinum,
1059 5737 1214 5790 vivum
1235 5739 1430 5792 atumat.

561 5803 582 5835 ⁸
605 5801 684 5854 Ms.
709 5801 944 5867 Belgicus,
966 5814 1144 5854 cautes.

1431 326 1496 380 IN
1527 327 1587 381 Β.
1627 323 1903 381 JUANNIS
1941 321 2406 410 APOCALYPSIS!
2447 323 2825 382 EXPOSITIO.

3601 330 3748 388 ξιιμ

2165 439 2341 512 pheta:
2363 441 2504 512 enim
2546 442 2952 512 consolabantur
2985 443 3275 500 licctestam
3296 486 3310 507 .
3363 448 3746 503 annuntiantes

2162 511 2431 586 Christum
2455 511 2522 586 de
2551 511 2690 566 tribu
2715 511 2848 566 Juda
2870 513 3103 568 radicem
3137 513 3334 586 David,
3353 515 3482 583 Quia
3533 518 3652 586 ipse
3691 519 3742 572 in

2163 581 2316 658 nobis
2344 582 2502 658 vincit
2522 597 2682 658 omne
2715 591 2987 658 peceatum
3011 625 3026 652 ,
3053 595 3104 640 et
3132 585 3174 639 si
3216 585 3340 654 quid
3375 581 3498 641 boui
3551 581 3748 658 aliquis

2163 651 2341 718 habet,
2369 653 2436 704 ab
2463 653 2574 722 ipso
2598 653 2772 708 habet.
2803 653 2867 707 Et
2889 655 3006 718 vidi,
3038 665 3082 708 et
3108 673 3216 709 ecce
3233 651 3286 708 in
3314 658 3476 710 medio
3506 651 3676 712 throni
3703 669 3748 712 et

2162 731 2373 792 quatuor
2397 725 2693 798 animalium
2712 764 2726 788 ,
2751 727 2874 798 etin
2905 726 3066 798 medio
3091 727 3342 798 seniorum
3385 745 3572 798 agnum
3597 740 3748 782 stan-

2165 803 2262 846 tem
2289 794 2431 863 quasi
2461 795 2676 846 occisum
2707 809 2725 849 :
2781 795 2954 849 throni
2982 837 2995 856 ,
3039 797 3284 850 animalia
3308 839 3322 860 ,
3363 794 3606 853 seniores
3631 841 3646 861 ,
3695 809 3750 852 et

2163 865 2500 938 agnusquasi
2529 865 2756 938 occisus,
2787 865 3022 920 Ecclesia
3043 877 3123 938 est
3148 883 3267 921 cum
3286 871 3454 938 capite
3477 885 3594 930 suo,
3622 887 3746 938 qua!

2166 949 2262 1002 pro
2289 933 2502 990 Christo
2543 937 2784 998 moritur.
2809 945 2866 990 ut
2887 951 3006 990 cum
3028 937 3240 991 Christo
3255 933 3414 992 vivat.
3445 933 3750 994 Possuntet

2167 1013 2426 1078 martyres
2453 1005 2506 1059 in
2535 1005 2769 1078 Ecclesia
2797 1022 2963 1075 agnus
2987 1009 3135 1076 quasi
3156 1009 3362 1078 occisus
3389 1011 3576 1078 accipi.
3629 1010 3748 1064 Ha-

2165 1075 2376 1140 bentem,
2411 1077 2578 1148 inquit
2597 1120 2617 1148 ,ί
2642 1094 2830 1131 cornua
2868 1075 3054 1148 septem
3096 1087 3142 1132 et
3179 1077 3350 1132 oculos
3385 1075 3572 1148 septem
3597 1121 3612 1144 ,
3663 1081 3752 1146 qui

2164 1155 2280 1198 sunt
2298 1148 2506 1218 spiritus
2527 1146 2639 1206 Dei,
2674 1149 2812 1200 missi
2841 1149 2894 1202 in
2921 1146 3116 1201 omnem
3143 1159 3326 1202 terram
3369 1146 3547 1218 :q‘uod
3589 1165 3752 1204 nemo

2167 1217 2335 1285 possit
2371 1215 2564 1272 habere
2593 1219 2843 1286 Spiritum
2893 1218 2982 1272 Dei
3015 1227 3206 1286 praeter
3257 1215 3570 1282 Ecclesiam,
3625 1221 3752 1274 hinc

2167 1287 2443 1357 manifeste
2467 1289 2821 1357 cognoscitur.
2851 1286 2918 1342 Et
2947 1290 3108 1354 venit,
3153 1297 3199 1342 et
3225 1291 3416 1357 accepit
3459 1291 3522 1343 de
3569 1291 3754 1344 dextra

2166 1356 2382 1410 sedentis
2408 1358 2458 1410 in
2482 1356 2662 1412 throno
2692 1359 2910 1413 librum:
2940 1359 3210 1413 sedentem
3243 1362 3294 1413 in
3323 1356 3536 1425 throno,
3567 1371 3620 1414 et
3649 1362 3746 1414 Pa-

2167 1435 2300 1510 trem
2333 1430 2619 1510 accipimus
2642 1428 2907 1510 ct_Fili_um_
2944 1427 3290 1510 ethSpiriium
3333 1441 3596 1510 sanguini.
3647 1433 3756 1486 Ac-

2167 1498 2307 1567 cepit
2334 1515 2459 1568 ergo
2489 1501 2670 1568 Agnus
2697 1499 2762 1554 de
2787 1499 2972 1553 dextra
2995 1498 3121 1566 Dei,
3151 1501 3200 1555 id
3228 1511 3310 1556 est
3347 1515 3376 1554 a
3421 1501 3556 1554 Filio
3587 1517 3750 1558 accc-

2167 1569 2246 1637 pit
2269 1583 2404 1639 qpus
2425 1569 2542 1624 libri
2571 1569 2950 1639 perliciendum
2967 1610 2984 1639 ,_
3013 1571 3128 1637 ipso
3152 1572 3358 1626 dicente
3377 1613 3394 1636 ,
3427 1571 3574 1626 Sicut
3615 1574 3750 1625 misit

2169 1655 2248 1710 me
2275 1637 2450 1710 Pater,
2475 1649 2518 1692 et
2539 1637 2628 1710 ego
2649 1641 2788 1694 mitto
2813 1657 2898 1692 vos
2933 1637 3110 1710 (Joan.
3154 1657 3224 1694 xx
3245 1683 3260 1702 ,
3301 1641 3394 1710 21)
3429 1660 3441 1694 :
3493 1658 3559 1696 eo
3609 1643 3754 1710 quod

2169 1709 2283 1782 ipse
2304 1710 2354 1762 in
2385 1709 2488 1782 illis
2509 1709 2902 1782 perficiatquod
2933 1709 3110 1782 donat.
3147 1709 3401 1782 H_abentes
3440 1709 3639 1782 singuli
3675 1715 3753 1768 ci-

2169 1781 2342 1853 tharas
2375 1799 2390 1834 :
2419 1780 2470 1834 id
2495 1779 2597 1846 est,
2625 1779 2854 1853 chordas
2889 1781 3124 1853 laudum.
3167 1779 3240 1853 Et
3285 1783 3484 1853 phialas
3515 1779 3704 1836 aureas
3735 1800 3754 1838 :

2169 1849 2284 1925 haec
2321 1860 2590 1925 suntnvasa
2621 1851 2676 1906 in
2701 1851 2860 1906 domo
2887 1851 3130 1925 Domini,
3163 1852 3215 1906 in
3248 1849 3438 1925 quibus
3479 1855 3604 1923 quia
3637 1855 3758 1925 th)-

2169 1921 2360 1974 miama
2388 1921 2565 1976 oll‘erri
2591 1931 2958 1984 consueverat,
2991 1921 3109 1976 ideo
3143 1921 3410 1978 orationes
3443 1921 3754 1978 sanctorum

2175 1991 2495 2062 beneinieis
2525 1992 2878 2062 intelligimus.
2931 1991 2997 2046 Et
3035 1993 3302 2046 cantabant
3355 1995 3610 2048 canticum
3659 2012 3756 2050 no-

2169 2077 2287 2114 uum
2315 2077 2333 2114 :
2358 2061 2410 2116 id
2453 2072 2534 2116 est
2565 2061 2963 2118 Testamentum
3003 2062 3232 2128 Novum;
3263 2073 3539 2119 cantantes
3582 2067 3756 2118 canti-

2171 2145 2290 2186 cum
2317 2147 2510 2206 noviim
2534 2175 2549 2199 ,
2579 2132 2632 2186 id
2664 2143 2745 2188 est
2771 2131 3164 2206 professionem
3179 2149 3333 2206 suam
3347 2135 3554 2204 publice
3573 2134 3758 2206 profe-

2171 2211 2371 2257 rentes.
2411 2203 2478 2256 Et
2525 2217 2652 2258 vere
2695 2219 2888 2258 novum
2935 2211 3044 2270 est,
3091 2203 3284 2260 Filium
3327 2203 3420 2260 Dei
3475 2203 3750 2260 hominem

2175 2271 2305 2334 fieri,
2341 2281 2396 2327 et
2424 2273 2581 2339 mori,
2604 2282 2658 2328 et
2686 2289 2996 2342 resurgere,
3021 2283 3074 2328 et
3101 2275 3154 2328 in
3184 2275 3377 2332 ctelum
3429 2278 3750 2342 ascendere,

2173 2343 2541 2398 remissionem
2589 2357 2922 2412 peccatorum
2971 2345 3272 2400 hominibus
3323 2347 3472 2402 dare.
3541 2347 3754 2402 Cithara

2174 2413 2550 2487 enim,_i_dies_t,
2579 2414 2774 2487 chorda
2801 2415 2852 2468 in
2881 2415 3021 2487 ligno
3049 2425 3288 2482 extensa,
3329 2417 3594 2487 significat
3629 2431 3754 2472 car-

2176 2497 2300 2558 nem
2326 2483 2518 2538 ChriSli
2551 2485 2779 2554 passioni
2809 2483 3150 2558 coniunctam
3181 2505 3193 2537 :
3224 2483 3401 2558 phiala
3417 2495 3596 2542 autem
3624 2503 3758 2542 con-

2178 2553 2488 2628 fessionem,
2520 2553 2572 2628 et
2601 2555 3027 2628 novisacerdotii
3054 2553 3416 2626 propaginem.
3451 2559 3758 2628 Rcsignatio

2176 2623 2471 2694 sigillorum
2501 2625 2773 2695 adapertio
2793 2634 2877 2680 est
2903 2623 3116 2682 Veteris
3145 2623 3487 2682 Testamenti.
3535 2623 3606 2682 Εἰ
3657 2629 3760 2682 ridi

2178 2703 2224 2747 et
2251 2696 2417 2769 audiui
2444 2713 2610 2769 uocem
2639 2697 2910 2769 multorum
2936 2698 3230 2769 angelorum
3259 2715 3280 2769 ί
3315 2701 3532 2769 angelos
3587 2699 3760 2754 homi-

2179 2779 2275 2840 nes
2300 2765 2456 2840 dicit,
2484 2767 2572 2834 qui
2611 2776 2662 2821 et
2694 2765 2781 2840 ﬁlii
2815 2767 2906 2822 Dei
2949 2765 3214 2822 dii-untur.
3253 2765 3442 2840 Dignus
3485 2779 3556 2824 est
3587 2771 3760 2840 Agnus

2178 2835 2263 2908 qui
2291 2837 2600 2908 occisusiesl,
2632 2839 2857 2904 accipere
2883 2847 3174 2908 potestatem
3189 2849 3234 2892 et
3257 2835 3452 2894 diuitias
3477 2851 3522 2894 et
3550 2835 3758 2908 sapien-

2181 2906 2322 2979 tiam,
2356 2915 2456 2979 etc.
2489 2906 2603 2960 Non
2634 2908 2700 2979 de
2724 2909 2832 2962 Deo
2861 2906 3010 2972 dicit,
3045 2909 3096 2964 in
3126 2925 3232 2979 quo
3260 2921 3384 2964 sunt
3417 2906 3754 2966 omnes—the-

2181 2977 2322 3049 sauri
2346 2978 2616 3046 sapientia:
2641 2977 2856 3046 (Coloss.
2889 2993 2944 3049 tt,
2978 2979 3054 3048 3),
3079 2977 3514 3049 utiipseaccipiat
3539 2999 3552 3034 :
3574 2981 3671 3034 sed
3691 2981 3758 3036 de

2183 3045 2398 3121 nomine
2414 3045 2694 3121 assumpto
2715 3090 2744 3121 _,_
2763 3057 2818 3104 et
2857 3047 2972 3121 ejus
2999 3045 3221 3120 corpore
3245 3091 3260 3114 ,
3297 3045 3436 3121 quod
3463 3061 3547 3106 est
3577 3051 3762 3107 Eccle-

2182 3117 2281 3191 sia,
2313 3119 2392 3172 vel
2420 3119 2486 3172 de
2513 3117 2832 3191 martyribus
2857 3117 2990 3188 ejus,
3013 3117 3108 3191 qui
3127 3135 3226 3190 pro
3252 3117 3464 3178 nomine
3503 3121 3624 3191 ejus
3669 3138 3762 3177 oc-

2183 3189 2278 3268 cisi
2299 3197 2450 3274 sunt;
2479 3189 2599 3274 quia
2627 3189 3044 3274 itrca'pitensluo‘
3063 3189 3230 3274 totum
3259 3192 3446 3274 accipit
3499 3189 3760 3274 Ecclesia,

2183 3257 2602 3332 sicutiscriptum
2621 3269 2722 3332 est,
2746 3257 2870 3332 Cum
2889 3259 2980 3314 illo
3009 3263 3150 3316 nobis
3175 3263 3342 3316 omnia
3365 3257 3566 3316 donauit
3585 3257 3761 3332 (Rom.

2183 3343 2295 3403 vni.
2327 3327 2438 3403 52).
2471 3329 2584 3398 Ipse
2607 3331 2949 3403 enimAgnus
2969 3333 3193 3400 accipit,
3235 3335 3324 3402 qui
3373 3333 3424 3388 in
3473 3327 3764 3403 Evangelia

2185 3397 2331 3463 dicit,
2373 3397 2506 3452 Data
2535 3409 2604 3454 est
2634 3401 2756 3453 mihi
2785 3397 2945 3454 omnis
2971 3397 3188 3463 potestas
3209 3397 3268 3457 in'
3287 3405 3409 3458 caelo
3444 3413 3490 3458 et
3533 3405 3586 3458 in
3629 3397 3763 3457 ima

2187 3467 2396 3540 (Matth.
2427 3487 2607 3536 xxviii,
2635 3472 2741 3542 18).
2779 3467 3078 3526 Secundum
3119 3473 3496 3528 humanitatem
3543 3485 3724 3530 autem
3747 3517 3762 3540 ,

2185 3555 2306 3614 non
2330 3543 2620 3614 secundum
2661 3542 2986 3614 divinitatem
3035 3545 3260 3614 accepit.
3303 3543 3510 3611 Omnes,
3553 3545 3763 3614 inquit,

2185 3611 2354 3666 audivi
2385 3613 2601 3666 dicentes
2621 3612 2808 3665 sedenti
2829 3613 2882 3666 in
2903 3617 3101 3678 throno,
3131 3611 3182 3670 id
3211 3623 3308 3680 est,
3339 3615 3484 3670 Patri
3508 3625 3563 3670 et
3591 3611 3763 3670 Filio:

2187 3691 2234 3734 et
2261 3683 2426 3754 Agna,
2455 3683 2508 3736 id
2540 3692 2640 3754 est,
2676 3683 2924 3738 Ecclesia:
2953 3699 3071 3754 cum
3103 3686 3274 3754 capite
3306 3701 3424 3740 suo.
3469 3685 3766 3740 Benedictio

2187 3761 2233 3804 et
2257 3753 2416 3827 honor
2441 3764 2486 3827 et
2513 3752 2718 3827 claritas
2743 3755 2793 3806 in
2807 3753 3002 3827 _swcula
3029 3772 3049 3827 _:
3075 3755 3161 3810 cui
3173 3752 3267 3810 Vest
3293 3755 3462 3810 honor
3499 3765 3558 3812 et
3593 3757 3766 3827 gloria

2191 3831 2245 3878 et
2275 3823 2552 3894 imperium
2583 3823 2636 3878 in
2663 3824 2854 3878 stecula
2885 3825 3218 3881 surculorum.
3249 3827 3441 3882 Amen.

2823 3909 3036 3950 ﬂOIILlA
3071 3912 3125 3950 ν.

2257 3963 2373 4036 μὴ,
2401 3961 2501 4036 vt.]
2532 3963 2680 4036 Sicut
2703 3965 2890 4036 modo,
2921 3965 3046 4020 dum
3072 3967 3228 4022 lectio
3253 3967 3430 4022 divina
3467 3967 3760 4036 legeretur,

2187 4034 2428 4098 audistis,
2460 4034 2530 4106 iia
2556 4036 2627 4089 ait
2655 4034 2840 4088 beatus
2858 4035 3107 4098 Joannes.
3137 4037 3202 4090 Et
3240 4055 3350 4092 ecce
3393 4034 3550 4106 equus
3587 4039 3764 4103 albus,

2187 4115 2236 4159 et
2255 4107 2340 4176 qui
2366 4105 2561 4158 sedebat
2586 4121 2738 4176 super
2763 4122 2892 4168 eum,
2923 4107 3130 4161 habebat
3156 4125 3326 4161 arcum
3344 4125 3362 4173 ;
3383 4105 3441 4161 et,
3457 4109 3578 4161 data
3608 4119 3686 4162 est
3719 4111 3764 4163 ei

2189 4175 2394 4247 corona,
2423 4183 2466 4228 et
2495 4175 2614 4247 exiit
2638 4175 2836 4229 vincens
2865 4192 3068 4247 :equus
3088 4178 3238 4232 albus
3267 4178 3506 4232 Ecclesia
3527 4189 3632 4243 est,
3655 4193 3768 4234 ses-

2189 4245 2561 4319 sorChristus.
2589 4246 2689 4300 lstc
2713 4261 2882 4319 equus
2907 4245 3117 4303 Domini
3147 4263 3266 4302 cum
3287 4264 3412 4304 arcu
3451 4249 3648 4319 bellico
3677 4267 3768 4319 per

2187 4315 2501 4388 'Iiacharialti
2525 4317 2626 4370 hoc
2667 4315 2825 4372 modo
2863 4329 2984 4372 ante
3015 4319 3308 4388 promissus
3355 4327 3475 4384 est,
3535 4315 3766 4374 Visitubit

2189 4385 2436 4439 Dominus
2467 4385 2603 4440 Deus
2629 4403 2826 4456 gregem
2845 4405 2994 4442 suum
3015 4385 3224 4442 domum
3253 4389 3434 4456 Israel,
3463 4399 3510 4443 et
3535 4391 3766 4457 disponet

2188 4473 2300 4509 eum
2325 4457 2450 4510 sicut
2479 4474 2656 4527 equum
2676 4459 2954 4528 speciosum
2983 4461 3034 4512 in
3063 4459 3190 4514 bello
3217 4477 3234 4514 :
3263 4469 3308 4513 et
3333 4477 3398 4513 ea:
3425 4477 3480 4513 eo
3507 4461 3763 4528 inspiciet,

2187 4536 2235 4579 et
2263 4543 2326 4580 ea:
2352 4543 2408 4578 eo
2429 4528 2676 4597 disponet,
2709 4537 2753 4597 et
2783 4545 2844 4582 ea:
2865 4545 2923 4584 eo
2949 4547 3095 4584 arcus
3125 4532 3176 4584 in
3197 4531 3274 4584 ira
3293 4572 3308 4596 ,
3350 4541 3394 4584 et
3437 4547 3498 4584 ea:
3547 4548 3606 4584 eo
3639 4534 3766 4586 exist

2187 4598 2351 4672 omnis
2373 4596 2634 4672 insequens
2661 4601 2678 4670 (
2695 4596 2853 4672 _Zaclt.
2883 4615 2936 4664 χ,
2964 4601 3017 4666 5,
3039 4601 3116 4668 4).
3163 4601 3366 4672 Equum
3405 4617 3534 4672 ergo
3587 4603 3766 4656 alhutu

2187 4667 2528 4742 intelligimus
2553 4667 2842 4738 Prophetas
2879 4679 2934 4726 et
2969 4667 3270 4740 Apestolos.
3315 4667 3560 4742 Equitem
3605 4689 3766 4728 coro-

2187 4747 2370 4812 natum
2419 4737 2698 4812 habentem
2749 4756 2968 4812 areum,
3017 4737 3522 4812 agnoscimus'non
3593 4745 3764 4798 solum

2186 4807 2604 4884 Cli_rist_um,_sed
2629 4811 2785 4864 etiam
2809 4807 3075 4884 _Spiriluni
3107 4823 3366 4868 sanctum.
3413 4815 3764 4884 Posteaquam

2186 4879 2326 4933 enim
2353 4879 2613 4952 Dominus
2630 4879 2871 4952 ascendit
2893 4883 2946 4936 in
2974 4881 3190 4948 cmlum,
3213 4893 3268 4939 et
3289 4884 3496 4952 aperuit
3519 4879 3766 4940 universa

2186 4951 2472 5024 mysteria;
2501 4951 2641 5004 misit
2669 4949 2924 5020 Spiritum
2953 4966 3191 5008 sanctum
3236 4973 3248 5006 :
3281 4949 3430 5022 cuius
3463 4955 3624 5010 verba
3675 4973 3768 5024 per

2185 5019 2563 5095 prtedicatores
2605 5019 2854 5095 tanquam
2875 5025 3094 5095 sagittae
3123 5025 3188 5078 ad
3223 5041 3316 5080 cor
3337 5019 3611 5080 hominum
3647 5019 3766 5095 per-

2187 5092 2468 5162 tingerent.
2491 5100 2544 5146 ct
2570 5093 2841 5146 vincerent
2871 5092 3315 5150 incredulitatem.
3343 5095 3552 5152 Corona
3589 5092 3764 5152 autem

2185 5177 2347 5235 super
2371 5163 2857 5235 _caput,_promissa
2889 5180 2983 5234 per
3019 5164 3270 5235 Spiritum
3297 5177 3538 5221 sanctum
3575 5169 3766 5224 intelli-

2183 5231 2355 5304 genda
2385 5242 2524 5287 sunt.
2559 5231 2622 5286 Et
2649 5250 2762 5286 cum
2787 5231 3596 5304 aperuisset—sigillumsecundum
3615 5279 3630 5302 ,
3674 5257 3766 5292 au—

2186 5303 2290 5356 diui
2318 5305 2592 5358 secundum
2619 5305 2837 5367 animal,
2870 5305 3038 5360 dicens
3066 5323 3083 5361 :
3123 5305 3246 5360 Vetti
3273 5318 3318 5361 et
3357 5309 3486 5362 uide.
3531 5307 3600 5362 Et
3651 5311 3768 5364 exiit

2185 5391 2344 5451 equus
2359 5379 2500 5444 rufus
2523 5391 2540 5429 :
2560 5383 2604 5428 et
2631 5373 2822 5451 sedenti
2842 5393 2991 5447 super
3016 5394 3128 5451 eum
3156 5378 3328 5432 datum
3365 5387 3438 5451 est
3470 5380 3648 5434 tollere
3675 5397 3764 5451 pa.

2185 5461 2290 5519 cem
2310 5445 2372 5498 de
2396 5454 2550 5510 terra,
2575 5455 2628 5519 et_
2646 5455 2696 5497 ut
2713 5445 2922 5519 invicem
2948 5449 3245 5514 occiderent,
3267 5457 3314 5502 et
3339 5449 3488 5504 datus
3505 5461 3582 5504 est
3599 5453 3644 5504 ei
3660 5445 3762 5519 gla-

2186 5515 2300 5588 dius
2328 5531 2558 5588 magnus.
2591 5515 2785 5588 Contra
2815 5518 3082 5573 victricem
3125 5519 3528 5588 viucentemque
3577 5515 3766 5576 Eccle-

2185 5586 2316 5660 _siam
2349 5585 2476 5639 exiit
2504 5601 2671 5654 equus
2699 5587 2876 5660 rufus,
2919 5587 2970 5643 id
2995 5599 3076 5644 est
3097 5591 3318 5660 populus
3346 5585 3560 5646 sinister
3577 5601 3634 5646 et
3653 5609 3765 5645 ma-

2184 5655 2288 5732 ius,
2319 5671 2379 5710 ex
2405 5671 2612 5710 seSsore
2635 5671 2735 5732 suo
2755 5658 2966 5732 dialnilo
2989 5655 3420 5732 sanguinolentus
3465 5681 3478 5716 :
3525 5664 3764 5732 quttllIViS

2185 5725 2420 5801 legamus
2451 5729 2738 5782 secundum
2765 5729 3070 5786 Zachariam
3087 5725 3290 5801 Equum
3315 5733 3520 5786 Domini
3545 5725 3760 5792 rufum:

2186 5797 2284 5854 sed
2311 5798 2398 5853 ille
2433 5811 2530 5852 suo
2557 5802 2815 5870 sanguine
2854 5811 3000 5870 erat,
3031 5803 3115 5858 hic
3139 5797 3336 5868 alieno.
3375 5803 3469 5860 Cui
3504 5804 3658 5861 datus
3695 5813 3764 5860 est
