  <div class='ocr_page' id='page_1' title='image "/cluster/home/n/w/nwhite01/storage/ocr_20150623/35/hvd.32044015706302/562.png"; bbox 0 0 4070 6466; ppageno 0'>
   <div class='ocr_carea' id='block_1_1' title="bbox 353 390 501 450">
    <p class='ocr_par' dir='ltr' id='par_1_1' title="bbox 353 390 501 450">
     <span class='ocr_line' id='line_1_1' title="bbox 353 390 501 450; baseline -0.014 -1"><span class='ocrx_word' id='word_1_1' title='bbox 353 390 501 450; x_wconf 67' lang='grc'><strong>2425</strong></span> 
     </span>
    </p>
   </div>
   <div class='ocr_carea' id='block_1_2' title="bbox 353 501 1928 584">
    <p class='ocr_par' dir='ltr' id='par_1_2' title="bbox 353 501 1928 584">
     <span class='ocr_line' id='line_1_2' title="bbox 353 501 1928 584; baseline -0.006 -17"><span class='ocrx_word' id='word_1_2' title='bbox 353 512 553 584; x_wconf 78' lang='lat' dir='ltr'><strong>gladius</strong></span> <span class='ocrx_word' id='word_1_3' title='bbox 578 526 824 584; x_wconf 78' lang='lat' dir='ltr'><strong>magnus,</strong></span> <span class='ocrx_word' id='word_1_4' title='bbox 854 517 909 563; x_wconf 89' lang='lat' dir='ltr'><strong>ut</strong></span> <span class='ocrx_word' id='word_1_5' title='bbox 954 505 1148 584; x_wconf 76' lang='lat' dir='ltr'><strong>tolleret</strong></span> <span class='ocrx_word' id='word_1_6' title='bbox 1180 521 1355 577; x_wconf 88' lang='lat' dir='ltr'><strong>pacem</strong></span> <span class='ocrx_word' id='word_1_7' title='bbox 1409 503 1473 558; x_wconf 89' lang='lat' dir='ltr'><strong>de</strong></span> <span class='ocrx_word' id='word_1_8' title='bbox 1507 511 1638 584; x_wconf 50' lang='lat' dir='ltr'><strong>terra</strong></span> <span class='ocrx_word' id='word_1_9' title='bbox 1659 519 1679 568; x_wconf 89' lang='lat'><strong>;</strong></span> <span class='ocrx_word' id='word_1_10' title='bbox 1698 501 1928 584; x_wconf 86' lang='lat' dir='ltr'><strong>_scilicet</strong></span> 
     </span>
    </p>
   </div>
   <div class='ocr_carea' id='block_1_3' title="bbox 353 573 1930 652">
    <p class='ocr_par' dir='ltr' id='par_1_3' title="bbox 353 573 1930 652">
     <span class='ocr_line' id='line_1_3' title="bbox 353 573 1930 652; baseline -0.008 -13"><span class='ocrx_word' id='word_1_11' title='bbox 353 573 505 639; x_wconf 60' lang='lat' dir='ltr'><strong>Euam</strong></span> <span class='ocrx_word' id='word_1_12' title='bbox 535 573 740 652; x_wconf 73' lang='lat' dir='ltr'><strong>pacein,</strong></span> <span class='ocrx_word' id='word_1_13' title='bbox 765 573 868 634; x_wconf 88' lang='lat' dir='ltr'><strong>hoc</strong></span> <span class='ocrx_word' id='word_1_14' title='bbox 885 573 1304 652; x_wconf 15' lang='lat' dir='ltr'><strong>estsmunda&#39;nam</strong></span> <span class='ocrx_word' id='word_1_15' title='bbox 1325 595 1336 628; x_wconf 90' lang='lat'><strong>:</strong></span> <span class='ocrx_word' id='word_1_16' title='bbox 1361 573 1744 652; x_wconf 79' lang='lat' dir='ltr'><strong>nam_Ecc_les_ia</strong></span> <span class='ocrx_word' id='word_1_17' title='bbox 1773 583 1930 652; x_wconf 58' lang='lat' dir='ltr'><strong>aiter-</strong></span> 
     </span>
    </p>
   </div>
   <div class='ocr_carea' id='block_1_4' title="bbox 353 643 1924 724">
    <p class='ocr_par' dir='ltr' id='par_1_4' title="bbox 353 643 1924 724">
     <span class='ocr_line' id='line_1_4' title="bbox 353 643 1924 724; baseline -0.006 -16"><span class='ocrx_word' id='word_1_18' title='bbox 353 670 475 708; x_wconf 87' lang='lat' dir='ltr'><strong>uam</strong></span> <span class='ocrx_word' id='word_1_19' title='bbox 510 643 714 724; x_wconf 78' lang='lat' dir='ltr'><strong>pacem.</strong></span> <span class='ocrx_word' id='word_1_20' title='bbox 742 667 897 724; x_wconf 85' lang='lat' dir='ltr'><strong>quam</strong></span> <span class='ocrx_word' id='word_1_21' title='bbox 926 650 1023 703; x_wconf 85' lang='lat' dir='ltr'><strong>sibi</strong></span> <span class='ocrx_word' id='word_1_22' title='bbox 1051 647 1292 703; x_wconf 78' lang='lat' dir='ltr'><strong>Christus</strong></span> <span class='ocrx_word' id='word_1_23' title='bbox 1319 645 1528 724; x_wconf 80' lang='lat' dir='ltr'><strong>reliquit</strong></span> <span class='ocrx_word' id='word_1_24' title='bbox 1551 685 1566 708; x_wconf 91' lang='lat'><strong>,</strong></span> <span class='ocrx_word' id='word_1_25' title='bbox 1611 643 1924 724; x_wconf 65' lang='lat' dir='ltr'><strong>h_r_tbe_t.$ic-</strong></span> 
     </span>
    </p>
   </div>
   <div class='ocr_carea' id='block_1_5' title="bbox 353 714 1923 796">
    <p class='ocr_par' dir='ltr' id='par_1_5' title="bbox 353 714 1923 796">
     <span class='ocr_line' id='line_1_5' title="bbox 353 714 1923 796; baseline -0.006 -18"><span class='ocrx_word' id='word_1_26' title='bbox 353 735 405 796; x_wconf 85' lang='lat' dir='ltr'><strong>ut</strong></span> <span class='ocrx_word' id='word_1_27' title='bbox 439 714 564 796; x_wconf 71' lang='lat' dir='ltr'><strong>ergo</strong></span> <span class='ocrx_word' id='word_1_28' title='bbox 608 714 1128 796; x_wconf 57' lang='lat' dir='ltr'><strong>supra&#39;dietum_est_,</strong></span> <span class='ocrx_word' id='word_1_29' title='bbox 1171 733 1363 796; x_wconf 84' lang='lat' dir='ltr'><strong>equum</strong></span> <span class='ocrx_word' id='word_1_30' title='bbox 1385 717 1582 796; x_wconf 38' lang='lat' dir='ltr'><strong>“album</strong></span> <span class='ocrx_word' id='word_1_31' title='bbox 1632 714 1923 796; x_wconf 83' lang='lat' dir='ltr'><strong>Ecclesiam</strong></span> 
     </span>
    </p>
   </div>
   <div class='ocr_carea' id='block_1_6' title="bbox 352 786 1922 859">
    <p class='ocr_par' dir='ltr' id='par_1_6' title="bbox 352 786 1922 859">
     <span class='ocr_line' id='line_1_6' title="bbox 352 786 1922 859; baseline -0.006 -10"><span class='ocrx_word' id='word_1_32' title='bbox 352 795 478 849; x_wconf 91' lang='lat' dir='ltr'><strong>dicit</strong></span> <span class='ocrx_word' id='word_1_33' title='bbox 498 786 526 858; x_wconf 73' lang='grc' dir='ltr'><strong>ξ’</strong></span> <span class='ocrx_word' id='word_1_34' title='bbox 544 786 802 849; x_wconf 83' lang='lat' dir='ltr'><strong>sessorem</strong></span> <span class='ocrx_word' id='word_1_35' title='bbox 826 793 959 859; x_wconf 82' lang='lat' dir='ltr'><strong>ejus,</strong></span> <span class='ocrx_word' id='word_1_36' title='bbox 982 789 1250 846; x_wconf 77' lang='lat' dir='ltr'><strong>Christum</strong></span> <span class='ocrx_word' id='word_1_37' title='bbox 1277 788 1360 842; x_wconf 88' lang='lat' dir='ltr'><strong>vel</strong></span> <span class='ocrx_word' id='word_1_38' title='bbox 1383 786 1922 859; x_wconf 71' lang='lat' dir='ltr'><strong>SpiritumsAuctum.</strong></span> 
     </span>
    </p>
   </div>
   <div class='ocr_carea' id='block_1_7' title="bbox 352 858 1917 932">
    <p class='ocr_par' dir='ltr' id='par_1_7' title="bbox 352 858 1917 932">
     <span class='ocr_line' id='line_1_7' title="bbox 352 858 1917 932; baseline -0.006 -11"><span class='ocrx_word' id='word_1_39' title='bbox 352 868 524 921; x_wconf 82' lang='lat' dir='ltr'><strong>Arcus</strong></span> <span class='ocrx_word' id='word_1_40' title='bbox 551 881 704 932; x_wconf 89' lang='lat' dir='ltr'><strong>quem</strong></span> <span class='ocrx_word' id='word_1_41' title='bbox 735 858 949 918; x_wconf 90' lang='lat' dir='ltr'><strong>tenebat</strong></span> <span class='ocrx_word' id='word_1_42' title='bbox 988 863 1038 916; x_wconf 89' lang='lat' dir='ltr'><strong>in</strong></span> <span class='ocrx_word' id='word_1_43' title='bbox 1072 877 1228 932; x_wconf 87' lang='lat' dir='ltr'><strong>manu</strong></span> <span class='ocrx_word' id='word_1_44' title='bbox 1251 902 1264 921; x_wconf 88' lang='lat'><strong>,</strong></span> <span class='ocrx_word' id='word_1_45' title='bbox 1311 865 1570 932; x_wconf 66' lang='lat' dir='ltr'><strong>prmcepta</strong></span> <span class='ocrx_word' id='word_1_46' title='bbox 1606 858 1723 925; x_wconf 68' lang='lat' dir='ltr'><strong>ejus</strong></span> <span class='ocrx_word' id='word_1_47' title='bbox 1759 865 1917 932; x_wconf 75' lang='lat' dir='ltr'><strong>sunt:</strong></span> 
     </span>
    </p>
   </div>
   <div class='ocr_carea' id='block_1_8' title="bbox 351 927 1924 1006">
    <p class='ocr_par' dir='ltr' id='par_1_8' title="bbox 351 927 1924 1006">
     <span class='ocr_line' id='line_1_8' title="bbox 351 927 1924 1006; baseline -0.004 -18"><span class='ocrx_word' id='word_1_48' title='bbox 351 953 467 1006; x_wconf 79' lang='lat' dir='ltr'><strong>qna-</strong></span> <span class='ocrx_word' id='word_1_49' title='bbox 493 927 584 1005; x_wconf 83' lang='lat' dir='ltr'><strong>per</strong></span> <span class='ocrx_word' id='word_1_50' title='bbox 614 945 777 989; x_wconf 87' lang='lat' dir='ltr'><strong>totum</strong></span> <span class='ocrx_word' id='word_1_51' title='bbox 809 933 1064 988; x_wconf 90' lang='lat' dir='ltr'><strong>mundum</strong></span> <span class='ocrx_word' id='word_1_52' title='bbox 1095 931 1235 984; x_wconf 92' lang='lat' dir='ltr'><strong>velut</strong></span> <span class='ocrx_word' id='word_1_53' title='bbox 1261 927 1658 1006; x_wconf 51' lang='lat' dir='ltr'><strong>sagittteaculfe</strong></span> <span class='ocrx_word' id='word_1_54' title='bbox 1696 927 1924 1006; x_wconf 76' lang='lat' dir='ltr'><strong>potentis</strong></span> 
     </span>
    </p>
   </div>
   <div class='ocr_carea' id='block_1_9' title="bbox 349 997 1922 1079">
    <p class='ocr_par' dir='ltr' id='par_1_9' title="bbox 349 997 1922 1079">
     <span class='ocr_line' id='line_1_9' title="bbox 349 997 1922 1079; baseline -0.004 -19"><span class='ocrx_word' id='word_1_55' title='bbox 349 997 413 1079; x_wconf 69' lang='lat' dir='ltr'><strong>ad</strong></span> <span class='ocrx_word' id='word_1_56' title='bbox 439 997 803 1079; x_wconf 76' lang='lat' dir='ltr'><strong>inicrﬁcieuda</strong></span> <span class='ocrx_word' id='word_1_57' title='bbox 829 1014 1063 1079; x_wconf 79' lang='lat' dir='ltr'><strong>peccata,</strong></span> <span class='ocrx_word' id='word_1_58' title='bbox 1095 1012 1147 1055; x_wconf 91' lang='lat' dir='ltr'><strong>et</strong></span> <span class='ocrx_word' id='word_1_59' title='bbox 1172 999 1479 1079; x_wconf 68' lang='lat' dir='ltr'><strong>excitsnda‘</strong></span> <span class='ocrx_word' id='word_1_60' title='bbox 1509 997 1737 1079; x_wconf 73' lang='lat' dir='ltr'><strong>ﬁdelium</strong></span> <span class='ocrx_word' id='word_1_61' title='bbox 1763 998 1922 1079; x_wconf 76' lang='lat' dir='ltr'><strong>corda</strong></span> 
     </span>
    </p>
   </div>
   <div class='ocr_carea' id='block_1_10' title="bbox 353 1069 1923 1140">
    <p class='ocr_par' dir='ltr' id='par_1_10' title="bbox 353 1069 1923 1140">
     <span class='ocr_line' id='line_1_10' title="bbox 353 1069 1923 1140; baseline -0.004 -10"><span class='ocrx_word' id='word_1_62' title='bbox 353 1077 570 1132; x_wconf 67' lang='lat' dir='ltr'><strong>directa:</strong></span> <span class='ocrx_word' id='word_1_63' title='bbox 597 1086 737 1131; x_wconf 87' lang='lat' dir='ltr'><strong>sunt.</strong></span> <span class='ocrx_word' id='word_1_64' title='bbox 766 1069 970 1130; x_wconf 84' lang='lat' dir='ltr'><strong>Corona</strong></span> <span class='ocrx_word' id='word_1_65' title='bbox 1003 1075 1052 1127; x_wconf 91' lang='lat' dir='ltr'><strong>in</strong></span> <span class='ocrx_word' id='word_1_66' title='bbox 1094 1073 1264 1140; x_wconf 86' lang='lat' dir='ltr'><strong>capite</strong></span> <span class='ocrx_word' id='word_1_67' title='bbox 1293 1071 1441 1139; x_wconf 86' lang='lat' dir='ltr'><strong>ejus,</strong></span> <span class='ocrx_word' id='word_1_68' title='bbox 1487 1069 1767 1135; x_wconf 80' lang='lat' dir='ltr'><strong>promissio</strong></span> <span class='ocrx_word' id='word_1_69' title='bbox 1803 1069 1923 1123; x_wconf 67' lang='lat' dir='ltr'><strong>vita:</strong></span> 
     </span>
    </p>
   </div>
   <div class='ocr_carea' id='block_1_11' title="bbox 350 1141 1924 1214">
    <p class='ocr_par' dir='ltr' id='par_1_11' title="bbox 350 1141 1924 1214">
     <span class='ocr_line' id='line_1_11' title="bbox 350 1141 1924 1214; baseline -0.005 -14"><span class='ocrx_word' id='word_1_70' title='bbox 350 1158 564 1201; x_wconf 69' lang='lat' dir='ltr'><strong>arteriae</strong></span> <span class='ocrx_word' id='word_1_71' title='bbox 590 1155 690 1202; x_wconf 90' lang='lat' dir='ltr'><strong>est.</strong></span> <span class='ocrx_word' id='word_1_72' title='bbox 722 1148 924 1214; x_wconf 91' lang='lat' dir='ltr'><strong>Equum</strong></span> <span class='ocrx_word' id='word_1_73' title='bbox 954 1144 1149 1206; x_wconf 79' lang='lat' dir='ltr'><strong>rufum,</strong></span> <span class='ocrx_word' id='word_1_74' title='bbox 1180 1142 1376 1214; x_wconf 87' lang='lat' dir='ltr'><strong>malum</strong></span> <span class='ocrx_word' id='word_1_75' title='bbox 1408 1141 1691 1214; x_wconf 78' lang='lat' dir='ltr'><strong>populum;</strong></span> <span class='ocrx_word' id='word_1_76' title='bbox 1747 1153 1924 1214; x_wconf 40' lang='lat' dir='ltr'><strong>sessor</strong></span> 
     </span>
    </p>
   </div>
   <div class='ocr_carea' id='block_1_12' title="bbox 350 1210 1920 1285">
    <p class='ocr_par' dir='ltr' id='par_1_12' title="bbox 350 1210 1920 1285">
     <span class='ocr_line' id='line_1_12' title="bbox 350 1210 1920 1285; baseline -0.003 -15"><span class='ocrx_word' id='word_1_77' title='bbox 350 1234 462 1270; x_wconf 87' lang='lat' dir='ltr'><strong>rem</strong></span> <span class='ocrx_word' id='word_1_78' title='bbox 492 1222 630 1285; x_wconf 84' lang='lat' dir='ltr'><strong>ejus,</strong></span> <span class='ocrx_word' id='word_1_79' title='bbox 660 1210 925 1272; x_wconf 83' lang='lat' dir='ltr'><strong>diabolum</strong></span> <span class='ocrx_word' id='word_1_80' title='bbox 955 1233 967 1268; x_wconf 91' lang='lat'><strong>:</strong></span> <span class='ocrx_word' id='word_1_81' title='bbox 995 1229 1151 1283; x_wconf 89' lang='lat' dir='ltr'><strong>quem</strong></span> <span class='ocrx_word' id='word_1_82' title='bbox 1177 1213 1295 1285; x_wconf 76' lang='lat' dir='ltr'><strong>ideo</strong></span> <span class='ocrx_word' id='word_1_83' title='bbox 1314 1211 1444 1285; x_wconf 76' lang='lat' dir='ltr'><strong>dixit</strong></span> <span class='ocrx_word' id='word_1_84' title='bbox 1471 1211 1665 1285; x_wconf 77' lang='lat' dir='ltr'><strong>rufum,</strong></span> <span class='ocrx_word' id='word_1_85' title='bbox 1685 1224 1760 1285; x_wconf 86' lang='lat' dir='ltr'><strong>_eo</strong></span> <span class='ocrx_word' id='word_1_86' title='bbox 1781 1210 1920 1279; x_wconf 88' lang='lat' dir='ltr'><strong>quod</strong></span> 
     </span>
    </p>
   </div>
   <div class='ocr_carea' id='block_1_13' title="bbox 349 1280 1920 1352">
    <p class='ocr_par' dir='ltr' id='par_1_13' title="bbox 349 1280 1920 1352">
     <span class='ocr_line' id='line_1_13' title="bbox 349 1280 1920 1352; baseline -0.004 -12"><span class='ocrx_word' id='word_1_87' title='bbox 349 1280 632 1342; x_wconf 74' lang='lat' dir='ltr'><strong>uutltorum</strong></span> <span class='ocrx_word' id='word_1_88' title='bbox 675 1296 816 1341; x_wconf 82' lang='lat' dir='ltr'><strong>esset</strong></span> <span class='ocrx_word' id='word_1_89' title='bbox 862 1280 1114 1352; x_wconf 82' lang='lat' dir='ltr'><strong>sanguine</strong></span> <span class='ocrx_word' id='word_1_90' title='bbox 1156 1281 1496 1337; x_wconf 83' lang='lat' dir='ltr'><strong>rubicundus.</strong></span> <span class='ocrx_word' id='word_1_91' title='bbox 1549 1280 1699 1352; x_wconf 83' lang='lat' dir='ltr'><strong>Quod</strong></span> <span class='ocrx_word' id='word_1_92' title='bbox 1745 1289 1920 1334; x_wconf 91' lang='lat' dir='ltr'><strong>autem</strong></span> 
     </span>
    </p>
   </div>
   <div class='ocr_carea' id='block_1_14' title="bbox 347 1351 1918 1428">
    <p class='ocr_par' dir='ltr' id='par_1_14' title="bbox 347 1351 1918 1428">
     <span class='ocr_line' id='line_1_14' title="bbox 347 1351 1918 1428; baseline -0.004 -18"><span class='ocrx_word' id='word_1_93' title='bbox 347 1357 502 1412; x_wconf 83' lang='lat' dir='ltr'><strong>datus</strong></span> <span class='ocrx_word' id='word_1_94' title='bbox 531 1361 612 1414; x_wconf 85' lang='lat' dir='ltr'><strong>est</strong></span> <span class='ocrx_word' id='word_1_95' title='bbox 640 1360 688 1413; x_wconf 89' lang='lat' dir='ltr'><strong>ei</strong></span> <span class='ocrx_word' id='word_1_96' title='bbox 717 1357 921 1428; x_wconf 83' lang='lat' dir='ltr'><strong>gladius</strong></span> <span class='ocrx_word' id='word_1_97' title='bbox 935 1351 1149 1428; x_wconf 80' lang='lat' dir='ltr'><strong>acutus,</strong></span> <span class='ocrx_word' id='word_1_98' title='bbox 1179 1362 1232 1408; x_wconf 89' lang='lat' dir='ltr'><strong>et</strong></span> <span class='ocrx_word' id='word_1_99' title='bbox 1253 1354 1638 1428; x_wconf 83' lang='lat' dir='ltr'><strong>tol_lere_pacem</strong></span> <span class='ocrx_word' id='word_1_100' title='bbox 1665 1351 1744 1428; x_wconf 76' lang='lat' dir='ltr'><strong>de</strong></span> <span class='ocrx_word' id='word_1_101' title='bbox 1759 1360 1918 1428; x_wconf 78' lang='lat' dir='ltr'><strong>terra,</strong></span> 
     </span>
    </p>
   </div>
   <div class='ocr_carea' id='block_1_15' title="bbox 349 1421 1922 1499">
    <p class='ocr_par' dir='ltr' id='par_1_15' title="bbox 349 1421 1922 1499">
     <span class='ocr_line' id='line_1_15' title="bbox 349 1421 1922 1499; baseline -0.003 -18"><span class='ocrx_word' id='word_1_102' title='bbox 349 1428 449 1483; x_wconf 91' lang='lat' dir='ltr'><strong>hoc</strong></span> <span class='ocrx_word' id='word_1_103' title='bbox 476 1439 585 1495; x_wconf 89' lang='lat' dir='ltr'><strong>est,</strong></span> <span class='ocrx_word' id='word_1_104' title='bbox 613 1421 750 1499; x_wconf 80' lang='lat' dir='ltr'><strong>quod</strong></span> <span class='ocrx_word' id='word_1_105' title='bbox 778 1426 986 1499; x_wconf 80' lang='lat' dir='ltr'><strong>diabolo</strong></span> <span class='ocrx_word' id='word_1_106' title='bbox 1007 1424 1259 1499; x_wconf 82' lang='lat' dir='ltr'><strong>suadente</strong></span> <span class='ocrx_word' id='word_1_107' title='bbox 1284 1467 1296 1484; x_wconf 84' lang='lat'><strong>.</strong></span> <span class='ocrx_word' id='word_1_108' title='bbox 1323 1423 1563 1499; x_wconf 72' lang='lat' dir='ltr'><strong>homines</strong></span> <span class='ocrx_word' id='word_1_109' title='bbox 1585 1422 1704 1475; x_wconf 88' lang='lat' dir='ltr'><strong>mali</strong></span> <span class='ocrx_word' id='word_1_110' title='bbox 1726 1421 1922 1499; x_wconf 77' lang='lat' dir='ltr'><strong>jngiter</strong></span> 
     </span>
    </p>
   </div>
   <div class='ocr_carea' id='block_1_16' title="bbox 351 1491 1920 1564">
    <p class='ocr_par' dir='ltr' id='par_1_16' title="bbox 351 1491 1920 1564">
     <span class='ocr_line' id='line_1_16' title="bbox 351 1491 1920 1564; baseline -0.003 -12"><span class='ocrx_word' id='word_1_111' title='bbox 351 1499 488 1553; x_wconf 89' lang='lat' dir='ltr'><strong>inter</strong></span> <span class='ocrx_word' id='word_1_112' title='bbox 517 1491 581 1554; x_wconf 79' lang='lat' dir='ltr'><strong>se</strong></span> <span class='ocrx_word' id='word_1_113' title='bbox 603 1491 717 1554; x_wconf 57' lang='lat' dir='ltr'><strong>Ii&#39;tes</strong></span> <span class='ocrx_word' id='word_1_114' title='bbox 745 1509 796 1552; x_wconf 90' lang='lat' dir='ltr'><strong>et</strong></span> <span class='ocrx_word' id='word_1_115' title='bbox 822 1496 1112 1551; x_wconf 82' lang='lat' dir='ltr'><strong>discordias</strong></span> <span class='ocrx_word' id='word_1_116' title='bbox 1137 1511 1303 1564; x_wconf 87' lang='lat' dir='ltr'><strong>usque</strong></span> <span class='ocrx_word' id='word_1_117' title='bbox 1329 1494 1392 1547; x_wconf 90' lang='lat' dir='ltr'><strong>ad</strong></span> <span class='ocrx_word' id='word_1_118' title='bbox 1424 1505 1643 1547; x_wconf 91' lang='lat' dir='ltr'><strong>mortem</strong></span> <span class='ocrx_word' id='word_1_119' title='bbox 1690 1491 1920 1564; x_wconf 57' lang='lat' dir='ltr'><strong>excitare</strong></span> 
     </span>
    </p>
   </div>
   <div class='ocr_carea' id='block_1_17' title="bbox 349 1562 1920 1636">
    <p class='ocr_par' dir='ltr' id='par_1_17' title="bbox 349 1562 1920 1636">
     <span class='ocr_line' id='line_1_17' title="bbox 349 1562 1920 1636; baseline -0.004 -14"><span class='ocrx_word' id='word_1_120' title='bbox 349 1585 453 1623; x_wconf 90' lang='lat' dir='ltr'><strong>non</strong></span> <span class='ocrx_word' id='word_1_121' title='bbox 476 1580 703 1625; x_wconf 91' lang='lat' dir='ltr'><strong>cessant.</strong></span> <span class='ocrx_word' id='word_1_122' title='bbox 733 1571 798 1623; x_wconf 89' lang='lat' dir='ltr'><strong>Et</strong></span> <span class='ocrx_word' id='word_1_123' title='bbox 823 1569 872 1622; x_wconf 94' lang='lat' dir='ltr'><strong>in</strong></span> <span class='ocrx_word' id='word_1_124' title='bbox 895 1582 1034 1636; x_wconf 89' lang='lat' dir='ltr'><strong>equo</strong></span> <span class='ocrx_word' id='word_1_125' title='bbox 1054 1562 1558 1636; x_wconf 34' lang='lat' dir='ltr'><strong>nigroiintelligitur</strong></span> <span class='ocrx_word' id='word_1_126' title='bbox 1586 1562 1806 1636; x_wconf 61' lang='lat' dir='ltr'><strong>populus</strong></span> <span class='ocrx_word' id='word_1_127' title='bbox 1850 1565 1920 1616; x_wconf 88' lang='lat' dir='ltr'><strong>si-</strong></span> 
     </span>
    </p>
   </div>
   <div class='ocr_carea' id='block_1_18' title="bbox 349 1633 1919 1704">
    <p class='ocr_par' dir='ltr' id='par_1_18' title="bbox 349 1633 1919 1704">
     <span class='ocr_line' id='line_1_18' title="bbox 349 1633 1919 1704; baseline -0.004 -12"><span class='ocrx_word' id='word_1_128' title='bbox 349 1641 536 1704; x_wconf 90' lang='lat' dir='ltr'><strong>nister,</strong></span> <span class='ocrx_word' id='word_1_129' title='bbox 567 1641 776 1694; x_wconf 90' lang='lat' dir='ltr'><strong>diabolo</strong></span> <span class='ocrx_word' id='word_1_130' title='bbox 810 1633 1169 1692; x_wconf 77' lang='lat' dir='ltr'><strong>consentiens.</strong></span> <span class='ocrx_word' id='word_1_131' title='bbox 1211 1635 1358 1703; x_wconf 86' lang='lat' dir='ltr'><strong>Quod</strong></span> <span class='ocrx_word' id='word_1_132' title='bbox 1402 1643 1613 1704; x_wconf 77' lang='lat' dir='ltr'><strong>autem,</strong></span> <span class='ocrx_word' id='word_1_133' title='bbox 1665 1633 1919 1686; x_wconf 85' lang='lat' dir='ltr'><strong>Stateram</strong></span> 
     </span>
    </p>
   </div>
   <div class='ocr_carea' id='block_1_19' title="bbox 347 1703 1914 1774">
    <p class='ocr_par' dir='ltr' id='par_1_19' title="bbox 347 1703 1914 1774">
     <span class='ocr_line' id='line_1_19' title="bbox 347 1703 1914 1774; baseline -0.003 -13"><span class='ocrx_word' id='word_1_134' title='bbox 347 1710 555 1764; x_wconf 79' lang='lat' dir='ltr'><strong>habebat</strong></span> <span class='ocrx_word' id='word_1_135' title='bbox 577 1713 629 1764; x_wconf 89' lang='lat' dir='ltr'><strong>in</strong></span> <span class='ocrx_word' id='word_1_136' title='bbox 657 1727 828 1774; x_wconf 83' lang='lat' dir='ltr'><strong>manu,</strong></span> <span class='ocrx_word' id='word_1_137' title='bbox 861 1708 960 1761; x_wconf 93' lang='lat' dir='ltr'><strong>hoc</strong></span> <span class='ocrx_word' id='word_1_138' title='bbox 983 1708 1120 1770; x_wconf 89' lang='lat' dir='ltr'><strong>ideo,</strong></span> <span class='ocrx_word' id='word_1_139' title='bbox 1149 1708 1267 1774; x_wconf 90' lang='lat' dir='ltr'><strong>quia</strong></span> <span class='ocrx_word' id='word_1_140' title='bbox 1299 1707 1421 1758; x_wconf 91' lang='lat' dir='ltr'><strong>dum</strong></span> <span class='ocrx_word' id='word_1_141' title='bbox 1464 1720 1522 1756; x_wconf 89' lang='lat' dir='ltr'><strong>se</strong></span> <span class='ocrx_word' id='word_1_142' title='bbox 1565 1703 1764 1772; x_wconf 86' lang='lat' dir='ltr'><strong>ﬁngunt</strong></span> <span class='ocrx_word' id='word_1_143' title='bbox 1786 1705 1914 1774; x_wconf 89' lang='lat' dir='ltr'><strong>mali</strong></span> 
     </span>
    </p>
   </div>
   <div class='ocr_carea' id='block_1_20' title="bbox 339 1773 1915 1849">
    <p class='ocr_par' dir='ltr' id='par_1_20' title="bbox 339 1773 1915 1849">
     <span class='ocr_line' id='line_1_20' title="bbox 339 1773 1915 1849; baseline -0.003 -17"><span class='ocrx_word' id='word_1_144' title='bbox 339 1780 558 1849; x_wconf 68' lang='lat' dir='ltr'><strong>justitia:</strong></span> <span class='ocrx_word' id='word_1_145' title='bbox 580 1782 767 1836; x_wconf 81' lang='lat' dir='ltr'><strong>libram</strong></span> <span class='ocrx_word' id='word_1_146' title='bbox 790 1773 992 1844; x_wconf 88' lang='lat' dir='ltr'><strong>tenere,</strong></span> <span class='ocrx_word' id='word_1_147' title='bbox 1023 1778 1099 1832; x_wconf 91' lang='lat' dir='ltr'><strong>sic</strong></span> <span class='ocrx_word' id='word_1_148' title='bbox 1130 1773 1436 1849; x_wconf 81' lang='lat' dir='ltr'><strong>plerumque</strong></span> <span class='ocrx_word' id='word_1_149' title='bbox 1456 1774 1742 1849; x_wconf 82' lang='lat' dir='ltr'><strong>decipiunt.</strong></span> <span class='ocrx_word' id='word_1_150' title='bbox 1765 1773 1915 1849; x_wconf 78' lang='lat' dir='ltr'><strong>Quod</strong></span> 
     </span>
    </p>
   </div>
   <div class='ocr_carea' id='block_1_21' title="bbox 347 1845 1916 1914">
    <p class='ocr_par' dir='ltr' id='par_1_21' title="bbox 347 1845 1916 1914">
     <span class='ocr_line' id='line_1_21' title="bbox 347 1845 1916 1914; baseline -0.003 -11"><span class='ocrx_word' id='word_1_151' title='bbox 347 1845 510 1910; x_wconf 81' lang='lat' dir='ltr'><strong>dixit.</strong></span> <span class='ocrx_word' id='word_1_152' title='bbox 548 1851 728 1905; x_wconf 80' lang='lat' dir='ltr'><strong>Vinum</strong></span> <span class='ocrx_word' id='word_1_153' title='bbox 775 1860 819 1904; x_wconf 88' lang='lat' dir='ltr'><strong>et</strong></span> <span class='ocrx_word' id='word_1_154' title='bbox 861 1850 1021 1902; x_wconf 86' lang='lat' dir='ltr'><strong>oleum</strong></span> <span class='ocrx_word' id='word_1_155' title='bbox 1068 1845 1368 1910; x_wconf 70' lang='lat' dir='ltr'><strong>nclarseris;</strong></span> <span class='ocrx_word' id='word_1_156' title='bbox 1426 1847 1476 1898; x_wconf 92' lang='lat' dir='ltr'><strong>in</strong></span> <span class='ocrx_word' id='word_1_157' title='bbox 1537 1846 1660 1897; x_wconf 88' lang='lat' dir='ltr'><strong>vino</strong></span> <span class='ocrx_word' id='word_1_158' title='bbox 1705 1845 1916 1914; x_wconf 80' lang='lat' dir='ltr'><strong>sanguis</strong></span> 
     </span>
    </p>
   </div>
   <div class='ocr_carea' id='block_1_22' title="bbox 344 1913 1916 1984">
    <p class='ocr_par' dir='ltr' id='par_1_22' title="bbox 344 1913 1916 1984">
     <span class='ocr_line' id='line_1_22' title="bbox 344 1913 1916 1984; baseline -0.004 -9"><span class='ocrx_word' id='word_1_159' title='bbox 344 1921 564 1982; x_wconf 87' lang='lat' dir='ltr'><strong>Christi,</strong></span> <span class='ocrx_word' id='word_1_160' title='bbox 598 1924 646 1975; x_wconf 90' lang='lat' dir='ltr'><strong>iu</strong></span> <span class='ocrx_word' id='word_1_161' title='bbox 675 1923 793 1977; x_wconf 90' lang='lat' dir='ltr'><strong>oleo</strong></span> <span class='ocrx_word' id='word_1_162' title='bbox 823 1921 998 1974; x_wconf 90' lang='lat' dir='ltr'><strong>unctio</strong></span> <span class='ocrx_word' id='word_1_163' title='bbox 1028 1918 1326 1972; x_wconf 85' lang='lat' dir='ltr'><strong>chrismatis</strong></span> <span class='ocrx_word' id='word_1_164' title='bbox 1361 1916 1690 1984; x_wconf 72' lang='lat' dir='ltr'><strong>intelligitur.</strong></span> <span class='ocrx_word' id='word_1_165' title='bbox 1719 1913 1774 1968; x_wconf 82' lang='lat' dir='ltr'><strong>In</strong></span> <span class='ocrx_word' id='word_1_166' title='bbox 1811 1913 1916 1969; x_wconf 17' lang='lat' dir='ltr'><strong>itri~</strong></span> 
     </span>
    </p>
   </div>
   <div class='ocr_carea' id='block_1_23' title="bbox 347 1987 1913 2055">
    <p class='ocr_par' dir='ltr' id='par_1_23' title="bbox 347 1987 1913 2055">
     <span class='ocr_line' id='line_1_23' title="bbox 347 1987 1913 2055; baseline -0.003 -10"><span class='ocrx_word' id='word_1_167' title='bbox 347 1992 449 2046; x_wconf 94' lang='lat' dir='ltr'><strong>lico</strong></span> <span class='ocrx_word' id='word_1_168' title='bbox 474 1993 556 2046; x_wconf 90' lang='lat' dir='ltr'><strong>vel</strong></span> <span class='ocrx_word' id='word_1_169' title='bbox 588 1992 808 2055; x_wconf 88' lang='lat' dir='ltr'><strong>hordeo,</strong></span> <span class='ocrx_word' id='word_1_170' title='bbox 838 1999 945 2044; x_wconf 89' lang='lat' dir='ltr'><strong>tota</strong></span> <span class='ocrx_word' id='word_1_171' title='bbox 975 1988 1210 2043; x_wconf 86' lang='lat' dir='ltr'><strong>Ecclesia</strong></span> <span class='ocrx_word' id='word_1_172' title='bbox 1239 1989 1353 2042; x_wconf 84' lang='lat' dir='ltr'><strong>sive</strong></span> <span class='ocrx_word' id='word_1_173' title='bbox 1375 1987 1425 2041; x_wconf 91' lang='lat' dir='ltr'><strong>in</strong></span> <span class='ocrx_word' id='word_1_174' title='bbox 1461 1987 1666 2054; x_wconf 80' lang='lat' dir='ltr'><strong>magnis</strong></span> <span class='ocrx_word' id='word_1_175' title='bbox 1710 1987 1821 2040; x_wconf 85' lang='lat' dir='ltr'><strong>sive</strong></span> <span class='ocrx_word' id='word_1_176' title='bbox 1860 1987 1913 2040; x_wconf 93' lang='lat' dir='ltr'><strong>in</strong></span> 
     </span>
    </p>
   </div>
   <div class='ocr_carea' id='block_1_24' title="bbox 343 2057 1912 2128">
    <p class='ocr_par' dir='ltr' id='par_1_24' title="bbox 343 2057 1912 2128">
     <span class='ocr_line' id='line_1_24' title="bbox 343 2057 1912 2128; baseline -0.003 -12"><span class='ocrx_word' id='word_1_177' title='bbox 343 2063 594 2128; x_wconf 84' lang='lat' dir='ltr'><strong>minimis,</strong></span> <span class='ocrx_word' id='word_1_178' title='bbox 623 2072 713 2116; x_wconf 91' lang='lat' dir='ltr'><strong>aut</strong></span> <span class='ocrx_word' id='word_1_179' title='bbox 736 2069 880 2116; x_wconf 92' lang='lat' dir='ltr'><strong>certe</strong></span> <span class='ocrx_word' id='word_1_180' title='bbox 907 2061 957 2112; x_wconf 92' lang='lat' dir='ltr'><strong>in</strong></span> <span class='ocrx_word' id='word_1_181' title='bbox 991 2059 1283 2128; x_wconf 68' lang='lat' dir='ltr'><strong>praspositis</strong></span> <span class='ocrx_word' id='word_1_182' title='bbox 1321 2067 1374 2111; x_wconf 91' lang='lat' dir='ltr'><strong>et</strong></span> <span class='ocrx_word' id='word_1_183' title='bbox 1399 2059 1448 2110; x_wconf 94' lang='lat' dir='ltr'><strong>in</strong></span> <span class='ocrx_word' id='word_1_184' title='bbox 1471 2057 1678 2128; x_wconf 82' lang='lat' dir='ltr'><strong>populis</strong></span> <span class='ocrx_word' id='word_1_185' title='bbox 1725 2071 1737 2107; x_wconf 93' lang='lat'><strong>:</strong></span> <span class='ocrx_word' id='word_1_186' title='bbox 1781 2063 1835 2109; x_wconf 92' lang='lat' dir='ltr'><strong>et</strong></span> <span class='ocrx_word' id='word_1_187' title='bbox 1861 2057 1912 2111; x_wconf 92' lang='lat' dir='ltr'><strong>in</strong></span> 
     </span>
    </p>
   </div>
   <div class='ocr_carea' id='block_1_25' title="bbox 341 2127 1910 2202">
    <p class='ocr_par' dir='ltr' id='par_1_25' title="bbox 341 2127 1910 2202">
     <span class='ocr_line' id='line_1_25' title="bbox 341 2127 1910 2202; baseline -0.004 -14"><span class='ocrx_word' id='word_1_188' title='bbox 341 2148 480 2202; x_wconf 87' lang='lat' dir='ltr'><strong>equo</strong></span> <span class='ocrx_word' id='word_1_189' title='bbox 502 2127 710 2202; x_wconf 86' lang='lat' dir='ltr'><strong>pallido,</strong></span> <span class='ocrx_word' id='word_1_190' title='bbox 744 2132 987 2185; x_wconf 84' lang='lat' dir='ltr'><strong>homines</strong></span> <span class='ocrx_word' id='word_1_191' title='bbox 1006 2127 1521 2202; x_wconf 72' lang='lat' dir='ltr'><strong>intelligunturmali</strong></span> <span class='ocrx_word' id='word_1_192' title='bbox 1544 2169 1557 2193; x_wconf 93' lang='lat'><strong>,</strong></span> <span class='ocrx_word' id='word_1_193' title='bbox 1589 2127 1696 2202; x_wconf 88' lang='lat' dir='ltr'><strong>qui_</strong></span> <span class='ocrx_word' id='word_1_194' title='bbox 1725 2141 1910 2196; x_wconf 89' lang='lat' dir='ltr'><strong>perse-</strong></span> 
     </span>
    </p>
   </div>
   <div class='ocr_carea' id='block_1_26' title="bbox 340 2197 1907 2266">
    <p class='ocr_par' dir='ltr' id='par_1_26' title="bbox 340 2197 1907 2266">
     <span class='ocr_line' id='line_1_26' title="bbox 340 2197 1907 2266; baseline -0.003 -10"><span class='ocrx_word' id='word_1_195' title='bbox 340 2197 579 2258; x_wconf 78' lang='lat' dir='ltr'><strong>cutiones</strong></span> <span class='ocrx_word' id='word_1_196' title='bbox 599 2205 828 2258; x_wconf 84' lang='lat' dir='ltr'><strong>excitare</strong></span> <span class='ocrx_word' id='word_1_197' title='bbox 855 2212 959 2254; x_wconf 86' lang='lat' dir='ltr'><strong>non</strong></span> <span class='ocrx_word' id='word_1_198' title='bbox 989 2199 1254 2253; x_wconf 90' lang='lat' dir='ltr'><strong>desinunt.</strong></span> <span class='ocrx_word' id='word_1_199' title='bbox 1304 2199 1390 2252; x_wconf 84' lang='lat' dir='ltr'><strong>Isti</strong></span> <span class='ocrx_word' id='word_1_200' title='bbox 1427 2207 1536 2252; x_wconf 89' lang='lat' dir='ltr'><strong>tres</strong></span> <span class='ocrx_word' id='word_1_201' title='bbox 1579 2197 1698 2266; x_wconf 90' lang='lat' dir='ltr'><strong>equi</strong></span> <span class='ocrx_word' id='word_1_202' title='bbox 1745 2213 1907 2251; x_wconf 90' lang='lat' dir='ltr'><strong>unum</strong></span> 
     </span>
    </p>
   </div>
   <div class='ocr_carea' id='block_1_27' title="bbox 340 2267 1912 2344">
    <p class='ocr_par' dir='ltr' id='par_1_27' title="bbox 340 2267 1912 2344">
     <span class='ocr_line' id='line_1_27' title="bbox 340 2267 1912 2344; baseline -0.004 -16"><span class='ocrx_word' id='word_1_203' title='bbox 340 2284 498 2338; x_wconf 90' lang='lat' dir='ltr'><strong>sunt,</strong></span> <span class='ocrx_word' id='word_1_204' title='bbox 531 2275 618 2344; x_wconf 87' lang='lat' dir='ltr'><strong>qui</strong></span> <span class='ocrx_word' id='word_1_205' title='bbox 645 2274 1034 2344; x_wconf 75' lang='lat' dir='ltr'><strong>exieruntpost</strong></span> <span class='ocrx_word' id='word_1_206' title='bbox 1063 2269 1236 2322; x_wconf 89' lang='lat' dir='ltr'><strong>album</strong></span> <span class='ocrx_word' id='word_1_207' title='bbox 1259 2277 1521 2344; x_wconf 90' lang='lat' dir='ltr'><strong>_etcontra</strong></span> <span class='ocrx_word' id='word_1_208' title='bbox 1567 2267 1744 2344; x_wconf 77' lang='lat' dir='ltr'><strong>al_l_)um</strong></span> <span class='ocrx_word' id='word_1_209' title='bbox 1793 2283 1806 2318; x_wconf 91' lang='lat'><strong>:</strong></span> <span class='ocrx_word' id='word_1_210' title='bbox 1857 2277 1912 2321; x_wconf 89' lang='lat' dir='ltr'><strong>et</strong></span> 
     </span>
    </p>
   </div>
   <div class='ocr_carea' id='block_1_28' title="bbox 339 2335 1911 2410">
    <p class='ocr_par' dir='ltr' id='par_1_28' title="bbox 339 2335 1911 2410">
     <span class='ocr_line' id='line_1_28' title="bbox 339 2335 1911 2410; baseline -0.006 -14"><span class='ocrx_word' id='word_1_211' title='bbox 339 2335 601 2399; x_wconf 76' lang='lat' dir='ltr'><strong>sessorem</strong></span> <span class='ocrx_word' id='word_1_212' title='bbox 633 2345 824 2398; x_wconf 86' lang='lat' dir='ltr'><strong>habent</strong></span> <span class='ocrx_word' id='word_1_213' title='bbox 852 2335 1116 2395; x_wconf 82' lang='lat' dir='ltr'><strong>diabolum</strong></span> <span class='ocrx_word' id='word_1_214' title='bbox 1143 2380 1155 2402; x_wconf 84' lang='lat'><strong>,</strong></span> <span class='ocrx_word' id='word_1_215' title='bbox 1186 2340 1272 2410; x_wconf 90' lang='lat' dir='ltr'><strong>qui</strong></span> <span class='ocrx_word' id='word_1_216' title='bbox 1305 2347 1386 2392; x_wconf 91' lang='lat' dir='ltr'><strong>est</strong></span> <span class='ocrx_word' id='word_1_217' title='bbox 1409 2350 1578 2410; x_wconf 71' lang='lat' dir='ltr'><strong>mors.</strong></span> <span class='ocrx_word' id='word_1_218' title='bbox 1606 2335 1738 2390; x_wconf 87' lang='lat' dir='ltr'><strong>Tres</strong></span> <span class='ocrx_word' id='word_1_219' title='bbox 1784 2351 1911 2410; x_wconf 83' lang='lat' dir='ltr'><strong>ergo</strong></span> 
     </span>
    </p>
   </div>
   <div class='ocr_carea' id='block_1_29' title="bbox 340 2407 1908 2481">
    <p class='ocr_par' dir='ltr' id='par_1_29' title="bbox 340 2407 1908 2481">
     <span class='ocr_line' id='line_1_29' title="bbox 340 2407 1908 2481; baseline -0.004 -14"><span class='ocrx_word' id='word_1_220' title='bbox 340 2415 482 2481; x_wconf 89' lang='lat' dir='ltr'><strong>equi,</strong></span> <span class='ocrx_word' id='word_1_221' title='bbox 515 2414 682 2468; x_wconf 82' lang='lat' dir='ltr'><strong>fames</strong></span> <span class='ocrx_word' id='word_1_222' title='bbox 720 2422 774 2469; x_wconf 91' lang='lat' dir='ltr'><strong>et</strong></span> <span class='ocrx_word' id='word_1_223' title='bbox 817 2412 949 2465; x_wconf 87' lang='lat' dir='ltr'><strong>bella</strong></span> <span class='ocrx_word' id='word_1_224' title='bbox 989 2420 1040 2464; x_wconf 92' lang='lat' dir='ltr'><strong>et</strong></span> <span class='ocrx_word' id='word_1_225' title='bbox 1091 2407 1258 2481; x_wconf 78' lang='lat' dir='ltr'><strong>pestis</strong></span> <span class='ocrx_word' id='word_1_226' title='bbox 1299 2407 1659 2481; x_wconf 81' lang='lat' dir='ltr'><strong>intelliguntur</strong></span> <span class='ocrx_word' id='word_1_227' title='bbox 1707 2423 1719 2459; x_wconf 94' lang='lat'><strong>:</strong></span> <span class='ocrx_word' id='word_1_228' title='bbox 1769 2407 1908 2481; x_wconf 84' lang='lat' dir='ltr'><strong>quod</strong></span> 
     </span>
    </p>
   </div>
   <div class='ocr_carea' id='block_1_30' title="bbox 336 2477 1908 2550">
    <p class='ocr_par' dir='ltr' id='par_1_30' title="bbox 336 2477 1908 2550">
     <span class='ocr_line' id='line_1_30' title="bbox 336 2477 1908 2550; baseline -0.004 -12"><span class='ocrx_word' id='word_1_229' title='bbox 336 2477 495 2539; x_wconf 86' lang='lat' dir='ltr'><strong>etiam</strong></span> <span class='ocrx_word' id='word_1_230' title='bbox 525 2486 773 2539; x_wconf 89' lang='lat' dir='ltr'><strong>Dominus</strong></span> <span class='ocrx_word' id='word_1_231' title='bbox 795 2484 848 2537; x_wconf 92' lang='lat' dir='ltr'><strong>in</strong></span> <span class='ocrx_word' id='word_1_232' title='bbox 876 2480 1159 2550; x_wconf 86' lang='lat' dir='ltr'><strong>Evangelio</strong></span> <span class='ocrx_word' id='word_1_233' title='bbox 1188 2494 1284 2533; x_wconf 92' lang='lat' dir='ltr'><strong>suo</strong></span> <span class='ocrx_word' id='word_1_234' title='bbox 1303 2477 1568 2550; x_wconf 27' lang='lat' dir='ltr'><strong>praedixit,</strong></span> <span class='ocrx_word' id='word_1_235' title='bbox 1591 2490 1708 2546; x_wconf 85' lang='lat' dir='ltr'><strong>quae</strong></span> <span class='ocrx_word' id='word_1_236' title='bbox 1729 2487 1780 2529; x_wconf 89' lang='lat' dir='ltr'><strong>et</strong></span> <span class='ocrx_word' id='word_1_237' title='bbox 1801 2477 1908 2543; x_wconf 88' lang='lat' dir='ltr'><strong>jam</strong></span> 
     </span>
    </p>
   </div>
   <div class='ocr_carea' id='block_1_31' title="bbox 340 2548 1903 2618">
    <p class='ocr_par' dir='ltr' id='par_1_31' title="bbox 340 2548 1903 2618">
     <span class='ocr_line' id='line_1_31' title="bbox 340 2548 1903 2618; baseline -0.004 -11"><span class='ocrx_word' id='word_1_238' title='bbox 340 2553 491 2616; x_wconf 89' lang='lat' dir='ltr'><strong>ﬁunt,</strong></span> <span class='ocrx_word' id='word_1_239' title='bbox 523 2564 577 2610; x_wconf 93' lang='lat' dir='ltr'><strong>et</strong></span> <span class='ocrx_word' id='word_1_240' title='bbox 603 2555 909 2608; x_wconf 87' lang='lat' dir='ltr'><strong>imminente</strong></span> <span class='ocrx_word' id='word_1_241' title='bbox 932 2548 1240 2618; x_wconf 46' lang='lat' dir='ltr'><strong>die—judicii</strong></span> <span class='ocrx_word' id='word_1_242' title='bbox 1283 2548 1520 2618; x_wconf 85' lang='lat' dir='ltr'><strong>amplius</strong></span> <span class='ocrx_word' id='word_1_243' title='bbox 1547 2549 1716 2618; x_wconf 80' lang='lat' dir='ltr'><strong>futura</strong></span> <span class='ocrx_word' id='word_1_244' title='bbox 1763 2556 1903 2600; x_wconf 82' lang='lat' dir='ltr'><strong>sunt.</strong></span> 
     </span>
    </p>
   </div>
   <div class='ocr_carea' id='block_1_32' title="bbox 335 2617 1908 2692">
    <p class='ocr_par' dir='ltr' id='par_1_32' title="bbox 335 2617 1908 2692">
     <span class='ocr_line' id='line_1_32' title="bbox 335 2617 1908 2692; baseline -0.004 -15"><span class='ocrx_word' id='word_1_245' title='bbox 335 2624 486 2692; x_wconf 86' lang='lat' dir='ltr'><strong>Quod</strong></span> <span class='ocrx_word' id='word_1_246' title='bbox 515 2636 687 2679; x_wconf 90' lang='lat' dir='ltr'><strong>autem</strong></span> <span class='ocrx_word' id='word_1_247' title='bbox 715 2625 846 2679; x_wconf 81' lang='lat' dir='ltr'><strong>dixit</strong></span> <span class='ocrx_word' id='word_1_248' title='bbox 867 2638 924 2677; x_wconf 90' lang='lat' dir='ltr'><strong>se</strong></span> <span class='ocrx_word' id='word_1_249' title='bbox 947 2617 1149 2692; x_wconf 81' lang='lat' dir='ltr'><strong>vidiSse</strong></span> <span class='ocrx_word' id='word_1_250' title='bbox 1162 2621 1262 2692; x_wconf 86' lang='lat' dir='ltr'><strong>sub</strong></span> <span class='ocrx_word' id='word_1_251' title='bbox 1304 2634 1393 2672; x_wconf 90' lang='lat' dir='ltr'><strong>ara</strong></span> <span class='ocrx_word' id='word_1_252' title='bbox 1433 2617 1524 2692; x_wconf 80' lang='lat' dir='ltr'><strong>Dei</strong></span> <span class='ocrx_word' id='word_1_253' title='bbox 1558 2617 1780 2692; x_wconf 86' lang='lat' dir='ltr'><strong>_animas</strong></span> <span class='ocrx_word' id='word_1_254' title='bbox 1825 2619 1908 2692; x_wconf 75' lang='lat' dir='ltr'><strong>iu-</strong></span> 
     </span>
    </p>
   </div>
   <div class='ocr_carea' id='block_1_33' title="bbox 338 2685 1908 2764">
    <p class='ocr_par' dir='ltr' id='par_1_33' title="bbox 338 2685 1908 2764">
     <span class='ocr_line' id='line_1_33' title="bbox 338 2685 1908 2764; baseline -0.004 -15"><span class='ocrx_word' id='word_1_255' title='bbox 338 2685 696 2757; x_wconf 55' lang='lat' dir='ltr'><strong>tlarl&#39;ectorum,</strong></span> <span class='ocrx_word' id='word_1_256' title='bbox 726 2704 986 2764; x_wconf 84' lang='lat' dir='ltr'><strong>martyres</strong></span> <span class='ocrx_word' id='word_1_257' title='bbox 1010 2690 1404 2764; x_wconf 30' lang='lat' dir='ltr'><strong>intelliguntur.‘</strong></span> <span class='ocrx_word' id='word_1_258' title='bbox 1423 2685 1785 2764; x_wconf 35' lang='lat' dir='ltr'><strong>Quod-autem</strong></span> <span class='ocrx_word' id='word_1_259' title='bbox 1827 2687 1908 2742; x_wconf 82' lang='lat' dir='ltr'><strong>di-</strong></span> 
     </span>
    </p>
   </div>
   <div class='ocr_carea' id='block_1_34' title="bbox 333 2757 1902 2832">
    <p class='ocr_par' dir='ltr' id='par_1_34' title="bbox 333 2757 1902 2832">
     <span class='ocr_line' id='line_1_34' title="bbox 333 2757 1902 2832; baseline -0.006 -12"><span class='ocrx_word' id='word_1_260' title='bbox 333 2766 424 2826; x_wconf 88' lang='lat' dir='ltr'><strong>cit.</strong></span> <span class='ocrx_word' id='word_1_261' title='bbox 459 2766 629 2822; x_wconf 77' lang='lat' dir='ltr'><strong>Terra:</strong></span> <span class='ocrx_word' id='word_1_262' title='bbox 649 2776 810 2819; x_wconf 89' lang='lat' dir='ltr'><strong>motus</strong></span> <span class='ocrx_word' id='word_1_263' title='bbox 846 2757 1089 2832; x_wconf 78' lang='lat' dir='ltr'><strong>magnus,</strong></span> <span class='ocrx_word' id='word_1_264' title='bbox 1145 2757 1441 2828; x_wconf 76' lang='lat' dir='ltr'><strong>persecutio</strong></span> <span class='ocrx_word' id='word_1_265' title='bbox 1477 2757 1764 2832; x_wconf 81' lang='lat' dir='ltr'><strong>novissima</strong></span> <span class='ocrx_word' id='word_1_266' title='bbox 1801 2767 1902 2832; x_wconf 78' lang='lat' dir='ltr'><strong>est.</strong></span> 
     </span>
    </p>
   </div>
   <div class='ocr_carea' id='block_1_35' title="bbox 333 2829 1906 2902">
    <p class='ocr_par' dir='ltr' id='par_1_35' title="bbox 333 2829 1906 2902">
     <span class='ocr_line' id='line_1_35' title="bbox 333 2829 1906 2902; baseline -0.004 -14"><span class='ocrx_word' id='word_1_267' title='bbox 333 2835 485 2902; x_wconf 88' lang='lat' dir='ltr'><strong>Quod</strong></span> <span class='ocrx_word' id='word_1_268' title='bbox 507 2838 650 2900; x_wconf 86' lang='lat' dir='ltr'><strong>dicit,</strong></span> <span class='ocrx_word' id='word_1_269' title='bbox 674 2837 839 2890; x_wconf 89' lang='lat' dir='ltr'><strong>solem</strong></span> <span class='ocrx_word' id='word_1_270' title='bbox 873 2829 1065 2888; x_wconf 79' lang='lat' dir='ltr'><strong>factum</strong></span> <span class='ocrx_word' id='word_1_271' title='bbox 1117 2832 1356 2902; x_wconf 80' lang='lat' dir='ltr'><strong>nigrum,</strong></span> <span class='ocrx_word' id='word_1_272' title='bbox 1388 2839 1442 2882; x_wconf 90' lang='lat' dir='ltr'><strong>et</strong></span> <span class='ocrx_word' id='word_1_273' title='bbox 1477 2829 1652 2902; x_wconf 85' lang='lat' dir='ltr'><strong>lunam</strong></span> <span class='ocrx_word' id='word_1_274' title='bbox 1690 2829 1906 2902; x_wconf 76' lang='lat' dir='ltr'><strong>sangui-</strong></span> 
     </span>
    </p>
   </div>
   <div class='ocr_carea' id='block_1_36' title="bbox 335 2898 1906 2974">
    <p class='ocr_par' dir='ltr' id='par_1_36' title="bbox 335 2898 1906 2974">
     <span class='ocr_line' id='line_1_36' title="bbox 335 2898 1906 2974; baseline -0.005 -14"><span class='ocrx_word' id='word_1_275' title='bbox 335 2898 512 2974; x_wconf 76' lang='lat' dir='ltr'><strong>neam,</strong></span> <span class='ocrx_word' id='word_1_276' title='bbox 542 2916 595 2960; x_wconf 90' lang='lat' dir='ltr'><strong>et</strong></span> <span class='ocrx_word' id='word_1_277' title='bbox 621 2898 802 2960; x_wconf 83' lang='lat' dir='ltr'><strong>stellas</strong></span> <span class='ocrx_word' id='word_1_278' title='bbox 841 2903 1096 2959; x_wconf 74' lang='lat' dir='ltr'><strong>cecidisse</strong></span> <span class='ocrx_word' id='word_1_279' title='bbox 1139 2898 1205 2974; x_wconf 76' lang='lat' dir='ltr'><strong>de</strong></span> <span class='ocrx_word' id='word_1_280' title='bbox 1250 2901 1418 2974; x_wconf 63' lang='lat' dir='ltr'><strong>creto;</strong></span> <span class='ocrx_word' id='word_1_281' title='bbox 1469 2898 1570 2974; x_wconf 80' lang='lat' dir='ltr'><strong>so|_</strong></span> <span class='ocrx_word' id='word_1_282' title='bbox 1589 2907 1640 2952; x_wconf 89' lang='lat' dir='ltr'><strong>et</strong></span> <span class='ocrx_word' id='word_1_283' title='bbox 1671 2898 1814 2974; x_wconf 89' lang='lat' dir='ltr'><strong>_luna</strong></span> <span class='ocrx_word' id='word_1_284' title='bbox 1854 2907 1906 2952; x_wconf 90' lang='lat' dir='ltr'><strong>et</strong></span> 
     </span>
    </p>
   </div>
   <div class='ocr_carea' id='block_1_37' title="bbox 331 2967 1902 3043">
    <p class='ocr_par' dir='ltr' id='par_1_37' title="bbox 331 2967 1902 3043">
     <span class='ocr_line' id='line_1_37' title="bbox 331 2967 1902 3043; baseline -0.005 -13"><span class='ocrx_word' id='word_1_285' title='bbox 331 2967 516 3043; x_wconf 76' lang='lat' dir='ltr'><strong>stellzr,</strong></span> <span class='ocrx_word' id='word_1_286' title='bbox 541 2977 776 3031; x_wconf 83' lang='lat' dir='ltr'><strong>Ecclesia</strong></span> <span class='ocrx_word' id='word_1_287' title='bbox 799 2975 952 3029; x_wconf 87' lang='lat' dir='ltr'><strong>estin</strong></span> <span class='ocrx_word' id='word_1_288' title='bbox 981 2981 1091 3027; x_wconf 93' lang='lat' dir='ltr'><strong>toto</strong></span> <span class='ocrx_word' id='word_1_289' title='bbox 1117 2972 1247 3043; x_wconf 91' lang='lat' dir='ltr'><strong>orbe</strong></span> <span class='ocrx_word' id='word_1_290' title='bbox 1280 2971 1488 3043; x_wconf 76' lang='lat' dir='ltr'><strong>diﬁ‘usa.</strong></span> <span class='ocrx_word' id='word_1_291' title='bbox 1536 2967 1688 3034; x_wconf 91' lang='lat' dir='ltr'><strong>Quod</strong></span> <span class='ocrx_word' id='word_1_292' title='bbox 1726 2978 1902 3022; x_wconf 90' lang='lat' dir='ltr'><strong>autem</strong></span> 
     </span>
    </p>
   </div>
   <div class='ocr_carea' id='block_1_38' title="bbox 330 3040 1902 3120">
    <p class='ocr_par' dir='ltr' id='par_1_38' title="bbox 330 3040 1902 3120">
     <span class='ocr_line' id='line_1_38' title="bbox 330 3040 1902 3120; baseline -0.005 -20"><span class='ocrx_word' id='word_1_293' title='bbox 330 3040 768 3120; x_wconf 75' lang='lat' dir='ltr'><strong>diciteecidisse;</strong></span> <span class='ocrx_word' id='word_1_294' title='bbox 802 3062 915 3120; x_wconf 81' lang='lat' dir='ltr'><strong>non</strong></span> <span class='ocrx_word' id='word_1_295' title='bbox 939 3053 1048 3120; x_wconf 83' lang='lat' dir='ltr'><strong>tota</strong></span> <span class='ocrx_word' id='word_1_296' title='bbox 1065 3042 1278 3107; x_wconf 87' lang='lat' dir='ltr'><strong>cecidit,</strong></span> <span class='ocrx_word' id='word_1_297' title='bbox 1317 3040 1408 3120; x_wconf 81' lang='lat' dir='ltr'><strong>sed</strong></span> <span class='ocrx_word' id='word_1_298' title='bbox 1459 3054 1488 3092; x_wconf 88' lang='lat' dir='ltr'><strong>a</strong></span> <span class='ocrx_word' id='word_1_299' title='bbox 1540 3051 1690 3120; x_wconf 72' lang='lat' dir='ltr'><strong>parte</strong></span> <span class='ocrx_word' id='word_1_300' title='bbox 1736 3048 1902 3092; x_wconf 92' lang='lat' dir='ltr'><strong>totum</strong></span> 
     </span>
    </p>
   </div>
   <div class='ocr_carea' id='block_1_39' title="bbox 330 3112 1902 3186">
    <p class='ocr_par' dir='ltr' id='par_1_39' title="bbox 330 3112 1902 3186">
     <span class='ocr_line' id='line_1_39' title="bbox 330 3112 1902 3186; baseline -0.006 -14"><span class='ocrx_word' id='word_1_301' title='bbox 330 3117 656 3186; x_wconf 81' lang='lat' dir='ltr'><strong>intelligitur.</strong></span> <span class='ocrx_word' id='word_1_302' title='bbox 689 3118 744 3172; x_wconf 88' lang='lat' dir='ltr'><strong>ln</strong></span> <span class='ocrx_word' id='word_1_303' title='bbox 775 3116 918 3170; x_wconf 92' lang='lat' dir='ltr'><strong>omni</strong></span> <span class='ocrx_word' id='word_1_304' title='bbox 964 3115 1104 3186; x_wconf 84' lang='lat' dir='ltr'><strong>enim</strong></span> <span class='ocrx_word' id='word_1_305' title='bbox 1143 3112 1512 3186; x_wconf 81' lang='lat' dir='ltr'><strong>persecutione</strong></span> <span class='ocrx_word' id='word_1_306' title='bbox 1540 3112 1670 3186; x_wconf 67' lang='lat' dir='ltr'><strong>boni</strong></span> <span class='ocrx_word' id='word_1_307' title='bbox 1721 3123 1902 3186; x_wconf 89' lang='lat' dir='ltr'><strong>perse-</strong></span> 
     </span>
    </p>
   </div>
   <div class='ocr_carea' id='block_1_40' title="bbox 331 3179 1905 3255">
    <p class='ocr_par' dir='ltr' id='par_1_40' title="bbox 331 3179 1905 3255">
     <span class='ocr_line' id='line_1_40' title="bbox 331 3179 1905 3255; baseline -0.004 -15"><span class='ocrx_word' id='word_1_308' title='bbox 331 3179 536 3249; x_wconf 52' lang='lat' dir='ltr'><strong>verant&quot;,</strong></span> <span class='ocrx_word' id='word_1_309' title='bbox 563 3198 618 3243; x_wconf 90' lang='lat' dir='ltr'><strong>et</strong></span> <span class='ocrx_word' id='word_1_310' title='bbox 647 3187 769 3241; x_wconf 92' lang='lat' dir='ltr'><strong>mali</strong></span> <span class='ocrx_word' id='word_1_311' title='bbox 795 3186 944 3255; x_wconf 86' lang='lat' dir='ltr'><strong>quasi</strong></span> <span class='ocrx_word' id='word_1_312' title='bbox 971 3185 1038 3239; x_wconf 91' lang='lat' dir='ltr'><strong>de</strong></span> <span class='ocrx_word' id='word_1_313' title='bbox 1061 3183 1218 3255; x_wconf 75' lang='lat' dir='ltr'><strong>etelo,</strong></span> <span class='ocrx_word' id='word_1_314' title='bbox 1247 3182 1297 3255; x_wconf 79' lang='lat' dir='ltr'><strong>id</strong></span> <span class='ocrx_word' id='word_1_315' title='bbox 1330 3191 1412 3235; x_wconf 87' lang='lat' dir='ltr'><strong>est</strong></span> <span class='ocrx_word' id='word_1_316' title='bbox 1430 3181 1512 3255; x_wconf 25' lang='lat' dir='ltr'><strong>Ade</strong></span> <span class='ocrx_word' id='word_1_317' title='bbox 1540 3179 1773 3234; x_wconf 87' lang='lat' dir='ltr'><strong>Ecclesia</strong></span> <span class='ocrx_word' id='word_1_318' title='bbox 1818 3194 1905 3233; x_wconf 91' lang='lat' dir='ltr'><strong>ca-</strong></span> 
     </span>
    </p>
   </div>
   <div class='ocr_carea' id='block_1_41' title="bbox 329 3251 1904 3331">
    <p class='ocr_par' dir='ltr' id='par_1_41' title="bbox 329 3251 1904 3331">
     <span class='ocr_line' id='line_1_41' title="bbox 329 3251 1904 3331; baseline -0.005 -19"><span class='ocrx_word' id='word_1_319' title='bbox 329 3258 481 3312; x_wconf 90' lang='lat' dir='ltr'><strong>dunt.</strong></span> <span class='ocrx_word' id='word_1_320' title='bbox 513 3251 1028 3331; x_wconf 83' lang='lat' dir='ltr'><strong>Deniquesequitur,</strong></span> <span class='ocrx_word' id='word_1_321' title='bbox 1053 3254 1204 3331; x_wconf 72' lang='lat' dir='ltr'><strong>_Sicut</strong></span> <span class='ocrx_word' id='word_1_322' title='bbox 1226 3253 1352 3331; x_wconf 55' lang='lat' dir='ltr'><strong>Eous</strong></span> <span class='ocrx_word' id='word_1_323' title='bbox 1372 3251 1520 3331; x_wconf 71' lang='lat' dir='ltr'><strong>mittit</strong></span> <span class='ocrx_word' id='word_1_324' title='bbox 1555 3266 1752 3331; x_wconf 50' lang='lat' dir='ltr'><strong>gressus</strong></span> <span class='ocrx_word' id='word_1_325' title='bbox 1786 3266 1904 3331; x_wconf 60' lang='lat' dir='ltr'><strong>sups</strong></span> 
     </span>
    </p>
   </div>
   <div class='ocr_carea' id='block_1_42' title="bbox 327 3320 1900 3395">
    <p class='ocr_par' dir='ltr' id='par_1_42' title="bbox 327 3320 1900 3395">
     <span class='ocr_line' id='line_1_42' title="bbox 327 3320 1900 3395; baseline -0.005 -13"><span class='ocrx_word' id='word_1_326' title='bbox 327 3345 442 3382; x_wconf 89' lang='lat' dir='ltr'><strong>cum</strong></span> <span class='ocrx_word' id='word_1_327' title='bbox 470 3346 500 3381; x_wconf 82' lang='grc' dir='ltr'>(ι</span> <span class='ocrx_word' id='word_1_328' title='bbox 524 3320 906 3395; x_wconf 45' lang='lat' dir='ltr'><strong>vento-agitatur</strong></span> <span class='ocrx_word' id='word_1_329' title='bbox 951 3343 967 3378; x_wconf 89' lang='grc'><strong>.·</strong></span> <span class='ocrx_word' id='word_1_330' title='bbox 1024 3325 1099 3378; x_wconf 83' lang='lat' dir='ltr'><strong>sic</strong></span> <span class='ocrx_word' id='word_1_331' title='bbox 1124 3323 1190 3378; x_wconf 90' lang='lat' dir='ltr'><strong>de</strong></span> <span class='ocrx_word' id='word_1_332' title='bbox 1230 3320 1710 3395; x_wconf 68' lang='lat' dir='ltr'><strong>Ecclesiacadnnt</strong></span> <span class='ocrx_word' id='word_1_333' title='bbox 1756 3320 1900 3395; x_wconf 81' lang='lat' dir='ltr'><strong>mali,</strong></span> 
     </span>
    </p>
   </div>
   <div class='ocr_carea' id='block_1_43' title="bbox 329 3390 1899 3467">
    <p class='ocr_par' dir='ltr' id='par_1_43' title="bbox 329 3390 1899 3467">
     <span class='ocr_line' id='line_1_43' title="bbox 329 3390 1899 3467; baseline -0.006 -15"><span class='ocrx_word' id='word_1_334' title='bbox 329 3399 539 3463; x_wconf 84' lang='lat' dir='ltr'><strong>quando</strong></span> <span class='ocrx_word' id='word_1_335' title='bbox 566 3415 660 3467; x_wconf 90' lang='lat' dir='ltr'><strong>per</strong></span> <span class='ocrx_word' id='word_1_336' title='bbox 687 3390 915 3466; x_wconf 83' lang='lat' dir='ltr'><strong>aliquam</strong></span> <span class='ocrx_word' id='word_1_337' title='bbox 941 3395 1332 3467; x_wconf 81' lang='lat' dir='ltr'><strong>tribulationem</strong></span> <span class='ocrx_word' id='word_1_338' title='bbox 1343 3464 1351 3467; x_wconf 85' lang='lat'>_</span> <span class='ocrx_word' id='word_1_339' title='bbox 1361 3392 1581 3467; x_wconf 74' lang='lat' dir='ltr'><strong>_fuerint_</strong></span> <span class='ocrx_word' id='word_1_340' title='bbox 1578 3390 1899 3467; x_wconf 79' lang='lat' dir='ltr'><strong>conturbati.</strong></span> 
     </span>
    </p>
   </div>
   <div class='ocr_carea' id='block_1_44' title="bbox 328 3461 1906 3536">
    <p class='ocr_par' dir='ltr' id='par_1_44' title="bbox 328 3461 1906 3536">
     <span class='ocr_line' id='line_1_44' title="bbox 328 3461 1906 3536; baseline -0.006 -13"><span class='ocrx_word' id='word_1_341' title='bbox 328 3461 477 3536; x_wconf 90' lang='lat' dir='ltr'><strong>Quod</strong></span> <span class='ocrx_word' id='word_1_342' title='bbox 506 3461 680 3524; x_wconf 76' lang='lat' dir='ltr'><strong>autem</strong></span> <span class='ocrx_word' id='word_1_343' title='bbox 721 3461 913 3523; x_wconf 65' lang='lat' dir='ltr'><strong>caelum</strong></span> <span class='ocrx_word' id='word_1_344' title='bbox 959 3463 1490 3536; x_wconf 13' lang='lat' dir='ltr'><strong>recessitiutul‘iber;</strong></span> <span class='ocrx_word' id='word_1_345' title='bbox 1541 3461 1777 3536; x_wconf 86' lang='lat' dir='ltr'><strong>Ecclesia</strong></span> <span class='ocrx_word' id='word_1_346' title='bbox 1823 3469 1906 3515; x_wconf 89' lang='lat' dir='ltr'><strong>est</strong></span> 
     </span>
    </p>
   </div>
   <div class='ocr_carea' id='block_1_45' title="bbox 326 3532 1902 3608">
    <p class='ocr_par' dir='ltr' id='par_1_45' title="bbox 326 3532 1902 3608">
     <span class='ocr_line' id='line_1_45' title="bbox 326 3532 1902 3608; baseline -0.006 -15"><span class='ocrx_word' id='word_1_347' title='bbox 326 3532 446 3608; x_wconf 52' lang='lat' dir='ltr'><strong>q&#39;uze</strong></span> <span class='ocrx_word' id='word_1_348' title='bbox 469 3549 744 3608; x_wconf 85' lang='lat' dir='ltr'><strong>separatur</strong></span> <span class='ocrx_word' id='word_1_349' title='bbox 773 3555 801 3591; x_wconf 89' lang='lat' dir='ltr'><strong>a</strong></span> <span class='ocrx_word' id='word_1_350' title='bbox 831 3537 983 3608; x_wconf 80' lang='lat' dir='ltr'><strong>malis</strong></span> <span class='ocrx_word' id='word_1_351' title='bbox 1006 3577 1028 3608; x_wconf 8' lang='grc' dir='ltr'><em>,ᾗ</em></span> <span class='ocrx_word' id='word_1_352' title='bbox 1047 3544 1101 3588; x_wconf 92' lang='lat' dir='ltr'><strong>et</strong></span> <span class='ocrx_word' id='word_1_353' title='bbox 1125 3535 1268 3586; x_wconf 83' lang='lat' dir='ltr'><strong>velut</strong></span> <span class='ocrx_word' id='word_1_354' title='bbox 1286 3532 1703 3608; x_wconf 66' lang='lat' dir='ltr'><strong>litierinx&#39;o_luttts</strong></span> <span class='ocrx_word' id='word_1_355' title='bbox 1723 3573 1736 3594; x_wconf 93' lang='lat'><strong>,</strong></span> <span class='ocrx_word' id='word_1_356' title='bbox 1770 3546 1902 3608; x_wconf 68' lang='lat' dir='ltr'><strong>con-</strong></span> 
     </span>
    </p>
   </div>
   <div class='ocr_carea' id='block_1_46' title="bbox 329 3600 1901 3667">
    <p class='ocr_par' dir='ltr' id='par_1_46' title="bbox 329 3600 1901 3667">
     <span class='ocr_line' id='line_1_46' title="bbox 329 3600 1901 3667; baseline -0.006 -5"><span class='ocrx_word' id='word_1_357' title='bbox 329 3600 461 3664; x_wconf 82' lang='lat' dir='ltr'><strong>tinet</strong></span> <span class='ocrx_word' id='word_1_358' title='bbox 491 3600 544 3664; x_wconf 83' lang='lat' dir='ltr'><strong>in</strong></span> <span class='ocrx_word' id='word_1_359' title='bbox 569 3625 626 3664; x_wconf 89' lang='lat' dir='ltr'><strong>se</strong></span> <span class='ocrx_word' id='word_1_360' title='bbox 651 3609 746 3662; x_wconf 91' lang='lat' dir='ltr'><strong>sibi</strong></span> <span class='ocrx_word' id='word_1_361' title='bbox 780 3617 900 3662; x_wconf 90' lang='lat' dir='ltr'><strong>nota</strong></span> <span class='ocrx_word' id='word_1_362' title='bbox 928 3605 1103 3659; x_wconf 88' lang='lat' dir='ltr'><strong>divina</strong></span> <span class='ocrx_word' id='word_1_363' title='bbox 1127 3604 1394 3667; x_wconf 83' lang='lat' dir='ltr'><strong>mysteria.</strong></span> <span class='ocrx_word' id='word_1_364' title='bbox 1419 3601 1570 3667; x_wconf 89' lang='lat' dir='ltr'><strong>Quod</strong></span> <span class='ocrx_word' id='word_1_365' title='bbox 1611 3610 1783 3652; x_wconf 90' lang='lat' dir='ltr'><strong>autem</strong></span> <span class='ocrx_word' id='word_1_366' title='bbox 1817 3600 1901 3653; x_wconf 88' lang='lat' dir='ltr'><strong>di-</strong></span> 
     </span>
    </p>
   </div>
   <div class='ocr_carea' id='block_1_47' title="bbox 325 3670 1902 3749">
    <p class='ocr_par' dir='ltr' id='par_1_47' title="bbox 325 3670 1902 3749">
     <span class='ocr_line' id='line_1_47' title="bbox 325 3670 1902 3749; baseline -0.008 -15"><span class='ocrx_word' id='word_1_367' title='bbox 325 3680 418 3745; x_wconf 88' lang='lat' dir='ltr'><strong>cit,</strong></span> <span class='ocrx_word' id='word_1_368' title='bbox 450 3681 607 3749; x_wconf 83' lang='lat' dir='ltr'><strong>Reges</strong></span> <span class='ocrx_word' id='word_1_369' title='bbox 629 3689 773 3732; x_wconf 68' lang='lat' dir='ltr'><strong>terra:</strong></span> <span class='ocrx_word' id='word_1_370' title='bbox 799 3681 1052 3749; x_wconf 75' lang='lat' dir='ltr'><strong>fugerunt,</strong></span> <span class='ocrx_word' id='word_1_371' title='bbox 1081 3684 1125 3726; x_wconf 88' lang='lat' dir='ltr'><strong>et</strong></span> <span class='ocrx_word' id='word_1_372' title='bbox 1147 3670 1509 3749; x_wconf 80' lang='lat' dir='ltr'><strong>absconderant</strong></span> <span class='ocrx_word' id='word_1_373' title='bbox 1523 3687 1581 3749; x_wconf 86' lang='lat' dir='ltr'><strong>_sc</strong></span> <span class='ocrx_word' id='word_1_374' title='bbox 1623 3670 1674 3749; x_wconf 75' lang='lat' dir='ltr'><strong>in</strong></span> <span class='ocrx_word' id='word_1_375' title='bbox 1698 3670 1902 3749; x_wconf 72' lang='lat' dir='ltr'><strong>spelun-</strong></span> 
     </span>
    </p>
   </div>
   <div class='ocr_carea' id='block_1_48' title="bbox 325 3740 1902 3814">
    <p class='ocr_par' dir='ltr' id='par_1_48' title="bbox 325 3740 1902 3814">
     <span class='ocr_line' id='line_1_48' title="bbox 325 3740 1902 3814; baseline -0.005 -12"><span class='ocrx_word' id='word_1_376' title='bbox 325 3740 596 3812; x_wconf 36' lang='lat' dir='ltr'><strong>cis&#39;terrt&#39;e;</strong></span> <span class='ocrx_word' id='word_1_377' title='bbox 623 3749 723 3802; x_wconf 90' lang='lat' dir='ltr'><strong>hoc</strong></span> <span class='ocrx_word' id='word_1_378' title='bbox 749 3740 1008 3814; x_wconf 75' lang='lat' dir='ltr'><strong>signiﬁcat</strong></span> <span class='ocrx_word' id='word_1_379' title='bbox 1033 3743 1171 3812; x_wconf 91' lang='lat' dir='ltr'><strong>quod</strong></span> <span class='ocrx_word' id='word_1_380' title='bbox 1205 3752 1343 3796; x_wconf 88' lang='lat' dir='ltr'><strong>totus</strong></span> <span class='ocrx_word' id='word_1_381' title='bbox 1375 3742 1602 3814; x_wconf 61' lang='lat' dir='ltr'><strong>mundus</strong></span> <span class='ocrx_word' id='word_1_382' title='bbox 1649 3740 1700 3814; x_wconf 84' lang='lat' dir='ltr'><strong>in</strong></span> <span class='ocrx_word' id='word_1_383' title='bbox 1748 3740 1902 3794; x_wconf 89' lang='lat' dir='ltr'><strong>bouis</strong></span> 
     </span>
    </p>
   </div>
   <div class='ocr_carea' id='block_1_49' title="bbox 324 3811 1902 3886">
    <p class='ocr_par' dir='ltr' id='par_1_49' title="bbox 324 3811 1902 3886">
     <span class='ocr_line' id='line_1_49' title="bbox 324 3811 1902 3886; baseline -0.007 -12"><span class='ocrx_word' id='word_1_384' title='bbox 324 3829 379 3874; x_wconf 90' lang='lat' dir='ltr'><strong>et</strong></span> <span class='ocrx_word' id='word_1_385' title='bbox 407 3811 602 3874; x_wconf 83' lang='lat' dir='ltr'><strong>sanctis</strong></span> <span class='ocrx_word' id='word_1_386' title='bbox 628 3811 886 3886; x_wconf 74' lang='lat' dir='ltr'><strong>refugium</strong></span> <span class='ocrx_word' id='word_1_387' title='bbox 923 3811 1196 3886; x_wconf 82' lang='lat' dir='ltr'><strong>habiturus</strong></span> <span class='ocrx_word' id='word_1_388' title='bbox 1232 3821 1314 3866; x_wconf 87' lang='lat' dir='ltr'><strong>est</strong></span> <span class='ocrx_word' id='word_1_389' title='bbox 1360 3813 1423 3864; x_wconf 87' lang='lat' dir='ltr'><strong>ad</strong></span> <span class='ocrx_word' id='word_1_390' title='bbox 1481 3811 1790 3886; x_wconf 71' lang='lat' dir='ltr'><strong>Ecclesium,</strong></span> <span class='ocrx_word' id='word_1_391' title='bbox 1845 3820 1902 3886; x_wconf 75' lang='lat' dir='ltr'><strong>ut</strong></span> 
     </span>
    </p>
   </div>
   <div class='ocr_carea' id='block_1_50' title="bbox 323 3880 1898 3958">
    <p class='ocr_par' dir='ltr' id='par_1_50' title="bbox 323 3880 1898 3958">
     <span class='ocr_line' id='line_1_50' title="bbox 323 3880 1898 3958; baseline -0.005 -15"><span class='ocrx_word' id='word_1_392' title='bbox 323 3890 425 3943; x_wconf 85' lang='lat' dir='ltr'><strong>sub</strong></span> <span class='ocrx_word' id='word_1_393' title='bbox 454 3891 569 3958; x_wconf 87' lang='lat' dir='ltr'><strong>ejus</strong></span> <span class='ocrx_word' id='word_1_394' title='bbox 593 3880 918 3956; x_wconf 72' lang='lat' dir='ltr'><strong>protectione</strong></span> <span class='ocrx_word' id='word_1_395' title='bbox 946 3884 1287 3958; x_wconf 75' lang='lat' dir='ltr'><strong>constitutus,</strong></span> <span class='ocrx_word' id='word_1_396' title='bbox 1318 3882 1597 3958; x_wconf 78' lang='lat' dir='ltr'><strong>pervenire</strong></span> <span class='ocrx_word' id='word_1_397' title='bbox 1625 3880 1800 3958; x_wconf 65' lang='lat' dir='ltr'><strong>possit</strong></span> <span class='ocrx_word' id='word_1_398' title='bbox 1833 3880 1898 3935; x_wconf 89' lang='lat' dir='ltr'><strong>ad</strong></span> 
     </span>
    </p>
   </div>
   <div class='ocr_carea' id='block_1_51' title="bbox 325 3950 1901 4021">
    <p class='ocr_par' dir='ltr' id='par_1_51' title="bbox 325 3950 1901 4021">
     <span class='ocr_line' id='line_1_51' title="bbox 325 3950 1901 4021; baseline -0.003 -12"><span class='ocrx_word' id='word_1_399' title='bbox 325 3950 499 4012; x_wconf 56' lang='lat' dir='ltr'><strong>vitam&#39;</strong></span> <span class='ocrx_word' id='word_1_400' title='bbox 563 3950 852 4021; x_wconf 70' lang='lat' dir='ltr'><strong>aiternam,</strong></span> <span class='ocrx_word' id='word_1_401' title='bbox 902 3955 1188 4009; x_wconf 77' lang='lat' dir='ltr'><strong>auxiliante</strong></span> <span class='ocrx_word' id='word_1_402' title='bbox 1257 3953 1480 4006; x_wconf 87' lang='lat' dir='ltr'><strong>Domino</strong></span> <span class='ocrx_word' id='word_1_403' title='bbox 1538 3961 1721 4004; x_wconf 92' lang='lat' dir='ltr'><strong>nostro</strong></span> <span class='ocrx_word' id='word_1_404' title='bbox 1773 3950 1901 4004; x_wconf 88' lang='lat' dir='ltr'><strong>Jesu</strong></span> 
     </span>
    </p>
   </div>
   <div class='ocr_carea' id='block_1_52' title="bbox 323 4021 1896 4100">
    <p class='ocr_par' dir='ltr' id='par_1_52' title="bbox 323 4021 1896 4100">
     <span class='ocr_line' id='line_1_52' title="bbox 323 4021 1896 4100; baseline -0.004 -20"><span class='ocrx_word' id='word_1_405' title='bbox 323 4027 562 4100; x_wconf 76' lang='lat' dir='ltr'><strong>Christo,</strong></span> <span class='ocrx_word' id='word_1_406' title='bbox 606 4028 696 4100; x_wconf 88' lang='lat' dir='ltr'><strong>qui</strong></span> <span class='ocrx_word' id='word_1_407' title='bbox 737 4029 865 4082; x_wconf 89' lang='lat' dir='ltr'><strong>vivit</strong></span> <span class='ocrx_word' id='word_1_408' title='bbox 889 4035 942 4081; x_wconf 87' lang='lat' dir='ltr'><strong>et</strong></span> <span class='ocrx_word' id='word_1_409' title='bbox 986 4033 1173 4094; x_wconf 82' lang='lat' dir='ltr'><strong>regnat</strong></span> <span class='ocrx_word' id='word_1_410' title='bbox 1221 4023 1274 4078; x_wconf 89' lang='lat' dir='ltr'><strong>in</strong></span> <span class='ocrx_word' id='word_1_411' title='bbox 1325 4023 1517 4078; x_wconf 80' lang='lat' dir='ltr'><strong>saecula</strong></span> <span class='ocrx_word' id='word_1_412' title='bbox 1561 4021 1896 4076; x_wconf 70' lang='lat' dir='ltr'><strong>saeculorum.</strong></span> 
     </span>
    </p>
   </div>
   <div class='ocr_carea' id='block_1_53' title="bbox 323 4098 511 4154">
    <p class='ocr_par' dir='ltr' id='par_1_53' title="bbox 323 4098 511 4154">
     <span class='ocr_line' id='line_1_53' title="bbox 323 4098 511 4154; baseline -0.005 0"><span class='ocrx_word' id='word_1_413' title='bbox 323 4098 511 4154; x_wconf 81' lang='lat' dir='ltr'><strong>Amen.</strong></span> 
     </span>
    </p>
   </div>
   <div class='ocr_carea' id='block_1_54' title="bbox 941 4181 1268 4219">
    <p class='ocr_par' dir='ltr' id='par_1_54' title="bbox 941 4181 1268 4219">
     <span class='ocr_line' id='line_1_54' title="bbox 941 4181 1268 4219; baseline -0.006 0"><span class='ocrx_word' id='word_1_414' title='bbox 941 4181 1153 4219; x_wconf 75' lang='lat' dir='ltr'><strong>HOHILIA</strong></span> <span class='ocrx_word' id='word_1_415' title='bbox 1194 4181 1268 4218; x_wconf 83' lang='lat' dir='ltr'><strong>Vl.</strong></span> 
     </span>
    </p>
   </div>
   <div class='ocr_carea' id='block_1_55' title="bbox 395 4231 1899 4360">
    <p class='ocr_par' dir='ltr' id='par_1_55' title="bbox 395 4231 1899 4360">
     <span class='ocr_line' id='line_1_55' title="bbox 395 4231 1899 4360; baseline -0.005 -68"><span class='ocrx_word' id='word_1_416' title='bbox 395 4237 506 4310; x_wconf 81' lang='grc'><strong>[11).</strong></span> <span class='ocrx_word' id='word_1_417' title='bbox 533 4235 757 4360; x_wconf 47' lang='grc' dir='ltr'><strong>νι-νιηᾹ</strong></span> <span class='ocrx_word' id='word_1_418' title='bbox 787 4236 849 4290; x_wconf 85' lang='lat' dir='ltr'><strong>Et</strong></span> <span class='ocrx_word' id='word_1_419' title='bbox 878 4237 978 4291; x_wconf 85' lang='lat' dir='ltr'><strong>vidi</strong></span> <span class='ocrx_word' id='word_1_420' title='bbox 1012 4236 1221 4288; x_wconf 84' lang='lat' dir='ltr'><strong>alterum</strong></span> <span class='ocrx_word' id='word_1_421' title='bbox 1274 4233 1509 4358; x_wconf 63' lang='lat' dir='ltr'><strong>angelum</strong></span> <span class='ocrx_word' id='word_1_422' title='bbox 1555 4231 1899 4286; x_wconf 85' lang='lat' dir='ltr'><strong>ascendentem</strong></span> 
     </span>
     <span class='ocr_line' id='line_1_56' title="bbox 409 4303 1899 4360; baseline -0.004 0"><span class='ocrx_word' id='word_1_423' title='bbox 409 4322 522 4360; x_wconf 87' lang='lat' dir='ltr'><strong>ortu</strong></span> <span class='ocrx_word' id='word_1_424' title='bbox 547 4310 686 4360; x_wconf 85' lang='lat' dir='ltr'><strong>solis.</strong></span> <span class='ocrx_word' id='word_1_425' title='bbox 763 4309 941 4360; x_wconf 84' lang='lat' dir='ltr'><strong>lterum</strong></span> <span class='ocrx_word' id='word_1_426' title='bbox 960 4306 1192 4360; x_wconf 88' lang='lat' dir='ltr'><strong>anaelum</strong></span> <span class='ocrx_word' id='word_1_427' title='bbox 1220 4320 1334 4357; x_wconf 91' lang='lat' dir='ltr'><strong>eam</strong></span> <span class='ocrx_word' id='word_1_428' title='bbox 1377 4320 1460 4357; x_wconf 90' lang='lat' dir='ltr'><strong>em</strong></span> <span class='ocrx_word' id='word_1_429' title='bbox 1494 4303 1782 4357; x_wconf 77' lang='lat' dir='ltr'><strong>Ecclesium</strong></span> <span class='ocrx_word' id='word_1_430' title='bbox 1809 4316 1899 4355; x_wconf 87' lang='lat' dir='ltr'><strong>ca-</strong></span> 
     </span>
    </p>
   </div>
   <div class='ocr_carea' id='block_1_56' title="bbox 323 4251 1899 4376">
    <p class='ocr_par' dir='ltr' id='par_1_56' title="bbox 323 4251 1899 4376">
     <span class='ocr_line' id='line_1_57' title="bbox 395 4251 1899 4360; baseline -0.005 -68"><span class='ocrx_word' id='word_1_431' title='bbox 395 4251 506 4310; x_wconf 76' lang='grc' dir='ltr'><strong>[ιη.</strong></span> <span class='ocrx_word' id='word_1_432' title='bbox 533 4251 757 4360; x_wconf 40' lang='grc' dir='ltr'>νι-νιιιᾌ</span> <span class='ocrx_word' id='word_1_433' title='bbox 787 4251 849 4290; x_wconf 70' lang='lat' dir='ltr'><strong>Et</strong></span> <span class='ocrx_word' id='word_1_434' title='bbox 878 4251 977 4291; x_wconf 82' lang='lat' dir='ltr'><strong>mat</strong></span> <span class='ocrx_word' id='word_1_435' title='bbox 1012 4251 1221 4288; x_wconf 77' lang='lat' dir='ltr'><strong>alterum</strong></span> <span class='ocrx_word' id='word_1_436' title='bbox 1274 4251 1509 4358; x_wconf 63' lang='lat' dir='ltr'><strong>angelum</strong></span> <span class='ocrx_word' id='word_1_437' title='bbox 1555 4251 1899 4286; x_wconf 78' lang='lat' dir='ltr'><strong>ascendentem</strong></span> 
     </span>
     <span class='ocr_line' id='line_1_58' title="bbox 323 4303 1899 4376; baseline -0.004 -16"><span class='ocrx_word' id='word_1_438' title='bbox 323 4309 384 4366; x_wconf 57' lang='lat' dir='ltr'><strong>ab</strong></span> <span class='ocrx_word' id='word_1_439' title='bbox 409 4322 522 4361; x_wconf 85' lang='lat' dir='ltr'><strong>ortu</strong></span> <span class='ocrx_word' id='word_1_440' title='bbox 547 4310 686 4362; x_wconf 86' lang='lat' dir='ltr'><strong>solis.</strong></span> <span class='ocrx_word' id='word_1_441' title='bbox 763 4309 941 4360; x_wconf 85' lang='lat' dir='ltr'><strong>lterum</strong></span> <span class='ocrx_word' id='word_1_442' title='bbox 960 4306 1192 4376; x_wconf 83' lang='lat' dir='ltr'><strong>angelum</strong></span> <span class='ocrx_word' id='word_1_443' title='bbox 1220 4320 1334 4376; x_wconf 86' lang='lat' dir='ltr'><strong>eam</strong></span> <span class='ocrx_word' id='word_1_444' title='bbox 1377 4320 1460 4357; x_wconf 91' lang='lat' dir='ltr'><strong>em</strong></span> <span class='ocrx_word' id='word_1_445' title='bbox 1494 4303 1782 4376; x_wconf 78' lang='lat' dir='ltr'><strong>Ecclesium</strong></span> <span class='ocrx_word' id='word_1_446' title='bbox 1809 4316 1899 4355; x_wconf 89' lang='lat' dir='ltr'><strong>ca-</strong></span> 
     </span>
    </p>
   </div>
   <div class='ocr_carea' id='block_1_57' title="bbox 323 4374 1898 4447">
    <p class='ocr_par' dir='ltr' id='par_1_57' title="bbox 323 4374 1898 4447">
     <span class='ocr_line' id='line_1_59' title="bbox 323 4374 1898 4447; baseline -0.004 -15"><span class='ocrx_word' id='word_1_447' title='bbox 323 4379 570 4432; x_wconf 65' lang='lat' dir='ltr'><strong>tnalicam</strong></span> <span class='ocrx_word' id='word_1_448' title='bbox 601 4378 847 4447; x_wconf 80' lang='lat' dir='ltr'><strong>intelligit</strong></span> <span class='ocrx_word' id='word_1_449' title='bbox 881 4395 892 4429; x_wconf 89' lang='lat'><strong>:</strong></span> <span class='ocrx_word' id='word_1_450' title='bbox 921 4376 981 4428; x_wconf 88' lang='lat' dir='ltr'><strong>ab</strong></span> <span class='ocrx_word' id='word_1_451' title='bbox 1005 4374 1116 4428; x_wconf 76' lang='lat' dir='ltr'><strong>ortu</strong></span> <span class='ocrx_word' id='word_1_452' title='bbox 1141 4375 1280 4435; x_wconf 84' lang='lat' dir='ltr'><strong>satis,</strong></span> <span class='ocrx_word' id='word_1_453' title='bbox 1314 4389 1340 4426; x_wconf 90' lang='lat' dir='ltr'><strong>a</strong></span> <span class='ocrx_word' id='word_1_454' title='bbox 1373 4374 1694 4447; x_wconf 78' lang='lat' dir='ltr'><strong>passioneet</strong></span> <span class='ocrx_word' id='word_1_455' title='bbox 1720 4387 1898 4426; x_wconf 91' lang='lat' dir='ltr'><strong>resur-</strong></span> 
     </span>
    </p>
   </div>
   <div class='ocr_carea' id='block_1_58' title="bbox 321 4444 1892 4513">
    <p class='ocr_par' dir='ltr' id='par_1_58' title="bbox 321 4444 1892 4513">
     <span class='ocr_line' id='line_1_60' title="bbox 321 4444 1892 4513; baseline -0.004 -10"><span class='ocrx_word' id='word_1_456' title='bbox 321 4450 556 4503; x_wconf 86' lang='lat' dir='ltr'><strong>rectione</strong></span> <span class='ocrx_word' id='word_1_457' title='bbox 583 4444 796 4501; x_wconf 81' lang='lat' dir='ltr'><strong>Domini</strong></span> <span class='ocrx_word' id='word_1_458' title='bbox 829 4448 1143 4500; x_wconf 88' lang='lat' dir='ltr'><strong>clamantem</strong></span> <span class='ocrx_word' id='word_1_459' title='bbox 1188 4453 1413 4513; x_wconf 87' lang='lat' dir='ltr'><strong>quatuor</strong></span> <span class='ocrx_word' id='word_1_460' title='bbox 1461 4444 1660 4510; x_wconf 80' lang='lat' dir='ltr'><strong>angelis</strong></span> <span class='ocrx_word' id='word_1_461' title='bbox 1715 4452 1892 4513; x_wconf 64' lang='lat' dir='ltr'><strong>terra}.</strong></span> 
     </span>
    </p>
   </div>
   <div class='ocr_carea' id='block_1_59' title="bbox 324 4512 1894 4586">
    <p class='ocr_par' dir='ltr' id='par_1_59' title="bbox 324 4512 1894 4586">
     <span class='ocr_line' id='line_1_61' title="bbox 324 4512 1894 4586; baseline -0.004 -14"><span class='ocrx_word' id='word_1_462' title='bbox 324 4519 390 4572; x_wconf 76' lang='lat' dir='ltr'><strong>Et</strong></span> <span class='ocrx_word' id='word_1_463' title='bbox 417 4519 649 4572; x_wconf 81' lang='lat' dir='ltr'><strong>clamavit</strong></span> <span class='ocrx_word' id='word_1_464' title='bbox 677 4533 793 4571; x_wconf 82' lang='lat' dir='ltr'><strong>voce</strong></span> <span class='ocrx_word' id='word_1_465' title='bbox 812 4534 993 4586; x_wconf 84' lang='lat' dir='ltr'><strong>magna</strong></span> <span class='ocrx_word' id='word_1_466' title='bbox 1021 4516 1189 4569; x_wconf 88' lang='lat' dir='ltr'><strong>dicens</strong></span> <span class='ocrx_word' id='word_1_467' title='bbox 1209 4512 1431 4582; x_wconf 74' lang='lat' dir='ltr'><strong>quatuor</strong></span> <span class='ocrx_word' id='word_1_468' title='bbox 1459 4513 1682 4586; x_wconf 70' lang='lat' dir='ltr'><strong>angelis,_</strong></span> <span class='ocrx_word' id='word_1_469' title='bbox 1717 4512 1894 4586; x_wconf 76' lang='lat' dir='ltr'><strong>quibus</strong></span> 
     </span>
    </p>
   </div>
   <div class='ocr_carea' id='block_1_60' title="bbox 321 4580 1894 4656">
    <p class='ocr_par' dir='ltr' id='par_1_60' title="bbox 321 4580 1894 4656">
     <span class='ocr_line' id='line_1_62' title="bbox 321 4580 1894 4656; baseline -0.004 -14"><span class='ocrx_word' id='word_1_470' title='bbox 321 4589 442 4642; x_wconf 89' lang='lat' dir='ltr'><strong>data</strong></span> <span class='ocrx_word' id='word_1_471' title='bbox 465 4601 534 4642; x_wconf 89' lang='lat' dir='ltr'><strong>est</strong></span> <span class='ocrx_word' id='word_1_472' title='bbox 564 4597 779 4656; x_wconf 79' lang='lat' dir='ltr'><strong>potestas</strong></span> <span class='ocrx_word' id='word_1_473' title='bbox 811 4580 992 4640; x_wconf 78' lang='lat' dir='ltr'><strong>ltedere</strong></span> <span class='ocrx_word' id='word_1_474' title='bbox 1017 4597 1200 4639; x_wconf 88' lang='lat' dir='ltr'><strong>terram</strong></span> <span class='ocrx_word' id='word_1_475' title='bbox 1229 4580 1272 4636; x_wconf 81' lang='lat' dir='ltr'><strong>et</strong></span> <span class='ocrx_word' id='word_1_476' title='bbox 1313 4598 1499 4656; x_wconf 73' lang='lat' dir='ltr'><strong>mare;</strong></span> <span class='ocrx_word' id='word_1_477' title='bbox 1531 4580 1618 4635; x_wconf 25' lang='lat' dir='ltr'><strong>’Ne</strong></span> <span class='ocrx_word' id='word_1_478' title='bbox 1665 4581 1894 4656; x_wconf 66' lang='lat' dir='ltr'><strong>[emeritis</strong></span> 
     </span>
    </p>
   </div>
   <div class='ocr_carea' id='block_1_61' title="bbox 320 4651 1894 4727">
    <p class='ocr_par' dir='ltr' id='par_1_61' title="bbox 320 4651 1894 4727">
     <span class='ocr_line' id='line_1_63' title="bbox 320 4651 1894 4727; baseline -0.004 -16"><span class='ocrx_word' id='word_1_479' title='bbox 320 4669 523 4720; x_wconf 84' lang='lat' dir='ltr'><strong>terram,</strong></span> <span class='ocrx_word' id='word_1_480' title='bbox 554 4651 707 4727; x_wconf 83' lang='lat' dir='ltr'><strong>neque</strong></span> <span class='ocrx_word' id='word_1_481' title='bbox 736 4675 891 4710; x_wconf 89' lang='lat' dir='ltr'><strong>mare.</strong></span> <span class='ocrx_word' id='word_1_482' title='bbox 923 4657 1127 4723; x_wconf 87' lang='lat' dir='ltr'><strong>Accipit</strong></span> <span class='ocrx_word' id='word_1_483' title='bbox 1151 4663 1324 4727; x_wconf 80' lang='lat' dir='ltr'><strong>autern</strong></span> <span class='ocrx_word' id='word_1_484' title='bbox 1351 4651 1579 4727; x_wconf 81' lang='lat' dir='ltr'><strong>gladium</strong></span> <span class='ocrx_word' id='word_1_485' title='bbox 1633 4651 1894 4727; x_wconf 83' lang='lat' dir='ltr'><strong>generali-</strong></span> 
     </span>
    </p>
   </div>
   <div class='ocr_carea' id='block_1_62' title="bbox 323 4721 1894 4796">
    <p class='ocr_par' dir='ltr' id='par_1_62' title="bbox 323 4721 1894 4796">
     <span class='ocr_line' id='line_1_64' title="bbox 323 4721 1894 4796; baseline -0.005 -12"><span class='ocrx_word' id='word_1_486' title='bbox 323 4739 424 4793; x_wconf 89' lang='lat' dir='ltr'><strong>ter,</strong></span> <span class='ocrx_word' id='word_1_487' title='bbox 453 4731 564 4784; x_wconf 86' lang='lat' dir='ltr'><strong>sive</strong></span> <span class='ocrx_word' id='word_1_488' title='bbox 587 4721 768 4782; x_wconf 82' lang='lat' dir='ltr'><strong>contra</strong></span> <span class='ocrx_word' id='word_1_489' title='bbox 795 4742 927 4796; x_wconf 91' lang='lat' dir='ltr'><strong>quos</strong></span> <span class='ocrx_word' id='word_1_490' title='bbox 950 4728 999 4779; x_wconf 93' lang='lat' dir='ltr'><strong>iu</strong></span> <span class='ocrx_word' id='word_1_491' title='bbox 1023 4721 1128 4779; x_wconf 81' lang='lat' dir='ltr'><strong>vita</strong></span> <span class='ocrx_word' id='word_1_492' title='bbox 1151 4721 1396 4796; x_wconf 77' lang='lat' dir='ltr'><strong>interﬁcit</strong></span> <span class='ocrx_word' id='word_1_493' title='bbox 1415 4766 1429 4784; x_wconf 90' lang='lat'><strong>,</strong></span> <span class='ocrx_word' id='word_1_494' title='bbox 1457 4723 1568 4776; x_wconf 82' lang='lat' dir='ltr'><strong>sive</strong></span> <span class='ocrx_word' id='word_1_495' title='bbox 1597 4721 1729 4796; x_wconf 77' lang='lat' dir='ltr'><strong>quos</strong></span> <span class='ocrx_word' id='word_1_496' title='bbox 1752 4721 1894 4796; x_wconf 82' lang='lat' dir='ltr'><strong>inter</strong></span> 
     </span>
    </p>
   </div>
   <div class='ocr_carea' id='block_1_63' title="bbox 320 4792 1892 4868">
    <p class='ocr_par' dir='ltr' id='par_1_63' title="bbox 320 4792 1892 4868">
     <span class='ocr_line' id='line_1_65' title="bbox 320 4792 1892 4868; baseline -0.004 -15"><span class='ocrx_word' id='word_1_497' title='bbox 320 4815 376 4855; x_wconf 76' lang='lat' dir='ltr'><strong>se</strong></span> <span class='ocrx_word' id='word_1_498' title='bbox 405 4792 502 4868; x_wconf 89' lang='lat' dir='ltr'><strong>pro</strong></span> <span class='ocrx_word' id='word_1_499' title='bbox 531 4801 689 4853; x_wconf 89' lang='lat' dir='ltr'><strong>rebus</strong></span> <span class='ocrx_word' id='word_1_500' title='bbox 710 4792 1084 4868; x_wconf 84' lang='lat' dir='ltr'><strong>temporalibus</strong></span> <span class='ocrx_word' id='word_1_501' title='bbox 1114 4810 1278 4868; x_wconf 77' lang='lat' dir='ltr'><strong>usque</strong></span> <span class='ocrx_word' id='word_1_502' title='bbox 1314 4794 1378 4846; x_wconf 89' lang='lat' dir='ltr'><strong>ad</strong></span> <span class='ocrx_word' id='word_1_503' title='bbox 1427 4802 1650 4868; x_wconf 84' lang='lat' dir='ltr'><strong>mortem</strong></span> <span class='ocrx_word' id='word_1_504' title='bbox 1690 4792 1892 4868; x_wconf 79' lang='lat' dir='ltr'><strong>litigare</strong></span> 
     </span>
    </p>
   </div>
   <div class='ocr_carea' id='block_1_64' title="bbox 321 4863 1888 4940">
    <p class='ocr_par' dir='ltr' id='par_1_64' title="bbox 321 4863 1888 4940">
     <span class='ocr_line' id='line_1_66' title="bbox 321 4863 1888 4940; baseline -0.003 -20"><span class='ocrx_word' id='word_1_505' title='bbox 321 4863 618 4940; x_wconf 71' lang='lat' dir='ltr'><strong>persuadet.</strong></span> <span class='ocrx_word' id='word_1_506' title='bbox 641 4870 714 4923; x_wconf 91' lang='lat' dir='ltr'><strong>De</strong></span> <span class='ocrx_word' id='word_1_507' title='bbox 736 4863 890 4923; x_wconf 85' lang='lat' dir='ltr'><strong>tertio</strong></span> <span class='ocrx_word' id='word_1_508' title='bbox 912 4867 1082 4936; x_wconf 88' lang='lat' dir='ltr'><strong>sigillo</strong></span> <span class='ocrx_word' id='word_1_509' title='bbox 1097 4866 1440 4940; x_wconf 80' lang='lat' dir='ltr'><strong>_dicitequum</strong></span> <span class='ocrx_word' id='word_1_510' title='bbox 1468 4865 1672 4931; x_wconf 85' lang='lat' dir='ltr'><strong>nigrum</strong></span> <span class='ocrx_word' id='word_1_511' title='bbox 1695 4863 1888 4927; x_wconf 82' lang='lat' dir='ltr'><strong>exisse,</strong></span> 
     </span>
    </p>
   </div>
   <div class='ocr_carea' id='block_1_65' title="bbox 321 4935 1885 5008">
    <p class='ocr_par' dir='ltr' id='par_1_65' title="bbox 321 4935 1885 5008">
     <span class='ocr_line' id='line_1_67' title="bbox 321 4935 1885 5008; baseline -0.005 -15"><span class='ocrx_word' id='word_1_512' title='bbox 321 4935 371 4993; x_wconf 67' lang='lat' dir='ltr'><strong>iet</strong></span> <span class='ocrx_word' id='word_1_513' title='bbox 394 4942 482 5008; x_wconf 91' lang='lat' dir='ltr'><strong>qui</strong></span> <span class='ocrx_word' id='word_1_514' title='bbox 508 4939 727 4994; x_wconf 87' lang='lat' dir='ltr'><strong>sedebat</strong></span> <span class='ocrx_word' id='word_1_515' title='bbox 757 4953 916 5005; x_wconf 86' lang='lat' dir='ltr'><strong>super</strong></span> <span class='ocrx_word' id='word_1_516' title='bbox 944 4935 1062 5008; x_wconf 72' lang='lat' dir='ltr'><strong>enni</strong></span> <span class='ocrx_word' id='word_1_517' title='bbox 1097 4935 1319 5008; x_wconf 81' lang='lat' dir='ltr'><strong>habebat</strong></span> <span class='ocrx_word' id='word_1_518' title='bbox 1351 4935 1402 4986; x_wconf 93' lang='lat' dir='ltr'><strong>in</strong></span> <span class='ocrx_word' id='word_1_519' title='bbox 1449 4949 1604 4985; x_wconf 85' lang='lat' dir='ltr'><strong>manu</strong></span> <span class='ocrx_word' id='word_1_520' title='bbox 1636 4947 1728 5008; x_wconf 81' lang='lat' dir='ltr'><strong>sua</strong></span> <span class='ocrx_word' id='word_1_521' title='bbox 1777 4941 1885 4985; x_wconf 86' lang='lat' dir='ltr'><strong>sta-</strong></span> 
     </span>
    </p>
   </div>
   <div class='ocr_carea' id='block_1_66' title="bbox 323 5002 1888 5077">
    <p class='ocr_par' dir='ltr' id='par_1_66' title="bbox 323 5002 1888 5077">
     <span class='ocr_line' id='line_1_68' title="bbox 323 5002 1888 5077; baseline -0.005 -14"><span class='ocrx_word' id='word_1_522' title='bbox 323 5002 489 5064; x_wconf 74' lang='lat' dir='ltr'><strong>teram</strong></span> <span class='ocrx_word' id='word_1_523' title='bbox 522 5028 534 5062; x_wconf 92' lang='lat'><strong>:</strong></span> <span class='ocrx_word' id='word_1_524' title='bbox 565 5008 792 5068; x_wconf 87' lang='lat' dir='ltr'><strong>Libram,</strong></span> <span class='ocrx_word' id='word_1_525' title='bbox 824 5002 1010 5077; x_wconf 84' lang='lat' dir='ltr'><strong>inquit,</strong></span> <span class='ocrx_word' id='word_1_526' title='bbox 1033 5005 1240 5059; x_wconf 79' lang='lat' dir='ltr'><strong>habebat</strong></span> <span class='ocrx_word' id='word_1_527' title='bbox 1260 5002 1727 5077; x_wconf 77' lang='lat' dir='ltr'><strong>in_manu_sua,_id</strong></span> <span class='ocrx_word' id='word_1_528' title='bbox 1778 5010 1888 5067; x_wconf 87' lang='lat' dir='ltr'><strong>est,</strong></span> 
     </span>
    </p>
   </div>
   <div class='ocr_carea' id='block_1_67' title="bbox 319 5073 1890 5148">
    <p class='ocr_par' dir='ltr' id='par_1_67' title="bbox 319 5073 1890 5148">
     <span class='ocr_line' id='line_1_69' title="bbox 319 5073 1890 5148; baseline -0.008 -14"><span class='ocrx_word' id='word_1_529' title='bbox 319 5095 541 5134; x_wconf 75' lang='lat' dir='ltr'><strong>examen</strong></span> <span class='ocrx_word' id='word_1_530' title='bbox 571 5079 869 5148; x_wconf 65' lang='lat' dir='ltr'><strong>aequitatis;</strong></span> <span class='ocrx_word' id='word_1_531' title='bbox 898 5073 1026 5145; x_wconf 80' lang='lat' dir='ltr'><strong>quia</strong></span> <span class='ocrx_word' id='word_1_532' title='bbox 1063 5077 1186 5148; x_wconf 88' lang='lat' dir='ltr'><strong>dum</strong></span> <span class='ocrx_word' id='word_1_533' title='bbox 1221 5075 1368 5148; x_wconf 75' lang='lat' dir='ltr'><strong>ﬁngit</strong></span> <span class='ocrx_word' id='word_1_534' title='bbox 1403 5089 1460 5127; x_wconf 90' lang='lat' dir='ltr'><strong>se</strong></span> <span class='ocrx_word' id='word_1_535' title='bbox 1497 5073 1753 5148; x_wconf 80' lang='lat' dir='ltr'><strong>justitiam</strong></span> <span class='ocrx_word' id='word_1_536' title='bbox 1809 5081 1890 5148; x_wconf 70' lang='lat' dir='ltr'><strong>te-</strong></span> 
     </span>
    </p>
   </div>
   <div class='ocr_carea' id='block_1_68' title="bbox 317 5141 1890 5214">
    <p class='ocr_par' dir='ltr' id='par_1_68' title="bbox 317 5141 1890 5214">
     <span class='ocr_line' id='line_1_70' title="bbox 317 5141 1890 5214; baseline -0.005 -11"><span class='ocrx_word' id='word_1_537' title='bbox 317 5166 464 5213; x_wconf 89' lang='lat' dir='ltr'><strong>nere,</strong></span> <span class='ocrx_word' id='word_1_538' title='bbox 492 5166 583 5214; x_wconf 90' lang='lat' dir='ltr'><strong>per</strong></span> <span class='ocrx_word' id='word_1_539' title='bbox 613 5141 1002 5204; x_wconf 83' lang='lat' dir='ltr'><strong>simulationem</strong></span> <span class='ocrx_word' id='word_1_540' title='bbox 1034 5147 1192 5199; x_wconf 67' lang='lat' dir='ltr'><strong>laedit.</strong></span> <span class='ocrx_word' id='word_1_541' title='bbox 1221 5141 1353 5197; x_wconf 84' lang='lat' dir='ltr'><strong>Dum</strong></span> <span class='ocrx_word' id='word_1_542' title='bbox 1392 5153 1567 5214; x_wconf 82' lang='lat' dir='ltr'><strong>autem</strong></span> <span class='ocrx_word' id='word_1_543' title='bbox 1609 5143 1660 5195; x_wconf 93' lang='lat' dir='ltr'><strong>in</strong></span> <span class='ocrx_word' id='word_1_544' title='bbox 1680 5141 1890 5214; x_wconf 54' lang='lat' dir='ltr'><strong>&quot;[118le</strong></span> 
     </span>
    </p>
   </div>
   <div class='ocr_carea' id='block_1_69' title="bbox 313 5211 1889 5283">
    <p class='ocr_par' dir='ltr' id='par_1_69' title="bbox 313 5211 1889 5283">
     <span class='ocr_line' id='line_1_71' title="bbox 313 5211 1889 5283; baseline -0.004 -11"><span class='ocrx_word' id='word_1_545' title='bbox 313 5211 642 5283; x_wconf 84' lang='lat' dir='ltr'><strong>animalium,</strong></span> <span class='ocrx_word' id='word_1_546' title='bbox 669 5219 717 5271; x_wconf 92' lang='lat' dir='ltr'><strong>id</strong></span> <span class='ocrx_word' id='word_1_547' title='bbox 743 5226 826 5272; x_wconf 91' lang='lat' dir='ltr'><strong>est</strong></span> <span class='ocrx_word' id='word_1_548' title='bbox 852 5218 904 5270; x_wconf 92' lang='lat' dir='ltr'><strong>in</strong></span> <span class='ocrx_word' id='word_1_549' title='bbox 935 5217 1107 5270; x_wconf 92' lang='lat' dir='ltr'><strong>medio</strong></span> <span class='ocrx_word' id='word_1_550' title='bbox 1137 5215 1388 5270; x_wconf 75' lang='lat' dir='ltr'><strong>Ecclesia:</strong></span> <span class='ocrx_word' id='word_1_551' title='bbox 1413 5213 1636 5276; x_wconf 85' lang='lat' dir='ltr'><strong>dicitur,</strong></span> <span class='ocrx_word' id='word_1_552' title='bbox 1670 5211 1750 5266; x_wconf 88' lang='lat' dir='ltr'><strong>Ne</strong></span> <span class='ocrx_word' id='word_1_553' title='bbox 1797 5213 1889 5266; x_wconf 75' lang='grc' dir='ltr'><strong>ιω-</strong></span> 
     </span>
    </p>
   </div>
   <div class='ocr_carea' id='block_1_70' title="bbox 316 5283 1890 5356">
    <p class='ocr_par' dir='ltr' id='par_1_70' title="bbox 316 5283 1890 5356">
     <span class='ocr_line' id='line_1_72' title="bbox 316 5283 1890 5356; baseline -0.004 -15"><span class='ocrx_word' id='word_1_554' title='bbox 316 5291 468 5352; x_wconf 83' lang='lat' dir='ltr'><strong>seris;</strong></span> <span class='ocrx_word' id='word_1_555' title='bbox 518 5289 814 5343; x_wconf 89' lang='lat' dir='ltr'><strong>ostenditur</strong></span> <span class='ocrx_word' id='word_1_556' title='bbox 865 5288 1001 5356; x_wconf 87' lang='lat' dir='ltr'><strong>quod</strong></span> <span class='ocrx_word' id='word_1_557' title='bbox 1061 5285 1360 5356; x_wconf 82' lang='lat' dir='ltr'><strong>spirituales</strong></span> <span class='ocrx_word' id='word_1_558' title='bbox 1411 5283 1657 5350; x_wconf 70' lang='lat' dir='ltr'><strong>nequitia:</strong></span> <span class='ocrx_word' id='word_1_559' title='bbox 1703 5292 1890 5356; x_wconf 82' lang='lat' dir='ltr'><strong>poten-</strong></span> 
     </span>
    </p>
   </div>
   <div class='ocr_carea' id='block_1_71' title="bbox 316 5353 1886 5420">
    <p class='ocr_par' dir='ltr' id='par_1_71' title="bbox 316 5353 1886 5420">
     <span class='ocr_line' id='line_1_73' title="bbox 316 5353 1886 5420; baseline -0.004 -8"><span class='ocrx_word' id='word_1_560' title='bbox 316 5361 440 5412; x_wconf 88' lang='lat' dir='ltr'><strong>tiam</strong></span> <span class='ocrx_word' id='word_1_561' title='bbox 465 5362 514 5412; x_wconf 92' lang='lat' dir='ltr'><strong>iu</strong></span> <span class='ocrx_word' id='word_1_562' title='bbox 547 5375 728 5415; x_wconf 88' lang='lat' dir='ltr'><strong>servos</strong></span> <span class='ocrx_word' id='word_1_563' title='bbox 758 5357 849 5411; x_wconf 87' lang='lat' dir='ltr'><strong>Dei</strong></span> <span class='ocrx_word' id='word_1_564' title='bbox 881 5353 982 5409; x_wconf 82' lang='lat' dir='ltr'><strong>nou</strong></span> <span class='ocrx_word' id='word_1_565' title='bbox 1007 5357 1220 5420; x_wconf 89' lang='lat' dir='ltr'><strong>habent,</strong></span> <span class='ocrx_word' id='word_1_566' title='bbox 1250 5355 1348 5408; x_wconf 89' lang='lat' dir='ltr'><strong>nisi</strong></span> <span class='ocrx_word' id='word_1_567' title='bbox 1375 5371 1402 5407; x_wconf 91' lang='lat' dir='ltr'><strong>a</strong></span> <span class='ocrx_word' id='word_1_568' title='bbox 1434 5356 1540 5408; x_wconf 91' lang='lat' dir='ltr'><strong>Deo</strong></span> <span class='ocrx_word' id='word_1_569' title='bbox 1565 5353 1886 5420; x_wconf 87' lang='lat' dir='ltr'><strong>acceperint.</strong></span> 
     </span>
    </p>
   </div>
   <div class='ocr_carea' id='block_1_72' title="bbox 328 5424 1887 5488">
    <p class='ocr_par' dir='ltr' id='par_1_72' title="bbox 328 5424 1887 5488">
     <span class='ocr_line' id='line_1_74' title="bbox 328 5424 1887 5488; baseline -0.004 -4"><span class='ocrx_word' id='word_1_570' title='bbox 328 5429 507 5484; x_wconf 78' lang='lat' dir='ltr'><strong>Vinum</strong></span> <span class='ocrx_word' id='word_1_571' title='bbox 542 5440 586 5483; x_wconf 79' lang='lat' dir='ltr'><strong>et</strong></span> <span class='ocrx_word' id='word_1_572' title='bbox 623 5430 789 5482; x_wconf 82' lang='lat' dir='ltr'><strong>oleant</strong></span> <span class='ocrx_word' id='word_1_573' title='bbox 812 5444 871 5481; x_wconf 88' lang='lat' dir='ltr'><strong>ne</strong></span> <span class='ocrx_word' id='word_1_574' title='bbox 898 5428 1085 5480; x_wconf 74' lang='lat' dir='ltr'><strong>(reseris</strong></span> <span class='ocrx_word' id='word_1_575' title='bbox 1112 5443 1129 5480; x_wconf 93' lang='lat'><strong>:</strong></span> <span class='ocrx_word' id='word_1_576' title='bbox 1157 5427 1208 5480; x_wconf 93' lang='lat' dir='ltr'><strong>in</strong></span> <span class='ocrx_word' id='word_1_577' title='bbox 1231 5430 1353 5478; x_wconf 88' lang='lat' dir='ltr'><strong>vino</strong></span> <span class='ocrx_word' id='word_1_578' title='bbox 1396 5434 1449 5479; x_wconf 89' lang='lat' dir='ltr'><strong>et</strong></span> <span class='ocrx_word' id='word_1_579' title='bbox 1484 5426 1620 5488; x_wconf 90' lang='lat' dir='ltr'><strong>oleo,</strong></span> <span class='ocrx_word' id='word_1_580' title='bbox 1679 5424 1887 5477; x_wconf 87' lang='lat' dir='ltr'><strong>unctio-</strong></span> 
     </span>
    </p>
   </div>
   <div class='ocr_carea' id='block_1_73' title="bbox 317 5495 1889 5566">
    <p class='ocr_par' dir='ltr' id='par_1_73' title="bbox 317 5495 1889 5566">
     <span class='ocr_line' id='line_1_75' title="bbox 317 5495 1889 5566; baseline -0.007 -9"><span class='ocrx_word' id='word_1_581' title='bbox 317 5518 436 5557; x_wconf 87' lang='lat' dir='ltr'><strong>nem</strong></span> <span class='ocrx_word' id='word_1_582' title='bbox 476 5499 776 5556; x_wconf 89' lang='lat' dir='ltr'><strong>chrismatis</strong></span> <span class='ocrx_word' id='word_1_583' title='bbox 805 5507 858 5552; x_wconf 92' lang='lat' dir='ltr'><strong>et</strong></span> <span class='ocrx_word' id='word_1_584' title='bbox 882 5500 1188 5566; x_wconf 88' lang='lat' dir='ltr'><strong>sanguinem</strong></span> <span class='ocrx_word' id='word_1_585' title='bbox 1215 5497 1416 5550; x_wconf 91' lang='lat' dir='ltr'><strong>Domini</strong></span> <span class='ocrx_word' id='word_1_586' title='bbox 1444 5512 1458 5560; x_wconf 92' lang='lat'><strong>;</strong></span> <span class='ocrx_word' id='word_1_587' title='bbox 1491 5497 1542 5549; x_wconf 96' lang='lat' dir='ltr'><strong>in</strong></span> <span class='ocrx_word' id='word_1_588' title='bbox 1575 5495 1748 5548; x_wconf 86' lang='lat' dir='ltr'><strong>tritico</strong></span> <span class='ocrx_word' id='word_1_589' title='bbox 1794 5510 1889 5546; x_wconf 90' lang='lat' dir='ltr'><strong>au-</strong></span> 
     </span>
    </p>
   </div>
   <div class='ocr_carea' id='block_1_74' title="bbox 316 5566 1889 5634">
    <p class='ocr_par' dir='ltr' id='par_1_74' title="bbox 316 5566 1889 5634">
     <span class='ocr_line' id='line_1_76' title="bbox 316 5566 1889 5634; baseline -0.002 -11"><span class='ocrx_word' id='word_1_590' title='bbox 316 5586 416 5623; x_wconf 82' lang='lat' dir='ltr'><strong>tm</strong></span> <span class='ocrx_word' id='word_1_591' title='bbox 478 5581 530 5626; x_wconf 86' lang='lat' dir='ltr'><strong>et</strong></span> <span class='ocrx_word' id='word_1_592' title='bbox 587 5570 787 5624; x_wconf 91' lang='lat' dir='ltr'><strong>hordeo</strong></span> <span class='ocrx_word' id='word_1_593' title='bbox 853 5568 1136 5622; x_wconf 81' lang='lat' dir='ltr'><strong>Ecclesium</strong></span> <span class='ocrx_word' id='word_1_594' title='bbox 1184 5567 1354 5632; x_wconf 84' lang='lat' dir='ltr'><strong>dixit,</strong></span> <span class='ocrx_word' id='word_1_595' title='bbox 1401 5567 1513 5620; x_wconf 84' lang='lat' dir='ltr'><strong>sive</strong></span> <span class='ocrx_word' id='word_1_596' title='bbox 1569 5567 1621 5620; x_wconf 90' lang='lat' dir='ltr'><strong>in</strong></span> <span class='ocrx_word' id='word_1_597' title='bbox 1687 5566 1889 5634; x_wconf 84' lang='lat' dir='ltr'><strong>magnis</strong></span> 
     </span>
    </p>
   </div>
   <div class='ocr_carea' id='block_1_75' title="bbox 313 5636 1889 5704">
    <p class='ocr_par' dir='ltr' id='par_1_75' title="bbox 313 5636 1889 5704">
     <span class='ocr_line' id='line_1_77' title="bbox 313 5636 1889 5704; baseline -0.002 -13"><span class='ocrx_word' id='word_1_598' title='bbox 313 5658 423 5692; x_wconf 70' lang='lat' dir='ltr'><strong>MVC</strong></span> <span class='ocrx_word' id='word_1_599' title='bbox 478 5642 529 5694; x_wconf 93' lang='lat' dir='ltr'><strong>in</strong></span> <span class='ocrx_word' id='word_1_600' title='bbox 586 5641 760 5704; x_wconf 84' lang='lat' dir='ltr'><strong>parvis</strong></span> <span class='ocrx_word' id='word_1_601' title='bbox 815 5638 1166 5703; x_wconf 87' lang='lat' dir='ltr'><strong>Christianis,</strong></span> <span class='ocrx_word' id='word_1_602' title='bbox 1223 5638 1334 5691; x_wconf 84' lang='lat' dir='ltr'><strong>sive</strong></span> <span class='ocrx_word' id='word_1_603' title='bbox 1379 5637 1429 5690; x_wconf 91' lang='lat' dir='ltr'><strong>in</strong></span> <span class='ocrx_word' id='word_1_604' title='bbox 1487 5636 1778 5704; x_wconf 74' lang='lat' dir='ltr'><strong>praepositis</strong></span> <span class='ocrx_word' id='word_1_605' title='bbox 1835 5643 1889 5689; x_wconf 90' lang='lat' dir='ltr'><strong>et</strong></span> 
     </span>
    </p>
   </div>
   <div class='ocr_carea' id='block_1_76' title="bbox 316 5657 1889 5784">
    <p class='ocr_par' dir='ltr' id='par_1_76' title="bbox 316 5657 1889 5784">
     <span class='ocr_line' id='line_1_78' title="bbox 316 5657 1889 5704; baseline -0.003 -11"><span class='ocrx_word' id='word_1_606' title='bbox 316 5658 423 5692; x_wconf 71' lang='lat' dir='ltr'><strong>MVC</strong></span> <span class='ocrx_word' id='word_1_607' title='bbox 478 5657 529 5694; x_wconf 89' lang='lat' dir='ltr'><strong>In</strong></span> <span class='ocrx_word' id='word_1_608' title='bbox 623 5657 760 5694; x_wconf 89' lang='lat' dir='ltr'><strong>arvts</strong></span> <span class='ocrx_word' id='word_1_609' title='bbox 815 5657 1166 5703; x_wconf 74' lang='lat' dir='ltr'><strong>bnl‘ISllalllS,</strong></span> <span class='ocrx_word' id='word_1_610' title='bbox 1223 5657 1334 5691; x_wconf 80' lang='lat' dir='ltr'><strong>Sive</strong></span> <span class='ocrx_word' id='word_1_611' title='bbox 1379 5657 1429 5690; x_wconf 89' lang='lat' dir='ltr'><strong>tu</strong></span> <span class='ocrx_word' id='word_1_612' title='bbox 1487 5657 1778 5704; x_wconf 77' lang='lat' dir='ltr'><strong>|)l&#39;:I‘pOSllls</strong></span> <span class='ocrx_word' id='word_1_613' title='bbox 1835 5657 1889 5689; x_wconf 75' lang='lat' dir='ltr'><strong>et</strong></span> 
     </span>
     <span class='ocr_line' id='line_1_79' title="bbox 316 5657 1889 5784; baseline -0.006 -15"><span class='ocrx_word' id='word_1_614' title='bbox 316 5712 541 5784; x_wconf 86' lang='lat' dir='ltr'><strong>populis.</strong></span> <span class='ocrx_word' id='word_1_615' title='bbox 583 5657 658 5767; x_wconf 71' lang='lat' dir='ltr'><strong>Bc</strong></span> <span class='ocrx_word' id='word_1_616' title='bbox 700 5719 888 5782; x_wconf 87' lang='lat' dir='ltr'><strong>quarto</strong></span> <span class='ocrx_word' id='word_1_617' title='bbox 933 5709 1145 5781; x_wconf 85' lang='lat' dir='ltr'><strong>sigillo,</strong></span> <span class='ocrx_word' id='word_1_618' title='bbox 1200 5707 1368 5780; x_wconf 85' lang='lat' dir='ltr'><strong>Equus</strong></span> <span class='ocrx_word' id='word_1_619' title='bbox 1411 5707 1652 5778; x_wconf 81' lang='lat' dir='ltr'><strong>pallidus.</strong></span> <span class='ocrx_word' id='word_1_620' title='bbox 1691 5705 1758 5760; x_wconf 83' lang='lat' dir='ltr'><strong>Et</strong></span> <span class='ocrx_word' id='word_1_621' title='bbox 1801 5706 1889 5777; x_wconf 90' lang='lat' dir='ltr'><strong>qui</strong></span> 
     </span>
    </p>
   </div>
   <div class='ocr_carea' id='block_1_77' title="bbox 379 5862 978 5924">
    <p class='ocr_par' dir='ltr' id='par_1_77' title="bbox 379 5862 978 5924">
     <span class='ocr_line' id='line_1_80' title="bbox 379 5862 978 5924; baseline -0.013 -1"><span class='ocrx_word' id='word_1_622' title='bbox 379 5868 400 5902; x_wconf 75' lang='grc'>⁸</span> <span class='ocrx_word' id='word_1_623' title='bbox 425 5875 552 5924; x_wconf 68' lang='grc' dir='ltr'><strong>ωδε..</strong></span> <span class='ocrx_word' id='word_1_624' title='bbox 571 5862 902 5919; x_wconf 75' lang='lat' dir='ltr'><strong>exercitando.</strong></span> <span class='ocrx_word' id='word_1_625' title='bbox 973 5869 978 5874; x_wconf 83' lang='lat'><strong><em>‘</em></strong></span> 
     </span>
    </p>
   </div>
   <div class='ocr_carea' id='block_1_78' title="bbox 1805 379 2166 436">
    <p class='ocr_par' dir='ltr' id='par_1_78' title="bbox 1805 379 2166 436">
     <span class='ocr_line' id='line_1_81' title="bbox 1805 379 2166 436; baseline -0.008 0"><span class='ocrx_word' id='word_1_626' title='bbox 1805 379 2166 436; x_wconf 76' lang='lat' dir='ltr'><strong>APPENDIX.</strong></span> 
     </span>
    </p>
   </div>
   <div class='ocr_carea' id='block_1_79' title="bbox 3470 398 3612 466">
    <p class='ocr_par' dir='ltr' id='par_1_79' title="bbox 3470 398 3612 466">
     <span class='ocr_line' id='line_1_82' title="bbox 3470 398 3612 466; baseline 0 -10"><span class='ocrx_word' id='word_1_627' title='bbox 3470 398 3612 466; x_wconf 75' lang='grc'><strong>2426</strong></span> 
     </span>
    </p>
   </div>
   <div class='ocr_carea' id='block_1_80' title="bbox 2040 495 3610 578">
    <p class='ocr_par' dir='ltr' id='par_1_80' title="bbox 2040 495 3610 578">
     <span class='ocr_line' id='line_1_83' title="bbox 2040 495 3610 578; baseline 0.006 -20"><span class='ocrx_word' id='word_1_628' title='bbox 2040 501 2239 578; x_wconf 64' lang='grc' dir='ltr'><em>κάῲαι</em></span> <span class='ocrx_word' id='word_1_629' title='bbox 2263 495 2416 576; x_wconf 77' lang='lat' dir='ltr'><strong>super</strong></span> <span class='ocrx_word' id='word_1_630' title='bbox 2437 519 2552 559; x_wconf 85' lang='lat' dir='ltr'><strong>eum</strong></span> <span class='ocrx_word' id='word_1_631' title='bbox 2575 519 2757 578; x_wconf 77' lang='lat' dir='ltr'><strong>nomen</strong></span> <span class='ocrx_word' id='word_1_632' title='bbox 2780 511 2887 578; x_wconf 81' lang='lat' dir='ltr'><strong>erat</strong></span> <span class='ocrx_word' id='word_1_633' title='bbox 2915 503 2962 559; x_wconf 89' lang='lat' dir='ltr'><strong>ei</strong></span> <span class='ocrx_word' id='word_1_634' title='bbox 2985 502 3147 572; x_wconf 74' lang='lat' dir='ltr'><strong>Mors,</strong></span> <span class='ocrx_word' id='word_1_635' title='bbox 3169 515 3216 560; x_wconf 87' lang='lat' dir='ltr'><strong>et</strong></span> <span class='ocrx_word' id='word_1_636' title='bbox 3259 507 3487 578; x_wconf 84' lang='lat' dir='ltr'><strong>infernus</strong></span> <span class='ocrx_word' id='word_1_637' title='bbox 3531 529 3610 566; x_wconf 83' lang='lat' dir='ltr'><strong>se-</strong></span> 
     </span>
    </p>
   </div>
   <div class='ocr_carea' id='block_1_81' title="bbox 2034 573 3606 647">
    <p class='ocr_par' dir='ltr' id='par_1_81' title="bbox 2034 573 3606 647">
     <span class='ocr_line' id='line_1_84' title="bbox 2034 573 3606 647; baseline 0.008 -22"><span class='ocrx_word' id='word_1_638' title='bbox 2034 573 2277 643; x_wconf 79' lang='lat' dir='ltr'><strong>quebatur</strong></span> <span class='ocrx_word' id='word_1_639' title='bbox 2305 573 2413 628; x_wconf 79' lang='lat' dir='ltr'><strong>eum</strong></span> <span class='ocrx_word' id='word_1_640' title='bbox 2440 591 2460 630; x_wconf 84' lang='lat'><strong>.&#39;</strong></span> <span class='ocrx_word' id='word_1_641' title='bbox 2488 586 2533 630; x_wconf 89' lang='lat' dir='ltr'><strong>et</strong></span> <span class='ocrx_word' id='word_1_642' title='bbox 2562 576 2682 628; x_wconf 91' lang='lat' dir='ltr'><strong>data</strong></span> <span class='ocrx_word' id='word_1_643' title='bbox 2721 584 2792 631; x_wconf 84' lang='lat' dir='ltr'><strong>est</strong></span> <span class='ocrx_word' id='word_1_644' title='bbox 2819 577 2863 629; x_wconf 88' lang='lat' dir='ltr'><strong>ei</strong></span> <span class='ocrx_word' id='word_1_645' title='bbox 2903 585 3121 642; x_wconf 84' lang='lat' dir='ltr'><strong>potestas</strong></span> <span class='ocrx_word' id='word_1_646' title='bbox 3164 573 3324 647; x_wconf 58' lang='lat' dir='ltr'><strong>super&#39;</strong></span> <span class='ocrx_word' id='word_1_647' title='bbox 3373 593 3606 647; x_wconf 85' lang='lat' dir='ltr'><strong>quartam</strong></span> 
     </span>
    </p>
   </div>
   <div class='ocr_carea' id='block_1_82' title="bbox 2033 647 3602 716">
    <p class='ocr_par' dir='ltr' id='par_1_82' title="bbox 2033 647 3602 716">
     <span class='ocr_line' id='line_1_85' title="bbox 2033 647 3602 716; baseline 0.008 -21"><span class='ocrx_word' id='word_1_648' title='bbox 2033 653 2224 716; x_wconf 83' lang='lat' dir='ltr'><strong>partem</strong></span> <span class='ocrx_word' id='word_1_649' title='bbox 2249 654 2393 699; x_wconf 63' lang='lat' dir='ltr'><strong>terra:</strong></span> <span class='ocrx_word' id='word_1_650' title='bbox 2412 689 2425 710; x_wconf 91' lang='lat'><strong>,</strong></span> <span class='ocrx_word' id='word_1_651' title='bbox 2457 648 2735 715; x_wconf 82' lang='lat' dir='ltr'><strong>inter/icere</strong></span> <span class='ocrx_word' id='word_1_652' title='bbox 2758 647 2947 716; x_wconf 86' lang='lat' dir='ltr'><strong>gladio,</strong></span> <span class='ocrx_word' id='word_1_653' title='bbox 2980 647 3134 714; x_wconf 79' lang='lat' dir='ltr'><strong>fame,</strong></span> <span class='ocrx_word' id='word_1_654' title='bbox 3161 657 3206 699; x_wconf 89' lang='lat' dir='ltr'><strong>et</strong></span> <span class='ocrx_word' id='word_1_655' title='bbox 3237 658 3409 711; x_wconf 89' lang='lat' dir='ltr'><strong>morte,</strong></span> <span class='ocrx_word' id='word_1_656' title='bbox 3434 663 3480 705; x_wconf 89' lang='lat' dir='ltr'><strong>et</strong></span> <span class='ocrx_word' id='word_1_657' title='bbox 3529 654 3602 708; x_wconf 87' lang='lat' dir='ltr'><strong>be-</strong></span> 
     </span>
    </p>
   </div>
   <div class='ocr_carea' id='block_1_83' title="bbox 2031 716 3604 791">
    <p class='ocr_par' dir='ltr' id='par_1_83' title="bbox 2031 716 3604 791">
     <span class='ocr_line' id='line_1_86' title="bbox 2031 716 3604 791; baseline 0.005 -21"><span class='ocrx_word' id='word_1_658' title='bbox 2031 716 2140 791; x_wconf 75' lang='lat' dir='ltr'><strong>stiis</strong></span> <span class='ocrx_word' id='word_1_659' title='bbox 2166 725 2330 770; x_wconf 72' lang='lat' dir='ltr'><strong>terrae.</strong></span> <span class='ocrx_word' id='word_1_660' title='bbox 2361 717 2449 771; x_wconf 90' lang='lat' dir='ltr'><strong>Isti</strong></span> <span class='ocrx_word' id='word_1_661' title='bbox 2480 727 2593 791; x_wconf 82' lang='lat' dir='ltr'><strong>tres</strong></span> <span class='ocrx_word' id='word_1_662' title='bbox 2611 718 2749 786; x_wconf 92' lang='lat' dir='ltr'><strong>equi,</strong></span> <span class='ocrx_word' id='word_1_663' title='bbox 2771 733 2930 772; x_wconf 92' lang='lat' dir='ltr'><strong>unum</strong></span> <span class='ocrx_word' id='word_1_664' title='bbox 2949 726 3091 780; x_wconf 89' lang='lat' dir='ltr'><strong>sunt,</strong></span> <span class='ocrx_word' id='word_1_665' title='bbox 3111 719 3199 786; x_wconf 92' lang='lat' dir='ltr'><strong>qui</strong></span> <span class='ocrx_word' id='word_1_666' title='bbox 3223 719 3460 774; x_wconf 82' lang='lat' dir='ltr'><strong>exierunt</strong></span> <span class='ocrx_word' id='word_1_667' title='bbox 3488 735 3604 791; x_wconf 90' lang='lat' dir='ltr'><strong>post</strong></span> 
     </span>
    </p>
   </div>
   <div class='ocr_carea' id='block_1_84' title="bbox 2030 786 3603 848">
    <p class='ocr_par' dir='ltr' id='par_1_84' title="bbox 2030 786 3603 848">
     <span class='ocr_line' id='line_1_87' title="bbox 2030 786 3603 848; baseline 0.006 -10"><span class='ocrx_word' id='word_1_668' title='bbox 2030 786 2207 839; x_wconf 89' lang='lat' dir='ltr'><strong>album</strong></span> <span class='ocrx_word' id='word_1_669' title='bbox 2237 795 2288 840; x_wconf 90' lang='lat' dir='ltr'><strong>et</strong></span> <span class='ocrx_word' id='word_1_670' title='bbox 2315 797 2498 842; x_wconf 90' lang='lat' dir='ltr'><strong>contra</strong></span> <span class='ocrx_word' id='word_1_671' title='bbox 2527 789 2704 842; x_wconf 89' lang='lat' dir='ltr'><strong>album</strong></span> <span class='ocrx_word' id='word_1_672' title='bbox 2743 807 2754 840; x_wconf 92' lang='lat'>:</span> <span class='ocrx_word' id='word_1_673' title='bbox 2788 798 2841 842; x_wconf 90' lang='lat' dir='ltr'><strong>et</strong></span> <span class='ocrx_word' id='word_1_674' title='bbox 2879 804 3038 841; x_wconf 89' lang='lat' dir='ltr'><strong>unum</strong></span> <span class='ocrx_word' id='word_1_675' title='bbox 3095 803 3358 843; x_wconf 88' lang='lat' dir='ltr'><strong>sessorem</strong></span> <span class='ocrx_word' id='word_1_676' title='bbox 3409 786 3603 848; x_wconf 71' lang='lat' dir='ltr'><strong>habent</strong></span> 
     </span>
    </p>
   </div>
   <div class='ocr_carea' id='block_1_85' title="bbox 1995 857 3601 928">
    <p class='ocr_par' dir='ltr' id='par_1_85' title="bbox 1995 857 3601 928">
     <span class='ocr_line' id='line_1_88' title="bbox 1995 857 3601 928; baseline 0.006 -18"><span class='ocrx_word' id='word_1_677' title='bbox 1995 864 1997 868; x_wconf 87' lang='lat'>&#39;</span> <span class='ocrx_word' id='word_1_678' title='bbox 2029 857 2316 920; x_wconf 86' lang='lat' dir='ltr'><strong>diabolum,</strong></span> <span class='ocrx_word' id='word_1_679' title='bbox 2342 860 2429 928; x_wconf 92' lang='lat' dir='ltr'><strong>qui</strong></span> <span class='ocrx_word' id='word_1_680' title='bbox 2458 867 2540 914; x_wconf 87' lang='lat' dir='ltr'><strong>est</strong></span> <span class='ocrx_word' id='word_1_681' title='bbox 2563 873 2725 912; x_wconf 90' lang='lat' dir='ltr'><strong>mors.</strong></span> <span class='ocrx_word' id='word_1_682' title='bbox 2754 858 2884 913; x_wconf 87' lang='lat' dir='ltr'><strong>Nam</strong></span> <span class='ocrx_word' id='word_1_683' title='bbox 2926 860 3157 928; x_wconf 90' lang='lat' dir='ltr'><strong>equitem</strong></span> <span class='ocrx_word' id='word_1_684' title='bbox 3192 859 3454 914; x_wconf 87' lang='lat' dir='ltr'><strong>diabolum</strong></span> <span class='ocrx_word' id='word_1_685' title='bbox 3483 878 3601 920; x_wconf 88' lang='lat' dir='ltr'><strong>esse</strong></span> 
     </span>
    </p>
   </div>
   <div class='ocr_carea' id='block_1_86' title="bbox 2029 929 3598 1000">
    <p class='ocr_par' dir='ltr' id='par_1_86' title="bbox 2029 929 3598 1000">
     <span class='ocr_line' id='line_1_89' title="bbox 2029 929 3598 1000; baseline 0.004 -18"><span class='ocrx_word' id='word_1_686' title='bbox 2029 936 2084 1000; x_wconf 82' lang='lat' dir='ltr'><strong>et</strong></span> <span class='ocrx_word' id='word_1_687' title='bbox 2109 929 2281 982; x_wconf 90' lang='lat' dir='ltr'><strong>socios</strong></span> <span class='ocrx_word' id='word_1_688' title='bbox 2309 930 2443 998; x_wconf 88' lang='lat' dir='ltr'><strong>ejus,</strong></span> <span class='ocrx_word' id='word_1_689' title='bbox 2476 940 2628 984; x_wconf 80' lang='lat' dir='ltr'><strong>sexto</strong></span> <span class='ocrx_word' id='word_1_690' title='bbox 2672 930 2826 998; x_wconf 87' lang='lat' dir='ltr'><strong>signo</strong></span> <span class='ocrx_word' id='word_1_691' title='bbox 2869 929 3194 994; x_wconf 81' lang='lat' dir='ltr'><strong>manifestat;</strong></span> <span class='ocrx_word' id='word_1_692' title='bbox 3248 945 3366 984; x_wconf 90' lang='lat' dir='ltr'><strong>cum</strong></span> <span class='ocrx_word' id='word_1_693' title='bbox 3417 934 3598 1000; x_wconf 71' lang='lat' dir='ltr'><strong>prmlio</strong></span> 
     </span>
    </p>
   </div>
   <div class='ocr_carea' id='block_1_87' title="bbox 2028 999 3596 1070">
    <p class='ocr_par' dir='ltr' id='par_1_87' title="bbox 2028 999 3596 1070">
     <span class='ocr_line' id='line_1_90' title="bbox 2028 999 3596 1070; baseline 0.006 -20"><span class='ocrx_word' id='word_1_694' title='bbox 2028 999 2213 1070; x_wconf 83' lang='lat' dir='ltr'><strong>ultimo</strong></span> <span class='ocrx_word' id='word_1_695' title='bbox 2241 1015 2406 1070; x_wconf 89' lang='lat' dir='ltr'><strong>equos</strong></span> <span class='ocrx_word' id='word_1_696' title='bbox 2429 1000 2556 1054; x_wconf 90' lang='lat' dir='ltr'><strong>dicit</strong></span> <span class='ocrx_word' id='word_1_697' title='bbox 2579 1000 2848 1068; x_wconf 78' lang='lat' dir='ltr'><strong>congredi.</strong></span> <span class='ocrx_word' id='word_1_698' title='bbox 2879 1000 3010 1054; x_wconf 86' lang='lat' dir='ltr'><strong>Tres</strong></span> <span class='ocrx_word' id='word_1_699' title='bbox 3031 1015 3156 1070; x_wconf 88' lang='lat' dir='ltr'><strong>ergo</strong></span> <span class='ocrx_word' id='word_1_700' title='bbox 3183 1001 3324 1070; x_wconf 88' lang='lat' dir='ltr'><strong>equi,</strong></span> <span class='ocrx_word' id='word_1_701' title='bbox 3352 999 3518 1057; x_wconf 78' lang='lat' dir='ltr'><strong>fames</strong></span> <span class='ocrx_word' id='word_1_702' title='bbox 3546 1015 3596 1059; x_wconf 89' lang='lat' dir='ltr'><strong>et</strong></span> 
     </span>
    </p>
   </div>
   <div class='ocr_carea' id='block_1_88' title="bbox 2029 1067 3599 1140">
    <p class='ocr_par' dir='ltr' id='par_1_88' title="bbox 2029 1067 3599 1140">
     <span class='ocr_line' id='line_1_91' title="bbox 2029 1067 3599 1140; baseline 0.004 -18"><span class='ocrx_word' id='word_1_703' title='bbox 2029 1067 2163 1123; x_wconf 88' lang='lat' dir='ltr'><strong>bella</strong></span> <span class='ocrx_word' id='word_1_704' title='bbox 2194 1079 2245 1124; x_wconf 92' lang='lat' dir='ltr'><strong>et</strong></span> <span class='ocrx_word' id='word_1_705' title='bbox 2277 1067 2450 1140; x_wconf 82' lang='lat' dir='ltr'><strong>pestes</strong></span> <span class='ocrx_word' id='word_1_706' title='bbox 2475 1067 2859 1137; x_wconf 81' lang='lat' dir='ltr'><strong>intelliguntur.</strong></span> <span class='ocrx_word' id='word_1_707' title='bbox 2889 1072 3023 1124; x_wconf 91' lang='lat' dir='ltr'><strong>sicut</strong></span> <span class='ocrx_word' id='word_1_708' title='bbox 3043 1087 3070 1122; x_wconf 88' lang='lat' dir='ltr'><strong>a</strong></span> <span class='ocrx_word' id='word_1_709' title='bbox 3100 1067 3320 1124; x_wconf 84' lang='lat' dir='ltr'><strong>Domino</strong></span> <span class='ocrx_word' id='word_1_710' title='bbox 3345 1071 3398 1125; x_wconf 92' lang='lat' dir='ltr'><strong>in</strong></span> <span class='ocrx_word' id='word_1_711' title='bbox 3427 1073 3599 1128; x_wconf 84' lang='lat' dir='ltr'><strong>Evan-</strong></span> 
     </span>
    </p>
   </div>
   <div class='ocr_carea' id='block_1_89' title="bbox 2025 1140 3596 1210">
    <p class='ocr_par' dir='ltr' id='par_1_89' title="bbox 2025 1140 3596 1210">
     <span class='ocr_line' id='line_1_92' title="bbox 2025 1140 3596 1210; baseline 0.004 -18"><span class='ocrx_word' id='word_1_712' title='bbox 2025 1140 2165 1208; x_wconf 88' lang='lat' dir='ltr'><strong>gelio</strong></span> <span class='ocrx_word' id='word_1_713' title='bbox 2197 1143 2596 1208; x_wconf 65' lang='lat' dir='ltr'><strong>prmnuntiatur.</strong></span> <span class='ocrx_word' id='word_1_714' title='bbox 2628 1143 2809 1209; x_wconf 86' lang='lat' dir='ltr'><strong>Equus</strong></span> <span class='ocrx_word' id='word_1_715' title='bbox 2834 1141 3004 1205; x_wconf 91' lang='lat' dir='ltr'><strong>albus,</strong></span> <span class='ocrx_word' id='word_1_716' title='bbox 3038 1141 3258 1194; x_wconf 89' lang='lat' dir='ltr'><strong>verbum</strong></span> <span class='ocrx_word' id='word_1_717' title='bbox 3293 1151 3374 1196; x_wconf 91' lang='lat' dir='ltr'><strong>est</strong></span> <span class='ocrx_word' id='word_1_718' title='bbox 3405 1145 3596 1210; x_wconf 76' lang='lat' dir='ltr'><strong>przedi-</strong></span> 
     </span>
    </p>
   </div>
   <div class='ocr_carea' id='block_1_90' title="bbox 2027 1211 3593 1280">
    <p class='ocr_par' dir='ltr' id='par_1_90' title="bbox 2027 1211 3593 1280">
     <span class='ocr_line' id='line_1_93' title="bbox 2027 1211 3593 1280; baseline 0.005 -18"><span class='ocrx_word' id='word_1_719' title='bbox 2027 1211 2250 1280; x_wconf 86' lang='lat' dir='ltr'><strong>cationis</strong></span> <span class='ocrx_word' id='word_1_720' title='bbox 2300 1213 2349 1265; x_wconf 93' lang='lat' dir='ltr'><strong>in</strong></span> <span class='ocrx_word' id='word_1_721' title='bbox 2390 1213 2517 1267; x_wconf 86' lang='lat' dir='ltr'><strong>orbe</strong></span> <span class='ocrx_word' id='word_1_722' title='bbox 2560 1224 2840 1266; x_wconf 87' lang='lat' dir='ltr'><strong>terrarum.</strong></span> <span class='ocrx_word' id='word_1_723' title='bbox 2868 1212 2924 1266; x_wconf 94' lang='lat' dir='ltr'><strong>ln</strong></span> <span class='ocrx_word' id='word_1_724' title='bbox 2949 1227 3085 1280; x_wconf 90' lang='lat' dir='ltr'><strong>equo</strong></span> <span class='ocrx_word' id='word_1_725' title='bbox 3121 1212 3238 1265; x_wconf 82' lang='lat' dir='ltr'><strong>rufo</strong></span> <span class='ocrx_word' id='word_1_726' title='bbox 3277 1221 3329 1266; x_wconf 94' lang='lat' dir='ltr'><strong>et</strong></span> <span class='ocrx_word' id='word_1_727' title='bbox 3382 1229 3593 1270; x_wconf 90' lang='lat' dir='ltr'><strong>sessore</strong></span> 
     </span>
    </p>
   </div>
   <div class='ocr_carea' id='block_1_91' title="bbox 2026 1279 3592 1352">
    <p class='ocr_par' dir='ltr' id='par_1_91' title="bbox 2026 1279 3592 1352">
     <span class='ocr_line' id='line_1_94' title="bbox 2026 1279 3592 1352; baseline 0.002 -17"><span class='ocrx_word' id='word_1_728' title='bbox 2026 1279 2140 1347; x_wconf 91' lang='lat' dir='ltr'><strong>ejus</strong></span> <span class='ocrx_word' id='word_1_729' title='bbox 2167 1282 2300 1336; x_wconf 89' lang='lat' dir='ltr'><strong>bella</strong></span> <span class='ocrx_word' id='word_1_730' title='bbox 2317 1291 2439 1336; x_wconf 91' lang='lat' dir='ltr'><strong>sunt</strong></span> <span class='ocrx_word' id='word_1_731' title='bbox 2457 1282 2745 1352; x_wconf 87' lang='lat' dir='ltr'><strong>signiﬁcata</strong></span> <span class='ocrx_word' id='word_1_732' title='bbox 2775 1299 2891 1352; x_wconf 77' lang='lat' dir='ltr'><strong>qua:</strong></span> <span class='ocrx_word' id='word_1_733' title='bbox 2908 1279 3084 1336; x_wconf 82' lang='lat' dir='ltr'><strong>futura</strong></span> <span class='ocrx_word' id='word_1_734' title='bbox 3106 1291 3257 1345; x_wconf 88' lang='lat' dir='ltr'><strong>sunt,</strong></span> <span class='ocrx_word' id='word_1_735' title='bbox 3290 1283 3395 1336; x_wconf 90' lang='lat' dir='ltr'><strong>imo</strong></span> <span class='ocrx_word' id='word_1_736' title='bbox 3425 1283 3557 1338; x_wconf 90' lang='lat' dir='ltr'><strong>ﬁunt</strong></span> <span class='ocrx_word' id='word_1_737' title='bbox 3578 1327 3592 1349; x_wconf 88' lang='lat'><strong>,</strong></span> 
     </span>
    </p>
   </div>
   <div class='ocr_carea' id='block_1_92' title="bbox 2025 1352 3593 1423">
    <p class='ocr_par' dir='ltr' id='par_1_92' title="bbox 2025 1352 3593 1423">
     <span class='ocr_line' id='line_1_95' title="bbox 2025 1352 3593 1423; baseline 0.004 -21"><span class='ocrx_word' id='word_1_738' title='bbox 2025 1366 2143 1423; x_wconf 81' lang='lat' dir='ltr'><strong>eum</strong></span> <span class='ocrx_word' id='word_1_739' title='bbox 2171 1352 2278 1420; x_wconf 88' lang='lat' dir='ltr'><strong>jam</strong></span> <span class='ocrx_word' id='word_1_740' title='bbox 2299 1369 2428 1423; x_wconf 85' lang='lat' dir='ltr'><strong>gens</strong></span> <span class='ocrx_word' id='word_1_741' title='bbox 2448 1360 2825 1422; x_wconf 88' lang='lat' dir='ltr'><strong>surgateontra</strong></span> <span class='ocrx_word' id='word_1_742' title='bbox 2851 1363 3082 1423; x_wconf 85' lang='lat' dir='ltr'><strong>gentem.</strong></span> <span class='ocrx_word' id='word_1_743' title='bbox 3112 1354 3210 1408; x_wconf 89' lang='lat' dir='ltr'><strong>Per</strong></span> <span class='ocrx_word' id='word_1_744' title='bbox 3242 1368 3434 1422; x_wconf 89' lang='lat' dir='ltr'><strong>equum</strong></span> <span class='ocrx_word' id='word_1_745' title='bbox 3484 1357 3593 1422; x_wconf 89' lang='lat' dir='ltr'><strong>pal-</strong></span> 
     </span>
    </p>
   </div>
   <div class='ocr_carea' id='block_1_93' title="bbox 2026 1421 3592 1492">
    <p class='ocr_par' dir='ltr' id='par_1_93' title="bbox 2026 1421 3592 1492">
     <span class='ocr_line' id='line_1_96' title="bbox 2026 1421 3592 1492; baseline 0.003 -18"><span class='ocrx_word' id='word_1_746' title='bbox 2026 1421 2187 1475; x_wconf 92' lang='lat' dir='ltr'><strong>lidum</strong></span> <span class='ocrx_word' id='word_1_747' title='bbox 2217 1434 2267 1477; x_wconf 89' lang='lat' dir='ltr'><strong>et</strong></span> <span class='ocrx_word' id='word_1_748' title='bbox 2293 1421 2560 1478; x_wconf 82' lang='lat' dir='ltr'><strong>sessorem</strong></span> <span class='ocrx_word' id='word_1_749' title='bbox 2584 1424 2719 1491; x_wconf 83' lang='lat' dir='ltr'><strong>ejus,</strong></span> <span class='ocrx_word' id='word_1_750' title='bbox 2763 1421 2925 1492; x_wconf 83' lang='lat' dir='ltr'><strong>pestis</strong></span> <span class='ocrx_word' id='word_1_751' title='bbox 2976 1439 3161 1492; x_wconf 86' lang='lat' dir='ltr'><strong>magna</strong></span> <span class='ocrx_word' id='word_1_752' title='bbox 3200 1432 3253 1476; x_wconf 89' lang='lat' dir='ltr'><strong>et</strong></span> <span class='ocrx_word' id='word_1_753' title='bbox 3295 1421 3592 1479; x_wconf 87' lang='lat' dir='ltr'><strong>mortalitas</strong></span> 
     </span>
    </p>
   </div>
   <div class='ocr_carea' id='block_1_94' title="bbox 2023 1493 3594 1562">
    <p class='ocr_par' dir='ltr' id='par_1_94' title="bbox 2023 1493 3594 1562">
     <span class='ocr_line' id='line_1_97' title="bbox 2023 1493 3594 1562; baseline 0.003 -16"><span class='ocrx_word' id='word_1_754' title='bbox 2023 1493 2280 1562; x_wconf 85' lang='lat' dir='ltr'><strong>signatur.</strong></span> <span class='ocrx_word' id='word_1_755' title='bbox 2304 1493 2372 1547; x_wconf 88' lang='lat' dir='ltr'><strong>Et</strong></span> <span class='ocrx_word' id='word_1_756' title='bbox 2396 1496 2620 1561; x_wconf 82' lang='lat' dir='ltr'><strong>infernus</strong></span> <span class='ocrx_word' id='word_1_757' title='bbox 2645 1495 2869 1562; x_wconf 86' lang='lat' dir='ltr'><strong>sequitur</strong></span> <span class='ocrx_word' id='word_1_758' title='bbox 2894 1495 3038 1547; x_wconf 79' lang='lat' dir='ltr'><strong>illum</strong></span> <span class='ocrx_word' id='word_1_759' title='bbox 3061 1511 3079 1548; x_wconf 88' lang='lat'><strong><em>:</em></strong></span> <span class='ocrx_word' id='word_1_760' title='bbox 3105 1496 3154 1547; x_wconf 89' lang='lat' dir='ltr'><strong>id</strong></span> <span class='ocrx_word' id='word_1_761' title='bbox 3181 1503 3262 1548; x_wconf 91' lang='lat' dir='ltr'><strong>est</strong></span> <span class='ocrx_word' id='word_1_762' title='bbox 3279 1536 3292 1557; x_wconf 90' lang='lat'><strong>,</strong></span> <span class='ocrx_word' id='word_1_763' title='bbox 3322 1505 3594 1560; x_wconf 80' lang='lat' dir='ltr'><strong>ex5pectat</strong></span> 
     </span>
    </p>
   </div>
   <div class='ocr_carea' id='block_1_95' title="bbox 2023 1563 3590 1634">
    <p class='ocr_par' dir='ltr' id='par_1_95' title="bbox 2023 1563 3590 1634">
     <span class='ocr_line' id='line_1_98' title="bbox 2023 1563 3590 1634; baseline 0.003 -20"><span class='ocrx_word' id='word_1_764' title='bbox 2023 1563 2417 1618; x_wconf 85' lang='lat' dir='ltr'><strong>tlevorationetu</strong></span> <span class='ocrx_word' id='word_1_765' title='bbox 2448 1566 2752 1619; x_wconf 89' lang='lat' dir='ltr'><strong>multorum.</strong></span> <span class='ocrx_word' id='word_1_766' title='bbox 2789 1564 2854 1617; x_wconf 84' lang='lat' dir='ltr'><strong>Et</strong></span> <span class='ocrx_word' id='word_1_767' title='bbox 2892 1582 3003 1617; x_wconf 88' lang='lat' dir='ltr'><strong>cum</strong></span> <span class='ocrx_word' id='word_1_768' title='bbox 3043 1566 3317 1633; x_wconf 85' lang='lat' dir='ltr'><strong>aperuisset</strong></span> <span class='ocrx_word' id='word_1_769' title='bbox 3366 1565 3590 1634; x_wconf 86' lang='lat' dir='ltr'><strong>sigillum</strong></span> 
     </span>
    </p>
   </div>
   <div class='ocr_carea' id='block_1_96' title="bbox 2055 1633 3589 1704">
    <p class='ocr_par' dir='ltr' id='par_1_96' title="bbox 2055 1633 3589 1704">
     <span class='ocr_line' id='line_1_99' title="bbox 2055 1633 3589 1704; baseline 0.004 -19"><span class='ocrx_word' id='word_1_770' title='bbox 2055 1634 2275 1698; x_wconf 88' lang='lat' dir='ltr'><strong>uintum,</strong></span> <span class='ocrx_word' id='word_1_771' title='bbox 2305 1636 2405 1688; x_wconf 86' lang='lat' dir='ltr'><strong>vidi</strong></span> <span class='ocrx_word' id='word_1_772' title='bbox 2441 1637 2531 1688; x_wconf 87' lang='lat' dir='ltr'><strong>sub</strong></span> <span class='ocrx_word' id='word_1_773' title='bbox 2569 1652 2659 1688; x_wconf 89' lang='lat' dir='ltr'><strong>ara</strong></span> <span class='ocrx_word' id='word_1_774' title='bbox 2689 1633 2780 1687; x_wconf 87' lang='lat' dir='ltr'><strong>Dei</strong></span> <span class='ocrx_word' id='word_1_775' title='bbox 2800 1637 2992 1688; x_wconf 87' lang='lat' dir='ltr'><strong>anintas</strong></span> <span class='ocrx_word' id='word_1_776' title='bbox 3014 1633 3589 1704; x_wconf 42' lang='lat' dir='ltr'><strong>interfectorumﬁAram</strong></span> 
     </span>
    </p>
   </div>
   <div class='ocr_carea' id='block_1_97' title="bbox 2068 1705 3589 1776">
    <p class='ocr_par' dir='ltr' id='par_1_97' title="bbox 2068 1705 3589 1776">
     <span class='ocr_line' id='line_1_100' title="bbox 2068 1705 3589 1776; baseline 0.001 -18"><span class='ocrx_word' id='word_1_777' title='bbox 2068 1705 2114 1758; x_wconf 91' lang='lat' dir='ltr'><strong>ei</strong></span> <span class='ocrx_word' id='word_1_778' title='bbox 2137 1705 2424 1760; x_wconf 63' lang='lat' dir='ltr'><strong>Ecclesiam</strong></span> <span class='ocrx_word' id='word_1_779' title='bbox 2448 1706 2592 1770; x_wconf 87' lang='lat' dir='ltr'><strong>dicit,</strong></span> <span class='ocrx_word' id='word_1_780' title='bbox 2617 1705 2715 1760; x_wconf 91' lang='lat' dir='ltr'><strong>sub</strong></span> <span class='ocrx_word' id='word_1_781' title='bbox 2742 1707 2892 1772; x_wconf 91' lang='lat' dir='ltr'><strong>cujus</strong></span> <span class='ocrx_word' id='word_1_782' title='bbox 2929 1707 3095 1760; x_wconf 90' lang='lat' dir='ltr'><strong>oculis</strong></span> <span class='ocrx_word' id='word_1_783' title='bbox 3129 1715 3387 1776; x_wconf 89' lang='lat' dir='ltr'><strong>martyres</strong></span> <span class='ocrx_word' id='word_1_784' title='bbox 3419 1705 3589 1762; x_wconf 70' lang='lat' dir='ltr'><strong>eﬁ‘ecti</strong></span> 
     </span>
    </p>
   </div>
   <div class='ocr_carea' id='block_1_98' title="bbox 2020 1777 3587 1845">
    <p class='ocr_par' dir='ltr' id='par_1_98' title="bbox 2020 1777 3587 1845">
     <span class='ocr_line' id='line_1_101' title="bbox 2020 1777 3587 1845; baseline 0.002 -17"><span class='ocrx_word' id='word_1_785' title='bbox 2020 1783 2159 1828; x_wconf 89' lang='lat' dir='ltr'><strong>sunt.</strong></span> <span class='ocrx_word' id='word_1_786' title='bbox 2196 1777 2257 1830; x_wconf 86' lang='lat' dir='ltr'><strong>Et</strong></span> <span class='ocrx_word' id='word_1_787' title='bbox 2291 1777 2409 1830; x_wconf 87' lang='lat' dir='ltr'><strong>licet</strong></span> <span class='ocrx_word' id='word_1_788' title='bbox 2433 1778 2622 1830; x_wconf 72' lang='lat' dir='ltr'><strong>anima:</strong></span> <span class='ocrx_word' id='word_1_789' title='bbox 2642 1785 2945 1830; x_wconf 85' lang='lat' dir='ltr'><strong>sanctorum</strong></span> <span class='ocrx_word' id='word_1_790' title='bbox 2976 1777 3026 1830; x_wconf 94' lang='lat' dir='ltr'><strong>iu</strong></span> <span class='ocrx_word' id='word_1_791' title='bbox 3056 1777 3298 1845; x_wconf 88' lang='lat' dir='ltr'><strong>paradiso</strong></span> <span class='ocrx_word' id='word_1_792' title='bbox 3325 1777 3451 1836; x_wconf 84' lang='lat' dir='ltr'><strong>sint.</strong></span> <span class='ocrx_word' id='word_1_793' title='bbox 3505 1788 3587 1831; x_wconf 88' lang='lat' dir='ltr'><strong>ta-</strong></span> 
     </span>
    </p>
   </div>
   <div class='ocr_carea' id='block_1_99' title="bbox 2019 1846 3586 1917">
    <p class='ocr_par' dir='ltr' id='par_1_99' title="bbox 2019 1846 3586 1917">
     <span class='ocr_line' id='line_1_102' title="bbox 2019 1846 3586 1917; baseline 0.003 -20"><span class='ocrx_word' id='word_1_794' title='bbox 2019 1860 2140 1917; x_wconf 88' lang='lat' dir='ltr'><strong>men</strong></span> <span class='ocrx_word' id='word_1_795' title='bbox 2163 1849 2283 1916; x_wconf 90' lang='lat' dir='ltr'><strong>quia</strong></span> <span class='ocrx_word' id='word_1_796' title='bbox 2303 1848 2514 1917; x_wconf 85' lang='lat' dir='ltr'><strong>sanguis</strong></span> <span class='ocrx_word' id='word_1_797' title='bbox 2554 1857 2856 1902; x_wconf 87' lang='lat' dir='ltr'><strong>sanctorum</strong></span> <span class='ocrx_word' id='word_1_798' title='bbox 2886 1863 3046 1916; x_wconf 90' lang='lat' dir='ltr'><strong>super</strong></span> <span class='ocrx_word' id='word_1_799' title='bbox 3090 1857 3281 1901; x_wconf 88' lang='lat' dir='ltr'><strong>terram</strong></span> <span class='ocrx_word' id='word_1_800' title='bbox 3334 1846 3586 1914; x_wconf 82' lang='lat' dir='ltr'><strong>funditur,</strong></span> 
     </span>
    </p>
   </div>
   <div class='ocr_carea' id='block_1_100' title="bbox 2019 1916 3590 1986">
    <p class='ocr_par' dir='ltr' id='par_1_100' title="bbox 2019 1916 3590 1986">
     <span class='ocr_line' id='line_1_103' title="bbox 2019 1916 3590 1986; baseline 0.002 -19"><span class='ocrx_word' id='word_1_801' title='bbox 2019 1916 2116 1986; x_wconf 87' lang='lat' dir='ltr'><strong>sub</strong></span> <span class='ocrx_word' id='word_1_802' title='bbox 2139 1933 2227 1970; x_wconf 88' lang='lat' dir='ltr'><strong>ara</strong></span> <span class='ocrx_word' id='word_1_803' title='bbox 2269 1916 2496 1972; x_wconf 83' lang='lat' dir='ltr'><strong>clamare</strong></span> <span class='ocrx_word' id='word_1_804' title='bbox 2535 1919 2781 1972; x_wconf 89' lang='lat' dir='ltr'><strong>dicuntur</strong></span> <span class='ocrx_word' id='word_1_805' title='bbox 2823 1935 2837 1970; x_wconf 89' lang='lat'><strong>:</strong></span> <span class='ocrx_word' id='word_1_806' title='bbox 2869 1918 3004 1972; x_wconf 89' lang='lat' dir='ltr'><strong>sicut</strong></span> <span class='ocrx_word' id='word_1_807' title='bbox 3038 1917 3166 1972; x_wconf 88' lang='lat' dir='ltr'><strong>illud</strong></span> <span class='ocrx_word' id='word_1_808' title='bbox 3211 1925 3319 1981; x_wconf 89' lang='lat' dir='ltr'><strong>est,</strong></span> <span class='ocrx_word' id='word_1_809' title='bbox 3366 1916 3590 1986; x_wconf 85' lang='lat' dir='ltr'><strong>Sanguis</strong></span> 
     </span>
    </p>
   </div>
   <div class='ocr_carea' id='block_1_101' title="bbox 2017 1985 3587 2060">
    <p class='ocr_par' dir='ltr' id='par_1_101' title="bbox 2017 1985 3587 2060">
     <span class='ocr_line' id='line_1_104' title="bbox 2017 1985 3587 2060; baseline 0.002 -23"><span class='ocrx_word' id='word_1_810' title='bbox 2017 1985 2190 2060; x_wconf 79' lang='lat' dir='ltr'><strong>fratris</strong></span> <span class='ocrx_word' id='word_1_811' title='bbox 2221 1989 2293 2041; x_wconf 92' lang='lat' dir='ltr'><strong>tui</strong></span> <span class='ocrx_word' id='word_1_812' title='bbox 2315 1990 2497 2042; x_wconf 90' lang='lat' dir='ltr'><strong>clamat</strong></span> <span class='ocrx_word' id='word_1_813' title='bbox 2523 1989 2588 2043; x_wconf 89' lang='lat' dir='ltr'><strong>ad</strong></span> <span class='ocrx_word' id='word_1_814' title='bbox 2616 2007 2692 2042; x_wconf 92' lang='lat' dir='ltr'><strong>me</strong></span> <span class='ocrx_word' id='word_1_815' title='bbox 2716 1989 2778 2042; x_wconf 89' lang='lat' dir='ltr'><strong>de</strong></span> <span class='ocrx_word' id='word_1_816' title='bbox 2798 1998 2930 2042; x_wconf 90' lang='lat' dir='ltr'><strong>terra</strong></span> <span class='ocrx_word' id='word_1_817' title='bbox 2959 1986 3108 2057; x_wconf 84' lang='lat' dir='ltr'><strong>(Gen.</strong></span> <span class='ocrx_word' id='word_1_818' title='bbox 3133 2004 3203 2054; x_wconf 85' lang='lat' dir='ltr'><strong>tv,</strong></span> <span class='ocrx_word' id='word_1_819' title='bbox 3234 1987 3345 2060; x_wconf 79' lang='lat' dir='ltr'><strong>l0).</strong></span> <span class='ocrx_word' id='word_1_820' title='bbox 3377 1986 3442 2039; x_wconf 82' lang='lat' dir='ltr'><strong>Et</strong></span> <span class='ocrx_word' id='word_1_821' title='bbox 3471 1985 3587 2040; x_wconf 86' lang='lat' dir='ltr'><strong>cum</strong></span> 
     </span>
    </p>
   </div>
   <div class='ocr_carea' id='block_1_102' title="bbox 2015 2059 3586 2130">
    <p class='ocr_par' dir='ltr' id='par_1_102' title="bbox 2015 2059 3586 2130">
     <span class='ocr_line' id='line_1_105' title="bbox 2015 2059 3586 2130; baseline 0.001 -22"><span class='ocrx_word' id='word_1_822' title='bbox 2015 2059 2292 2130; x_wconf 85' lang='lat' dir='ltr'><strong>aperuisset</strong></span> <span class='ocrx_word' id='word_1_823' title='bbox 2320 2061 2541 2130; x_wconf 84' lang='lat' dir='ltr'><strong>sigillum</strong></span> <span class='ocrx_word' id='word_1_824' title='bbox 2565 2070 2789 2125; x_wconf 77' lang='lat' dir='ltr'><strong>sextum,</strong></span> <span class='ocrx_word' id='word_1_825' title='bbox 2819 2069 2963 2130; x_wconf 80' lang='lat' dir='ltr'><strong>terra:</strong></span> <span class='ocrx_word' id='word_1_826' title='bbox 2992 2068 3155 2130; x_wconf 75' lang='lat' dir='ltr'><strong>motus</strong></span> <span class='ocrx_word' id='word_1_827' title='bbox 3190 2061 3355 2130; x_wconf 82' lang='lat' dir='ltr'><strong>factus</strong></span> <span class='ocrx_word' id='word_1_828' title='bbox 3379 2066 3451 2111; x_wconf 88' lang='lat' dir='ltr'><strong>est</strong></span> <span class='ocrx_word' id='word_1_829' title='bbox 3475 2075 3586 2130; x_wconf 84' lang='lat' dir='ltr'><strong>ma-</strong></span> 
     </span>
    </p>
   </div>
   <div class='ocr_carea' id='block_1_103' title="bbox 2015 2129 3589 2198">
    <p class='ocr_par' dir='ltr' id='par_1_103' title="bbox 2015 2129 3589 2198">
     <span class='ocr_line' id='line_1_106' title="bbox 2015 2129 3589 2198; baseline 0.001 -18"><span class='ocrx_word' id='word_1_830' title='bbox 2015 2143 2144 2196; x_wconf 85' lang='lat' dir='ltr'><strong>gnus</strong></span> <span class='ocrx_word' id='word_1_831' title='bbox 2168 2146 2186 2182; x_wconf 88' lang='lat'><em>:</em></span> <span class='ocrx_word' id='word_1_832' title='bbox 2214 2129 2378 2194; x_wconf 84' lang='lat' dir='ltr'><strong>idest,</strong></span> <span class='ocrx_word' id='word_1_833' title='bbox 2409 2132 2704 2198; x_wconf 89' lang='lat' dir='ltr'><strong>persecutio</strong></span> <span class='ocrx_word' id='word_1_834' title='bbox 2725 2129 3031 2185; x_wconf 83' lang='lat' dir='ltr'><strong>novissima.</strong></span> <span class='ocrx_word' id='word_1_835' title='bbox 3051 2129 3116 2182; x_wconf 85' lang='lat' dir='ltr'><strong>Et</strong></span> <span class='ocrx_word' id='word_1_836' title='bbox 3144 2129 3220 2183; x_wconf 88' lang='lat' dir='ltr'><strong>sol</strong></span> <span class='ocrx_word' id='word_1_837' title='bbox 3235 2133 3395 2198; x_wconf 81' lang='lat' dir='ltr'><strong>factus</strong></span> <span class='ocrx_word' id='word_1_838' title='bbox 3414 2138 3484 2182; x_wconf 87' lang='lat' dir='ltr'><strong>est</strong></span> <span class='ocrx_word' id='word_1_839' title='bbox 3510 2129 3589 2182; x_wconf 88' lang='lat' dir='ltr'><strong>ni-</strong></span> 
     </span>
    </p>
   </div>
   <div class='ocr_carea' id='block_1_104' title="bbox 2014 2200 3589 2271">
    <p class='ocr_par' dir='ltr' id='par_1_104' title="bbox 2014 2200 3589 2271">
     <span class='ocr_line' id='line_1_107' title="bbox 2014 2200 3589 2271; baseline 0.003 -22"><span class='ocrx_word' id='word_1_840' title='bbox 2014 2213 2102 2271; x_wconf 83' lang='lat' dir='ltr'><strong>ger</strong></span> <span class='ocrx_word' id='word_1_841' title='bbox 2127 2200 2252 2252; x_wconf 86' lang='lat' dir='ltr'><strong>sicut</strong></span> <span class='ocrx_word' id='word_1_842' title='bbox 2276 2217 2451 2271; x_wconf 86' lang='lat' dir='ltr'><strong>saccus</strong></span> <span class='ocrx_word' id='word_1_843' title='bbox 2476 2202 2719 2264; x_wconf 87' lang='lat' dir='ltr'><strong>cilicinus,</strong></span> <span class='ocrx_word' id='word_1_844' title='bbox 2749 2210 2794 2254; x_wconf 93' lang='lat' dir='ltr'><strong>et</strong></span> <span class='ocrx_word' id='word_1_845' title='bbox 2822 2201 2944 2253; x_wconf 85' lang='lat' dir='ltr'><strong>luna</strong></span> <span class='ocrx_word' id='word_1_846' title='bbox 2964 2205 3097 2271; x_wconf 82' lang='lat' dir='ltr'><strong>facta</strong></span> <span class='ocrx_word' id='word_1_847' title='bbox 3110 2210 3180 2271; x_wconf 76' lang='lat' dir='ltr'><strong>est</strong></span> <span class='ocrx_word' id='word_1_848' title='bbox 3196 2208 3300 2252; x_wconf 88' lang='lat' dir='ltr'><strong>tota</strong></span> <span class='ocrx_word' id='word_1_849' title='bbox 3318 2203 3445 2252; x_wconf 85' lang='lat' dir='ltr'><strong>sicut</strong></span> <span class='ocrx_word' id='word_1_850' title='bbox 3474 2217 3589 2253; x_wconf 86' lang='lat' dir='ltr'><strong>san-</strong></span> 
     </span>
    </p>
   </div>
   <div class='ocr_carea' id='block_1_105' title="bbox 2015 2270 3583 2338">
    <p class='ocr_par' dir='ltr' id='par_1_105' title="bbox 2015 2270 3583 2338">
     <span class='ocr_line' id='line_1_108' title="bbox 2015 2270 3583 2338; baseline 0.004 -20"><span class='ocrx_word' id='word_1_851' title='bbox 2015 2270 2146 2338; x_wconf 83' lang='lat' dir='ltr'><strong>guis,</strong></span> <span class='ocrx_word' id='word_1_852' title='bbox 2171 2279 2216 2322; x_wconf 86' lang='lat' dir='ltr'><strong>et</strong></span> <span class='ocrx_word' id='word_1_853' title='bbox 2231 2270 2389 2324; x_wconf 75' lang='lat' dir='ltr'><strong>stella:</strong></span> <span class='ocrx_word' id='word_1_854' title='bbox 2401 2271 2682 2323; x_wconf 88' lang='lat' dir='ltr'><strong>ceciderunt</strong></span> <span class='ocrx_word' id='word_1_855' title='bbox 2697 2274 2747 2324; x_wconf 89' lang='lat' dir='ltr'><strong>in</strong></span> <span class='ocrx_word' id='word_1_856' title='bbox 2769 2270 2969 2324; x_wconf 83' lang='lat' dir='ltr'><strong>terram.</strong></span> <span class='ocrx_word' id='word_1_857' title='bbox 2987 2270 3140 2338; x_wconf 90' lang='lat' dir='ltr'><strong>Quod</strong></span> <span class='ocrx_word' id='word_1_858' title='bbox 3161 2270 3334 2325; x_wconf 83' lang='lat' dir='ltr'><strong>estsol</strong></span> <span class='ocrx_word' id='word_1_859' title='bbox 3360 2279 3414 2323; x_wconf 92' lang='lat' dir='ltr'><strong>et</strong></span> <span class='ocrx_word' id='word_1_860' title='bbox 3441 2271 3583 2333; x_wconf 86' lang='lat' dir='ltr'><strong>luna,</strong></span> 
     </span>
    </p>
   </div>
   <div class='ocr_carea' id='block_1_106' title="bbox 2014 2323 3583 2408">
    <p class='ocr_par' dir='ltr' id='par_1_106' title="bbox 2014 2323 3583 2408">
     <span class='ocr_line' id='line_1_109' title="bbox 2014 2323 3583 2408; baseline 0.004 -20"><span class='ocrx_word' id='word_1_861' title='bbox 2014 2323 2114 2408; x_wconf 31' lang='lat' dir='ltr'><strong>li‘oc</strong></span> <span class='ocrx_word' id='word_1_862' title='bbox 2134 2323 2188 2392; x_wconf 83' lang='lat' dir='ltr'><strong>et</strong></span> <span class='ocrx_word' id='word_1_863' title='bbox 2203 2323 2388 2402; x_wconf 63' lang='lat' dir='ltr'><strong>stellae,</strong></span> <span class='ocrx_word' id='word_1_864' title='bbox 2404 2340 2454 2393; x_wconf 90' lang='lat' dir='ltr'><strong>id</strong></span> <span class='ocrx_word' id='word_1_865' title='bbox 2473 2349 2554 2394; x_wconf 89' lang='lat' dir='ltr'><strong>est</strong></span> <span class='ocrx_word' id='word_1_866' title='bbox 2569 2323 2822 2394; x_wconf 87' lang='lat' dir='ltr'><strong>Ecclesia:</strong></span> <span class='ocrx_word' id='word_1_867' title='bbox 2837 2340 2931 2394; x_wconf 91' lang='lat' dir='ltr'><strong>sed</strong></span> <span class='ocrx_word' id='word_1_868' title='bbox 2947 2357 2974 2393; x_wconf 91' lang='lat' dir='ltr'><strong>a</strong></span> <span class='ocrx_word' id='word_1_869' title='bbox 2989 2323 3100 2394; x_wconf 71' lang='grc' dir='ltr'><strong>ὦιο</strong></span> <span class='ocrx_word' id='word_1_870' title='bbox 3122 2323 3240 2407; x_wconf 83' lang='lat' dir='ltr'><strong>pars</strong></span> <span class='ocrx_word' id='word_1_871' title='bbox 3254 2323 3583 2408; x_wconf 56' lang='lat' dir='ltr'><strong>intelligitur:</strong></span> 
     </span>
    </p>
   </div>
   <div class='ocr_carea' id='block_1_107' title="bbox 2013 2405 3581 2479">
    <p class='ocr_par' dir='ltr' id='par_1_107' title="bbox 2013 2405 3581 2479">
     <span class='ocr_line' id='line_1_110' title="bbox 2013 2405 3581 2479; baseline 0.001 -19"><span class='ocrx_word' id='word_1_872' title='bbox 2013 2405 2126 2479; x_wconf 66' lang='lat' dir='ltr'><strong>Non</strong></span> <span class='ocrx_word' id='word_1_873' title='bbox 2155 2409 2294 2462; x_wconf 89' lang='lat' dir='ltr'><strong>enim</strong></span> <span class='ocrx_word' id='word_1_874' title='bbox 2319 2418 2425 2463; x_wconf 89' lang='lat' dir='ltr'><strong>tota</strong></span> <span class='ocrx_word' id='word_1_875' title='bbox 2453 2411 2706 2474; x_wconf 88' lang='lat' dir='ltr'><strong>Ecclesia,</strong></span> <span class='ocrx_word' id='word_1_876' title='bbox 2736 2410 2828 2464; x_wconf 88' lang='lat' dir='ltr'><strong>sed</strong></span> <span class='ocrx_word' id='word_1_877' title='bbox 2843 2411 2932 2479; x_wconf 90' lang='lat' dir='ltr'><strong>qui</strong></span> <span class='ocrx_word' id='word_1_878' title='bbox 2961 2411 3082 2463; x_wconf 88' lang='lat' dir='ltr'><strong>mali</strong></span> <span class='ocrx_word' id='word_1_879' title='bbox 3102 2405 3225 2465; x_wconf 84' lang='lat' dir='ltr'><strong>sunt</strong></span> <span class='ocrx_word' id='word_1_880' title='bbox 3250 2410 3302 2462; x_wconf 91' lang='lat' dir='ltr'><strong>in</strong></span> <span class='ocrx_word' id='word_1_881' title='bbox 3323 2405 3581 2475; x_wconf 83' lang='lat' dir='ltr'><strong>Ecclesia,</strong></span> 
     </span>
    </p>
   </div>
   <div class='ocr_carea' id='block_1_108' title="bbox 2013 2476 3586 2565">
    <p class='ocr_par' dir='ltr' id='par_1_108' title="bbox 2013 2476 3586 2565">
     <span class='ocr_line' id='line_1_111' title="bbox 2013 2476 3586 2565; baseline 0.001 -34"><span class='ocrx_word' id='word_1_882' title='bbox 2013 2476 2115 2565; x_wconf 72' lang='lat' dir='ltr'><strong>ipsi</strong></span> <span class='ocrx_word' id='word_1_883' title='bbox 2142 2479 2336 2565; x_wconf 79' lang='lat' dir='ltr'><strong>cadunt</strong></span> <span class='ocrx_word' id='word_1_884' title='bbox 2361 2480 2428 2535; x_wconf 91' lang='lat' dir='ltr'><strong>de</strong></span> <span class='ocrx_word' id='word_1_885' title='bbox 2459 2481 2614 2565; x_wconf 66' lang='lat' dir='ltr'><strong>creto.</strong></span> <span class='ocrx_word' id='word_1_886' title='bbox 2636 2480 2823 2562; x_wconf 79' lang='lat' dir='ltr'><strong>Totam</strong></span> <span class='ocrx_word' id='word_1_887' title='bbox 2853 2476 3026 2534; x_wconf 78' lang='lat' dir='ltr'><strong>autem</strong></span> <span class='ocrx_word' id='word_1_888' title='bbox 3057 2479 3218 2565; x_wconf 64' lang='lat' dir='ltr'><strong>disit,</strong></span> <span class='ocrx_word' id='word_1_889' title='bbox 3242 2479 3362 2565; x_wconf 72' lang='lat' dir='ltr'><strong>quia</strong></span> <span class='ocrx_word' id='word_1_890' title='bbox 3393 2480 3446 2533; x_wconf 92' lang='lat' dir='ltr'><strong>in</strong></span> <span class='ocrx_word' id='word_1_891' title='bbox 3476 2487 3586 2561; x_wconf 80' lang='lat' dir='ltr'><strong>toto</strong></span> 
     </span>
    </p>
   </div>
   <div class='ocr_carea' id='block_1_109' title="bbox 2011 2549 3583 2619">
    <p class='ocr_par' dir='ltr' id='par_1_109' title="bbox 2011 2549 3583 2619">
     <span class='ocr_line' id='line_1_112' title="bbox 2011 2549 3583 2619; baseline 0.001 -18"><span class='ocrx_word' id='word_1_892' title='bbox 2011 2549 2141 2619; x_wconf 80' lang='lat' dir='ltr'><strong>orbe</strong></span> <span class='ocrx_word' id='word_1_893' title='bbox 2169 2559 2426 2604; x_wconf 89' lang='lat' dir='ltr'><strong>terrarum</strong></span> <span class='ocrx_word' id='word_1_894' title='bbox 2456 2552 2556 2605; x_wconf 89' lang='lat' dir='ltr'><strong>erit</strong></span> <span class='ocrx_word' id='word_1_895' title='bbox 2585 2551 2867 2605; x_wconf 89' lang='lat' dir='ltr'><strong>novissima</strong></span> <span class='ocrx_word' id='word_1_896' title='bbox 2899 2550 3214 2619; x_wconf 85' lang='lat' dir='ltr'><strong>persecutio.</strong></span> <span class='ocrx_word' id='word_1_897' title='bbox 3244 2549 3308 2603; x_wconf 89' lang='lat' dir='ltr'><strong>Et</strong></span> <span class='ocrx_word' id='word_1_898' title='bbox 3335 2557 3458 2603; x_wconf 87' lang='lat' dir='ltr'><strong>tunc</strong></span> <span class='ocrx_word' id='word_1_899' title='bbox 3493 2550 3583 2618; x_wconf 91' lang='lat' dir='ltr'><strong>qui</strong></span> 
     </span>
    </p>
   </div>
   <div class='ocr_carea' id='block_1_110' title="bbox 2006 2617 3583 2687">
    <p class='ocr_par' dir='ltr' id='par_1_110' title="bbox 2006 2617 3583 2687">
     <span class='ocr_line' id='line_1_113' title="bbox 2006 2617 3583 2687; baseline 0.003 -18"><span class='ocrx_word' id='word_1_900' title='bbox 2006 2617 2134 2686; x_wconf 89' lang='lat' dir='ltr'><strong>justi</strong></span> <span class='ocrx_word' id='word_1_901' title='bbox 2180 2619 2408 2684; x_wconf 80' lang='lat' dir='ltr'><strong>fuerint,</strong></span> <span class='ocrx_word' id='word_1_902' title='bbox 2465 2621 2845 2687; x_wconf 88' lang='lat' dir='ltr'><strong>permanebunt</strong></span> <span class='ocrx_word' id='word_1_903' title='bbox 2874 2617 2925 2674; x_wconf 84' lang='lat' dir='ltr'><strong>in</strong></span> <span class='ocrx_word' id='word_1_904' title='bbox 2973 2619 3202 2674; x_wconf 89' lang='lat' dir='ltr'><strong>Ecclesia</strong></span> <span class='ocrx_word' id='word_1_905' title='bbox 3249 2617 3583 2687; x_wconf 29' lang='lat' dir='ltr'><strong>tanquam’iu</strong></span> 
     </span>
    </p>
   </div>
   <div class='ocr_carea' id='block_1_111' title="bbox 2011 2689 3587 2759">
    <p class='ocr_par' dir='ltr' id='par_1_111' title="bbox 2011 2689 3587 2759">
     <span class='ocr_line' id='line_1_114' title="bbox 2011 2689 3587 2759; baseline 0.002 -18"><span class='ocrx_word' id='word_1_906' title='bbox 2011 2689 2147 2759; x_wconf 66' lang='lat' dir='ltr'><strong>caelo</strong></span> <span class='ocrx_word' id='word_1_907' title='bbox 2177 2707 2189 2742; x_wconf 93' lang='lat'><strong>:</strong></span> <span class='ocrx_word' id='word_1_908' title='bbox 2220 2691 2394 2757; x_wconf 88' lang='lat' dir='ltr'><strong>cupidi</strong></span> <span class='ocrx_word' id='word_1_909' title='bbox 2417 2707 2564 2754; x_wconf 83' lang='lat' dir='ltr'><strong>vero,</strong></span> <span class='ocrx_word' id='word_1_910' title='bbox 2594 2691 2774 2759; x_wconf 92' lang='lat' dir='ltr'><strong>injusti</strong></span> <span class='ocrx_word' id='word_1_911' title='bbox 2803 2700 2854 2744; x_wconf 89' lang='lat' dir='ltr'><strong>et</strong></span> <span class='ocrx_word' id='word_1_912' title='bbox 2879 2689 3102 2744; x_wconf 86' lang='lat' dir='ltr'><strong>adulteri</strong></span> <span class='ocrx_word' id='word_1_913' title='bbox 3129 2690 3467 2758; x_wconf 88' lang='lat' dir='ltr'><strong>acquiescere</strong></span> <span class='ocrx_word' id='word_1_914' title='bbox 3494 2691 3587 2744; x_wconf 86' lang='lat' dir='ltr'><strong>ha-</strong></span> 
     </span>
    </p>
   </div>
   <div class='ocr_carea' id='block_1_112' title="bbox 2011 2758 3586 2828">
    <p class='ocr_par' dir='ltr' id='par_1_112' title="bbox 2011 2758 3586 2828">
     <span class='ocr_line' id='line_1_115' title="bbox 2011 2758 3586 2828; baseline 0.001 -16"><span class='ocrx_word' id='word_1_915' title='bbox 2011 2758 2135 2813; x_wconf 87' lang='lat' dir='ltr'><strong>bent</strong></span> <span class='ocrx_word' id='word_1_916' title='bbox 2163 2761 2461 2816; x_wconf 85' lang='lat' dir='ltr'><strong>sacriﬁeare</strong></span> <span class='ocrx_word' id='word_1_917' title='bbox 2475 2758 2705 2815; x_wconf 88' lang='lat' dir='ltr'><strong>diabolo.</strong></span> <span class='ocrx_word' id='word_1_918' title='bbox 2733 2762 2795 2814; x_wconf 83' lang='lat' dir='ltr'><strong>Et</strong></span> <span class='ocrx_word' id='word_1_919' title='bbox 2813 2770 2936 2814; x_wconf 92' lang='lat' dir='ltr'><strong>tunc</strong></span> <span class='ocrx_word' id='word_1_920' title='bbox 2955 2762 3116 2828; x_wconf 89' lang='lat' dir='ltr'><strong>quise</strong></span> <span class='ocrx_word' id='word_1_921' title='bbox 3132 2759 3447 2814; x_wconf 85' lang='lat' dir='ltr'><strong>christianos</strong></span> <span class='ocrx_word' id='word_1_922' title='bbox 3467 2776 3586 2814; x_wconf 89' lang='lat' dir='ltr'><strong>esse</strong></span> 
     </span>
    </p>
   </div>
   <div class='ocr_carea' id='block_1_113' title="bbox 2009 2830 3586 2898">
    <p class='ocr_par' dir='ltr' id='par_1_113' title="bbox 2009 2830 3586 2898">
     <span class='ocr_line' id='line_1_116' title="bbox 2009 2830 3586 2898; baseline 0.003 -18"><span class='ocrx_word' id='word_1_923' title='bbox 2009 2831 2185 2884; x_wconf 89' lang='lat' dir='ltr'><strong>verbis</strong></span> <span class='ocrx_word' id='word_1_924' title='bbox 2213 2831 2575 2886; x_wconf 89' lang='lat' dir='ltr'><strong>tantummodo</strong></span> <span class='ocrx_word' id='word_1_925' title='bbox 2608 2831 2889 2895; x_wconf 84' lang='lat' dir='ltr'><strong>dicebant,</strong></span> <span class='ocrx_word' id='word_1_926' title='bbox 2919 2838 3166 2898; x_wconf 84' lang='lat' dir='ltr'><strong>tanquam</strong></span> <span class='ocrx_word' id='word_1_927' title='bbox 3197 2830 3364 2884; x_wconf 77' lang='lat' dir='ltr'><strong>stella:</strong></span> <span class='ocrx_word' id='word_1_928' title='bbox 3395 2831 3586 2884; x_wconf 90' lang='lat' dir='ltr'><strong>cadent</strong></span> 
     </span>
    </p>
   </div>
   <div class='ocr_carea' id='block_1_114' title="bbox 2009 2899 3583 2970">
    <p class='ocr_par' dir='ltr' id='par_1_114' title="bbox 2009 2899 3583 2970">
     <span class='ocr_line' id='line_1_117' title="bbox 2009 2899 3583 2970; baseline 0.001 -18"><span class='ocrx_word' id='word_1_929' title='bbox 2009 2899 2075 2953; x_wconf 88' lang='lat' dir='ltr'><strong>de</strong></span> <span class='ocrx_word' id='word_1_930' title='bbox 2100 2901 2236 2954; x_wconf 73' lang='lat' dir='ltr'><strong>creto</strong></span> <span class='ocrx_word' id='word_1_931' title='bbox 2256 2943 2270 2966; x_wconf 94' lang='lat'><strong>,</strong></span> <span class='ocrx_word' id='word_1_932' title='bbox 2301 2902 2440 2970; x_wconf 92' lang='lat' dir='ltr'><strong>quod</strong></span> <span class='ocrx_word' id='word_1_933' title='bbox 2471 2911 2552 2955; x_wconf 90' lang='lat' dir='ltr'><strong>est</strong></span> <span class='ocrx_word' id='word_1_934' title='bbox 2589 2902 2846 2956; x_wconf 84' lang='lat' dir='ltr'><strong>Ecclesia.</strong></span> <span class='ocrx_word' id='word_1_935' title='bbox 2881 2901 3023 2954; x_wconf 89' lang='lat' dir='ltr'><strong>Sicut</strong></span> <span class='ocrx_word' id='word_1_936' title='bbox 3049 2901 3176 2968; x_wconf 79' lang='lat' dir='ltr'><strong>ﬁcus</strong></span> <span class='ocrx_word' id='word_1_937' title='bbox 3215 2916 3395 2969; x_wconf 89' lang='lat' dir='ltr'><strong>magno</strong></span> <span class='ocrx_word' id='word_1_938' title='bbox 3441 2911 3583 2954; x_wconf 86' lang='lat' dir='ltr'><strong>uento</strong></span> 
     </span>
    </p>
   </div>
   <div class='ocr_carea' id='block_1_115' title="bbox 2009 2971 3582 3042">
    <p class='ocr_par' dir='ltr' id='par_1_115' title="bbox 2009 2971 3582 3042">
     <span class='ocr_line' id='line_1_118' title="bbox 2009 2971 3582 3042; baseline 0.003 -21"><span class='ocrx_word' id='word_1_939' title='bbox 2009 2971 2197 3040; x_wconf 86' lang='lat' dir='ltr'><strong>agitata</strong></span> <span class='ocrx_word' id='word_1_940' title='bbox 2219 2973 2367 3025; x_wconf 82' lang='lat' dir='ltr'><strong>mittit</strong></span> <span class='ocrx_word' id='word_1_941' title='bbox 2384 2989 2582 3042; x_wconf 87' lang='lat' dir='ltr'><strong>grossos</strong></span> <span class='ocrx_word' id='word_1_942' title='bbox 2601 2990 2734 3027; x_wconf 85' lang='lat' dir='ltr'><strong>suos.</strong></span> <span class='ocrx_word' id='word_1_943' title='bbox 2759 2973 3020 3041; x_wconf 80' lang='lat' dir='ltr'><strong>Agitatam</strong></span> <span class='ocrx_word' id='word_1_944' title='bbox 3042 2971 3308 3042; x_wconf 87' lang='lat' dir='ltr'><strong>arborem,</strong></span> <span class='ocrx_word' id='word_1_945' title='bbox 3334 2971 3582 3026; x_wconf 74' lang='lat' dir='ltr'><strong>Ecclesia:</strong></span> 
     </span>
    </p>
   </div>
   <div class='ocr_carea' id='block_1_116' title="bbox 2008 3041 3579 3112">
    <p class='ocr_par' dir='ltr' id='par_1_116' title="bbox 2008 3041 3579 3112">
     <span class='ocr_line' id='line_1_119' title="bbox 2008 3041 3579 3112; baseline 0.003 -20"><span class='ocrx_word' id='word_1_946' title='bbox 2008 3045 2362 3112; x_wconf 81' lang='lat' dir='ltr'><strong>comparavit;</strong></span> <span class='ocrx_word' id='word_1_947' title='bbox 2387 3041 2604 3096; x_wconf 82' lang='lat' dir='ltr'><strong>ventum</strong></span> <span class='ocrx_word' id='word_1_948' title='bbox 2633 3058 2901 3112; x_wconf 85' lang='lat' dir='ltr'><strong>magnum,</strong></span> <span class='ocrx_word' id='word_1_949' title='bbox 2933 3041 3286 3108; x_wconf 89' lang='lat' dir='ltr'><strong>persecutioni</strong></span> <span class='ocrx_word' id='word_1_950' title='bbox 3307 3057 3321 3103; x_wconf 89' lang='lat'><strong>;</strong></span> <span class='ocrx_word' id='word_1_951' title='bbox 3346 3056 3579 3110; x_wconf 85' lang='lat' dir='ltr'><strong>grossos,</strong></span> 
     </span>
    </p>
   </div>
   <div class='ocr_carea' id='block_1_117' title="bbox 2009 3109 3582 3182">
    <p class='ocr_par' dir='ltr' id='par_1_117' title="bbox 2009 3109 3582 3182">
     <span class='ocr_line' id='line_1_120' title="bbox 2009 3109 3582 3182; baseline 0.003 -19"><span class='ocrx_word' id='word_1_952' title='bbox 2009 3109 2312 3182; x_wconf 68' lang='lat' dir='ltr'><strong>hominibus</strong></span> <span class='ocrx_word' id='word_1_953' title='bbox 2339 3113 2520 3173; x_wconf 89' lang='lat' dir='ltr'><strong>malis,</strong></span> <span class='ocrx_word' id='word_1_954' title='bbox 2553 3113 2639 3182; x_wconf 91' lang='lat' dir='ltr'><strong>qui</strong></span> <span class='ocrx_word' id='word_1_955' title='bbox 2669 3109 2964 3167; x_wconf 65' lang='lat' dir='ltr'><strong>excutiendi</strong></span> <span class='ocrx_word' id='word_1_956' title='bbox 2995 3119 3119 3182; x_wconf 90' lang='lat' dir='ltr'><strong>sunt</strong></span> <span class='ocrx_word' id='word_1_957' title='bbox 3145 3120 3197 3165; x_wconf 92' lang='lat' dir='ltr'><strong>et</strong></span> <span class='ocrx_word' id='word_1_958' title='bbox 3224 3109 3485 3182; x_wconf 78' lang='lat' dir='ltr'><strong>recessuri</strong></span> <span class='ocrx_word' id='word_1_959' title='bbox 3515 3113 3582 3167; x_wconf 88' lang='lat' dir='ltr'><strong>ab</strong></span> 
     </span>
    </p>
   </div>
   <div class='ocr_carea' id='block_1_118' title="bbox 2008 3179 3581 3237">
    <p class='ocr_par' dir='ltr' id='par_1_118' title="bbox 2008 3179 3581 3237">
     <span class='ocr_line' id='line_1_121' title="bbox 2008 3179 3581 3237; baseline 0.001 -3"><span class='ocrx_word' id='word_1_960' title='bbox 2008 3179 2264 3234; x_wconf 86' lang='lat' dir='ltr'><strong>Ecclesia.</strong></span> <span class='ocrx_word' id='word_1_961' title='bbox 2305 3183 2371 3236; x_wconf 85' lang='lat' dir='ltr'><strong>Et</strong></span> <span class='ocrx_word' id='word_1_962' title='bbox 2400 3179 2586 3236; x_wconf 71' lang='lat' dir='ltr'><strong>caelum</strong></span> <span class='ocrx_word' id='word_1_963' title='bbox 2606 3184 2802 3237; x_wconf 85' lang='lat' dir='ltr'><strong>recessit</strong></span> <span class='ocrx_word' id='word_1_964' title='bbox 2831 3192 2885 3236; x_wconf 88' lang='lat' dir='ltr'><strong>ut</strong></span> <span class='ocrx_word' id='word_1_965' title='bbox 2913 3181 3166 3236; x_wconf 83' lang='lat' dir='ltr'><strong>inuolutus</strong></span> <span class='ocrx_word' id='word_1_966' title='bbox 3198 3181 3340 3234; x_wconf 85' lang='lat' dir='ltr'><strong>liber.</strong></span> <span class='ocrx_word' id='word_1_967' title='bbox 3387 3180 3454 3234; x_wconf 91' lang='lat' dir='ltr'><strong>Et</strong></span> <span class='ocrx_word' id='word_1_968' title='bbox 3483 3183 3581 3236; x_wconf 92' lang='lat' dir='ltr'><strong>hoc</strong></span> 
     </span>
    </p>
   </div>
   <div class='ocr_carea' id='block_1_119' title="bbox 2009 3251 3582 3322">
    <p class='ocr_par' dir='ltr' id='par_1_119' title="bbox 2009 3251 3582 3322">
     <span class='ocr_line' id='line_1_122' title="bbox 2009 3251 3582 3322; baseline 0.002 -18"><span class='ocrx_word' id='word_1_969' title='bbox 2009 3252 2126 3322; x_wconf 91' lang='lat' dir='ltr'><strong>loco</strong></span> <span class='ocrx_word' id='word_1_970' title='bbox 2153 3254 2346 3306; x_wconf 66' lang='lat' dir='ltr'><strong>coelum</strong></span> <span class='ocrx_word' id='word_1_971' title='bbox 2377 3253 2668 3308; x_wconf 84' lang='lat' dir='ltr'><strong>Ecclesiam</strong></span> <span class='ocrx_word' id='word_1_972' title='bbox 2695 3254 2846 3316; x_wconf 91' lang='lat' dir='ltr'><strong>dicit,</strong></span> <span class='ocrx_word' id='word_1_973' title='bbox 2879 3268 2997 3322; x_wconf 68' lang='lat' dir='ltr'><strong>quae</strong></span> <span class='ocrx_word' id='word_1_974' title='bbox 3025 3268 3055 3306; x_wconf 90' lang='lat' dir='ltr'><strong>a</strong></span> <span class='ocrx_word' id='word_1_975' title='bbox 3089 3252 3241 3306; x_wconf 88' lang='lat' dir='ltr'><strong>malis</strong></span> <span class='ocrx_word' id='word_1_976' title='bbox 3270 3251 3498 3312; x_wconf 86' lang='lat' dir='ltr'><strong>recedit.</strong></span> <span class='ocrx_word' id='word_1_977' title='bbox 3529 3263 3582 3307; x_wconf 89' lang='lat' dir='ltr'><strong>et</strong></span> 
     </span>
    </p>
   </div>
   <div class='ocr_carea' id='block_1_120' title="bbox 2009 3321 3582 3394">
    <p class='ocr_par' dir='ltr' id='par_1_120' title="bbox 2009 3321 3582 3394">
     <span class='ocr_line' id='line_1_123' title="bbox 2009 3321 3582 3394; baseline 0.001 -20"><span class='ocrx_word' id='word_1_978' title='bbox 2009 3321 2143 3394; x_wconf 85' lang='lat' dir='ltr'><strong>intra</strong></span> <span class='ocrx_word' id='word_1_979' title='bbox 2182 3338 2240 3378; x_wconf 90' lang='lat' dir='ltr'><strong>se</strong></span> <span class='ocrx_word' id='word_1_980' title='bbox 2277 3324 2374 3377; x_wconf 90' lang='lat' dir='ltr'><strong>sibi</strong></span> <span class='ocrx_word' id='word_1_981' title='bbox 2403 3325 2499 3378; x_wconf 92' lang='lat' dir='ltr'><strong>soli</strong></span> <span class='ocrx_word' id='word_1_982' title='bbox 2542 3332 2663 3377; x_wconf 88' lang='lat' dir='ltr'><strong>nota</strong></span> <span class='ocrx_word' id='word_1_983' title='bbox 2704 3321 2951 3394; x_wconf 80' lang='lat' dir='ltr'><strong>mysteria</strong></span> <span class='ocrx_word' id='word_1_984' title='bbox 2981 3323 3244 3394; x_wconf 86' lang='lat' dir='ltr'><strong>continet,</strong></span> <span class='ocrx_word' id='word_1_985' title='bbox 3283 3323 3421 3376; x_wconf 87' lang='lat' dir='ltr'><strong>sicut</strong></span> <span class='ocrx_word' id='word_1_986' title='bbox 3451 3323 3582 3394; x_wconf 90' lang='lat' dir='ltr'><strong>liber</strong></span> 
     </span>
    </p>
   </div>
   <div class='ocr_carea' id='block_1_121' title="bbox 2009 3392 3577 3464">
    <p class='ocr_par' dir='ltr' id='par_1_121' title="bbox 2009 3392 3577 3464">
     <span class='ocr_line' id='line_1_124' title="bbox 2009 3392 3577 3464; baseline 0 -18"><span class='ocrx_word' id='word_1_987' title='bbox 2009 3392 2293 3458; x_wconf 88' lang='lat' dir='ltr'><strong>involutus,</strong></span> <span class='ocrx_word' id='word_1_988' title='bbox 2323 3410 2480 3464; x_wconf 90' lang='lat' dir='ltr'><strong>quem</strong></span> <span class='ocrx_word' id='word_1_989' title='bbox 2508 3395 2670 3463; x_wconf 90' lang='lat' dir='ltr'><strong>iniqui</strong></span> <span class='ocrx_word' id='word_1_990' title='bbox 2699 3392 2990 3462; x_wconf 77' lang='lat' dir='ltr'><strong>intelligere</strong></span> <span class='ocrx_word' id='word_1_991' title='bbox 3016 3408 3113 3446; x_wconf 91' lang='lat' dir='ltr'><strong>nec</strong></span> <span class='ocrx_word' id='word_1_992' title='bbox 3139 3393 3577 3464; x_wconf 8' lang='lat' dir='ltr'><strong>voluntgomniuo,</strong></span> 
     </span>
    </p>
   </div>
   <div class='ocr_carea' id='block_1_122' title="bbox 1984 3461 3581 3532">
    <p class='ocr_par' dir='ltr' id='par_1_122' title="bbox 1984 3461 3581 3532">
     <span class='ocr_line' id='line_1_125' title="bbox 1984 3461 3581 3532; baseline 0 -18"><span class='ocrx_word' id='word_1_993' title='bbox 1984 3471 2106 3517; x_wconf 78' lang='lat' dir='ltr'><strong>‘uec</strong></span> <span class='ocrx_word' id='word_1_994' title='bbox 2151 3461 2390 3532; x_wconf 85' lang='lat' dir='ltr'><strong>possunt.</strong></span> <span class='ocrx_word' id='word_1_995' title='bbox 2431 3465 2497 3518; x_wconf 84' lang='lat' dir='ltr'><strong>Et</strong></span> <span class='ocrx_word' id='word_1_996' title='bbox 2535 3461 2696 3518; x_wconf 81' lang='lat' dir='ltr'><strong>omnis</strong></span> <span class='ocrx_word' id='word_1_997' title='bbox 2738 3461 2889 3517; x_wconf 78' lang='lat' dir='ltr'><strong>mons</strong></span> <span class='ocrx_word' id='word_1_998' title='bbox 2911 3473 2959 3517; x_wconf 89' lang='lat' dir='ltr'><strong>et</strong></span> <span class='ocrx_word' id='word_1_999' title='bbox 2996 3464 3178 3518; x_wconf 78' lang='lat' dir='ltr'><strong>insula:</strong></span> <span class='ocrx_word' id='word_1_1000' title='bbox 3219 3464 3281 3516; x_wconf 86' lang='lat' dir='ltr'><strong>de</strong></span> <span class='ocrx_word' id='word_1_1001' title='bbox 3317 3461 3439 3516; x_wconf 88' lang='lat' dir='ltr'><strong>locis</strong></span> <span class='ocrx_word' id='word_1_1002' title='bbox 3476 3464 3581 3516; x_wconf 86' lang='lat' dir='ltr'><strong>suis</strong></span> 
     </span>
    </p>
   </div>
   <div class='ocr_carea' id='block_1_123' title="bbox 2006 3533 3579 3601">
    <p class='ocr_par' dir='ltr' id='par_1_123' title="bbox 2006 3533 3579 3601">
     <span class='ocr_line' id='line_1_126' title="bbox 2006 3533 3579 3601; baseline 0.001 -17"><span class='ocrx_word' id='word_1_1003' title='bbox 2006 3545 2154 3586; x_wconf 82' lang='lat' dir='ltr'><strong>moue</strong></span> <span class='ocrx_word' id='word_1_1004' title='bbox 2182 3544 2316 3588; x_wconf 88' lang='lat' dir='ltr'><strong>sunt.</strong></span> <span class='ocrx_word' id='word_1_1005' title='bbox 2344 3535 2494 3601; x_wconf 90' lang='lat' dir='ltr'><strong>Quod</strong></span> <span class='ocrx_word' id='word_1_1006' title='bbox 2519 3537 2733 3598; x_wconf 75' lang='lat' dir='ltr'><strong>ccelum,</strong></span> <span class='ocrx_word' id='word_1_1007' title='bbox 2767 3535 2864 3588; x_wconf 88' lang='lat' dir='ltr'><strong>hoc</strong></span> <span class='ocrx_word' id='word_1_1008' title='bbox 2890 3543 3096 3588; x_wconf 89' lang='lat' dir='ltr'><strong>montes</strong></span> <span class='ocrx_word' id='word_1_1009' title='bbox 3117 3575 3130 3597; x_wconf 90' lang='lat'><strong>,</strong></span> <span class='ocrx_word' id='word_1_1010' title='bbox 3164 3533 3265 3586; x_wconf 92' lang='lat' dir='ltr'><strong>hoc</strong></span> <span class='ocrx_word' id='word_1_1011' title='bbox 3290 3533 3475 3586; x_wconf 72' lang='lat' dir='ltr'><strong>insula:</strong></span> <span class='ocrx_word' id='word_1_1012' title='bbox 3504 3535 3579 3586; x_wconf 91' lang='lat' dir='ltr'><strong>si-</strong></span> 
     </span>
    </p>
   </div>
   <div class='ocr_carea' id='block_1_124' title="bbox 2006 3603 3577 3670">
    <p class='ocr_par' dir='ltr' id='par_1_124' title="bbox 2006 3603 3577 3670">
     <span class='ocr_line' id='line_1_127' title="bbox 2006 3603 3577 3670; baseline 0.001 -16"><span class='ocrx_word' id='word_1_1013' title='bbox 2006 3603 2288 3670; x_wconf 82' lang='lat' dir='ltr'><strong>gniﬁcant;</strong></span> <span class='ocrx_word' id='word_1_1014' title='bbox 2323 3606 2370 3656; x_wconf 88' lang='lat' dir='ltr'><strong>id</strong></span> <span class='ocrx_word' id='word_1_1015' title='bbox 2403 3614 2483 3658; x_wconf 92' lang='lat' dir='ltr'><strong>est</strong></span> <span class='ocrx_word' id='word_1_1016' title='bbox 2519 3605 2803 3659; x_wconf 76' lang='lat' dir='ltr'><strong>Ecclesium</strong></span> <span class='ocrx_word' id='word_1_1017' title='bbox 2841 3603 2972 3658; x_wconf 80' lang='lat' dir='ltr'><strong>iacta</strong></span> <span class='ocrx_word' id='word_1_1018' title='bbox 3015 3604 3299 3657; x_wconf 90' lang='lat' dir='ltr'><strong>novissima</strong></span> <span class='ocrx_word' id='word_1_1019' title='bbox 3326 3618 3577 3668; x_wconf 86' lang='lat' dir='ltr'><strong>persecu-</strong></span> 
     </span>
    </p>
   </div>
   <div class='ocr_carea' id='block_1_125' title="bbox 2006 3672 3579 3736">
    <p class='ocr_par' dir='ltr' id='par_1_125' title="bbox 2006 3672 3579 3736">
     <span class='ocr_line' id='line_1_128' title="bbox 2006 3672 3579 3736; baseline 0.001 -12"><span class='ocrx_word' id='word_1_1020' title='bbox 2006 3672 2148 3726; x_wconf 90' lang='lat' dir='ltr'><strong>tione</strong></span> <span class='ocrx_word' id='word_1_1021' title='bbox 2182 3688 2394 3728; x_wconf 89' lang='lat' dir='ltr'><strong>omnem</strong></span> <span class='ocrx_word' id='word_1_1022' title='bbox 2427 3674 2492 3726; x_wconf 88' lang='lat' dir='ltr'><strong>de</strong></span> <span class='ocrx_word' id='word_1_1023' title='bbox 2532 3675 2647 3727; x_wconf 89' lang='lat' dir='ltr'><strong>loco</strong></span> <span class='ocrx_word' id='word_1_1024' title='bbox 2683 3688 2779 3727; x_wconf 89' lang='lat' dir='ltr'><strong>suo</strong></span> <span class='ocrx_word' id='word_1_1025' title='bbox 2821 3674 3136 3736; x_wconf 87' lang='lat' dir='ltr'><strong>recessisse,</strong></span> <span class='ocrx_word' id='word_1_1026' title='bbox 3176 3673 3286 3726; x_wconf 84' lang='lat' dir='ltr'><strong>sive</strong></span> <span class='ocrx_word' id='word_1_1027' title='bbox 3331 3673 3380 3723; x_wconf 88' lang='lat' dir='ltr'><strong>in</strong></span> <span class='ocrx_word' id='word_1_1028' title='bbox 3429 3673 3579 3725; x_wconf 91' lang='lat' dir='ltr'><strong>bonis</strong></span> 
     </span>
    </p>
   </div>
   <div class='ocr_carea' id='block_1_126' title="bbox 2007 3740 3574 3812">
    <p class='ocr_par' dir='ltr' id='par_1_126' title="bbox 2007 3740 3574 3812">
     <span class='ocr_line' id='line_1_129' title="bbox 2007 3740 3574 3812; baseline -0.001 -17"><span class='ocrx_word' id='word_1_1029' title='bbox 2007 3741 2252 3812; x_wconf 77' lang='lat' dir='ltr'><strong>lugiendo</strong></span> <span class='ocrx_word' id='word_1_1030' title='bbox 2287 3745 2706 3812; x_wconf 88' lang='lat' dir='ltr'><strong>persecutionem</strong></span> <span class='ocrx_word' id='word_1_1031' title='bbox 2725 3785 2738 3806; x_wconf 88' lang='lat'><strong>,</strong></span> <span class='ocrx_word' id='word_1_1032' title='bbox 2767 3743 2879 3798; x_wconf 90' lang='lat' dir='ltr'><strong>sive</strong></span> <span class='ocrx_word' id='word_1_1033' title='bbox 2909 3745 2959 3797; x_wconf 91' lang='lat' dir='ltr'><strong>in</strong></span> <span class='ocrx_word' id='word_1_1034' title='bbox 2990 3743 3143 3796; x_wconf 89' lang='lat' dir='ltr'><strong>malis</strong></span> <span class='ocrx_word' id='word_1_1035' title='bbox 3172 3741 3291 3795; x_wconf 89' lang='lat' dir='ltr'><strong>ﬁdei</strong></span> <span class='ocrx_word' id='word_1_1036' title='bbox 3317 3740 3574 3796; x_wconf 89' lang='lat' dir='ltr'><strong>cedendo.</strong></span> 
     </span>
    </p>
   </div>
   <div class='ocr_carea' id='block_1_127' title="bbox 2007 3811 3578 3884">
    <p class='ocr_par' dir='ltr' id='par_1_127' title="bbox 2007 3811 3578 3884">
     <span class='ocr_line' id='line_1_130' title="bbox 2007 3811 3578 3884; baseline -0.001 -18"><span class='ocrx_word' id='word_1_1037' title='bbox 2007 3811 2111 3884; x_wconf 78' lang='lat' dir='ltr'><strong>Sed</strong></span> <span class='ocrx_word' id='word_1_1038' title='bbox 2153 3811 2324 3882; x_wconf 79' lang='lat' dir='ltr'><strong>poteSt</strong></span> <span class='ocrx_word' id='word_1_1039' title='bbox 2361 3815 2411 3868; x_wconf 91' lang='lat' dir='ltr'><strong>in</strong></span> <span class='ocrx_word' id='word_1_1040' title='bbox 2450 3823 2727 3884; x_wconf 89' lang='lat' dir='ltr'><strong>utramque</strong></span> <span class='ocrx_word' id='word_1_1041' title='bbox 2769 3824 2990 3884; x_wconf 15' lang='lat' dir='ltr'><strong>partem,</strong></span> <span class='ocrx_word' id='word_1_1042' title='bbox 3014 3813 3329 3884; x_wconf 82' lang='lat' dir='ltr'><strong>convenire;</strong></span> <span class='ocrx_word' id='word_1_1043' title='bbox 3370 3813 3492 3882; x_wconf 85' lang='lat' dir='ltr'><strong>quia</strong></span> <span class='ocrx_word' id='word_1_1044' title='bbox 3523 3822 3578 3867; x_wconf 87' lang='lat' dir='ltr'><strong>et</strong></span> 
     </span>
    </p>
   </div>
   <div class='ocr_carea' id='block_1_128' title="bbox 2006 3882 3578 3952">
    <p class='ocr_par' dir='ltr' id='par_1_128' title="bbox 2006 3882 3578 3952">
     <span class='ocr_line' id='line_1_131' title="bbox 2006 3882 3578 3952; baseline 0 -17"><span class='ocrx_word' id='word_1_1045' title='bbox 2006 3882 2142 3936; x_wconf 91' lang='lat' dir='ltr'><strong>bona</strong></span> <span class='ocrx_word' id='word_1_1046' title='bbox 2173 3900 2294 3950; x_wconf 87' lang='lat' dir='ltr'><strong>pars</strong></span> <span class='ocrx_word' id='word_1_1047' title='bbox 2320 3893 2562 3938; x_wconf 86' lang='lat' dir='ltr'><strong>movetur</strong></span> <span class='ocrx_word' id='word_1_1048' title='bbox 2586 3882 2659 3940; x_wconf 79' lang='lat' dir='ltr'><strong>de</strong></span> <span class='ocrx_word' id='word_1_1049' title='bbox 2680 3887 2796 3938; x_wconf 91' lang='lat' dir='ltr'><strong>loco</strong></span> <span class='ocrx_word' id='word_1_1050' title='bbox 2821 3900 2938 3948; x_wconf 90' lang='lat' dir='ltr'><strong>suo,</strong></span> <span class='ocrx_word' id='word_1_1051' title='bbox 2972 3883 3195 3952; x_wconf 78' lang='lat' dir='ltr'><strong>fugiens,</strong></span> <span class='ocrx_word' id='word_1_1052' title='bbox 3225 3882 3274 3936; x_wconf 92' lang='lat' dir='ltr'><strong>id</strong></span> <span class='ocrx_word' id='word_1_1053' title='bbox 3297 3892 3396 3946; x_wconf 92' lang='lat' dir='ltr'><strong>est,</strong></span> <span class='ocrx_word' id='word_1_1054' title='bbox 3424 3884 3578 3935; x_wconf 88' lang='lat' dir='ltr'><strong>amit-</strong></span> 
     </span>
    </p>
   </div>
   <div class='ocr_carea' id='block_1_129' title="bbox 2007 3951 3574 4024">
    <p class='ocr_par' dir='ltr' id='par_1_129' title="bbox 2007 3951 3574 4024">
     <span class='ocr_line' id='line_1_132' title="bbox 2007 3951 3574 4024; baseline -0.001 -17"><span class='ocrx_word' id='word_1_1055' title='bbox 2007 3962 2123 4024; x_wconf 82' lang='lat' dir='ltr'><strong>tens</strong></span> <span class='ocrx_word' id='word_1_1056' title='bbox 2159 3955 2282 4007; x_wconf 88' lang='lat' dir='ltr'><strong>illud</strong></span> <span class='ocrx_word' id='word_1_1057' title='bbox 2318 3955 2457 4024; x_wconf 90' lang='lat' dir='ltr'><strong>quod</strong></span> <span class='ocrx_word' id='word_1_1058' title='bbox 2496 3956 2689 4009; x_wconf 90' lang='lat' dir='ltr'><strong>habet:</strong></span> <span class='ocrx_word' id='word_1_1059' title='bbox 2721 3956 2856 4008; x_wconf 92' lang='lat' dir='ltr'><strong>sicut</strong></span> <span class='ocrx_word' id='word_1_1060' title='bbox 2890 3951 3051 4015; x_wconf 81' lang='lat' dir='ltr'><strong>illud,</strong></span> <span class='ocrx_word' id='word_1_1061' title='bbox 3087 3951 3293 4024; x_wconf 75' lang='lat' dir='ltr'><strong>Illovebo</strong></span> <span class='ocrx_word' id='word_1_1062' title='bbox 3335 3953 3574 4006; x_wconf 81' lang='lat' dir='ltr'><strong>candela-</strong></span> 
     </span>
    </p>
   </div>
   <div class='ocr_carea' id='block_1_130' title="bbox 2004 4022 3576 4094">
    <p class='ocr_par' dir='ltr' id='par_1_130' title="bbox 2004 4022 3576 4094">
     <span class='ocr_line' id='line_1_133' title="bbox 2004 4022 3576 4094; baseline 0 -18"><span class='ocrx_word' id='word_1_1063' title='bbox 2004 4023 2147 4076; x_wconf 85' lang='lat' dir='ltr'><strong>brum</strong></span> <span class='ocrx_word' id='word_1_1064' title='bbox 2172 4033 2310 4078; x_wconf 89' lang='lat' dir='ltr'><strong>tuum</strong></span> <span class='ocrx_word' id='word_1_1065' title='bbox 2339 4022 2410 4079; x_wconf 36' lang='lat' dir='ltr'><strong>_de</strong></span> <span class='ocrx_word' id='word_1_1066' title='bbox 2437 4027 2544 4079; x_wconf 84' lang='lat' dir='ltr'><strong>loco</strong></span> <span class='ocrx_word' id='word_1_1067' title='bbox 2569 4041 2658 4078; x_wconf 77' lang='lat' dir='ltr'><strong>suo</strong></span> <span class='ocrx_word' id='word_1_1068' title='bbox 2687 4024 2865 4094; x_wconf 78' lang='lat' dir='ltr'><strong>(Apoc.</strong></span> <span class='ocrx_word' id='word_1_1069' title='bbox 2893 4040 2962 4088; x_wconf 84' lang='lat' dir='ltr'><strong>tt,</strong></span> <span class='ocrx_word' id='word_1_1070' title='bbox 2986 4024 3062 4094; x_wconf 80' lang='lat'><strong>5).</strong></span> <span class='ocrx_word' id='word_1_1071' title='bbox 3098 4022 3159 4076; x_wconf 87' lang='lat' dir='ltr'><strong>Et</strong></span> <span class='ocrx_word' id='word_1_1072' title='bbox 3189 4039 3327 4094; x_wconf 87' lang='lat' dir='ltr'><strong>reges</strong></span> <span class='ocrx_word' id='word_1_1073' title='bbox 3362 4033 3576 4094; x_wconf 70' lang='lat' dir='ltr'><strong>ten-teet</strong></span> 
     </span>
    </p>
   </div>
   <div class='ocr_carea' id='block_1_131' title="bbox 2003 4092 3574 4164">
    <p class='ocr_par' dir='ltr' id='par_1_131' title="bbox 2003 4092 3574 4164">
     <span class='ocr_line' id='line_1_134' title="bbox 2003 4092 3574 4164; baseline 0.002 -20"><span class='ocrx_word' id='word_1_1074' title='bbox 2003 4095 2325 4164; x_wconf 85' lang='lat' dir='ltr'><strong>magistratus</strong></span> <span class='ocrx_word' id='word_1_1075' title='bbox 2347 4111 2365 4148; x_wconf 91' lang='lat'><strong>:</strong></span> <span class='ocrx_word' id='word_1_1076' title='bbox 2395 4111 2572 4163; x_wconf 84' lang='lat' dir='ltr'><strong>reges,</strong></span> <span class='ocrx_word' id='word_1_1077' title='bbox 2604 4092 2842 4162; x_wconf 86' lang='lat' dir='ltr'><strong>potentes</strong></span> <span class='ocrx_word' id='word_1_1078' title='bbox 2880 4092 3120 4147; x_wconf 87' lang='lat' dir='ltr'><strong>homines</strong></span> <span class='ocrx_word' id='word_1_1079' title='bbox 3145 4093 3450 4164; x_wconf 81' lang='lat' dir='ltr'><strong>accipimus.</strong></span> <span class='ocrx_word' id='word_1_1080' title='bbox 3470 4162 3478 4164; x_wconf 21' lang='grc' dir='ltr'><strong>Α</strong></span> <span class='ocrx_word' id='word_1_1081' title='bbox 3497 4092 3574 4147; x_wconf 80' lang='lat' dir='ltr'><strong>Ex</strong></span> 
     </span>
    </p>
   </div>
   <div class='ocr_carea' id='block_1_132' title="bbox 2004 4162 3576 4234">
    <p class='ocr_par' dir='ltr' id='par_1_132' title="bbox 2004 4162 3576 4234">
     <span class='ocr_line' id='line_1_135' title="bbox 2004 4162 3576 4234; baseline -0.001 -16"><span class='ocrx_word' id='word_1_1082' title='bbox 2004 4162 2146 4218; x_wconf 83' lang='lat' dir='ltr'><strong>omni</strong></span> <span class='ocrx_word' id='word_1_1083' title='bbox 2177 4166 2318 4219; x_wconf 91' lang='lat' dir='ltr'><strong>enim</strong></span> <span class='ocrx_word' id='word_1_1084' title='bbox 2338 4162 2505 4234; x_wconf 84' lang='lat' dir='ltr'><strong>gradu</strong></span> <span class='ocrx_word' id='word_1_1085' title='bbox 2531 4175 2584 4219; x_wconf 90' lang='lat' dir='ltr'><strong>et</strong></span> <span class='ocrx_word' id='word_1_1086' title='bbox 2611 4164 2911 4218; x_wconf 90' lang='lat' dir='ltr'><strong>conditione</strong></span> <span class='ocrx_word' id='word_1_1087' title='bbox 2935 4173 3310 4218; x_wconf 85' lang='lat' dir='ltr'><strong>convertentur</strong></span> <span class='ocrx_word' id='word_1_1088' title='bbox 3337 4163 3400 4215; x_wconf 90' lang='lat' dir='ltr'><strong>ad</strong></span> <span class='ocrx_word' id='word_1_1089' title='bbox 3423 4162 3576 4217; x_wconf 84' lang='lat' dir='ltr'><strong>Citri-</strong></span> 
     </span>
    </p>
   </div>
   <div class='ocr_carea' id='block_1_133' title="bbox 2003 4234 3573 4304">
    <p class='ocr_par' dir='ltr' id='par_1_133' title="bbox 2003 4234 3573 4304">
     <span class='ocr_line' id='line_1_136' title="bbox 2003 4234 3573 4304; baseline 0.001 -18"><span class='ocrx_word' id='word_1_1090' title='bbox 2003 4243 2161 4288; x_wconf 89' lang='lat' dir='ltr'><strong>stmn.</strong></span> <span class='ocrx_word' id='word_1_1091' title='bbox 2194 4234 2455 4290; x_wconf 69' lang='lat' dir='ltr'><strong>Caeterum</strong></span> <span class='ocrx_word' id='word_1_1092' title='bbox 2489 4235 2577 4304; x_wconf 93' lang='lat' dir='ltr'><strong>qui</strong></span> <span class='ocrx_word' id='word_1_1093' title='bbox 2619 4243 2740 4288; x_wconf 92' lang='lat' dir='ltr'><strong>tunc</strong></span> <span class='ocrx_word' id='word_1_1094' title='bbox 2768 4249 2922 4304; x_wconf 83' lang='lat' dir='ltr'><strong>reges</strong></span> <span class='ocrx_word' id='word_1_1095' title='bbox 2961 4243 3149 4292; x_wconf 83' lang='lat' dir='ltr'><strong>erunt.</strong></span> <span class='ocrx_word' id='word_1_1096' title='bbox 3191 4241 3384 4302; x_wconf 69' lang='lat' dir='ltr'><strong>pneter</strong></span> <span class='ocrx_word' id='word_1_1097' title='bbox 3413 4250 3573 4287; x_wconf 90' lang='lat' dir='ltr'><strong>unum</strong></span> 
     </span>
    </p>
   </div>
   <div class='ocr_carea' id='block_1_134' title="bbox 2003 4303 3576 4374">
    <p class='ocr_par' dir='ltr' id='par_1_134' title="bbox 2003 4303 3576 4374">
     <span class='ocr_line' id='line_1_137' title="bbox 2003 4303 3576 4374; baseline 0.001 -18"><span class='ocrx_word' id='word_1_1098' title='bbox 2003 4315 2427 4373; x_wconf 74' lang='lat' dir='ltr'><strong>persecutorem,</strong></span> <span class='ocrx_word' id='word_1_1099' title='bbox 2465 4303 2849 4358; x_wconf 66' lang='lat' dir='ltr'><strong>absconderant</strong></span> <span class='ocrx_word' id='word_1_1100' title='bbox 2872 4321 2924 4358; x_wconf 87' lang='lat' dir='ltr'><strong>se</strong></span> <span class='ocrx_word' id='word_1_1101' title='bbox 2963 4306 3016 4358; x_wconf 87' lang='lat' dir='ltr'><strong>in</strong></span> <span class='ocrx_word' id='word_1_1102' title='bbox 3053 4303 3302 4373; x_wconf 85' lang='lat' dir='ltr'><strong>speluncis</strong></span> <span class='ocrx_word' id='word_1_1103' title='bbox 3341 4313 3386 4357; x_wconf 88' lang='lat' dir='ltr'><strong>et</strong></span> <span class='ocrx_word' id='word_1_1104' title='bbox 3424 4306 3576 4374; x_wconf 85' lang='lat' dir='ltr'><strong>petris</strong></span> 
     </span>
    </p>
   </div>
   <div class='ocr_carea' id='block_1_135' title="bbox 2002 4375 3572 4445">
    <p class='ocr_par' dir='ltr' id='par_1_135' title="bbox 2002 4375 3572 4445">
     <span class='ocr_line' id='line_1_138' title="bbox 2002 4375 3572 4445; baseline 0 -18"><span class='ocrx_word' id='word_1_1105' title='bbox 2002 4377 2262 4445; x_wconf 78' lang='lat' dir='ltr'><strong>montium.</strong></span> <span class='ocrx_word' id='word_1_1106' title='bbox 2307 4375 2625 4445; x_wconf 82' lang='lat' dir='ltr'><strong>Confugitmt</strong></span> <span class='ocrx_word' id='word_1_1107' title='bbox 2667 4390 2854 4429; x_wconf 87' lang='lat' dir='ltr'><strong>omnes</strong></span> <span class='ocrx_word' id='word_1_1108' title='bbox 2891 4376 2945 4428; x_wconf 91' lang='lat' dir='ltr'><strong>in</strong></span> <span class='ocrx_word' id='word_1_1109' title='bbox 2988 4375 3235 4443; x_wconf 73' lang='lat' dir='ltr'><strong>prazseuti</strong></span> <span class='ocrx_word' id='word_1_1110' title='bbox 3275 4375 3468 4445; x_wconf 68' lang='lat' dir='ltr'><strong>saeculo</strong></span> <span class='ocrx_word' id='word_1_1111' title='bbox 3508 4376 3572 4427; x_wconf 88' lang='lat' dir='ltr'><strong>ad</strong></span> 
     </span>
    </p>
   </div>
   <div class='ocr_carea' id='block_1_136' title="bbox 2003 4443 3572 4514">
    <p class='ocr_par' dir='ltr' id='par_1_136' title="bbox 2003 4443 3572 4514">
     <span class='ocr_line' id='line_1_139' title="bbox 2003 4443 3572 4514; baseline 0 -17"><span class='ocrx_word' id='word_1_1112' title='bbox 2003 4443 2159 4498; x_wconf 86' lang='lat' dir='ltr'><strong>fidem</strong></span> <span class='ocrx_word' id='word_1_1113' title='bbox 2188 4447 2458 4507; x_wconf 69' lang='lat' dir='ltr'><strong>Ecclesiae.</strong></span> <span class='ocrx_word' id='word_1_1114' title='bbox 2483 4443 2544 4501; x_wconf 77' lang='lat' dir='ltr'><strong>et</strong></span> <span class='ocrx_word' id='word_1_1115' title='bbox 2571 4448 2623 4500; x_wconf 90' lang='lat' dir='ltr'><strong>in</strong></span> <span class='ocrx_word' id='word_1_1116' title='bbox 2652 4445 2965 4500; x_wconf 87' lang='lat' dir='ltr'><strong>abscondito</strong></span> <span class='ocrx_word' id='word_1_1117' title='bbox 2991 4446 3241 4514; x_wconf 85' lang='lat' dir='ltr'><strong>mysterio</strong></span> <span class='ocrx_word' id='word_1_1118' title='bbox 3267 4444 3572 4512; x_wconf 88' lang='lat' dir='ltr'><strong>Scriptura-</strong></span> 
     </span>
    </p>
   </div>
   <div class='ocr_carea' id='block_1_137' title="bbox 2001 4514 3571 4586">
    <p class='ocr_par' dir='ltr' id='par_1_137' title="bbox 2001 4514 3571 4586">
     <span class='ocr_line' id='line_1_140' title="bbox 2001 4514 3571 4586; baseline 0.001 -19"><span class='ocrx_word' id='word_1_1119' title='bbox 2001 4531 2117 4586; x_wconf 64' lang='grc' dir='ltr'><strong>Ψιη</strong></span> <span class='ocrx_word' id='word_1_1120' title='bbox 2134 4527 2505 4586; x_wconf 85' lang='lat' dir='ltr'><strong>conteguntur.</strong></span> <span class='ocrx_word' id='word_1_1121' title='bbox 2539 4516 2602 4568; x_wconf 84' lang='lat' dir='ltr'><strong>Et</strong></span> <span class='ocrx_word' id='word_1_1122' title='bbox 2622 4517 2811 4580; x_wconf 86' lang='lat' dir='ltr'><strong>dicunt,</strong></span> <span class='ocrx_word' id='word_1_1123' title='bbox 2836 4515 3050 4586; x_wconf 87' lang='lat' dir='ltr'><strong>Cadite:</strong></span> <span class='ocrx_word' id='word_1_1124' title='bbox 3077 4514 3126 4567; x_wconf 92' lang='lat' dir='ltr'><strong>id</strong></span> <span class='ocrx_word' id='word_1_1125' title='bbox 3152 4525 3252 4578; x_wconf 90' lang='lat' dir='ltr'><strong>est,</strong></span> <span class='ocrx_word' id='word_1_1126' title='bbox 3278 4515 3434 4586; x_wconf 81' lang='lat' dir='ltr'><strong>legite</strong></span> <span class='ocrx_word' id='word_1_1127' title='bbox 3456 4530 3571 4568; x_wconf 90' lang='lat' dir='ltr'><strong>uos.</strong></span> 
     </span>
    </p>
   </div>
   <div class='ocr_carea' id='block_1_138' title="bbox 2000 4584 3574 4648">
    <p class='ocr_par' dir='ltr' id='par_1_138' title="bbox 2000 4584 3574 4648">
     <span class='ocr_line' id='line_1_141' title="bbox 2000 4584 3574 4648; baseline 0.001 -12"><span class='ocrx_word' id='word_1_1128' title='bbox 2000 4584 2068 4637; x_wconf 86' lang='lat' dir='ltr'><strong>Et</strong></span> <span class='ocrx_word' id='word_1_1129' title='bbox 2092 4584 2377 4641; x_wconf 83' lang='lat' dir='ltr'><strong>abscondite</strong></span> <span class='ocrx_word' id='word_1_1130' title='bbox 2403 4604 2493 4639; x_wconf 83' lang='lat' dir='ltr'><strong>nos</strong></span> <span class='ocrx_word' id='word_1_1131' title='bbox 2511 4602 2529 4639; x_wconf 92' lang='lat'><strong><em>:</em></strong></span> <span class='ocrx_word' id='word_1_1132' title='bbox 2570 4587 2617 4639; x_wconf 88' lang='lat' dir='ltr'><strong>id</strong></span> <span class='ocrx_word' id='word_1_1133' title='bbox 2643 4595 2761 4648; x_wconf 91' lang='lat' dir='ltr'><strong>est,</strong></span> <span class='ocrx_word' id='word_1_1134' title='bbox 2794 4596 2850 4639; x_wconf 92' lang='lat' dir='ltr'><strong>ut</strong></span> <span class='ocrx_word' id='word_1_1135' title='bbox 2876 4585 3035 4639; x_wconf 87' lang='lat' dir='ltr'><strong>homo</strong></span> <span class='ocrx_word' id='word_1_1136' title='bbox 3059 4594 3210 4638; x_wconf 89' lang='lat' dir='ltr'><strong>vetus</strong></span> <span class='ocrx_word' id='word_1_1137' title='bbox 3233 4602 3261 4638; x_wconf 87' lang='lat' dir='ltr'><strong>a</strong></span> <span class='ocrx_word' id='word_1_1138' title='bbox 3290 4585 3378 4638; x_wconf 86' lang='lat' dir='ltr'><strong>Dei</strong></span> <span class='ocrx_word' id='word_1_1139' title='bbox 3407 4587 3574 4638; x_wconf 90' lang='lat' dir='ltr'><strong>oculis</strong></span> 
     </span>
    </p>
   </div>
   <div class='ocr_carea' id='block_1_139' title="bbox 1999 4654 3568 4726">
    <p class='ocr_par' dir='ltr' id='par_1_139' title="bbox 1999 4654 3568 4726">
     <span class='ocr_line' id='line_1_142' title="bbox 1999 4654 3568 4726; baseline 0.004 -21"><span class='ocrx_word' id='word_1_1140' title='bbox 1999 4654 2368 4710; x_wconf 88' lang='lat' dir='ltr'><strong>abscondatur.</strong></span> <span class='ocrx_word' id='word_1_1141' title='bbox 2394 4658 2458 4710; x_wconf 87' lang='lat' dir='ltr'><strong>Et</strong></span> <span class='ocrx_word' id='word_1_1142' title='bbox 2481 4656 2667 4710; x_wconf 87' lang='lat' dir='ltr'><strong>aliter:</strong></span> <span class='ocrx_word' id='word_1_1143' title='bbox 2695 4656 2791 4722; x_wconf 90' lang='lat' dir='ltr'><strong>Qui</strong></span> <span class='ocrx_word' id='word_1_1144' title='bbox 2815 4658 3008 4726; x_wconf 83' lang='lat' dir='ltr'><strong>cogitat</strong></span> <span class='ocrx_word' id='word_1_1145' title='bbox 3033 4654 3264 4726; x_wconf 79' lang='lat' dir='ltr'><strong>futurum</strong></span> <span class='ocrx_word' id='word_1_1146' title='bbox 3288 4655 3568 4723; x_wconf 89' lang='lat' dir='ltr'><strong>judicium.</strong></span> 
     </span>
    </p>
   </div>
   <div class='ocr_carea' id='block_1_140' title="bbox 1998 4725 3568 4792">
    <p class='ocr_par' dir='ltr' id='par_1_140' title="bbox 1998 4725 3568 4792">
     <span class='ocr_line' id='line_1_143' title="bbox 1998 4725 3568 4792; baseline 0 -14"><span class='ocrx_word' id='word_1_1147' title='bbox 1998 4727 2320 4780; x_wconf 89' lang='lat' dir='ltr'><strong>convertitur</strong></span> <span class='ocrx_word' id='word_1_1148' title='bbox 2347 4727 2411 4779; x_wconf 89' lang='lat' dir='ltr'><strong>ad</strong></span> <span class='ocrx_word' id='word_1_1149' title='bbox 2441 4737 2672 4792; x_wconf 90' lang='lat' dir='ltr'><strong>montes,</strong></span> <span class='ocrx_word' id='word_1_1150' title='bbox 2706 4727 2754 4780; x_wconf 90' lang='lat' dir='ltr'><strong>id</strong></span> <span class='ocrx_word' id='word_1_1151' title='bbox 2796 4725 2966 4780; x_wconf 86' lang='lat' dir='ltr'><strong>estad</strong></span> <span class='ocrx_word' id='word_1_1152' title='bbox 3007 4725 3294 4778; x_wconf 78' lang='lat' dir='ltr'><strong>Ecclesium</strong></span> <span class='ocrx_word' id='word_1_1153' title='bbox 3315 4766 3329 4790; x_wconf 93' lang='lat'><strong>,</strong></span> <span class='ocrx_word' id='word_1_1154' title='bbox 3364 4733 3419 4778; x_wconf 89' lang='lat' dir='ltr'><strong>ut</strong></span> <span class='ocrx_word' id='word_1_1155' title='bbox 3446 4727 3568 4779; x_wconf 88' lang='lat' dir='ltr'><strong>abs-</strong></span> 
     </span>
    </p>
   </div>
   <div class='ocr_carea' id='block_1_141' title="bbox 1998 4795 3569 4865">
    <p class='ocr_par' dir='ltr' id='par_1_141' title="bbox 1998 4795 3569 4865">
     <span class='ocr_line' id='line_1_144' title="bbox 1998 4795 3569 4865; baseline 0.002 -19"><span class='ocrx_word' id='word_1_1156' title='bbox 1998 4795 2291 4849; x_wconf 89' lang='lat' dir='ltr'><strong>condantur</strong></span> <span class='ocrx_word' id='word_1_1157' title='bbox 2318 4806 2527 4865; x_wconf 87' lang='lat' dir='ltr'><strong>peccata</strong></span> <span class='ocrx_word' id='word_1_1158' title='bbox 2560 4812 2654 4851; x_wconf 90' lang='lat' dir='ltr'><strong>sua</strong></span> <span class='ocrx_word' id='word_1_1159' title='bbox 2687 4813 2779 4865; x_wconf 91' lang='lat' dir='ltr'><strong>per</strong></span> <span class='ocrx_word' id='word_1_1160' title='bbox 2816 4797 3173 4865; x_wconf 61' lang='lat' dir='ltr'><strong>paenitentiam</strong></span> <span class='ocrx_word' id='word_1_1161' title='bbox 3221 4797 3271 4847; x_wconf 91' lang='lat' dir='ltr'><strong>in</strong></span> <span class='ocrx_word' id='word_1_1162' title='bbox 3325 4799 3569 4864; x_wconf 68' lang='lat' dir='ltr'><strong>praesenti</strong></span> 
     </span>
    </p>
   </div>
   <div class='ocr_carea' id='block_1_142' title="bbox 2000 4863 3569 4935">
    <p class='ocr_par' dir='ltr' id='par_1_142' title="bbox 2000 4863 3569 4935">
     <span class='ocr_line' id='line_1_145' title="bbox 2000 4863 3569 4935; baseline 0.001 -19"><span class='ocrx_word' id='word_1_1163' title='bbox 2000 4874 2254 4932; x_wconf 89' lang='lat' dir='ltr'><strong>tempore,</strong></span> <span class='ocrx_word' id='word_1_1164' title='bbox 2286 4863 2350 4920; x_wconf 82' lang='lat' dir='ltr'><strong>ne</strong></span> <span class='ocrx_word' id='word_1_1165' title='bbox 2379 4867 2428 4919; x_wconf 94' lang='lat' dir='ltr'><strong>in</strong></span> <span class='ocrx_word' id='word_1_1166' title='bbox 2457 4866 2632 4921; x_wconf 80' lang='lat' dir='ltr'><strong>futuro</strong></span> <span class='ocrx_word' id='word_1_1167' title='bbox 2664 4863 2964 4935; x_wconf 87' lang='lat' dir='ltr'><strong>puniantur.</strong></span> <span class='ocrx_word' id='word_1_1168' title='bbox 2995 4863 3166 4917; x_wconf 89' lang='lat' dir='ltr'><strong>Donec</strong></span> <span class='ocrx_word' id='word_1_1169' title='bbox 3189 4863 3442 4933; x_wconf 83' lang='lat' dir='ltr'><strong>signemus</strong></span> <span class='ocrx_word' id='word_1_1170' title='bbox 3467 4883 3569 4918; x_wconf 84' lang='lat' dir='ltr'><strong>ser-</strong></span> 
     </span>
    </p>
   </div>
   <div class='ocr_carea' id='block_1_143' title="bbox 1996 4935 3566 5008">
    <p class='ocr_par' dir='ltr' id='par_1_143' title="bbox 1996 4935 3566 5008">
     <span class='ocr_line' id='line_1_146' title="bbox 1996 4935 3566 5008; baseline 0.001 -22"><span class='ocrx_word' id='word_1_1171' title='bbox 1996 4951 2081 4988; x_wconf 80' lang='lat' dir='ltr'><strong>uos</strong></span> <span class='ocrx_word' id='word_1_1172' title='bbox 2094 4935 2195 5008; x_wconf 72' lang='lat' dir='ltr'><strong>_Dei</strong></span> <span class='ocrx_word' id='word_1_1173' title='bbox 2215 4939 2370 4989; x_wconf 88' lang='lat' dir='ltr'><strong>nostri</strong></span> <span class='ocrx_word' id='word_1_1174' title='bbox 2388 4938 2441 5008; x_wconf 80' lang='lat' dir='ltr'><strong>in</strong></span> <span class='ocrx_word' id='word_1_1175' title='bbox 2461 4938 2708 5008; x_wconf 81' lang='lat' dir='ltr'><strong>frontibus</strong></span> <span class='ocrx_word' id='word_1_1176' title='bbox 2727 4953 2896 4990; x_wconf 82' lang='lat' dir='ltr'><strong>eorum</strong></span> <span class='ocrx_word' id='word_1_1177' title='bbox 2917 4953 2931 4989; x_wconf 93' lang='lat'><strong>:</strong></span> <span class='ocrx_word' id='word_1_1178' title='bbox 2955 4935 3244 5008; x_wconf 79' lang='lat' dir='ltr'><strong>Ecclesium</strong></span> <span class='ocrx_word' id='word_1_1179' title='bbox 3267 4936 3566 5008; x_wconf 80' lang='lat' dir='ltr'><strong>denuntiat;</strong></span> 
     </span>
    </p>
   </div>
   <div class='ocr_carea' id='block_1_144' title="bbox 1995 5006 3566 5074">
    <p class='ocr_par' dir='ltr' id='par_1_144' title="bbox 1995 5006 3566 5074">
     <span class='ocr_line' id='line_1_147' title="bbox 1995 5006 3566 5074; baseline 0.002 -17"><span class='ocrx_word' id='word_1_1180' title='bbox 1995 5015 2049 5074; x_wconf 84' lang='lat' dir='ltr'><strong>et</strong></span> <span class='ocrx_word' id='word_1_1181' title='bbox 2073 5006 2202 5059; x_wconf 92' lang='lat' dir='ltr'><strong>dicit</strong></span> <span class='ocrx_word' id='word_1_1182' title='bbox 2227 5008 2376 5060; x_wconf 89' lang='lat' dir='ltr'><strong>malis</strong></span> <span class='ocrx_word' id='word_1_1183' title='bbox 2397 5006 2715 5073; x_wconf 83' lang='lat' dir='ltr'><strong>hominibus,</strong></span> <span class='ocrx_word' id='word_1_1184' title='bbox 2741 5009 2791 5062; x_wconf 91' lang='lat' dir='ltr'><strong>id</strong></span> <span class='ocrx_word' id='word_1_1185' title='bbox 2824 5015 2905 5060; x_wconf 90' lang='lat' dir='ltr'><strong>est</strong></span> <span class='ocrx_word' id='word_1_1186' title='bbox 2927 5006 3153 5060; x_wconf 78' lang='lat' dir='ltr'><strong>sinistra:</strong></span> <span class='ocrx_word' id='word_1_1187' title='bbox 3179 5007 3309 5074; x_wconf 86' lang='lat' dir='ltr'><strong>parti</strong></span> <span class='ocrx_word' id='word_1_1188' title='bbox 3335 5006 3566 5071; x_wconf 70' lang='lat' dir='ltr'><strong>laedenti,</strong></span> 
     </span>
    </p>
   </div>
   <div class='ocr_carea' id='block_1_145' title="bbox 2001 5073 3566 5146">
    <p class='ocr_par' dir='ltr' id='par_1_145' title="bbox 2001 5073 3566 5146">
     <span class='ocr_line' id='line_1_148' title="bbox 2001 5073 3566 5146; baseline 0.003 -20"><span class='ocrx_word' id='word_1_1189' title='bbox 2001 5073 2082 5128; x_wconf 84' lang='lat' dir='ltr'><strong>Ne</strong></span> <span class='ocrx_word' id='word_1_1190' title='bbox 2103 5076 2306 5130; x_wconf 66' lang='lat' dir='ltr'><strong>laeseris.</strong></span> <span class='ocrx_word' id='word_1_1191' title='bbox 2350 5077 2471 5131; x_wconf 64' lang='lat' dir='ltr'><strong>Haec</strong></span> <span class='ocrx_word' id='word_1_1192' title='bbox 2498 5089 2579 5132; x_wconf 91' lang='lat' dir='ltr'><strong>est</strong></span> <span class='ocrx_word' id='word_1_1193' title='bbox 2608 5094 2728 5140; x_wconf 82' lang='lat' dir='ltr'><strong>vox,</strong></span> <span class='ocrx_word' id='word_1_1194' title='bbox 2757 5093 2876 5146; x_wconf 76' lang='lat' dir='ltr'><strong>qua:</strong></span> <span class='ocrx_word' id='word_1_1195' title='bbox 2897 5078 2950 5130; x_wconf 87' lang='lat' dir='ltr'><strong>in</strong></span> <span class='ocrx_word' id='word_1_1196' title='bbox 2977 5076 3153 5131; x_wconf 88' lang='lat' dir='ltr'><strong>tnedio</strong></span> <span class='ocrx_word' id='word_1_1197' title='bbox 3183 5073 3412 5145; x_wconf 87' lang='lat' dir='ltr'><strong>quatuor</strong></span> <span class='ocrx_word' id='word_1_1198' title='bbox 3451 5080 3566 5130; x_wconf 84' lang='lat' dir='ltr'><strong>ani-</strong></span> 
     </span>
    </p>
   </div>
   <div class='ocr_carea' id='block_1_146' title="bbox 1998 5146 3566 5211">
    <p class='ocr_par' dir='ltr' id='par_1_146' title="bbox 1998 5146 3566 5211">
     <span class='ocr_line' id='line_1_149' title="bbox 1998 5146 3566 5211; baseline 0.003 -14"><span class='ocrx_word' id='word_1_1199' title='bbox 1998 5147 2212 5200; x_wconf 91' lang='lat' dir='ltr'><strong>malium</strong></span> <span class='ocrx_word' id='word_1_1200' title='bbox 2246 5148 2372 5201; x_wconf 84' lang='lat' dir='ltr'><strong>dicit</strong></span> <span class='ocrx_word' id='word_1_1201' title='bbox 2405 5147 2646 5211; x_wconf 74' lang='lat' dir='ltr'><strong>ltedeuti,</strong></span> <span class='ocrx_word' id='word_1_1202' title='bbox 2693 5146 2874 5200; x_wconf 84' lang='lat' dir='ltr'><strong>Vinum</strong></span> <span class='ocrx_word' id='word_1_1203' title='bbox 2901 5157 2942 5200; x_wconf 90' lang='lat' dir='ltr'><strong>et</strong></span> <span class='ocrx_word' id='word_1_1204' title='bbox 2968 5146 3131 5200; x_wconf 82' lang='lat' dir='ltr'><strong>oleum</strong></span> <span class='ocrx_word' id='word_1_1205' title='bbox 3167 5163 3228 5200; x_wconf 90' lang='lat' dir='ltr'><strong>ne</strong></span> <span class='ocrx_word' id='word_1_1206' title='bbox 3258 5148 3443 5201; x_wconf 81' lang='lat' dir='ltr'><strong>lwseris</strong></span> <span class='ocrx_word' id='word_1_1207' title='bbox 3468 5165 3486 5201; x_wconf 91' lang='lat'><em>:</em></span> <span class='ocrx_word' id='word_1_1208' title='bbox 3518 5150 3566 5202; x_wconf 90' lang='lat' dir='ltr'><strong>in</strong></span> 
     </span>
    </p>
   </div>
   <div class='ocr_carea' id='block_1_147' title="bbox 1997 5216 3568 5288">
    <p class='ocr_par' dir='ltr' id='par_1_147' title="bbox 1997 5216 3568 5288">
     <span class='ocr_line' id='line_1_150' title="bbox 1997 5216 3568 5288; baseline 0.003 -19"><span class='ocrx_word' id='word_1_1209' title='bbox 1997 5216 2121 5269; x_wconf 89' lang='lat' dir='ltr'><strong>vino</strong></span> <span class='ocrx_word' id='word_1_1210' title='bbox 2139 5217 2365 5288; x_wconf 13' lang='lat' dir='ltr'><strong>_etioleo,</strong></span> <span class='ocrx_word' id='word_1_1211' title='bbox 2393 5233 2579 5272; x_wconf 89' lang='lat' dir='ltr'><strong>omnes</strong></span> <span class='ocrx_word' id='word_1_1212' title='bbox 2603 5218 2692 5288; x_wconf 85' lang='lat' dir='ltr'><strong>qui</strong></span> <span class='ocrx_word' id='word_1_1213' title='bbox 2719 5227 2842 5271; x_wconf 93' lang='lat' dir='ltr'><strong>sunt</strong></span> <span class='ocrx_word' id='word_1_1214' title='bbox 2864 5218 2989 5286; x_wconf 90' lang='lat' dir='ltr'><strong>justi</strong></span> <span class='ocrx_word' id='word_1_1215' title='bbox 3019 5218 3408 5288; x_wconf 86' lang='lat' dir='ltr'><strong>intelliguntur,</strong></span> <span class='ocrx_word' id='word_1_1216' title='bbox 3436 5235 3568 5287; x_wconf 88' lang='lat' dir='ltr'><strong>quos</strong></span> 
     </span>
    </p>
   </div>
   <div class='ocr_carea' id='block_1_148' title="bbox 1997 5286 3565 5357">
    <p class='ocr_par' dir='ltr' id='par_1_148' title="bbox 1997 5286 3565 5357">
     <span class='ocr_line' id='line_1_151' title="bbox 1997 5286 3565 5357; baseline 0.003 -19"><span class='ocrx_word' id='word_1_1217' title='bbox 1997 5301 2096 5339; x_wconf 90' lang='lat' dir='ltr'><strong>nec</strong></span> <span class='ocrx_word' id='word_1_1218' title='bbox 2120 5286 2361 5341; x_wconf 86' lang='lat' dir='ltr'><strong>diabolus</strong></span> <span class='ocrx_word' id='word_1_1219' title='bbox 2397 5304 2495 5341; x_wconf 90' lang='lat' dir='ltr'><strong>nec</strong></span> <span class='ocrx_word' id='word_1_1220' title='bbox 2521 5288 2639 5340; x_wconf 89' lang='lat' dir='ltr'><strong>mali</strong></span> <span class='ocrx_word' id='word_1_1221' title='bbox 2671 5287 2912 5342; x_wconf 89' lang='lat' dir='ltr'><strong>homines</strong></span> <span class='ocrx_word' id='word_1_1222' title='bbox 2944 5288 3136 5342; x_wconf 61' lang='lat' dir='ltr'><strong>[ardere</strong></span> <span class='ocrx_word' id='word_1_1223' title='bbox 3175 5286 3438 5357; x_wconf 77' lang='lat' dir='ltr'><strong>poterunt,</strong></span> <span class='ocrx_word' id='word_1_1224' title='bbox 3455 5286 3565 5342; x_wconf 78' lang='lat' dir='ltr'><strong>nisi</strong></span> 
     </span>
    </p>
   </div>
   <div class='ocr_carea' id='block_1_149' title="bbox 1995 5357 3566 5426">
    <p class='ocr_par' dir='ltr' id='par_1_149' title="bbox 1995 5357 3566 5426">
     <span class='ocr_line' id='line_1_152' title="bbox 1995 5357 3566 5426; baseline 0.003 -19"><span class='ocrx_word' id='word_1_1225' title='bbox 1995 5357 2200 5426; x_wconf 88' lang='lat' dir='ltr'><strong>quoties</strong></span> <span class='ocrx_word' id='word_1_1226' title='bbox 2227 5359 2291 5411; x_wconf 91' lang='lat' dir='ltr'><strong>ad</strong></span> <span class='ocrx_word' id='word_1_1227' title='bbox 2322 5374 2504 5412; x_wconf 88' lang='lat' dir='ltr'><strong>eorum</strong></span> <span class='ocrx_word' id='word_1_1228' title='bbox 2535 5358 2898 5426; x_wconf 84' lang='lat' dir='ltr'><strong>probationem</strong></span> <span class='ocrx_word' id='word_1_1229' title='bbox 2930 5360 3228 5425; x_wconf 88' lang='lat' dir='ltr'><strong>permiserit</strong></span> <span class='ocrx_word' id='word_1_1230' title='bbox 3268 5361 3424 5412; x_wconf 88' lang='lat' dir='ltr'><strong>Deus.</strong></span> <span class='ocrx_word' id='word_1_1231' title='bbox 3479 5359 3566 5412; x_wconf 74' lang='lat' dir='ltr'><strong>Vi-</strong></span> 
     </span>
    </p>
   </div>
   <div class='ocr_carea' id='block_1_150' title="bbox 1997 5428 3567 5498">
    <p class='ocr_par' dir='ltr' id='par_1_150' title="bbox 1997 5428 3567 5498">
     <span class='ocr_line' id='line_1_153' title="bbox 1997 5428 3567 5498; baseline 0.002 -18"><span class='ocrx_word' id='word_1_1232' title='bbox 1997 5444 2115 5480; x_wconf 88' lang='lat' dir='ltr'><strong>num</strong></span> <span class='ocrx_word' id='word_1_1233' title='bbox 2139 5468 2152 5489; x_wconf 95' lang='lat'><strong>,</strong></span> <span class='ocrx_word' id='word_1_1234' title='bbox 2185 5428 2380 5498; x_wconf 91' lang='lat' dir='ltr'><strong>inquit,</strong></span> <span class='ocrx_word' id='word_1_1235' title='bbox 2411 5439 2457 5482; x_wconf 87' lang='lat' dir='ltr'><strong>et</strong></span> <span class='ocrx_word' id='word_1_1236' title='bbox 2495 5431 2661 5481; x_wconf 89' lang='lat' dir='ltr'><strong>oleum</strong></span> <span class='ocrx_word' id='word_1_1237' title='bbox 2687 5445 2748 5482; x_wconf 91' lang='lat' dir='ltr'><strong>ne</strong></span> <span class='ocrx_word' id='word_1_1238' title='bbox 2775 5429 2960 5482; x_wconf 81' lang='lat' dir='ltr'><strong>lteseris</strong></span> <span class='ocrx_word' id='word_1_1239' title='bbox 2987 5445 3005 5482; x_wconf 90' lang='lat'><strong>:</strong></span> <span class='ocrx_word' id='word_1_1240' title='bbox 3043 5430 3279 5498; x_wconf 63' lang='lat' dir='ltr'><strong>praecipit</strong></span> <span class='ocrx_word' id='word_1_1241' title='bbox 3314 5431 3567 5483; x_wconf 88' lang='lat' dir='ltr'><strong>Dominus</strong></span> 
     </span>
    </p>
   </div>
   <div class='ocr_carea' id='block_1_151' title="bbox 1995 5499 3568 5570">
    <p class='ocr_par' dir='ltr' id='par_1_151' title="bbox 1995 5499 3568 5570">
     <span class='ocr_line' id='line_1_154' title="bbox 1995 5499 3568 5570; baseline 0.003 -19"><span class='ocrx_word' id='word_1_1242' title='bbox 1995 5511 2205 5551; x_wconf 89' lang='lat' dir='ltr'><strong>omnem</strong></span> <span class='ocrx_word' id='word_1_1243' title='bbox 2238 5509 2429 5553; x_wconf 89' lang='lat' dir='ltr'><strong>terram</strong></span> <span class='ocrx_word' id='word_1_1244' title='bbox 2456 5514 2603 5570; x_wconf 91' lang='lat' dir='ltr'><strong>sua_m</strong></span> <span class='ocrx_word' id='word_1_1245' title='bbox 2631 5499 2954 5568; x_wconf 87' lang='lat' dir='ltr'><strong>spiritualem</strong></span> <span class='ocrx_word' id='word_1_1246' title='bbox 2983 5515 3085 5552; x_wconf 91' lang='lat' dir='ltr'><strong>non</strong></span> <span class='ocrx_word' id='word_1_1247' title='bbox 3116 5499 3263 5564; x_wconf 82' lang='lat' dir='ltr'><strong>hedi,</strong></span> <span class='ocrx_word' id='word_1_1248' title='bbox 3291 5515 3568 5570; x_wconf 89' lang='lat' dir='ltr'><strong>quousque</strong></span> 
     </span>
    </p>
   </div>
   <div class='ocr_carea' id='block_1_152' title="bbox 1996 5568 3569 5641">
    <p class='ocr_par' dir='ltr' id='par_1_152' title="bbox 1996 5568 3569 5641">
     <span class='ocr_line' id='line_1_155' title="bbox 1996 5568 3569 5641; baseline 0.002 -20"><span class='ocrx_word' id='word_1_1249' title='bbox 1996 5583 2181 5622; x_wconf 89' lang='lat' dir='ltr'><strong>omnes</strong></span> <span class='ocrx_word' id='word_1_1250' title='bbox 2205 5570 2493 5641; x_wconf 85' lang='lat' dir='ltr'><strong>signentur.</strong></span> <span class='ocrx_word' id='word_1_1251' title='bbox 2522 5568 2590 5622; x_wconf 88' lang='lat' dir='ltr'><strong>Et</strong></span> <span class='ocrx_word' id='word_1_1252' title='bbox 2613 5570 2781 5622; x_wconf 82' lang='lat' dir='ltr'><strong>audivi</strong></span> <span class='ocrx_word' id='word_1_1253' title='bbox 2810 5586 3068 5623; x_wconf 89' lang='lat' dir='ltr'><strong>numerum</strong></span> <span class='ocrx_word' id='word_1_1254' title='bbox 3093 5571 3420 5641; x_wconf 84' lang='lat' dir='ltr'><strong>signatorum,</strong></span> <span class='ocrx_word' id='word_1_1255' title='bbox 3452 5568 3569 5625; x_wconf 83' lang='lat' dir='ltr'><strong>ceu-</strong></span> 
     </span>
    </p>
   </div>
   <div class='ocr_carea' id='block_1_153' title="bbox 1997 5640 3567 5710">
    <p class='ocr_par' dir='ltr' id='par_1_153' title="bbox 1997 5640 3567 5710">
     <span class='ocr_line' id='line_1_156' title="bbox 1997 5640 3567 5710; baseline 0.003 -20"><span class='ocrx_word' id='word_1_1256' title='bbox 1997 5648 2100 5710; x_wconf 84' lang='lat' dir='ltr'><strong>tum</strong></span> <span class='ocrx_word' id='word_1_1257' title='bbox 2125 5640 2458 5710; x_wconf 80' lang='lat' dir='ltr'><strong>quadraginta</strong></span> <span class='ocrx_word' id='word_1_1258' title='bbox 2486 5650 2714 5710; x_wconf 70' lang='lat' dir='ltr'><strong>quatuor</strong></span> <span class='ocrx_word' id='word_1_1259' title='bbox 2749 5641 2910 5693; x_wconf 89' lang='lat' dir='ltr'><strong>millia</strong></span> <span class='ocrx_word' id='word_1_1260' title='bbox 2945 5640 3224 5710; x_wconf 75' lang='lat' dir='ltr'><strong>signatiea:</strong></span> <span class='ocrx_word' id='word_1_1261' title='bbox 3261 5643 3398 5695; x_wconf 89' lang='lat' dir='ltr'><strong>omni</strong></span> <span class='ocrx_word' id='word_1_1262' title='bbox 3438 5641 3567 5695; x_wconf 88' lang='lat' dir='ltr'><strong>tribu</strong></span> 
     </span>
    </p>
   </div>
   <div class='ocr_carea' id='block_1_154' title="bbox 1995 5708 3564 5781">
    <p class='ocr_par' dir='ltr' id='par_1_154' title="bbox 1995 5708 3564 5781">
     <span class='ocr_line' id='line_1_157' title="bbox 1995 5708 3564 5781; baseline 0.003 -19"><span class='ocrx_word' id='word_1_1263' title='bbox 1995 5709 2217 5778; x_wconf 83' lang='lat' dir='ltr'><strong>ﬁliorum</strong></span> <span class='ocrx_word' id='word_1_1264' title='bbox 2243 5708 2427 5764; x_wconf 80' lang='lat' dir='ltr'><strong>Israel.</strong></span> <span class='ocrx_word' id='word_1_1265' title='bbox 2472 5708 2697 5765; x_wconf 90' lang='lat' dir='ltr'><strong>Centum</strong></span> <span class='ocrx_word' id='word_1_1266' title='bbox 2725 5708 3068 5781; x_wconf 80' lang='lat' dir='ltr'><strong>quadraginta</strong></span> <span class='ocrx_word' id='word_1_1267' title='bbox 3100 5722 3323 5780; x_wconf 88' lang='lat' dir='ltr'><strong>quatuor</strong></span> <span class='ocrx_word' id='word_1_1268' title='bbox 3362 5713 3522 5767; x_wconf 86' lang='lat' dir='ltr'><strong>millia</strong></span> <span class='ocrx_word' id='word_1_1269' title='bbox 3551 5755 3564 5778; x_wconf 92' lang='lat'><strong>,</strong></span> 
     </span>
    </p>
   </div>
   <div class='ocr_carea' id='block_1_155' title="bbox 1995 5781 3566 5852">
    <p class='ocr_par' dir='ltr' id='par_1_155' title="bbox 1995 5781 3566 5852">
     <span class='ocr_line' id='line_1_158' title="bbox 1995 5781 3566 5852; baseline 0.003 -19"><span class='ocrx_word' id='word_1_1270' title='bbox 1995 5781 2167 5852; x_wconf 88' lang='lat' dir='ltr'><strong>omnis</strong></span> <span class='ocrx_word' id='word_1_1271' title='bbox 2192 5781 2406 5852; x_wconf 90' lang='lat' dir='ltr'><strong>omnino</strong></span> <span class='ocrx_word' id='word_1_1272' title='bbox 2436 5781 2668 5852; x_wconf 86' lang='lat' dir='ltr'><strong>Ecclesia</strong></span> <span class='ocrx_word' id='word_1_1273' title='bbox 2697 5791 2796 5836; x_wconf 90' lang='lat' dir='ltr'><strong>est.</strong></span> <span class='ocrx_word' id='word_1_1274' title='bbox 2834 5783 3013 5838; x_wconf 87' lang='lat' dir='ltr'><strong>Postea</strong></span> <span class='ocrx_word' id='word_1_1275' title='bbox 3039 5784 3166 5848; x_wconf 85' lang='lat' dir='ltr'><strong>vidi,</strong></span> <span class='ocrx_word' id='word_1_1276' title='bbox 3193 5793 3238 5837; x_wconf 88' lang='lat' dir='ltr'><strong>et</strong></span> <span class='ocrx_word' id='word_1_1277' title='bbox 3264 5799 3373 5837; x_wconf 86' lang='lat' dir='ltr'><strong>ecce</strong></span> <span class='ocrx_word' id='word_1_1278' title='bbox 3402 5801 3566 5852; x_wconf 81' lang='lat' dir='ltr'><strong>popu-</strong></span> 
     </span>
    </p>
   </div>
   <div class='ocr_carea' id='block_1_156' title="bbox 1996 5850 3566 5924">
    <p class='ocr_par' dir='ltr' id='par_1_156' title="bbox 1996 5850 3566 5924">
     <span class='ocr_line' id='line_1_159' title="bbox 1996 5850 3566 5924; baseline 0.005 -20"><span class='ocrx_word' id='word_1_1279' title='bbox 1996 5850 2076 5907; x_wconf 80' lang='lat' dir='ltr'><strong>lus</strong></span> <span class='ocrx_word' id='word_1_1280' title='bbox 2098 5851 2304 5922; x_wconf 86' lang='lat' dir='ltr'><strong>multus,</strong></span> <span class='ocrx_word' id='word_1_1281' title='bbox 2329 5853 2475 5924; x_wconf 83' lang='lat' dir='ltr'><strong>quem</strong></span> <span class='ocrx_word' id='word_1_1282' title='bbox 2501 5851 2818 5909; x_wconf 84' lang='lat' dir='ltr'><strong>dinumerare</strong></span> <span class='ocrx_word' id='word_1_1283' title='bbox 2845 5863 3224 5924; x_wconf 71' lang='lat' dir='ltr'><strong>nemoaoterat,</strong></span> <span class='ocrx_word' id='word_1_1284' title='bbox 3251 5871 3316 5911; x_wconf 63' lang='lat' dir='ltr'><strong>es</strong></span> <span class='ocrx_word' id='word_1_1285' title='bbox 3335 5850 3566 5918; x_wconf 75' lang='lat' dir='ltr'><strong>omnibus</strong></span> 
     </span>
    </p>
   </div>
  </div>
