4122 6214
1381 432 1428 438 ..ο
1461 429 2350 438 _._—__——__———-____—___————

763 637 1822 835 PR/EFATIO
1953 670 3144 835 GENERALIS.

245 444 284 452 ν
1329 431 1348 438 -
1381 432 1428 438 ..
1461 431 2834 438 ________._____________

244 431 3662 490 ἓξὲξ-ε
293 443 400 450 ’““”
471 440 646 450 ’““““
717 439 748 444 “’
779 438 814 444 “’
839 438 884 443 ““
913 435 2270 482 ‘_—'"_‘“.____________

341 1161 651 1221 Praeclara
710 1157 836 1216 duo
894 1154 1185 1215 Ecclesiae
1245 1157 1474 1214 Graecae
1550 1153 1774 1224 sidera,
1837 1151 2223 1230 Graegorium
2313 1151 2768 1211 Nazianzenum
2838 1158 2899 1212 et
2980 1153 3280 1214 Basilium
3339 1157 3663 1236 Magnum,

251 1260 478 1320 eadem
539 1256 722 1315 tellus
782 1253 1000 1313 eodem
1073 1258 1353 1330 tempore
1412 1251 1577 1310 tulit.
1638 1251 1838 1310 Ambo
1913 1249 2317 1309 sanctissimis
2377 1249 2524 1308 editi
2584 1249 2969 1326 parentibus,
3028 1251 3216 1312 ambo
3263 1252 3385 1332 ipsi
3435 1256 3666 1316 sancti-

255 1362 388 1416 tate
445 1353 742 1429 insignes,
810 1350 997 1410 ambo
1046 1348 1294 1408 dicendi
1351 1348 1530 1426 copia
1586 1347 2104 1426 praestantissimi.
2167 1346 2354 1406 ambo
2413 1346 2684 1424 denique
2742 1347 2999 1426 paribus
3046 1349 3267 1410 studiis
3314 1351 3671 1414 universam

254 1453 602 1514 Ecclesiam
642 1466 833 1526 quam
869 1447 990 1506 late
1024 1450 1214 1524 patet,
1251 1445 1496 1523 scriptis
1527 1445 1940 1516 illustrarunt,
1979 1444 2257 1503 moribus
2288 1448 2612 1502 ornarunt.

341 1546 714 1624 Pluresjam
749 1544 897 1604 anni
931 1549 1100 1616 sunt,
1133 1561 1208 1602 ex
1241 1561 1365 1619 quo
1397 1542 1627 1602 eximia
1688 1542 1900 1601 Basilii
1971 1541 2203 1620 scripta
2274 1541 2578 1618 castigata
2649 1547 2709 1601 et
2771 1543 3049 1620 pristinae
3110 1545 3355 1605 reddita
3423 1545 3674 1625 integri-

258 1647 375 1707 tati
461 1646 524 1704 in
596 1645 799 1703 lucem
858 1642 1082 1701 emissa
1139 1646 1305 1699 sunt.
1368 1643 1521 1717 Spes
1584 1646 1718 1699 erat
1750 1639 2119 1716 Gregorium
2166 1638 2621 1698 Nazianzenum
2694 1640 2981 1718 proximo
3050 1648 3408 1702 secuturum
3479 1643 3675 1705 inter-

257 1744 454 1803 vallo.
502 1742 569 1803 Id
599 1740 717 1799 fuit
777 1740 840 1798 in
872 1738 1084 1810 votis;
1149 1742 1211 1796 et
1270 1743 1436 1796 certe
1519 1737 1665 1795 item
1725 1754 1978 1813 sperare
2050 1735 2278 1796 licebat
2334 1735 2413 1794 ab
2454 1735 2550 1807 iis,
2610 1736 2717 1813 qui
2762 1744 2888 1796 tam
2936 1738 3304 1816 praeclaram
3363 1739 3427 1799 in
3457 1757 3672 1801 emen-

258 1839 486 1900 dandis
557 1838 636 1897 ad
695 1841 974 1896 veterum
1063 1833 1347 1894 codicum
1422 1833 1611 1892 fidem
1683 1839 1815 1891 tum
1859 1835 2214 1891 Graecorum
2249 1838 2379 1891 tum
2415 1832 2775 1892 Latinorum
2823 1836 3081 1894 Patrum
3113 1835 3361 1915 scriptis
3401 1856 3674 1899 navave-

258 1944 402 1996 rant
436 1953 714 2014 operam.
750 1934 902 1994 Cum
936 1933 1101 1992 enim
1136 1932 1407 2009 primum
1459 1931 1539 1990 ad
1569 1931 1738 2008 opud
1797 1931 1964 1989 istud
2019 1931 2298 1989 animum
2333 1931 2724 2008 appulissent
2757 1933 2976 2004 nostri,
3011 1951 3327 2013 novasque
3357 1934 3419 1993 in
3452 1935 3614 1995 diem
3640 1954 3674 1996 e

257 2037 438 2116 prelo
487 2038 784 2093 exeuntes
831 2031 1180 2110 priscorum
1236 2034 1783 2088 monumentorum
1845 2027 2150 2087 editiones
2205 2027 2451 2106 placere
2508 2027 2689 2088 bonis
2736 2029 3028 2090 omnibus
3082 2032 3572 2110 conspexissent,
3613 2033 3678 2094 id

257 2133 378 2194 sibi
411 2130 642 2209 negotii
675 2127 1074 2188 crediderunt
1103 2127 1261 2199 dari,
1292 2132 1359 2185 ut
1384 2126 1690 2185 maximos
1722 2144 2006 2204 quosque
2041 2125 2362 2204 utriusque
2390 2125 2700 2199 Ecclesiae,
2739 2128 2966 2187 Graecae
2998 2127 3233 2189 scilicet
3281 2135 3343 2190 et
3397 2131 3655 2205 Latinas,

259 2234 484 2291 Patres
515 2229 580 2287 in
609 2228 810 2286 lucem
845 2224 1219 2285 emitterent.
1257 2224 1349 2284 Ad
1383 2242 1539 2302 opus
1570 2229 1696 2282 tam
1729 2222 1992 2282 arduum
2046 2231 2295 2282 strenue
2352 2223 2627 2300 aggressi
2683 2230 2845 2282 sunt.
2909 2227 3043 2296 Quo
3099 2243 3386 2288 successu
3435 2232 3670 2290 norunt

267 2347 505 2390 omnes.
539 2326 819 2402 lnsigues
851 2328 1122 2401 quatuor
1153 2321 1356 2381 Latini
1390 2324 1622 2392 Patres,
1649 2321 2049 2398 Augustinus,
2080 2321 2471 2391 Ambrosius,
2500 2321 2932 2400 Hieronymus,
2961 2324 3316 2401 Gregorius,
3350 2326 3669 2404 prodiere;

263 2433 394 2486 tres
423 2441 672 2503 quoque
707 2440 738 2481 e
763 2420 1012 2494 Graecis,
1042 2417 1442 2490 Athanasius,
1476 2418 1758 2490 Basilius,
1795 2417 2298 2495 Chrysostomus.
2338 2419 2506 2478 Unus
2556 2416 2859 2478 hactenus
2916 2420 3437 2498 exspectabatur;
3473 2442 3670 2483 unum

260 2541 486 2584 omnes
517 2519 998 2580 desiderabant:
1049 2522 1394 2578 extremum
1431 2516 1550 2576 hoc
1597 2534 1824 2575 munus
1881 2514 2304 2593 postulabant.
2342 2515 2490 2584 Quae
2525 2519 2716 2575 tantm
2749 2517 3114 2594 Gregorium
3150 2536 3342 2578 morm
3387 2525 3674 2582 tenerent

263 2619 684 2679 mirabantur.
719 2615 886 2675 Nihil
920 2632 1170 2674 necesse
1197 2622 1291 2674 est
1320 2631 1539 2673 causas
1572 2631 1954 2692 percurrere,
1990 2631 2130 2690 quae
2166 2611 2379 2670 tandiu
2415 2611 2781 2688 Gregorium
2815 2615 3234 2675 retardarunt.
3287 2617 3457 2678 Varii
3486 2635 3674 2678 even-

263 2726 392 2788 tus,
430 2733 721 2792 morsque
752 2714 889 2792 ipsa
920 2711 1369 2790 impedimento
1402 2711 1537 2770 fuit.
1573 2714 1850 2770 Domnus
1871 2713 1970 2770 Fr.
2010 2709 2297 2770 Louvard
2354 2709 2522 2770 istud
2553 2729 2711 2788 opus
2755 2729 3085 2788 aggressus
3117 2712 3342 2786 fuerat,
3390 2714 3485 2773 vir
3514 2714 3678 2776 acris

259 2834 336 2874 ac
365 2812 754 2873 vehementis
777 2809 1012 2888 ingenii
1048 2816 1109 2869 et
1147 2831 1177 2866 α
1207 2808 1386 2885 quasi
1435 2808 1634 2885 ignis5
1670 2827 1684 2876 ;
1721 2831 1749 2861 »
1802 2806 2000 2866 multa
2050 2806 2185 2884 jam
2244 2813 2666 2884 congesserat,
2701 2807 3062 2869 innumeras
3091 2827 3168 2870 ex
3197 2811 3384 2870 variis
3418 2829 3673 2873 manus-

259 2913 348 2971 cri
361 2911 481 2989 ptis
512 2907 830 2969 codicibus
859 2906 1157 2966 lectiones
1190 2905 1607 2982 descripserat
1636 2904 1789 2982 ipse,
1828 2911 1888 2963 et
1918 2903 2185 2962 describi
2216 2909 2544 2964 curaverat
2570 2922 2582 2975 ;
2619 2904 2728 2963 sed
2757 2909 2850 2964 tot
2898 2903 3173 2982 jactatus
3202 2912 3292 2966 est
3341 2913 3675 2987 tempesta-

263 3009 451 3078 tibus,
487 3013 556 3066 ut
586 3007 836 3083 incepto
870 3003 1162 3063 desistere
1195 3006 1447 3060 coactus
1491 3000 1590 3058 sit.
1624 3004 1781 3059 Tum
1815 2999 1948 3077 ejus
2007 2999 2254 3070 scrinia,
2314 3006 2375 3058 ct
2428 3018 2818 3078 quaecunque
2851 3008 3203 3078 paraverat,
3236 3002 3300 3062 in
3331 3005 3517 3065 amici
3550 3023 3674 3066 ma-

266 3124 381 3164 nus
435 3120 796 3182 pervenere,
831 3119 954 3178 quo
1010 3118 1134 3158 non
1194 3104 1327 3157 erat
1384 3099 1715 3174 quisquam
1772 3116 1844 3156 ex
1905 3096 2132 3156 nostris
2189 3096 2268 3155 ad
2316 3095 2487 3174 opud
2544 3095 2711 3156 istud
2769 3097 3216 3175 perficiendum
3286 3102 3485 3178 magis
3539 3103 3674 3163 ido-

260 3222 441 3262 neus.
476 3205 773 3261 Nostrum
809 3199 945 3257 dico
977 3196 1384 3256 Prudentium
1421 3196 1656 3265 Maran,
1698 3195 1805 3272 qui
1837 3194 1898 3252 in
1933 3194 2144 3253 Basilii
2177 3194 2583 3272 epistolarum
2615 3195 2886 3256 editione
2939 3196 3344 3272 elaboranda,
3402 3199 3666 3280 aliisque

260 3299 584 3379 praeclaris
614 3296 932 3376 operibus,
971 3294 1310 3354 maximam
1361 3293 1609 3353 laudem
1666 3293 1931 3370 adeptus
1988 3298 2112 3352 est:
2176 3291 2283 3369 qui
2341 3294 2552 3353 Graece
2611 3293 2954 3372 Latineque
3010 3294 3360 3356 luculenter
3388 3297 3664 3371 sciebat;

261 3400 372 3478 qui
402 3399 469 3457 in
491 3395 809 3456 versandis
838 3394 1064 3453 diurna
1084 3398 1515 3468 nocturnaque
1537 3409 1720 3450 manu
1751 3397 2112 3450 sanctorum
2135 3390 2416 3462 Patrum,
2452 3390 2726 3451 maxime
2758 3393 3139 3466 Graecorum,
3174 3394 3439 3473 scriptis,
3476 3395 3670 3456 vitam

262 3513 519 3558 omnem
553 3497 1046 3570 consumpserat.
1078 3490 1198 3551 Sed
1231 3489 1351 3549 heu
1379 3489 1393 3548 l
1431 3489 1578 3549 dum
1611 3488 1868 3548 nimium
1903 3487 2076 3566 operi
2109 3505 2362 3547 manum
2394 3487 2728 3548 admovere
2760 3495 3060 3564 moratur,
3097 3490 3361 3570 aliisque
3430 3489 3493 3553 in
3536 3494 3668 3555 dies

259 3591 665 3654 elaborandis
694 3589 944 3666 scriptis
971 3592 1334 3666 occupatur,
1371 3592 1572 3646 morte
1601 3592 1948 3664 correptus,
1980 3585 2412 3664 imperfectum
2447 3585 2610 3646 istud
2669 3587 2988 3665 relinquit.
3022 3589 3335 3650 Audacior
3383 3591 3662 3669 profecto

261 3690 598 3758 videbitur,
636 3685 923 3765 quisquis
950 3683 1313 3745 inchoatum
1347 3690 1473 3743 tam
1507 3683 1758 3743 difficile
1788 3700 1946 3760 opus
1977 3682 2338 3759 susceperit.
2373 3685 2498 3742 Nec
2546 3683 2805 3742 dubium
2839 3684 2990 3762 quin
3023 3685 3390 3746 temerarius
3420 3687 3671 3762 audiat,

261 3807 331 3848 ac
355 3789 418 3847 in
457 3786 554 3845 sui
586 3783 1055 3862 comparatione
1086 3781 1363 3842 defuncti
1385 3781 1760 3841 desiderium
1786 3780 2032 3840 excitet.
2066 3782 2508 3840 Verumtamen
2541 3781 2591 3840 si
2623 3781 2763 3859 quis
2796 3782 3162 3842 temeritatis
3189 3789 3400 3843 notam
3434 3784 3668 3854 inurat.

264 3888 430 3963 iusta
463 3883 644 3942 nobis
673 3899 805 3941 esse
831 3886 1037 3958 potest
1067 3879 1406 3939 excusatio.
1443 3881 1756 3950 Quantum
1782 3878 1944 3937 enim
1976 3877 2169 3949 licuit,
2205 3897 2364 3937 onus
2417 3884 2542 3937 tam
2576 3878 2782 3956 impar
2827 3879 3063 3939 viribus
3097 3880 3329 3940 nostris
3359 3881 3672 3960 suscipere

277 3981 740 4050 recusavimus;
774 3979 877 4037 sed
914 3977 1386 4047 reluctantibus,
1423 3983 1483 4036 et
1503 3977 1871 4035 tenuitatem
1905 3981 2183 4035 nostram
2240 3975 2642 4035 causantibus
2672 3975 2966 4054 imposita
3022 3977 3202 4036 nobis
3231 3977 3365 4038 haec
3398 3984 3491 4039 est
3521 3998 3671 4058 pro-

279 4079 473 4138 vincia
501 4078 581 4137 ab
614 4076 730 4140 his,
766 4094 1034 4153 quorum
1057 4075 1321 4151 imperia
1351 4074 1696 4133 detrectare
1728 4073 1902 4132 nefas
1926 4073 2162 4131 fuisset.
2191 4072 2567 4132 Jubentibus
2599 4073 2810 4150 itaque
2842 4073 3178 4133 cessimus:
3212 4075 3470 4136 admota
3494 4077 3672 4136 dein-

270 4195 418 4255 ceps
447 4174 623 4253 operi
658 4193 868 4241 manu,
903 4191 1018 4232 nec
1051 4172 1214 4231 curis
1243 4189 1357 4230 nec
1390 4170 1709 4230 laboribus
1737 4168 2134 4248 pepercimus
2159 4175 2227 4227 ut
2274 4167 2451 4246 jussa
2507 4169 2970 4228 facesseremus.
3007 4173 3200 4230 Nemo
3224 4189 3346 4230 non
3376 4172 3674 4251 intelligit

263 4280 578 4352 quantum
609 4271 839 4330 laboris
870 4276 930 4330 et
959 4287 1167 4348 operae
1199 4267 1690 4345 impendendum
1724 4267 1908 4326 fuerit
1937 4266 1998 4324 in
2023 4266 2440 4336 emendanda,
2476 4267 2694 4326 saltem
2721 4267 3006 4345 pluribus
3036 4267 3095 4326 in
3122 4268 3296 4340 locis,
3321 4270 3516 4330 veteri
3543 4273 3675 4332 edi-

267 4373 462 4440 tione,
500 4370 563 4427 in
598 4367 928 4444 seligendis
959 4366 1147 4426 variis
1178 4364 1573 4435 lectionibus,
1631 4363 1931 4423 vertenda
1985 4363 2336 4422 carminum
2395 4369 2574 4440 parte
2644 4364 2942 4436 maxima,
3005 4363 3409 4444 disponendis
3466 4368 3684 4430 ordine

269 4465 724 4543 chronologico
774 4464 1078 4543 epistolis,
1131 4464 1194 4522 in
1255 4462 1628 4522 adornanda
1686 4463 1747 4522 S.
1807 4460 2088 4538 Gregorii
2118 4460 2279 4532 Vita,
2333 4459 2704 4538 exponenda
2735 4459 2869 4538 ejus
2899 4460 3206 4536 doctrina,
3239 4462 3304 4522 in
3335 4464 3682 4525 enodandis

269 4564 464 4624 variis
494 4561 995 4634 difﬁcultatibus,
1042 4560 1352 4638 rebusque
1381 4559 1446 4618 in
1473 4559 1612 4619 aliis
1644 4557 1927 4638 pluribus
1958 4576 2116 4636 quas
2146 4562 2441 4617 accurata
2473 4556 2660 4619 editio
2695 4558 2993 4636 postulat.

1466 4870 1854 4964 PARS
1971 4866 2497 4960 PRIMA.

1200 5209 1229 5285 §
1258 5209 1306 5270 Ι.
1341 5224 1419 5268 ns
1465 5223 1663 5268 unus
1686 5222 1738 5269 s.
1765 5220 2052 5268 esseom
2094 5222 2333 5269 omnum
2365 5222 2774 5270 nurrromsus.

355 5362 640 5422 Primum
695 5358 947 5439 quidem
1023 5359 1352 5420 doctorum
1421 5358 1724 5436 virorum,
1802 5358 1910 5437 qui
1978 5376 2173 5439 opera
2244 5357 2526 5437 Gregorii
2576 5357 2642 5419 in
2685 5359 2888 5420 lucem
2958 5361 3238 5440 proferre
3292 5360 3692 5440 studuerunt,

271 5463 534 5523 labores
566 5464 714 5519 sunt
766 5456 1326 5519 commemorandi.
1390 5457 1508 5517 Alii
1567 5456 1769 5535 plura,
1814 5456 1918 5518 alii
1975 5455 2321 5536 pauciora:
2357 5455 2462 5517 alii
2523 5459 2755 5528 Graece,
2819 5457 2925 5518 alii
2981 5459 3198 5521 Latine
3255 5467 3527 5539 tantum,
3586 5463 3693 5526 alii

346 5654 364 5686 ί
408 5645 580 5703 Ecoli.
613 5662 808 5711 XLVIII,
845 5646 896 5700 1.

563 5776 824 5836 PATROL.
871 5772 977 5833 Gn.
1012 5770 1252 5834 XXXV.

2995 5737 2998 5740 ’
3377 5781 3401 5842 t

159 5830 506 6173 σὺ
