4122 6214
424 318 491 375 11
1437 292 1851 359 ΡΙὶιΈἘΑΤΙΟ
1898 292 2044 351 GEN

2196 288 2364 348 ius.
2398 319 2477 332 —
2507 285 2704 368 PARS
2751 285 2799 345 1.
3746 292 3824 356 η

303 472 309 477 '
419 452 630 511 Greece
665 446 849 508 simul
889 448 951 504 et
1004 441 1258 512 Latine;
1312 435 1419 497 alii
1468 432 1770 512 quasdam
1823 431 2066 487 tantum
2117 423 2450 494 orationes,
2503 426 2614 480 aut
2662 421 3009 481 carminum
3072 428 3314 500 partem
3382 423 3681 503 aliquam,
3725 429 3828 489 vel

415 548 847 627 epistolarum.
908 546 1042 603 Non
1093 540 1258 599 enim
1330 534 1543 595 omnia
1611 527 1818 598 simul,
1897 525 2179 603 dispersa
2239 521 2385 580 hinc
2459 519 2605 579 inde
2673 520 2874 579 sancti
2954 521 3228 581 doctoris
3308 541 3503 602 opera
3573 527 3827 604 prodire

411 656 725 732 poterant,
760 646 862 707 sed
895 660 1008 722 per
1041 634 1403 718 particulas,
1479 633 1789 708 quatenus
1844 624 1910 682 in
1981 623 2304 681 hominum
2372 616 2793 677 studiosorum
2831 634 3056 676 manus
3093 623 3155 677 et
3185 620 3608 697 cognitionem
3640 640 3826 683 vene-

413 713 582 809 runt.
643 713 771 808 Sua
825 713 1089 819 singulis
1148 735 1285 793 laus
1342 725 1700 795 reddenda;
1750 720 1981 800 quippe
2031 719 2161 797 qui,
2224 715 2473 819 tametsi
2522 713 2957 792 imperfectum
3016 714 3388 793 reliquerint
3443 736 3603 797 opus
3651 720 3825 798 quod

418 845 843 927 aggredimur,
877 836 1057 899 nobis
1085 839 1295 895 tamen
1326 822 1666 907 praeeundo
1698 819 1860 879 viam
1894 814 2396 887 monstraverint,
2460 817 2522 871 et
2576 811 2656 871 ad
2714 811 3163 891 perﬁciendum
3222 814 3510 876 nonnihil
3534 816 3821 879 contule-

410 945 563 1006 rint.

1830 1056 2144 1120 Edc’tz‘ones
2178 1052 2395 1117 Grecae

484 1219 533 1278 Ι.
565 1218 649 1278 Ut
677 1214 754 1274 de
785 1208 1013 1273 Graecis
1043 1166 1423 1267 editionibus
1457 1196 1728 1277 primum
1761 1191 2071 1261 dicamus,
2106 1185 2276 1265 quod
2305 1182 2558 1261 quidem
2590 1180 2746 1242 ordo
2776 1182 3024 1243 videtur
3071 1184 3417 1262 postulare,
3451 1185 3657 1264 prima
3685 1205 3820 1248 sese

403 1315 587 1375 oﬁ‘ert
616 1312 752 1385 illa,
785 1326 911 1388 qua
941 1304 1341 1367 continentur
1377 1319 1407 1355 (ί
1436 1290 1719 1371 Gregorii
1747 1286 2119 1349 Nazianzeni
2147 1282 2464 1345 orationes
2510 1279 2859 1339 lectissima:
2892 1298 2999 1341 xvr
3058 1282 3269 1342 Graece
3315 1300 3394 1342 ex
3423 1283 3697 1344 editione
3727 1285 3812 1346 M.

410 1410 688 1473 Masuri:
721 1383 994 1468 Venetiis
1022 1403 1086 1462 in
1118 1399 1357 1461 aedibus
1387 1393 1529 1454 Aldi
1561 1390 1741 1461 1516,
1773 1388 1928 1447 ill-8°
1959 1383 2061 1463 (a).
2101 1406 2133 1438 ››

476 1506 776 1588 Epistolas
808 1500 1128 1564 nonnullae
1159 1493 1461 1573 Gregorii,
1501 1509 1625 1551 una
1657 1505 1799 1548 cum
1830 1481 2110 1562 epistolis
2158 1477 2392 1549 Basilii,
2429 1475 2592 1555 typis
2621 1493 2866 1535 excusas
2916 1481 3059 1535 sunt
3116 1476 3388 1555 primum
3444 1481 3812 1557 Haganonae

300 1676 310 1684 ,
402 1574 568 1668 anno
601 1606 759 1665 1528
789 1603 979 1671 ill-8°,
1017 1596 1243 1659 deinde
1272 1591 1547 1654 Venetiis
1578 1606 1744 1648 anno
1767 1585 1920 1645 1532
1942 1580 2105 1641 curis
2133 1576 2444 1655 Obsopaei,
2482 1574 2693 1634 in-fol.

486 1703 765 1782 Gregorii
800 1695 1171 1760 Nazianzeni
1198 1689 1506 1766 'l‘heologi
1535 1685 1851 1746 orationes
1880 1698 1939 1741 1x
1970 1676 2450 1755 elegantissima:
2497 1672 2866 1751 prodierunt
2895 1690 3060 1733 anno
3086 1674 3238 1734 1536
3266 1673 3326 1732 in
3360 1674 3599 1734 aedibus
3629 1674 3820 1735 haere-

408 1803 559 1863 dum
591 1801 756 1872 Aldi,
788 1799 981 1858 in-8°.

486 1899 753 1961 Easdem
784 1894 1101 1956 orationes
1126 1888 1291 1968 typis
1315 1882 1632 1946 mandavit
1665 1876 1994 1940 Vechelius
2020 1878 2036 1934 1

1051 1910 1101 1952 as
1126 1888 1291 1968 typis
1315 1882 1632 1946 mandavit
1665 1876 1994 1940 Vechelius
2020 1872 2269 1934 Parisiis
2300 1887 2465 1929 anno
2502 1870 2679 1927 1544.

482 1996 679 2058 Paulo
713 2004 854 2074 post
886 1992 1070 2067 longe
1101 1964 1475 2064 locupletior
1528 1978 1789 2056 vulgata
1844 1980 1938 2034 est
1993 1969 2183 2032 editio
2233 1970 2509 2046 Opernm
2570 1964 2893 2042 Gregorii;
2928 1984 3070 2043 quae
3102 1985 3228 2026 non
3261 1967 3447 2027 modo
3479 1969 3815 2041 orationes,

401 2096 452 2156 si
476 2095 681 2155 minus
712 2107 953 2159 omnes,
986 2086 1205 2146 saltem
1242 2098 1455 2143 earum
1486 2083 1727 2157 partem
1761 2070 2141 2140 maximam;
2176 2084 2393 2126 verum
2449 2064 2636 2122 etiam
2674 2079 2829 2122 Lxxx
2873 2064 3193 2140 epistolas,
3228 2071 3290 2125 et
3321 2066 3637 2144 permulta
3680 2085 3820 2126 car-

400 2194 572 2253 mina
599 2185 1168 2267 complectebatur.
1196 2184 1376 2241 Anno
1406 2174 1634 2237 Christi
1684 2171 1839 2230 1550
1900 2166 2131 2246 prodiit
2189 2163 2464 2236 Basileaa,
2524 2160 2882 2238 sumptibus
2908 2161 3169 2222 Joannis
3227 2163 3541 2240 Hervagii,
3603 2166 3819 2225 Graeca

398 2288 510 2350 illa
540 2287 766 2359 editio;
800 2300 990 2363 quam
1022 2279 1333 2359 proxime,
1367 2274 1587 2335 eodem
1619 2269 1853 2330 scilicet
1883 2283 2073 2336 anno,
2106 2262 2440 2322 subsecuta
2468 2264 2562 2317 est
2590 2258 2953 2317 eorumdem
2984 2276 3245 2336 operum
3281 2259 3604 2321 elaborata
3632 2260 3822 2321 variis

400 2388 481 2448 ab
511 2354 870 2447 auctoribus
903 2354 1121 2440 Latina
1152 2370 1611 2452 interpretatio.
1647 2370 1865 2427 Exstat
1894 2364 1955 2422 in
1990 2359 2183 2438 Regia
2210 2355 2602 2417 Bibliotheca
2631 2354 2820 2432 hujus
2876 2358 3107 2415 Grmcae
3163 2357 3458 2417 editionis
3498 2359 3822 2437 exemplar

409 2504 549 2545 cum
597 2483 760 2543 notis
792 2481 869 2540 ad
893 2496 1071 2539 oram
1104 2473 1244 2535 libri
1276 2468 1545 2549 scriptis.
1583 2469 1649 2525 In
1682 2465 1802 2524 hac
1824 2460 2096 2521 editione
2126 2460 2483 2517 recensetur
2508 2452 2673 2512 inter
2694 2456 2898 2531 Opera
2929 2454 3210 2531 Gregorii
3244 2456 3571 2532 tragaadia,
3607 2455 3807 2517 Chris-

402 2591 494 2642 tus
535 2582 787 2662 patiens,
817 2595 959 2657 quas
1003 2575 1139 2653 jam
1195 2572 1289 2631 bis
1321 2572 1530 2631 Greece
1586 2562 1762 2642 prelo
1792 2560 2067 2620 exierat:
2107 2557 2345 2621 Romae,
2379 2569 2545 2611 anno
2582 2552 2757 2625 1542,
2790 2550 2980 2623 in-8°,
3015 2571 3128 2630 per
3169 2554 3509 2614 Antonium
3544 2554 3813 2614 Bladum

402 2649 752 2739 Asulanum
783 2695 797 2749 ;
831 2649 892 2735 et
922 2649 1179 2734 Lo'vanii
1211 2686 1378 2729 anno
1410 2667 1588 2735 1544,
1616 2679 1724 2739 per
1756 2662 2102 2734 Rutgerum
2137 2650 2419 2712 ltescium
2448 2666 2460 2706 :
2516 2649 2839 2725 utriusque
2888 2649 3177 2710 editionis
3230 2650 3420 2728 hujus
3490 2652 3816 2730 tragoadiaa

402 2796 530 2839 non
563 2775 847 2836 meminit
878 2769 1220 2832 Fabricius.
1258 2764 1492 2826 Eodem
1524 2777 1689 2821 anno
1721 2755 1911 2817 editio
1942 2751 2123 2813 Biadi
2180 2746 2433 2808 Parisiis
2477 2746 2541 2803 in
2603 2745 2855 2804 ofﬁcina
2885 2746 3221 2808 Christiani
3266 2748 3539 2811 Vechelii
3602 2768 3820 2810 recusa

405 2880 521 2936 est.

483 2968 836 3032 Sententias
866 2973 929 3027 et
957 2964 1205 3042 regulas
1230 2961 1368 3021 vitae
1400 2977 1475 3019 ex
1507 2952 1785 3033 Gregorii
1831 2945 2203 3011 Nazianzeni
2250 2943 2493 3021 scriptis
2538 2940 2855 3015 collectas,
2912 2945 3162 3018 Graece;
3226 2943 3510 3022 ejusdem
3568 2946 3818 3007 iambos

405 3069 670 3148 aliquot,
706 3069 915 3128 Graace
946 3038 1158 3134 etiam,
1185 3058 1389 3121 studio
1410 3053 1678 3118 Joannis
1695 3048 2011 3119 Sambuci,
2074 3044 2436 3121 Antuerpiaa
2492 3038 2553 3098 in
2596 3038 2798 3097 lucem
2832 3041 3038 3101 emisit
3082 3042 3410 3103 Plautinus
3440 3062 3606 3104 anno
3641 3045 3819 3119 1568,

398 3167 607 3226 in-8°.

485 3266 609 3323 Nec
641 3279 787 3322 vero
816 3252 1359 3339 praetermittenda
1419 3248 1653 3310 Selecta
1707 3245 1976 3306 carmina
2014 3240 2092 3301 ab
2122 3239 2489 3320 Hieronymo
2521 3239 2811 3301 Brunello
2834 3239 2895 3299 S.
2930 3238 2990 3299 J.
3023 3236 3212 3310 edita,
3248 3256 3389 3298 cum
3422 3241 3687 3319 Georgio
3719 3239 3818 3301 Pi-

408 3362 539 3423 side
570 3366 629 3421 et
659 3336 902 3437 Synesii
934 3374 1007 3415 ac
1029 3349 1365 3414 Clementis
1395 3344 1735 3407 Alexandri
1764 3341 2049 3420 hymnis:
2091 3341 2301 3399 Romae
2334 3357 2497 3397 anno
2518 3339 2710 3409 1590,
2732 3336 2796 3396 in
2825 3338 2914 3395 8°.
3810 3400 3813 3403 Α

490 3433 795 3519 Addenda
815 3454 1004 3515 etiam
1040 3454 1332 3530 poemata
1364 3443 1653 3525 quaedam
1686 3459 1723 3500 a
1748 3438 1984 3499 Davide
2039 3434 2414 3507 Hmschelio,
2475 3434 2764 3513 Lugduni
2816 3433 3197 3493 Batavorum
3230 3450 3397 3492 anno
3431 3434 3605 3505 1591,
3641 3433 3815 3507 in-80,

424 3576 498 3618 ex
557 3554 810 3616 ofﬁcina
865 3529 1289 3618 Plantiniana,
1359 3561 1499 3604 cum
1562 3537 1930 3619 paraphrasi
1987 3537 2225 3607 Graeca,
2274 3551 2464 3611 quam
2523 3530 2913 3592 Hmschelius
2969 3529 3201 3589 Nicetae
3259 3548 3419 3608 opus
3475 3548 3607 3590 esse
3650 3530 3815 3589 arbi-

416 3658 638 3716 tratur.

483 3750 787 3828 Denique,
818 3745 1084 3825 geminae
1111 3740 1392 3820 Gregorii
1419 3739 1484 3798 in
1538 3734 1857 3797 Julianum
1918 3732 2360 3810 imperatorem
2420 3727 2767 3797 invectiva,
2805 3728 3038 3795 Graece,
3072 3742 3214 3785 cum
3261 3723 3517 3784 scholiis
3548 3724 3810 3799 Graecis;

406 3848 685 3927 ejusdem
717 3847 919 3907 oratio
952 3844 1014 3903 ιή
1045 3842 1344 3921 Martyres
1372 3848 1427 3898 et
1458 3846 1662 3896 contra
1693 3832 1988 3901 Aricinos;
2024 3829 2235 3888 decem
2272 3844 2448 3886 novae
2489 3825 2791 3905 epistolae,
2828 3829 3269 3884 testamentum
3317 3822 3637 3900 Gregorii:
3673 3840 3810 3881 om-

406 3919 511 4007 nia
542 3964 617 4005 ex
645 3941 1035 4004 Bibliotheca
1056 3919 1301 4000 llenrici
1336 3933 1550 3998 Savilii
1579 3930 1746 3992 edita
1776 3934 1923 3988 sunt
1953 3928 2192 3997 Etonae,
2218 3924 2279 3984 in
2309 3928 2391 3997 4°,
2428 3942 2593 3983 anno
2623 3923 2800 3996 1610,
2851 3940 3002 3982 cura
3033 3927 3094 3981 et
3140 3919 3345 3980 studio
3377 3922 3446 3980 ft.
3488 3921 3810 3996 Montagu,

406 4044 573 4124 typis
603 4043 863 4105 Joannis
892 4043 1153 4101 Norton.
1184 4080 1187 4081 ν
1214 4078 1227 4085 .

1826 4168 2134 4233 Εᾱίίιόηθε
2160 4166 2391 4229 Latina:

492 4315 773 4395 Gregorii
802 4312 1173 4374 Nazianzeni
1198 4309 1498 4379 carmina,
1535 4307 1615 4367 ad
1644 4306 1803 4365 bene
1834 4304 2142 4379 beateque
2175 4301 2509 4359 vivendum
2546 4296 2895 4367 utilissima,
2930 4294 3173 4365 Latine,
3225 4312 3303 4353 ex
3350 4292 3623 4353 editione
3678 4291 3820 4353 Aldi

410 4390 675 4479 Manutii
704 4410 970 4471 Romani
1003 4415 1063 4469 et
1104 4406 1273 4467 Petri
1321 4404 1582 4464 Candidi
1620 4400 1933 4459 monachi.
1974 4397 2263 4465 Venctiis,
2301 4395 2495 4454 Aldus
2527 4391 2867 4463 Manutius,
2901 4391 3082 4459 in-4°,
3156 4390 3295 4447 504.

488 4516 666 4574 Anno
701 4510 877 4579 1508,
911 4508 1124 4567 decem
1159 4500 1439 4579 Gregorii
1469 4498 1805 4561 orationes,
1842 4511 1915 4551 ex
1948 4510 2164 4551 earum
2198 4508 2459 4548 numero
2492 4506 2646 4565 quas
2677 4506 2714 4545 a
2748 4486 2972 4546 Ruﬁno
3032 4485 3252 4544 Latine
3276 4484 3553 4545 redditas
3584 4486 3812 4559 ferunt,

407 4612 682 4691 vulgatae
713 4613 857 4668 sunt
886 4600 1304 4681 Argentorati,
1342 4614 1480 4656 cum
1514 4593 1709 4673 ipsius
1744 4587 2106 4668 praefatione
2164 4587 2238 4645 a-l
2302 4584 2754 4661 Apronianum,
2805 4600 2918 4660 per
2962 4582 3268 4641 Joannem
3303 4580 3674 4643 Knobauch.
3709 4584 3817 4641 Hae

409 4714 555 4770 sunt
584 4706 920 4773 orationes,
964 4701 1111 4761 olim
1145 4718 1186 4772 ι,
1224 4714 1330 4768 xu,
1358 4712 1457 4767 xv,
1493 4710 1644 4763 xvn,
1682 4705 1897 4750 xxvm.
1932 4702 2149 4755 χχχιιι,
2184 4698 2441 4749 xxxvm,
2477 4697 2687 4746 xxxrx,
2722 4697 2889 4752 xuv,
2922 4696 2975 4739 ι.

489 4805 727 4866 Eodem
757 4820 944 4873 anno,
978 4796 1135 4858 alias
1164 4800 1400 4875 septem
1434 4790 1771 4863 orationes,
1806 4784 2021 4847 Latine
2052 4801 2089 4843 a
2119 4800 2182 4842 se
2215 4780 2510 4852 redditas,
2556 4780 2849 4855 Augustas
2908 4776 3374 4837 Vindelicorum
3409 4776 3819 4855 (Ecolampa-

409 4904 548 4963 dius
571 4900 871 4963 vulgavit.

478 4922 548 4964 us
571 4906 670 4962 vul
724 4906 871 4960 avit.

489 4922 877 5072 Ann031522,
913 4996 1036 5057 alia
1058 4992 1477 5073 quarumdam
1511 4985 1793 5064 Gregorii
1823 4983 2179 5045 orationum
2212 4977 2402 5039 editio
2431 4976 2655 5056 Lipsiae
2689 4974 2923 5054 prodiit
2953 4973 3149 5035 in-8':
3184 4977 3248 5033 at
3276 4971 3387 5032 illa
3433 4990 3560 5031 non
3613 4970 3819 5031 differt

410 5098 490 5159 ab
522 5094 1057 5159 Argentoratensi.

450 5098 490 5160 b
522 5103 607 5159 Ar
653 5098 1057 5158 entoratensi.

489 5118 670 5256 Anngo
703 5196 880 5266 1531,
911 5188 1257 5251 Bilibaldus
1286 5184 1772 5254 Pirkheimerus,
1798 5179 1908 5259 qui
1938 5178 2137 5239 tribus
2176 5180 2323 5236 ante
2380 5172 2560 5234 annis
2617 5169 2901 5248 Gregorii
2957 5167 3437 5248 Apologeticum
3481 5163 3819 5226 Latinitate

411 5294 717 5355 donatum
772 5261 1096 5351 in'lucem
1156 5284 1470 5355 emiserat,
1534 5280 1793 5359 triginta
1846 5281 1988 5338 octo
2060 5273 2402 5345 orationes,
2474 5288 2633 5349 quas
2703 5268 2925 5329 Latine
2994 5271 3293 5341 verterat,
3352 5262 3613 5325 Basileaa
3642 5261 3817 5342 prelo

411 5433 767 5514 supposuit.
858 5431 1136 5491 Necdum
1244 5425 1393 5487 inde
1502 5421 1804 5497 exierant,
1919 5437 2060 5480 cum
2146 5434 2315 5476 mors
2421 5411 2678 5473 abstulit
2757 5408 3237 5487 interpretem;
3312 5405 3490 5487 cujus
3579 5426 3609 5464 α
3692 5422 3819 5466 non

483 5593 561 5677 (α)
589 5597 708 5649 Cat.
742 5590 887 5653 Bibl.
924 5591 1087 5665 Reg.,
1118 5592 1261 5648 tom.
1291 5586 1335 5655 I,
1367 5598 1500 5660 pag.
1533 5581 1657 5654 340,
1688 5597 1746 5636 n.
1777 5578 1901 5638 204.
