4122 6214
283 343 341 402 f3
1260 339 1678 399 PR/EFATIO
1724 335 2184 398 GENEltALIS.
2217 369 2294 384 —-
2335 337 2534 398 PARS
2581 338 2629 396 l.
3579 345 3656 405 η

277 481 514 534 mortem
549 473 1023 550 deplorandam,
1058 473 1144 531 ait
1200 474 1511 546 Erasmus,
1576 472 1679 531 sed
1740 470 2092 529 deflendam
2144 469 2460 547 publicam
2520 470 2868 530 studiorum
2919 470 3258 549 jacturam.
3295 497 3325 528 »
3388 476 3653 554 Quippe,

275 571 733 640 Pirkheimerus,
799 571 862 628 ni
919 570 1145 629 festina
1226 588 1390 629 mors
1466 568 1800 639 obstitisse,
1889 591 1919 621 «
1970 566 2267 625 eximium
2351 567 2719 626 Christianae
2809 567 3227 647 philosophiae
3298 589 3655 648 praeconem

273 667 612 745 Gregorium
683 669 1098 727 Naziazenum
1169 668 1256 726 sic
1326 667 1541 727 Latine
1612 666 1966 743 loquentem
2040 665 2277 723 nobis»
2331 665 2590 723 daturus
2660 664 2897 738 fuisset,
2945 673 3015 725 ut
3087 667 3286 728 Graeci
3351 669 3656 729 sermonis

271 785 438 826 sonos
524 784 706 824 nemo
779 765 1246 824 desideraturus
1318 764 1556 823 fuisset.
1613 765 1887 823 Joannes
1971 762 2230 833 Slraub,
2295 761 2585 821 Bilibaldi
2655 781 2868 839 gener,
2926 765 3265 826 translatas
3333 785 3370 825 a
3438 785 3654 828 socero

270 883 370 924 suo
439 863 750 923 orationes
822 862 1097 922 edendas
1167 862 1409 922 curavit
1474 861 1731 921 Basileae
1804 878 1874 919 ex
1951 859 2203 919 ofﬁcina
2272 861 2686 933 Frobeniana,
2722 879 2888 920 anno
2961 863 3466 940 i431.Editioni,
3513 882 3652 942 qum

272 962 522 1039 plurima
554 960 676 1019 alia
706 960 988 1037 Gregorii
1030 978 1224 1038 opera
1267 959 1760 1037 complectictur,
1810 957 2064 1036 praeﬁxa
2125 963 2219 1017 est
2274 957 2737 1036 elegantissima
2791 960 3035 1020 Erasmi
3090 960 3354 1039 epistola
3406 962 3472 1021 in
3530 980 3655 1042 qua

266 1057 465 1118 laudes
493 1057 848 1135 interpretis
879 1057 1299 1135 prosequitur.

336 1158 502 1214 Anno
566 1153 872 1232 sequenti,
942 1154 1245 1213 Claudius
1315 1152 1655 1214 Chevallon
1728 1151 1980 1212 Parisiis
2052 1152 2333 1229 vulgavit
2422 1151 2702 1229 Gregorii
2781 1151 3147 1213 Nazianzeni
3235 1161 3653 1232 cognomento

265 1252 547 1330 Theologi
603 1251 921 1310 orationes
977 1268 1234 1321 xxxvui,
1295 1256 1621 1321 tractatus,
1686 1266 2005 1309 sermones
2061 1255 2122 1308 et
2178 1250 2369 1309 libros
2426 1251 2668 1327 aliquot
2722 1250 2961 1326 Latine,
2995 1251 3311 1312 Bilibaldo
3368 1251 3654 1312 Pirkhei-

269 1368 446 1421 mero,
504 1349 728 1408 Ruﬁno
789 1348 1183 1426 presbytero,
1245 1354 1307 1407 et
1367 1351 1547 1407 Petro
1599 1347 1939 1406 Mosellano
1999 1346 2465 1424 interpretibus,
2515 1365 2587 1406 ex
2658 1346 2928 1406 editione
2986 1349 3249 1408 Joannis
3309 1349 3538 1410 Straub
3595 1354 3657 1410 et

275 1445 554 1506 Desiderii
587 1447 854 1505 Erasmi.
903 1445 1101 1522 Hujus
1135 1445 1499 1504 Parisiensis
1530 1444 1820 1503 editionis
1851 1444 2002 1502 anni
2035 1446 2188 1502 1532
2218 1462 2340 1502 non
2376 1444 2620 1503 videtur
2652 1444 3006 1505 meminisse
3040 1445 3386 1507 Fabricius.

338 1545 524 1602 Aliam
557 1563 721 1603 anno
762 1545 910 1604 I550
960 1544 1306 1619 Volfangns
1357 1543 1687 1613 Musculus,
1725 1541 2006 1614 Basileaa,
2051 1541 2220 1618 apud
2267 1543 2575 1601 Joannem
2635 1542 3033 1618 Hervagium,
3083 1543 3343 1621 praeﬁxa
3390 1545 3657 1623 epistola

271 1643 711 1720 nuncupatoria
770 1646 1149 1716 Augustanze
1209 1640 1568 1719 reipublicae
1630 1639 1977 1718 preaefectis
2025 1639 2408 1713 consulibus,
2473 1638 2770 1699 adornari
2826 1641 3066 1700 curavit
3121 1641 3456 1701 editionem
3515 1661 3655 1720 quae

267 1739 462 1797 Latine
504 1739 757 1798 exhibet
787 1738 1088 1816 quidquid
1125 1740 1334 1798 Graece
1367 1737 1817 1815 complectitur
1873 1736 2060 1796 editio
2121 1736 2397 1813 ejusdem
2457 1737 2606 1796 anni
2663 1737 2831 1814 apud
2888 1738 3176 1798 eumdem
3234 1740 3649 1817 Hervagium;

266 1835 480 1894 scilicet
533 1852 775 1895 xxxviii
825 1836 1142 1894 orationes
1196 1853 1233 1893 a
1283 1835 1713 1894 Pirkheimero
1773 1835 1989 1894 Latine
2048 1833 2344 1906 redditas,
2405 1834 2720 1894 orationes
2777 1834 3055 1912 quinque
3104 1834 3180 1894 de
3236 1836 3584 1914 Theologia
3617 1854 3656 1897 a

264 1933 430 1992 Petro
459 1932 818 2007 Mosellano,
857 1940 1087 2011 quator
1119 1937 1330 1992 autem
1364 1932 1442 1992 ab
1476 1933 1612 2010 ipso
1647 1932 1952 2004 Musculo,
1987 1949 2232 2008 nempe,
2267 1949 2309 2002 1,
2344 1948 2464 2004 xu,
2499 1949 2609 1992 XLv
2641 1937 2700 1991 et
2732 1949 2928 2004 XLVII;
2965 1933 3217 1992 demum
3259 1934 3650 2012 tragasdiam,

270 2028 512 2089 Christus
532 2029 774 2110 patiens
808 2048 882 2088 ex
917 2029 1199 2089 versione
1256 2029 1610 2090 Sebastiani
1658 2028 2060 2088 Guldebeccii
2115 2029 2420 2106 Tigurini,
2457 2036 2518 2089 et
2574 2029 2699 2089 alia
2747 2036 3043 2108 poemata
3082 2048 3223 2090 cum
3279 2029 3656 2111 interpreta-

269 2128 416 2186 tione
447 2127 580 2187 Aldi
615 2127 902 2187 Manutii.

334 2228 498 2284 Anno
532 2225 706 2296 1550,
744 2224 1095 2284 orationem
1126 2224 1203 2285 de
1235 2225 1617 2303 pauperibus
1650 2223 1938 2284 amandis
1967 2230 2027 2283 et
2057 2223 2442 2302 benignitate
2492 2224 3002 2304 complectendis,
3042 2242 3186 2286 cum
3229 2227 3474 2287 duabus
3506 2228 3658 2288 Gre-

273 2322 408 2398 gorii
438 2322 694 2400 Nysseni
725 2321 1120 2382 orationibus
1149 2322 1433 2400 ejusdem
1466 2321 1841 2400 argumenti,
1868 2339 1944 2382 ex
1975 2322 2490 2400 interpretatione
2536 2323 2700 2382 Petri
2738 2323 3052 2384 Francisci
3097 2323 3231 2385 Zini
3259 2324 3454 2386 edidit
3473 2324 3660 2386 Pari-

268 2418 361 2478 siis
388 2421 790 2491 Vascosanus,
830 2420 1011 2478 in-4°.

334 2519 496 2578 Anno
531 2519 712 2590 1569,
754 2517 988 2596 prodiit
1016 2516 1270 2577 Parisiis
1299 2518 1467 2594 apud
1498 2515 1826 2578 Claudium
1863 2519 2088 2594 Fremy
2119 2515 2322 2596 prima
2361 2520 2634 2595 Operam
2659 2517 2959 2595 Gregorii,
2995 2518 3300 2579 adornata
3329 2538 3366 2579 a
3414 2519 3652 2581 Jacobo

266 2616 426 2676 Billio
459 2622 730 2675 Pruan
792 2617 1009 2676 Sancti
1065 2615 1387 2675 Michaelis
1444 2615 1504 2674 in
1565 2634 1775 2675 eremo
1834 2615 2082 2687 abbate,
2146 2615 2359 2686 editio,
2416 2615 2543 2674 sive
2595 2616 3050 2694 interpretatio.
3093 2617 3278 2677 Aliud
3335 2617 3501 2677 enim
3562 2622 3662 2679 est

269 2712 456 2783 editio,
489 2714 663 2773 aliud
693 2715 1154 2791 interpretatio.
1190 2715 1256 2773 Id
1292 2714 1482 2772 sensit
1511 2714 1643 2792 ipse
1670 2713 1908 2785 Billius,
1945 2713 2302 2791 librumque
2332 2731 2513 2772 suum
2554 2712 2896 2791 inscripsit:
2936 2712 3213 2793 Gregorii
3261 2713 3455 2793 Opera
3501 2734 3655 2776 nova

265 2810 627 2871 translatione
685 2811 932 2884 donata,
965 2818 1109 2884 etc.,
1145 2829 1285 2870 cum
1322 2811 1789 2870 commentariis
1821 2811 2049 2871 Nicetes
2109 2810 2405 2883 Serionii,
2442 2817 2560 2870 etc.
2596 2814 2730 2870 Non
2765 2830 2888 2870 una
2917 2830 3096 2871 novae
3127 2811 3316 2890 hujus
3339 2812 3650 2891 interpre-

265 2910 488 2968 tationis
518 2910 641 2968 fuit
677 2910 892 2969 editio.
927 2910 1036 2969 Vel
1068 2909 1203 2988 ipso
1235 2927 1398 2969 anno
1455 2909 1739 2986 sequenti
1797 2909 2026 2987 prodiit
2083 2908 2378 2980 Coloniae,
2416 2909 2772 2987 pluriesque
2813 2909 3106 2988 deinceps
3157 2928 3377 2970 recusa
3408 2916 3520 2984 est,
3558 2911 3647 2972 De

269 3005 365 3065 hac
389 3007 688 3077 versione,
726 3026 864 3085 quae
902 3007 1149 3066 caeteris
1181 3006 1367 3083 longe
1399 3012 1674 3083 praestat,
1714 3025 1858 3066 mox
1882 3006 2066 3084 plura
2107 3005 2408 3065 dicemus.

339 3103 442 3172 Que
473 3111 764 3182 tempore
804 3103 1020 3163 Billius
1053 3103 1334 3180 Gregorii
1381 3103 1688 3181 Operibus
1735 3103 1953 3163 Latine
2002 3103 2316 3162 vertendis
2363 3102 2788 3174 incumbebat,
2823 3103 3302 3177 Leuvenklaius,
3336 3104 3648 3166 hortanti-

271 3197 368 3258 bus
394 3201 630 3271 amicis,
672 3200 957 3260 eumdem
994 3200 1272 3260 laborem
1305 3205 1701 3277 susceperat;
1740 3218 2007 3279 cumque
2038 3200 2114 3259 de
2145 3200 2309 3260 Billii
2339 3200 2552 3260 labore
2601 3201 2829 3261 certior
2865 3201 3067 3260 factus
3120 3202 3358 3273 fuisset,
3393 3221 3647 3263 mauum

273 3296 336 3356 de
358 3298 559 3358 tabula
592 3298 822 3358 tollere
853 3297 1191 3375 cogitabat.
1218 3299 1298 3356 At
1317 3316 1390 3357 eo
1421 3297 1715 3376 deinceps
1744 3297 1910 3357 edito
1943 3298 2315 3358 sententiam
2340 3297 2628 3371 mutavit,
2649 3317 2790 3357 cum
2823 3303 3104 3359 cerneret
3131 3317 3196 3358 se
3231 3317 3420 3378 quam
3453 3301 3652 3360 multa

274 3413 376 3453 non
404 3397 566 3472 prius
601 3395 757 3466 visa,
797 3395 1025 3473 quibus
1055 3395 1355 3454 caruisset
1385 3395 1625 3467 Billius,
1661 3395 2081 3472 congessisse;
2119 3395 2387 3455 maxime
2435 3413 2581 3454 vero
2631 3395 2800 3472 quod
2849 3401 3068 3456 nactus
3113 3402 3274 3456 esset
3322 3396 3474 3457 Elia:
3503 3400 3650 3459 Cre-

278 3492 438 3551 tensis
468 3492 930 3570 archiepiscopi
959 3492 1022 3550 in
1054 3491 1505 3551 Nazianzeuum
1538 3492 2044 3565 commentarios,
2080 3492 2308 3570 quibus
2337 3491 2599 3551 ducibus
2625 3493 2702 3552 ad
2735 3493 3043 3553 eruendos
3074 3493 3394 3554 abstrusos
3420 3495 3484 3554 in
3515 3495 3652 3573 ple-

274 3588 451 3666 risque
482 3590 636 3650 locis
668 3588 1040 3648 Nazianzeni
1071 3607 1287 3649 sensus
1311 3590 1400 3648 uti
1431 3609 1494 3649 se
1529 3609 1707 3668 posse
1736 3608 1964 3667 magna
1995 3608 2136 3648 cum
2170 3589 2438 3649 utilitate
2468 3591 2816 3668 conspexit.
2843 3593 3152 3653 Praeterea
3172 3593 3425 3671 egregia
3454 3594 3650 3672 scrip-

275 3690 447 3745 torum
481 3687 853 3746 Nazianzeni
883 3687 1289 3760 exemplaria,
1324 3687 1550 3764 quibus
1606 3706 1751 3746 usus
1783 3693 1894 3760 est,
1930 3687 2223 3759 celebrat,
2260 3689 2423 3746 inter
2461 3707 2600 3766 qua
2633 3687 2756 3748 duo
2787 3689 3049 3748 summis
3081 3690 3260 3750 effert
3305 3690 3633 3764 laudibus;

276 3780 504 3842 alterum
560 3784 887 3843 Ghoniatee
935 3783 1291 3842 Acuminati
1325 3801 1512 3842 manu
1571 3784 1914 3862 scriptum;
1972 3785 2240 3843 alterum
2297 3784 2482 3861 longe
2540 3785 2880 3862 antiquius,
2925 3786 3273 3846 litterarum
3333 3787 3645 3864 elegantia

283 3888 557 3952 praestans,
594 3886 663 3940 et
703 3879 1058 3958 scriptionis
1089 3879 1445 3956 integritate
1475 3899 1487 3952 ;
1523 3886 1698 3940 tanta
1724 3881 1955 3941 scilicet
1991 3881 2316 3958 diligentia
2345 3887 2694 3956 exaratum,
2728 3882 2970 3941 nullum
3020 3888 3089 3942 ut
3134 3883 3198 3941 in
3245 3901 3319 3942 eo
3375 3884 3632 3943 verbum

291 3991 558 4051 perperam
623 3977 926 4054 scriptum
960 3977 1330 4054 reperiatur.
1392 3981 1447 4037 is
1506 3979 1701 4038 codex
1759 3979 2097 4052 Basileam,
2145 3978 2249 4037 ubi
2279 3979 2623 4037 etiamnum
2687 3997 2917 4056 magna
2975 3979 3375 4039 veneratione
3432 3999 3634 4040 asser-

290 4077 444 4144 vatur,
475 4076 703 4134 allatus
737 4081 1016 4152 tempore
1047 4074 1294 4133 concilii
1314 4075 2017 4154 Basileensis,plurimas
2038 4075 2292 4135 exhibet
2325 4075 2620 4152 picturas,
2651 4074 2890 4153 hasque
2919 4075 3082 4135 inter
3103 4075 3452 4152 elegantem
3487 4080 3638 4137 Gre-

279 4170 770 4249 goriiimaginem.
801 4174 1034 4232 Horum
1069 4172 1596 4250 exemplariorum
1631 4193 1747 4251 ope
1780 4174 2119 4252 depravata
2151 4173 2422 4250 plurima
2451 4190 2515 4231 se
2545 4172 2910 4244 correxisse,
2943 4179 3004 4232 et
3037 4173 3258 4233 mutila
3289 4174 3634 4252 integritati

273 4268 570 4328 restituisse
632 4269 850 4328 asserit
907 4269 1384 4329 Leuvenklaius.
1420 4271 1656 4330 Prodiit
1685 4272 1793 4330 illa
1823 4271 2012 4331 editio
2042 4271 2298 4330 Basileaa
2330 4288 2496 4329 anno
2533 4271 2677 4329 1571
2715 4289 2789 4329 ex
2811 4270 3063 4331 ofﬁcina
3095 4272 3506 4349 Hervagiana,
3531 4291 3638 4332 ea-

271 4381 366 4438 que
395 4372 510 4424 tam
557 4367 868 4425 diuturnis
901 4367 1124 4443 vigiliis
1156 4367 1469 4444 tantisque
1499 4370 1660 4426 curis
1690 4369 2042 4440 elaborata,
2081 4375 2146 4427 ut
2174 4367 2236 4426 in
2272 4367 2474 4446 prima
2519 4368 2660 4427 libri
2709 4369 2938 4447 pagina
2970 4369 3103 4428 haec
3132 4369 3470 4430 inscribere
3511 4390 3636 4430 non

271 4461 610 4523 dubitaverit
637 4481 650 4522 :
690 4487 720 4518 «
755 4467 879 4523 Nec
911 4465 1204 4541 deinceps
1244 4466 1431 4522 aliam
1466 4467 1811 4542 exspectari
1841 4466 2316 4544 locupletiorem
2351 4485 2530 4543 posse
2560 4467 2636 4526 de
2666 4467 2974 4544 prooemio
3004 4467 3203 4527 lector
3234 4467 3566 4545 intelliget.
3601 4491 3632 4523 »

269 4558 402 4616 Num
431 4563 767 4621 Germanus
798 4561 1106 4640 interpres
1137 4564 1276 4639 plus
1307 4581 1488 4640 aequo
1519 4563 1636 4622 sibi
1666 4563 2016 4640 indulgeat,
2051 4583 2125 4623 ex
2158 4564 2437 4622 dicendis
2469 4564 2911 4625 declarabitur.

332 4656 764 4716 Leuvenklaius
832 4659 1164 4718 editionem
1225 4659 1283 4717 in
1337 4666 1462 4718 tres
1492 4661 1748 4718 omnino
1806 4660 2123 4719 distribuit
2180 4666 2719 4737 tomos:quorum
2759 4662 2998 4739 primus
3027 4661 3342 4721 orationes
3373 4678 3453 4721 xx
3487 4679 3630 4720 cum

269 4751 461 4812 Elianis
507 4756 968 4815 commentariis
1000 4757 1292 4832 continet,
1331 4763 1624 4835 totusque
1654 4758 1847 4834 ipsius
1876 4758 2140 4817 debetur
2193 4757 2539 4830 industriae,
2574 4757 2682 4835 qui
2712 4777 2856 4817 eum
2889 4759 2966 4818 de
2997 4761 3210 4819 Graeco
3241 4759 3303 4816 in
3334 4758 3629 4818 Latinum

267 4863 578 4910 sermonem
611 4853 950 4912 transtulit.
985 4854 1155 4912 Alter
1193 4853 1464 4931 reliquas
1514 4855 1829 4914 orationes
1884 4871 2080 4924 xxxu,
2116 4871 2256 4913 cum
2288 4853 2565 4931 epistolis
2592 4860 2653 4912 et
2710 4855 3039 4932 poematiis
3091 4855 3395 4914 hactenus
3453 4855 3634 4915 editis

266 4948 702 5026 complectitur;
757 4970 899 5029 quae
958 4952 1212 5030 quidem
1274 4953 1541 5031 sumpsit
1597 4972 1673 5012 ex
1730 4953 1995 5014 Billiana
2052 4953 2349 5012 editione.
2385 4952 2538 5011 Huic
2599 4959 2769 5011 tomo
2826 4953 3372 5030 praefatiunculam
3444 4952 3630 5014 Billio

265 5039 636 5107 honoriﬁcam
693 5048 986 5127 praeﬁxit,
1046 5048 1270 5128 hisque
1329 5050 1533 5110 verbis
1590 5069 1732 5110 eum
1791 5051 2173 5128 alloquitur:
2212 5073 2239 5104 α
2277 5051 2672 5127 Quapropter
2729 5048 2883 5108 mihi
2941 5050 3243 5128 polliceor
3305 5056 3365 5109 te
3421 5049 3627 5110 virum

265 5142 568 5216 sapientem
627 5164 698 5206 ac
756 5147 1011 5206 doctum
1069 5146 1373 5224 optimam
1431 5148 1494 5207 in
1549 5154 1792 5226 partem
1851 5147 2182 5208 consilium
2248 5151 2531 5206 nostrum
2586 5145 3164 5225 interpretaturum.
3210 5146 3406 5207 Debet
3460 5147 3627 5208 enim

265 5235 462 5314 abesse,
497 5260 638 5302 cum
669 5244 840 5303 omni
871 5243 949 5303 ab
982 5243 1310 5304 hominum
1343 5263 1589 5323 genere,
1638 5252 1770 5305 tum
1805 5265 1842 5306 a
1897 5246 2189 5306 litteratis
2240 5243 2633 5323 potissimum
2686 5243 2956 5317 invidia;
2992 5243 3220 5323 quibus
3276 5262 3409 5305 esse
3464 5243 3624 5305 nihil

264 5334 540 5413 antiquius
571 5359 686 5417 par
715 5347 827 5414 est,
865 5359 1053 5419 quam
1088 5353 1151 5401 ut
1194 5348 1254 5402 et
1301 5342 1775 5421 ispsijuvandaa
1833 5344 1980 5404 totis
2035 5342 2268 5402 viribus
2324 5340 2686 5420 reipublicae
2743 5342 3117 5415 studeant,»
3152 5345 3271 5403 etc.
3303 5341 3432 5402 Sua
3478 5343 3632 5402 Leu-

264 5432 577 5496 venklaium
636 5457 776 5517 spes
808 5439 1065 5499 fefellit:
1101 5458 1246 5499 nam
1283 5441 1445 5500 male
1475 5449 1568 5500 est
1597 5445 1635 5502 ὁ.
1667 5442 1846 5502 Billio
1876 5441 2153 5513 habitus,
2186 5446 2247 5500 et
2290 5457 2326 5499 a
2379 5439 2656 5499 Billiana:
2685 5439 3220 5519 interpretationis
3266 5439 3415 5500 anni
3467 5440 3622 5500 1583

266 5527 668 5594 Parisiensibus
698 5535 1062 5609 editoribus,
1101 5543 1234 5597 tum
1264 5539 1328 5596 in
1380 5539 1767 5616 praefatione,
1805 5546 1938 5600 tum
1968 5541 2031 5600 in
2059 5539 2246 5611 notis,
2281 5538 2344 5596 in
2377 5536 2606 5615 quibus
2634 5537 3006 5616 plerumque
3042 5537 3386 5600 acrioribus
3417 5536 3623 5598 verbis

271 5627 508 5707 repulsus
534 5638 595 5693 et
623 5632 966 5714 increpitus
1012 5640 1124 5697 est.
1159 5636 1230 5696 In
1276 5636 1531 5698 tertium
1590 5642 1652 5699 et
1707 5638 1995 5702 ultimum
2052 5644 2315 5711 tomum,
2357 5657 2387 5692 «
2420 5633 2528 5717 qui
2585 5641 2773 5711 totus,
2808 5657 2836 5694 υ
2873 5635 3079 5721 inquit
3139 5635 3616 5724 Leuvenklaius,
