  <div class='ocr_page' id='page_1' title='image "/cluster/home/n/w/nwhite01/storage/ocr_20150623/35/hvd.32044054100326/013.png"; bbox 0 0 4122 6214; ppageno 0'>
   <div class='ocr_carea' id='block_1_1' title="bbox 434 371 2062 440">
    <p class='ocr_par' dir='ltr' id='par_1_1' title="bbox 434 371 2062 440">
     <span class='ocr_line' id='line_1_1' title="bbox 434 371 2062 440; baseline -0.005 -1"><span class='ocrx_word' id='word_1_1' title='bbox 434 381 507 440; x_wconf 86' lang='grc'>15</span> <span class='ocrx_word' id='word_1_2' title='bbox 1449 372 1870 433; x_wconf 68' lang='grc' dir='ltr'>ΡΒᾹΞΡΑΤΙΟ</span> <span class='ocrx_word' id='word_1_3' title='bbox 1920 371 2062 432; x_wconf 69' lang='lat' dir='ltr'>(SEN</span> 
     </span>
    </p>
   </div>
   <div class='ocr_carea' id='block_1_2' title="bbox 2203 371 3831 440">
    <p class='ocr_par' dir='ltr' id='par_1_2' title="bbox 2203 373 3831 435">
     <span class='ocr_line' id='line_1_2' title="bbox 2203 373 3831 435; baseline 0.002 -3"><span class='ocrx_word' id='word_1_4' title='bbox 2203 374 2382 434; x_wconf 69' lang='lat' dir='ltr'>\LIS.</span> <span class='ocrx_word' id='word_1_5' title='bbox 2411 404 2492 421; x_wconf 97' lang='lat'><em>—</em></span> <span class='ocrx_word' id='word_1_6' title='bbox 2524 374 2723 435; x_wconf 71' lang='lat' dir='ltr'>PARS</span> <span class='ocrx_word' id='word_1_7' title='bbox 2768 373 2818 433; x_wconf 85' lang='grc' dir='ltr'><strong>Ι.</strong></span> <span class='ocrx_word' id='word_1_8' title='bbox 3637 391 3641 393; x_wconf 88' lang='grc'>·</span> <span class='ocrx_word' id='word_1_9' title='bbox 3757 377 3831 435; x_wconf 82' lang='grc'><strong>16</strong></span> 
     </span>
    </p>
   </div>
   <div class='ocr_carea' id='block_1_3' title="bbox 431 505 3831 583">
    <p class='ocr_par' dir='ltr' id='par_1_3' title="bbox 431 505 3831 583">
     <span class='ocr_line' id='line_1_3' title="bbox 431 505 3831 583; baseline -0.001 -11"><span class='ocrx_word' id='word_1_10' title='bbox 431 511 647 572; x_wconf 87' lang='lat' dir='ltr'>itidem</span> <span class='ocrx_word' id='word_1_11' title='bbox 680 514 890 570; x_wconf 81' lang='lat' dir='ltr'>noster</span> <span class='ocrx_word' id='word_1_12' title='bbox 921 513 1035 583; x_wconf 88' lang='lat' dir='ltr'>est,</span> <span class='ocrx_word' id='word_1_13' title='bbox 1067 528 1094 564; x_wconf 78' lang='grc' dir='ltr'>ι)</span> <span class='ocrx_word' id='word_1_14' title='bbox 1134 525 1205 566; x_wconf 90' lang='lat' dir='ltr'>ea</span> <span class='ocrx_word' id='word_1_15' title='bbox 1231 505 1417 566; x_wconf 82' lang='lat' dir='ltr'>refert</span> <span class='ocrx_word' id='word_1_16' title='bbox 1447 505 1725 580; x_wconf 82' lang='lat' dir='ltr'>Gregorii</span> <span class='ocrx_word' id='word_1_17' title='bbox 1758 511 2068 582; x_wconf 81' lang='lat' dir='ltr'>poemata,</span> <span class='ocrx_word' id='word_1_18' title='bbox 2104 524 2246 583; x_wconf 86' lang='lat' dir='ltr'>quae</span> <span class='ocrx_word' id='word_1_19' title='bbox 2295 506 2597 568; x_wconf 79' lang='lat' dir='ltr'>hactenus</span> <span class='ocrx_word' id='word_1_20' title='bbox 2645 525 2770 566; x_wconf 92' lang='lat' dir='ltr'>non</span> <span class='ocrx_word' id='word_1_21' title='bbox 2819 512 2997 566; x_wconf 90' lang='lat' dir='ltr'>erant</span> <span class='ocrx_word' id='word_1_22' title='bbox 3046 506 3184 566; x_wconf 91' lang='lat' dir='ltr'>luce</span> <span class='ocrx_word' id='word_1_23' title='bbox 3231 507 3487 568; x_wconf 89' lang='lat' dir='ltr'>donata.</span> <span class='ocrx_word' id='word_1_24' title='bbox 3518 509 3831 570; x_wconf 64' lang='lat' dir='ltr'>Prazterea</span> 
     </span>
    </p>
   </div>
   <div class='ocr_carea' id='block_1_4' title="bbox 433 603 3821 684">
    <p class='ocr_par' dir='ltr' id='par_1_4' title="bbox 433 603 3821 684">
     <span class='ocr_line' id='line_1_4' title="bbox 433 603 3821 684; baseline -0.001 -15"><span class='ocrx_word' id='word_1_25' title='bbox 433 610 661 669; x_wconf 64' lang='lat' dir='ltr'>Nicetze</span> <span class='ocrx_word' id='word_1_26' title='bbox 695 606 1212 668; x_wconf 83' lang='lat' dir='ltr'>commentarium</span> <span class='ocrx_word' id='word_1_27' title='bbox 1255 604 1318 662; x_wconf 90' lang='lat' dir='ltr'>in</span> <span class='ocrx_word' id='word_1_28' title='bbox 1377 603 1656 679; x_wconf 84' lang='lat' dir='ltr'>Gregorii</span> <span class='ocrx_word' id='word_1_29' title='bbox 1707 603 2070 676; x_wconf 78' lang='lat' dir='ltr'>sententias,</span> <span class='ocrx_word' id='word_1_30' title='bbox 2107 608 2234 663; x_wconf 91' lang='lat' dir='ltr'>tam</span> <span class='ocrx_word' id='word_1_31' title='bbox 2293 605 2614 682; x_wconf 81' lang='lat' dir='ltr'>quaternis</span> <span class='ocrx_word' id='word_1_32' title='bbox 2645 623 2833 684; x_wconf 89' lang='lat' dir='ltr'>quam</span> <span class='ocrx_word' id='word_1_33' title='bbox 2893 604 3154 682; x_wconf 83' lang='lat' dir='ltr'>singulis</span> <span class='ocrx_word' id='word_1_34' title='bbox 3192 606 3471 666; x_wconf 84' lang='lat' dir='ltr'>versibus</span> <span class='ocrx_word' id='word_1_35' title='bbox 3527 607 3821 679; x_wconf 91' lang='lat' dir='ltr'>inclusas,</span> 
     </span>
    </p>
   </div>
   <div class='ocr_carea' id='block_1_5' title="bbox 431 699 3827 785">
    <p class='ocr_par' dir='ltr' id='par_1_5' title="bbox 431 699 3827 785">
     <span class='ocr_line' id='line_1_5' title="bbox 431 699 3827 785; baseline -0.001 -17"><span class='ocrx_word' id='word_1_36' title='bbox 431 708 684 785; x_wconf 87' lang='lat' dir='ltr'>adjecit,</span> <span class='ocrx_word' id='word_1_37' title='bbox 718 712 780 765; x_wconf 88' lang='lat' dir='ltr'>et</span> <span class='ocrx_word' id='word_1_38' title='bbox 836 704 1156 781; x_wconf 89' lang='lat' dir='ltr'>egregium</span> <span class='ocrx_word' id='word_1_39' title='bbox 1218 701 1401 760; x_wconf 81' lang='lat' dir='ltr'>Pselli</span> <span class='ocrx_word' id='word_1_40' title='bbox 1449 700 1780 760; x_wconf 90' lang='lat' dir='ltr'>Christiani</span> <span class='ocrx_word' id='word_1_41' title='bbox 1838 699 2198 779; x_wconf 88' lang='lat' dir='ltr'>philosophi</span> <span class='ocrx_word' id='word_1_42' title='bbox 2230 701 2304 760; x_wconf 91' lang='lat' dir='ltr'>de</span> <span class='ocrx_word' id='word_1_43' title='bbox 2361 701 2710 762; x_wconf 83' lang='lat' dir='ltr'>difﬁcilium</span> <span class='ocrx_word' id='word_1_44' title='bbox 2746 702 3114 762; x_wconf 85' lang='lat' dir='ltr'>Nazianzeni</span> <span class='ocrx_word' id='word_1_45' title='bbox 3163 702 3443 764; x_wconf 89' lang='lat' dir='ltr'>locorum</span> <span class='ocrx_word' id='word_1_46' title='bbox 3501 704 3827 765; x_wconf 89' lang='lat' dir='ltr'>intellectu</span> 
     </span>
    </p>
   </div>
   <div class='ocr_carea' id='block_1_6' title="bbox 431 798 3131 877">
    <p class='ocr_par' dir='ltr' id='par_1_6' title="bbox 431 798 3131 877">
     <span class='ocr_line' id='line_1_6' title="bbox 431 798 3131 877; baseline -0.002 -13"><span class='ocrx_word' id='word_1_47' title='bbox 431 806 658 864; x_wconf 89' lang='lat' dir='ltr'>librum</span> <span class='ocrx_word' id='word_1_48' title='bbox 689 824 700 862; x_wconf 95' lang='lat'>:</span> <span class='ocrx_word' id='word_1_49' title='bbox 737 803 991 862; x_wconf 90' lang='lat' dir='ltr'>demum</span> <span class='ocrx_word' id='word_1_50' title='bbox 1023 800 1327 877; x_wconf 85' lang='lat' dir='ltr'>dialogos,</span> <span class='ocrx_word' id='word_1_51' title='bbox 1364 817 1521 876; x_wconf 90' lang='lat' dir='ltr'>quos</span> <span class='ocrx_word' id='word_1_52' title='bbox 1550 798 1816 857; x_wconf 79' lang='lat' dir='ltr'>Caesario</span> <span class='ocrx_word' id='word_1_53' title='bbox 1850 798 2004 857; x_wconf 89' lang='lat' dir='ltr'>falso</span> <span class='ocrx_word' id='word_1_54' title='bbox 2037 800 2337 876; x_wconf 88' lang='lat' dir='ltr'>ascriptos</span> <span class='ocrx_word' id='word_1_55' title='bbox 2369 818 2444 858; x_wconf 94' lang='lat' dir='ltr'>ne</span> <span class='ocrx_word' id='word_1_56' title='bbox 2475 800 2726 876; x_wconf 89' lang='lat' dir='ltr'>quidem</span> <span class='ocrx_word' id='word_1_57' title='bbox 2759 800 3131 877; x_wconf 89' lang='lat' dir='ltr'>suspicatur.</span> 
     </span>
    </p>
   </div>
   <div class='ocr_carea' id='block_1_7' title="bbox 509 895 3821 979">
    <p class='ocr_par' dir='ltr' id='par_1_7' title="bbox 509 895 3821 979">
     <span class='ocr_line' id='line_1_7' title="bbox 509 895 3821 979; baseline -0.001 -17"><span class='ocrx_word' id='word_1_58' title='bbox 509 903 711 962; x_wconf 84' lang='lat' dir='ltr'>Julius</span> <span class='ocrx_word' id='word_1_59' title='bbox 744 899 1042 961; x_wconf 88' lang='lat' dir='ltr'>Gabrielis</span> <span class='ocrx_word' id='word_1_60' title='bbox 1073 897 1439 974; x_wconf 83' lang='lat' dir='ltr'>Eugubinus</span> <span class='ocrx_word' id='word_1_61' title='bbox 1472 902 1593 954; x_wconf 88' lang='lat' dir='ltr'>tres</span> <span class='ocrx_word' id='word_1_62' title='bbox 1617 896 1897 971; x_wconf 75' lang='lat' dir='ltr'>Gregorii</span> <span class='ocrx_word' id='word_1_63' title='bbox 1928 895 2261 964; x_wconf 88' lang='lat' dir='ltr'>orationes,</span> <span class='ocrx_word' id='word_1_64' title='bbox 2303 900 2358 954; x_wconf 84' lang='lat'>1°</span> <span class='ocrx_word' id='word_1_65' title='bbox 2390 897 2855 975; x_wconf 74' lang='lat' dir='ltr'>Apologetz&#39;cum,</span> <span class='ocrx_word' id='word_1_66' title='bbox 2890 900 2952 955; x_wconf 80' lang='lat'>2°</span> <span class='ocrx_word' id='word_1_67' title='bbox 2987 897 3075 956; x_wconf 87' lang='lat' dir='ltr'>De</span> <span class='ocrx_word' id='word_1_68' title='bbox 3122 917 3321 957; x_wconf 87' lang='lat' dir='ltr'>amore</span> <span class='ocrx_word' id='word_1_69' title='bbox 3341 916 3486 977; x_wconf 81' lang='lat' dir='ltr'>erga</span> <span class='ocrx_word' id='word_1_70' title='bbox 3509 919 3728 979; x_wconf 75' lang='lat' dir='ltr'>paupe)</span> <span class='ocrx_word' id='word_1_71' title='bbox 3745 918 3821 970; x_wconf 83' lang='lat' dir='ltr'>es,</span> 
     </span>
    </p>
   </div>
   <div class='ocr_carea' id='block_1_8' title="bbox 432 993 3822 1076">
    <p class='ocr_par' dir='ltr' id='par_1_8' title="bbox 432 993 3822 1076">
     <span class='ocr_line' id='line_1_8' title="bbox 432 993 3822 1076; baseline -0.001 -19"><span class='ocrx_word' id='word_1_72' title='bbox 432 1003 494 1057; x_wconf 79' lang='lat'>3°</span> <span class='ocrx_word' id='word_1_73' title='bbox 531 999 599 1058; x_wconf 84' lang='lat' dir='ltr'>In</span> <span class='ocrx_word' id='word_1_74' title='bbox 647 998 901 1058; x_wconf 84' lang='lat' dir='ltr'>natalem</span> <span class='ocrx_word' id='word_1_75' title='bbox 931 996 1081 1056; x_wconf 58' lang='lat' dir='ltr'>dum</span> <span class='ocrx_word' id='word_1_76' title='bbox 1117 995 1446 1056; x_wconf 68' lang='lat' dir='ltr'>Saluatoris</span> <span class='ocrx_word' id='word_1_77' title='bbox 1503 995 1711 1062; x_wconf 76' lang='lat' dir='ltr'>nostri,</span> <span class='ocrx_word' id='word_1_78' title='bbox 1748 994 1964 1053; x_wconf 85' lang='lat' dir='ltr'>Latine</span> <span class='ocrx_word' id='word_1_79' title='bbox 2013 993 2288 1052; x_wconf 90' lang='lat' dir='ltr'>redditas</span> <span class='ocrx_word' id='word_1_80' title='bbox 2343 994 2537 1052; x_wconf 90' lang='lat' dir='ltr'>edidit</span> <span class='ocrx_word' id='word_1_81' title='bbox 2595 1011 2758 1054; x_wconf 93' lang='lat' dir='ltr'>anno</span> <span class='ocrx_word' id='word_1_82' title='bbox 2814 996 2987 1066; x_wconf 83' lang='lat'>1573,</span> <span class='ocrx_word' id='word_1_83' title='bbox 3024 997 3408 1074; x_wconf 66' lang='lat' dir='ltr'>Antuerpiaa,</span> <span class='ocrx_word' id='word_1_84' title='bbox 3442 998 3605 1076; x_wconf 90' lang='lat' dir='ltr'>typis</span> <span class='ocrx_word' id='word_1_85' title='bbox 3636 997 3822 1056; x_wconf 89' lang='lat' dir='ltr'>Plan-</span> 
     </span>
    </p>
   </div>
   <div class='ocr_carea' id='block_1_9' title="bbox 432 1090 3827 1170">
    <p class='ocr_par' dir='ltr' id='par_1_9' title="bbox 432 1090 3827 1170">
     <span class='ocr_line' id='line_1_9' title="bbox 432 1090 3827 1170; baseline -0.001 -15"><span class='ocrx_word' id='word_1_86' title='bbox 432 1096 707 1166; x_wconf 88' lang='lat' dir='ltr'>tinianis,</span> <span class='ocrx_word' id='word_1_87' title='bbox 740 1095 930 1154; x_wconf 88' lang='lat' dir='ltr'>in-8°:</span> <span class='ocrx_word' id='word_1_88' title='bbox 967 1111 1120 1170; x_wconf 91' lang='lat' dir='ltr'>quas</span> <span class='ocrx_word' id='word_1_89' title='bbox 1152 1092 1337 1151; x_wconf 90' lang='lat' dir='ltr'>etiam</span> <span class='ocrx_word' id='word_1_90' title='bbox 1372 1091 1646 1160; x_wconf 85' lang='lat' dir='ltr'>scholiis,</span> <span class='ocrx_word' id='word_1_91' title='bbox 1682 1091 1808 1149; x_wconf 91' lang='lat' dir='ltr'>sive</span> <span class='ocrx_word' id='word_1_92' title='bbox 1838 1090 2302 1150; x_wconf 89' lang='lat' dir='ltr'>commentariis</span> <span class='ocrx_word' id='word_1_93' title='bbox 2332 1091 2688 1151; x_wconf 86' lang='lat' dir='ltr'>illustravit.</span> <span class='ocrx_word' id='word_1_94' title='bbox 2723 1091 2976 1151; x_wconf 86' lang='lat' dir='ltr'>Addidit</span> <span class='ocrx_word' id='word_1_95' title='bbox 3006 1098 3312 1170; x_wconf 74' lang='lat' dir='ltr'>praeterea</span> <span class='ocrx_word' id='word_1_96' title='bbox 3357 1094 3827 1153; x_wconf 90' lang='lat' dir='ltr'>emendationes</span> 
     </span>
    </p>
   </div>
   <div class='ocr_carea' id='block_1_10' title="bbox 435 1188 3825 1270">
    <p class='ocr_par' dir='ltr' id='par_1_10' title="bbox 435 1188 3825 1270">
     <span class='ocr_line' id='line_1_10' title="bbox 435 1188 3825 1270; baseline -0.001 -16"><span class='ocrx_word' id='word_1_97' title='bbox 435 1213 511 1255; x_wconf 80' lang='lat' dir='ltr'>ex</span> <span class='ocrx_word' id='word_1_98' title='bbox 545 1192 756 1252; x_wconf 88' lang='lat' dir='ltr'>multis</span> <span class='ocrx_word' id='word_1_99' title='bbox 784 1190 1218 1251; x_wconf 83' lang='lat' dir='ltr'>vetustissimis</span> <span class='ocrx_word' id='word_1_100' title='bbox 1248 1207 1317 1249; x_wconf 89' lang='lat' dir='ltr'>ac</span> <span class='ocrx_word' id='word_1_101' title='bbox 1378 1188 1833 1267; x_wconf 89' lang='lat' dir='ltr'>probatissimis</span> <span class='ocrx_word' id='word_1_102' title='bbox 1889 1188 2353 1266; x_wconf 81' lang='lat' dir='ltr'>exemplaribus</span> <span class='ocrx_word' id='word_1_103' title='bbox 2409 1194 2618 1249; x_wconf 88' lang='lat' dir='ltr'>erutas</span> <span class='ocrx_word' id='word_1_104' title='bbox 2672 1189 2735 1248; x_wconf 91' lang='lat' dir='ltr'>in</span> <span class='ocrx_word' id='word_1_105' title='bbox 2770 1191 2982 1250; x_wconf 66' lang='lat' dir='ltr'>Graeca</span> <span class='ocrx_word' id='word_1_106' title='bbox 3035 1191 3245 1251; x_wconf 90' lang='lat' dir='ltr'>omnia</span> <span class='ocrx_word' id='word_1_107' title='bbox 3276 1191 3554 1268; x_wconf 88' lang='lat' dir='ltr'>Gregorii</span> <span class='ocrx_word' id='word_1_108' title='bbox 3610 1208 3825 1270; x_wconf 86' lang='lat' dir='ltr'>opera,</span> 
     </span>
    </p>
   </div>
   <div class='ocr_carea' id='block_1_11' title="bbox 434 1285 3832 1369">
    <p class='ocr_par' dir='ltr' id='par_1_11' title="bbox 434 1285 3832 1369">
     <span class='ocr_line' id='line_1_11' title="bbox 434 1285 3832 1369; baseline -0.001 -19"><span class='ocrx_word' id='word_1_109' title='bbox 434 1311 573 1369; x_wconf 82' lang='lat' dir='ltr'>quae</span> <span class='ocrx_word' id='word_1_110' title='bbox 602 1290 873 1350; x_wconf 88' lang='lat' dir='ltr'>editione</span> <span class='ocrx_word' id='word_1_111' title='bbox 900 1288 1159 1348; x_wconf 86' lang='lat' dir='ltr'>Basileae</span> <span class='ocrx_word' id='word_1_112' title='bbox 1189 1287 1340 1346; x_wconf 90' lang='lat' dir='ltr'>anni</span> <span class='ocrx_word' id='word_1_113' title='bbox 1385 1288 1540 1345; x_wconf 84' lang='lat'>1550</span> <span class='ocrx_word' id='word_1_114' title='bbox 1569 1285 1988 1346; x_wconf 89' lang='lat' dir='ltr'>continentur.</span> <span class='ocrx_word' id='word_1_115' title='bbox 2022 1286 2288 1346; x_wconf 84' lang='lat' dir='ltr'>Praeﬁxa</span> <span class='ocrx_word' id='word_1_116' title='bbox 2328 1293 2421 1346; x_wconf 89' lang='lat' dir='ltr'>est</span> <span class='ocrx_word' id='word_1_117' title='bbox 2449 1288 2908 1365; x_wconf 91' lang='lat' dir='ltr'>nuncupatoria</span> <span class='ocrx_word' id='word_1_118' title='bbox 2950 1287 3220 1348; x_wconf 88' lang='lat' dir='ltr'>Antonio</span> <span class='ocrx_word' id='word_1_119' title='bbox 3251 1288 3491 1349; x_wconf 70' lang='lat' dir='ltr'>Carafaa</span> <span class='ocrx_word' id='word_1_120' title='bbox 3523 1289 3832 1350; x_wconf 89' lang='lat' dir='ltr'>cardinali</span> 
     </span>
    </p>
   </div>
   <div class='ocr_carea' id='block_1_12' title="bbox 431 1388 717 1467">
    <p class='ocr_par' dir='ltr' id='par_1_12' title="bbox 431 1388 717 1467">
     <span class='ocr_line' id='line_1_12' title="bbox 431 1388 717 1467; baseline -0.007 -19"><span class='ocrx_word' id='word_1_121' title='bbox 431 1388 717 1467; x_wconf 88' lang='lat' dir='ltr'>epistola.</span> 
     </span>
    </p>
   </div>
   <div class='ocr_carea' id='block_1_13' title="bbox 508 1479 3829 1558">
    <p class='ocr_par' dir='ltr' id='par_1_13' title="bbox 508 1479 3829 1558">
     <span class='ocr_line' id='line_1_13' title="bbox 508 1479 3829 1558; baseline -0 -12"><span class='ocrx_word' id='word_1_122' title='bbox 508 1486 780 1546; x_wconf 89' lang='lat' dir='ltr'>Billiana</span> <span class='ocrx_word' id='word_1_123' title='bbox 808 1483 1008 1543; x_wconf 87' lang='lat' dir='ltr'>versio</span> <span class='ocrx_word' id='word_1_124' title='bbox 1038 1483 1262 1542; x_wconf 89' lang='lat' dir='ltr'>iterum</span> <span class='ocrx_word' id='word_1_125' title='bbox 1296 1481 1546 1541; x_wconf 90' lang='lat' dir='ltr'>Parisiis</span> <span class='ocrx_word' id='word_1_126' title='bbox 1577 1480 1745 1558; x_wconf 89' lang='lat' dir='ltr'>apud</span> <span class='ocrx_word' id='word_1_127' title='bbox 1777 1479 2108 1540; x_wconf 87' lang='lat' dir='ltr'>Nivellium</span> <span class='ocrx_word' id='word_1_128' title='bbox 2152 1488 2214 1541; x_wconf 90' lang='lat' dir='ltr'>et</span> <span class='ocrx_word' id='word_1_129' title='bbox 2245 1481 2569 1541; x_wconf 90' lang='lat' dir='ltr'>Nicolaum</span> <span class='ocrx_word' id='word_1_130' title='bbox 2613 1481 2955 1554; x_wconf 91' lang='lat' dir='ltr'>Chesneau,</span> <span class='ocrx_word' id='word_1_131' title='bbox 2991 1500 3155 1543; x_wconf 92' lang='lat' dir='ltr'>anno</span> <span class='ocrx_word' id='word_1_132' title='bbox 3215 1485 3388 1556; x_wconf 84' lang='lat'>1583,</span> <span class='ocrx_word' id='word_1_133' title='bbox 3423 1502 3500 1544; x_wconf 81' lang='lat' dir='ltr'>ex</span> <span class='ocrx_word' id='word_1_134' title='bbox 3555 1484 3829 1546; x_wconf 88' lang='lat' dir='ltr'>secunda</span> 
     </span>
    </p>
   </div>
   <div class='ocr_carea' id='block_1_14' title="bbox 429 1578 3827 1659">
    <p class='ocr_par' dir='ltr' id='par_1_14' title="bbox 429 1578 3827 1659">
     <span class='ocr_line' id='line_1_14' title="bbox 429 1578 3827 1659; baseline -0 -16"><span class='ocrx_word' id='word_1_135' title='bbox 429 1584 613 1656; x_wconf 88' lang='lat' dir='ltr'>Billii,</span> <span class='ocrx_word' id='word_1_136' title='bbox 651 1581 1098 1659; x_wconf 86' lang='lat' dir='ltr'>recognitione,</span> <span class='ocrx_word' id='word_1_137' title='bbox 1137 1580 1245 1658; x_wconf 89' lang='lat' dir='ltr'>qui</span> <span class='ocrx_word' id='word_1_138' title='bbox 1293 1580 1468 1656; x_wconf 89' lang='lat' dir='ltr'>operi</span> <span class='ocrx_word' id='word_1_139' title='bbox 1516 1578 1893 1637; x_wconf 92' lang='lat' dir='ltr'>immortuus</span> <span class='ocrx_word' id='word_1_140' title='bbox 1944 1582 2073 1637; x_wconf 89' lang='lat' dir='ltr'>est:</span> <span class='ocrx_word' id='word_1_141' title='bbox 2109 1597 2326 1637; x_wconf 90' lang='lat' dir='ltr'>verum</span> <span class='ocrx_word' id='word_1_142' title='bbox 2375 1578 2616 1638; x_wconf 81' lang='lat' dir='ltr'>auctior</span> <span class='ocrx_word' id='word_1_143' title='bbox 2662 1579 2771 1638; x_wconf 91' lang='lat' dir='ltr'>illa</span> <span class='ocrx_word' id='word_1_144' title='bbox 2817 1584 3004 1657; x_wconf 89' lang='lat' dir='ltr'>atque</span> <span class='ocrx_word' id='word_1_145' title='bbox 3053 1580 3442 1641; x_wconf 88' lang='lat' dir='ltr'>emendatior</span> <span class='ocrx_word' id='word_1_146' title='bbox 3487 1599 3706 1642; x_wconf 89' lang='lat' dir='ltr'>recusa</span> <span class='ocrx_word' id='word_1_147' title='bbox 3734 1588 3827 1642; x_wconf 90' lang='lat' dir='ltr'>est</span> 
     </span>
    </p>
   </div>
   <div class='ocr_carea' id='block_1_15' title="bbox 427 1675 3818 1753">
    <p class='ocr_par' dir='ltr' id='par_1_15' title="bbox 427 1675 3818 1753">
     <span class='ocr_line' id='line_1_15' title="bbox 427 1675 3818 1753; baseline -0.001 -12"><span class='ocrx_word' id='word_1_148' title='bbox 427 1700 578 1741; x_wconf 90' lang='lat' dir='ltr'>cura</span> <span class='ocrx_word' id='word_1_149' title='bbox 610 1686 669 1740; x_wconf 89' lang='lat' dir='ltr'>et</span> <span class='ocrx_word' id='word_1_150' title='bbox 699 1680 904 1739; x_wconf 90' lang='lat' dir='ltr'>studio</span> <span class='ocrx_word' id='word_1_151' title='bbox 934 1676 1334 1747; x_wconf 88' lang='lat' dir='ltr'>Genebrardi,</span> <span class='ocrx_word' id='word_1_152' title='bbox 1373 1676 1478 1753; x_wconf 90' lang='lat' dir='ltr'>qui</span> <span class='ocrx_word' id='word_1_153' title='bbox 1519 1694 1655 1735; x_wconf 91' lang='lat' dir='ltr'>eam</span> <span class='ocrx_word' id='word_1_154' title='bbox 1707 1675 2001 1752; x_wconf 88' lang='lat' dir='ltr'>Gregorio</span> <span class='ocrx_word' id='word_1_155' title='bbox 2048 1675 2181 1735; x_wconf 90' lang='lat' dir='ltr'><strong>XIII</strong></span> <span class='ocrx_word' id='word_1_156' title='bbox 2234 1675 2519 1736; x_wconf 85' lang='lat' dir='ltr'>Pontifici</span> <span class='ocrx_word' id='word_1_157' title='bbox 2549 1677 2798 1736; x_wconf 88' lang='lat' dir='ltr'>dicavit.</span> <span class='ocrx_word' id='word_1_158' title='bbox 2834 1677 2896 1734; x_wconf 88' lang='lat' dir='ltr'>ln</span> <span class='ocrx_word' id='word_1_159' title='bbox 2948 1676 3106 1737; x_wconf 90' lang='lat' dir='ltr'>duos</span> <span class='ocrx_word' id='word_1_160' title='bbox 3154 1677 3445 1738; x_wconf 89' lang='lat' dir='ltr'>distincta</span> <span class='ocrx_word' id='word_1_161' title='bbox 3475 1686 3566 1739; x_wconf 91' lang='lat' dir='ltr'>est</span> <span class='ocrx_word' id='word_1_162' title='bbox 3594 1687 3818 1752; x_wconf 89' lang='lat' dir='ltr'>tomos,</span> 
     </span>
    </p>
   </div>
   <div class='ocr_carea' id='block_1_16' title="bbox 426 1773 3817 1856">
    <p class='ocr_par' dir='ltr' id='par_1_16' title="bbox 426 1773 3817 1856">
     <span class='ocr_line' id='line_1_16' title="bbox 426 1773 3817 1856; baseline -0.001 -18"><span class='ocrx_word' id='word_1_163' title='bbox 426 1786 686 1856; x_wconf 89' lang='lat' dir='ltr'>protper</span> <span class='ocrx_word' id='word_1_164' title='bbox 715 1795 943 1837; x_wconf 90' lang='lat' dir='ltr'>novam</span> <span class='ocrx_word' id='word_1_165' title='bbox 977 1774 1392 1854; x_wconf 88' lang='lat' dir='ltr'>plurimorum</span> <span class='ocrx_word' id='word_1_166' title='bbox 1442 1773 1745 1832; x_wconf 89' lang='lat' dir='ltr'>librorum</span> <span class='ocrx_word' id='word_1_167' title='bbox 1787 1773 2229 1832; x_wconf 88' lang='lat' dir='ltr'>accessionem.</span> <span class='ocrx_word' id='word_1_168' title='bbox 2266 1775 2592 1832; x_wconf 90' lang='lat' dir='ltr'>Accessere</span> <span class='ocrx_word' id='word_1_169' title='bbox 2641 1774 2947 1851; x_wconf 88' lang='lat' dir='ltr'>siquidem</span> <span class='ocrx_word' id='word_1_170' title='bbox 2996 1776 3226 1834; x_wconf 69' lang='lat' dir='ltr'>Nicetaa</span> <span class='ocrx_word' id='word_1_171' title='bbox 3278 1777 3574 1850; x_wconf 89' lang='lat' dir='ltr'>Serronii,</span> <span class='ocrx_word' id='word_1_172' title='bbox 3608 1777 3817 1849; x_wconf 92' lang='lat' dir='ltr'>Pselli,</span> 
     </span>
    </p>
   </div>
   <div class='ocr_carea' id='block_1_17' title="bbox 426 1870 3818 1950">
    <p class='ocr_par' dir='ltr' id='par_1_17' title="bbox 426 1870 3818 1950">
     <span class='ocr_line' id='line_1_17' title="bbox 426 1870 3818 1950; baseline -0 -15"><span class='ocrx_word' id='word_1_173' title='bbox 426 1875 576 1935; x_wconf 68' lang='lat' dir='ltr'>Elite</span> <span class='ocrx_word' id='word_1_174' title='bbox 607 1875 912 1935; x_wconf 89' lang='lat' dir='ltr'>Cretensis</span> <span class='ocrx_word' id='word_1_175' title='bbox 944 1871 1398 1941; x_wconf 88' lang='lat' dir='ltr'>commentarii,</span> <span class='ocrx_word' id='word_1_176' title='bbox 1430 1870 1708 1949; x_wconf 82' lang='lat' dir='ltr'>epistolae</span> <span class='ocrx_word' id='word_1_177' title='bbox 1741 1870 2075 1948; x_wconf 87' lang='lat' dir='ltr'>plusquam</span> <span class='ocrx_word' id='word_1_178' title='bbox 2108 1876 2355 1930; x_wconf 89' lang='lat' dir='ltr'>centum</span> <span class='ocrx_word' id='word_1_179' title='bbox 2390 1871 2870 1949; x_wconf 85' lang='lat' dir='ltr'>quinquaginta,</span> <span class='ocrx_word' id='word_1_180' title='bbox 2906 1877 3036 1930; x_wconf 88' lang='lat' dir='ltr'>tam</span> <span class='ocrx_word' id='word_1_181' title='bbox 3069 1874 3297 1932; x_wconf 70' lang='lat' dir='ltr'>Graecae</span> <span class='ocrx_word' id='word_1_182' title='bbox 3338 1891 3526 1950; x_wconf 89' lang='lat' dir='ltr'>quam</span> <span class='ocrx_word' id='word_1_183' title='bbox 3559 1873 3818 1934; x_wconf 73' lang='lat' dir='ltr'>Latinae.</span> 
     </span>
    </p>
   </div>
   <div class='ocr_carea' id='block_1_18' title="bbox 504 1967 3825 2047">
    <p class='ocr_par' dir='ltr' id='par_1_18' title="bbox 504 1967 3825 2047">
     <span class='ocr_line' id='line_1_18' title="bbox 504 1967 3825 2047; baseline -0.001 -14"><span class='ocrx_word' id='word_1_184' title='bbox 504 1979 685 2033; x_wconf 90' lang='lat' dir='ltr'>Anno</span> <span class='ocrx_word' id='word_1_185' title='bbox 720 1974 897 2044; x_wconf 90' lang='lat'>1753,</span> <span class='ocrx_word' id='word_1_186' title='bbox 928 1971 1202 2032; x_wconf 87' lang='lat' dir='ltr'>Venetiis</span> <span class='ocrx_word' id='word_1_187' title='bbox 1232 1968 1588 2047; x_wconf 89' lang='lat' dir='ltr'>sumptibus</span> <span class='ocrx_word' id='word_1_188' title='bbox 1645 1967 1899 2028; x_wconf 86' lang='lat' dir='ltr'>Antonii</span> <span class='ocrx_word' id='word_1_189' title='bbox 1952 1969 2132 2027; x_wconf 90' lang='lat' dir='ltr'>Zatta</span> <span class='ocrx_word' id='word_1_190' title='bbox 2160 1968 2375 2028; x_wconf 89' lang='lat' dir='ltr'>Latine</span> <span class='ocrx_word' id='word_1_191' title='bbox 2432 1968 2800 2046; x_wconf 90' lang='lat' dir='ltr'>prodierunt</span> <span class='ocrx_word' id='word_1_192' title='bbox 2850 1969 3064 2029; x_wconf 88' lang='lat' dir='ltr'>omnia</span> <span class='ocrx_word' id='word_1_193' title='bbox 3122 1968 3401 2047; x_wconf 80' lang='lat' dir='ltr'>Gregorii</span> <span class='ocrx_word' id='word_1_194' title='bbox 3454 1970 3825 2030; x_wconf 86' lang='lat' dir='ltr'>Nazianzeni</span> 
     </span>
    </p>
   </div>
   <div class='ocr_carea' id='block_1_19' title="bbox 424 2064 3821 2149">
    <p class='ocr_par' dir='ltr' id='par_1_19' title="bbox 424 2064 3821 2149">
     <span class='ocr_line' id='line_1_19' title="bbox 424 2064 3821 2149; baseline -0.001 -19"><span class='ocrx_word' id='word_1_195' title='bbox 424 2073 629 2149; x_wconf 89' lang='lat' dir='ltr'>Opera</span> <span class='ocrx_word' id='word_1_196' title='bbox 672 2089 747 2129; x_wconf 83' lang='lat' dir='ltr'>ex</span> <span class='ocrx_word' id='word_1_197' title='bbox 778 2069 993 2128; x_wconf 89' lang='lat' dir='ltr'>eadem</span> <span class='ocrx_word' id='word_1_198' title='bbox 1024 2067 1308 2127; x_wconf 86' lang='lat' dir='ltr'>versione</span> <span class='ocrx_word' id='word_1_199' title='bbox 1358 2073 1420 2125; x_wconf 90' lang='lat' dir='ltr'>et</span> <span class='ocrx_word' id='word_1_200' title='bbox 1450 2084 1592 2124; x_wconf 92' lang='lat' dir='ltr'>cum</span> <span class='ocrx_word' id='word_1_201' title='bbox 1623 2065 1840 2124; x_wconf 90' lang='lat' dir='ltr'>iisdem</span> <span class='ocrx_word' id='word_1_202' title='bbox 1890 2065 2356 2124; x_wconf 89' lang='lat' dir='ltr'>commentariis</span> <span class='ocrx_word' id='word_1_203' title='bbox 2387 2071 2449 2124; x_wconf 94' lang='lat' dir='ltr'>et</span> <span class='ocrx_word' id='word_1_204' title='bbox 2476 2064 2726 2124; x_wconf 90' lang='lat' dir='ltr'>scholiis</span> <span class='ocrx_word' id='word_1_205' title='bbox 2752 2083 2766 2137; x_wconf 91' lang='lat'><strong>;</strong></span> <span class='ocrx_word' id='word_1_206' title='bbox 2799 2064 3025 2142; x_wconf 89' lang='lat' dir='ltr'>quibus</span> <span class='ocrx_word' id='word_1_207' title='bbox 3074 2083 3386 2126; x_wconf 86' lang='lat' dir='ltr'>accessere</span> <span class='ocrx_word' id='word_1_208' title='bbox 3435 2068 3650 2128; x_wconf 89' lang='lat' dir='ltr'>Latine</span> <span class='ocrx_word' id='word_1_209' title='bbox 3680 2073 3821 2128; x_wconf 88' lang='lat' dir='ltr'>tan-</span> 
     </span>
    </p>
   </div>
   <div class='ocr_carea' id='block_1_20' title="bbox 429 2162 3637 2246">
    <p class='ocr_par' dir='ltr' id='par_1_20' title="bbox 429 2162 3637 2246">
     <span class='ocr_line' id='line_1_20' title="bbox 429 2162 3637 2246; baseline -0 -19"><span class='ocrx_word' id='word_1_210' title='bbox 429 2173 561 2227; x_wconf 90' lang='lat' dir='ltr'>tum</span> <span class='ocrx_word' id='word_1_211' title='bbox 593 2185 734 2246; x_wconf 71' lang='lat' dir='ltr'>quae</span> <span class='ocrx_word' id='word_1_212' title='bbox 765 2185 804 2226; x_wconf 91' lang='lat' dir='ltr'>a</span> <span class='ocrx_word' id='word_1_213' title='bbox 830 2165 1066 2227; x_wconf 88' lang='lat' dir='ltr'>Jacobo</span> <span class='ocrx_word' id='word_1_214' title='bbox 1092 2163 1295 2226; x_wconf 91' lang='lat' dir='ltr'>Tollio</span> <span class='ocrx_word' id='word_1_215' title='bbox 1326 2169 1387 2224; x_wconf 92' lang='lat' dir='ltr'>et</span> <span class='ocrx_word' id='word_1_216' title='bbox 1418 2163 1758 2224; x_wconf 89' lang='lat' dir='ltr'>Muratorio</span> <span class='ocrx_word' id='word_1_217' title='bbox 1791 2168 2058 2242; x_wconf 90' lang='lat' dir='ltr'>utraque</span> <span class='ocrx_word' id='word_1_218' title='bbox 2088 2162 2306 2241; x_wconf 85' lang='lat' dir='ltr'>lingua</span> <span class='ocrx_word' id='word_1_219' title='bbox 2326 2162 2462 2242; x_wconf 90' lang='lat' dir='ltr'>jam</span> <span class='ocrx_word' id='word_1_220' title='bbox 2495 2162 2663 2224; x_wconf 90' lang='lat' dir='ltr'>edita</span> <span class='ocrx_word' id='word_1_221' title='bbox 2693 2164 2959 2238; x_wconf 88' lang='lat' dir='ltr'>fuerant,</span> <span class='ocrx_word' id='word_1_222' title='bbox 2995 2168 3064 2224; x_wconf 86' lang='lat' dir='ltr'>ut</span> <span class='ocrx_word' id='word_1_223' title='bbox 3093 2170 3312 2243; x_wconf 86' lang='lat' dir='ltr'>postea</span> <span class='ocrx_word' id='word_1_224' title='bbox 3339 2164 3637 2226; x_wconf 89' lang='lat' dir='ltr'>dicemus.</span> 
     </span>
    </p>
   </div>
   <div class='ocr_carea' id='block_1_21' title="bbox 1707 2441 2550 2506">
    <p class='ocr_par' dir='ltr' id='par_1_21' title="bbox 1707 2441 2550 2506">
     <span class='ocr_line' id='line_1_21' title="bbox 1707 2441 2550 2506; baseline 0.002 -4"><span class='ocrx_word' id='word_1_225' title='bbox 1707 2442 2018 2504; x_wconf 75' lang='lat' dir='ltr'>Edz&#39;tt&#39;ones</span> <span class='ocrx_word' id='word_1_226' title='bbox 2060 2441 2550 2506; x_wconf 54' lang='lat' dir='ltr'>Gram-Latinae.</span> 
     </span>
    </p>
   </div>
   <div class='ocr_carea' id='block_1_22' title="bbox 497 2672 3818 2755">
    <p class='ocr_par' dir='ltr' id='par_1_22' title="bbox 497 2672 3818 2755">
     <span class='ocr_line' id='line_1_22' title="bbox 497 2672 3818 2755; baseline 0.001 -17"><span class='ocrx_word' id='word_1_227' title='bbox 497 2678 775 2738; x_wconf 90' lang='lat' dir='ltr'>Primum</span> <span class='ocrx_word' id='word_1_228' title='bbox 807 2680 1145 2737; x_wconf 88' lang='lat' dir='ltr'>occurrunt</span> <span class='ocrx_word' id='word_1_229' title='bbox 1199 2673 1480 2752; x_wconf 88' lang='lat' dir='ltr'>Gregorii</span> <span class='ocrx_word' id='word_1_230' title='bbox 1528 2673 1892 2734; x_wconf 89' lang='lat' dir='ltr'>Nezianzeni</span> <span class='ocrx_word' id='word_1_231' title='bbox 1949 2672 2226 2734; x_wconf 88' lang='lat' dir='ltr'>carmina</span> <span class='ocrx_word' id='word_1_232' title='bbox 2283 2674 2361 2734; x_wconf 90' lang='lat' dir='ltr'>ad</span> <span class='ocrx_word' id='word_1_233' title='bbox 2403 2675 2560 2735; x_wconf 88' lang='lat' dir='ltr'>bene</span> <span class='ocrx_word' id='word_1_234' title='bbox 2617 2675 2925 2754; x_wconf 90' lang='lat' dir='ltr'>beateque</span> <span class='ocrx_word' id='word_1_235' title='bbox 2978 2677 3313 2738; x_wconf 87' lang='lat' dir='ltr'>vivendum</span> <span class='ocrx_word' id='word_1_236' title='bbox 3374 2680 3726 2755; x_wconf 90' lang='lat' dir='ltr'>utilissima,</span> <span class='ocrx_word' id='word_1_237' title='bbox 3782 2699 3818 2743; x_wconf 90' lang='lat' dir='ltr'>e</span> 
     </span>
    </p>
   </div>
   <div class='ocr_carea' id='block_1_23' title="bbox 421 2771 3823 2857">
    <p class='ocr_par' dir='ltr' id='par_1_23' title="bbox 421 2771 3823 2857">
     <span class='ocr_line' id='line_1_23' title="bbox 421 2771 3823 2857; baseline 0.001 -21"><span class='ocrx_word' id='word_1_238' title='bbox 421 2779 634 2837; x_wconf 83' lang='lat' dir='ltr'>Graeco</span> <span class='ocrx_word' id='word_1_239' title='bbox 695 2776 759 2834; x_wconf 94' lang='lat' dir='ltr'>in</span> <span class='ocrx_word' id='word_1_240' title='bbox 807 2774 1092 2833; x_wconf 90' lang='lat' dir='ltr'>Latinum</span> <span class='ocrx_word' id='word_1_241' title='bbox 1127 2773 1208 2832; x_wconf 90' lang='lat' dir='ltr'>ad</span> <span class='ocrx_word' id='word_1_242' title='bbox 1238 2773 1498 2832; x_wconf 90' lang='lat' dir='ltr'>verbum</span> <span class='ocrx_word' id='word_1_243' title='bbox 1533 2789 1831 2830; x_wconf 84' lang='lat' dir='ltr'>conversa</span> <span class='ocrx_word' id='word_1_244' title='bbox 1879 2772 1958 2830; x_wconf 90' lang='lat' dir='ltr'>ab</span> <span class='ocrx_word' id='word_1_245' title='bbox 2013 2771 2172 2832; x_wconf 92' lang='lat' dir='ltr'>Aldo</span> <span class='ocrx_word' id='word_1_246' title='bbox 2233 2772 2509 2832; x_wconf 90' lang='lat' dir='ltr'>Manutio</span> <span class='ocrx_word' id='word_1_247' title='bbox 2571 2775 2878 2847; x_wconf 82' lang='lat' dir='ltr'>Romano,</span> <span class='ocrx_word' id='word_1_248' title='bbox 2910 2781 2971 2834; x_wconf 89' lang='lat' dir='ltr'>et</span> <span class='ocrx_word' id='word_1_249' title='bbox 3030 2775 3307 2854; x_wconf 88' lang='lat' dir='ltr'>ejusdem</span> <span class='ocrx_word' id='word_1_250' title='bbox 3363 2777 3530 2857; x_wconf 87' lang='lat' dir='ltr'>typis</span> <span class='ocrx_word' id='word_1_251' title='bbox 3589 2797 3823 2842; x_wconf 85' lang='lat' dir='ltr'>excusa</span> 
     </span>
    </p>
   </div>
   <div class='ocr_carea' id='block_1_24' title="bbox 423 2868 3819 2954">
    <p class='ocr_par' dir='ltr' id='par_1_24' title="bbox 423 2868 3819 2954">
     <span class='ocr_line' id='line_1_24' title="bbox 423 2868 3819 2954; baseline 0.001 -21"><span class='ocrx_word' id='word_1_252' title='bbox 423 2876 636 2935; x_wconf 67' lang='lat' dir='ltr'>Graece</span> <span class='ocrx_word' id='word_1_253' title='bbox 667 2876 728 2931; x_wconf 91' lang='lat' dir='ltr'>et</span> <span class='ocrx_word' id='word_1_254' title='bbox 762 2870 1001 2930; x_wconf 88' lang='lat' dir='ltr'>Latine.</span> <span class='ocrx_word' id='word_1_255' title='bbox 1036 2869 1334 2941; x_wconf 88' lang='lat' dir='ltr'>Venetiis,</span> <span class='ocrx_word' id='word_1_256' title='bbox 1369 2885 1534 2927; x_wconf 90' lang='lat' dir='ltr'>anno</span> <span class='ocrx_word' id='word_1_257' title='bbox 1567 2868 1741 2942; x_wconf 78' lang='lat'>1504,</span> <span class='ocrx_word' id='word_1_258' title='bbox 1781 2868 1960 2926; x_wconf 76' lang='lat' dir='ltr'>in-4°.</span> <span class='ocrx_word' id='word_1_259' title='bbox 1996 2868 2374 2928; x_wconf 89' lang='lat' dir='ltr'>Laudandus</span> <span class='ocrx_word' id='word_1_260' title='bbox 2403 2870 2618 2940; x_wconf 87' lang='lat' dir='ltr'>Aldus,</span> <span class='ocrx_word' id='word_1_261' title='bbox 2655 2871 2763 2950; x_wconf 92' lang='lat' dir='ltr'>qui</span> <span class='ocrx_word' id='word_1_262' title='bbox 2796 2871 3035 2950; x_wconf 89' lang='lat' dir='ltr'>primus</span> <span class='ocrx_word' id='word_1_263' title='bbox 3065 2879 3309 2951; x_wconf 91' lang='lat' dir='ltr'>partem</span> <span class='ocrx_word' id='word_1_264' title='bbox 3359 2874 3636 2954; x_wconf 89' lang='lat' dir='ltr'>aliquam</span> <span class='ocrx_word' id='word_1_265' title='bbox 3670 2877 3819 2937; x_wconf 88' lang='lat' dir='ltr'>Gre-</span> 
     </span>
    </p>
   </div>
   <div class='ocr_carea' id='block_1_25' title="bbox 423 2964 3823 3050">
    <p class='ocr_par' dir='ltr' id='par_1_25' title="bbox 423 2964 3823 3050">
     <span class='ocr_line' id='line_1_25' title="bbox 423 2964 3823 3050; baseline 0.001 -20"><span class='ocrx_word' id='word_1_266' title='bbox 423 2971 582 3050; x_wconf 86' lang='lat' dir='ltr'>gorii</span> <span class='ocrx_word' id='word_1_267' title='bbox 611 2968 962 3029; x_wconf 90' lang='lat' dir='ltr'>carminum</span> <span class='ocrx_word' id='word_1_268' title='bbox 995 2972 1234 3026; x_wconf 88' lang='lat' dir='ltr'>vertere</span> <span class='ocrx_word' id='word_1_269' title='bbox 1265 2965 1567 3037; x_wconf 83' lang='lat' dir='ltr'>tentavit;</span> <span class='ocrx_word' id='word_1_270' title='bbox 1598 2965 1887 3042; x_wconf 91' lang='lat' dir='ltr'>quamvis</span> <span class='ocrx_word' id='word_1_271' title='bbox 1917 2964 2081 3024; x_wconf 92' lang='lat' dir='ltr'>enim</span> <span class='ocrx_word' id='word_1_272' title='bbox 2117 2982 2327 3027; x_wconf 89' lang='lat' dir='ltr'>crassa</span> <span class='ocrx_word' id='word_1_273' title='bbox 2357 2974 2417 3027; x_wconf 92' lang='lat' dir='ltr'>et</span> <span class='ocrx_word' id='word_1_274' title='bbox 2445 2967 2784 3046; x_wconf 88' lang='lat' dir='ltr'>ineleganti</span> <span class='ocrx_word' id='word_1_275' title='bbox 2841 2987 2914 3029; x_wconf 91' lang='lat' dir='ltr'>ea</span> <span class='ocrx_word' id='word_1_276' title='bbox 2961 2976 3127 3032; x_wconf 82' lang='lat' dir='ltr'>veste</span> <span class='ocrx_word' id='word_1_277' title='bbox 3181 2971 3530 3047; x_wconf 87' lang='lat' dir='ltr'>donaverit,</span> <span class='ocrx_word' id='word_1_278' title='bbox 3563 2973 3823 3035; x_wconf 88' lang='lat' dir='ltr'>donavit</span> 
     </span>
    </p>
   </div>
   <div class='ocr_carea' id='block_1_26' title="bbox 422 3064 2739 3144">
    <p class='ocr_par' dir='ltr' id='par_1_26' title="bbox 422 3064 2739 3144">
     <span class='ocr_line' id='line_1_26' title="bbox 422 3064 2739 3144; baseline -0.008 -13"><span class='ocrx_word' id='word_1_279' title='bbox 422 3077 656 3143; x_wconf 90' lang='lat' dir='ltr'>tamen,</span> <span class='ocrx_word' id='word_1_280' title='bbox 691 3075 752 3129; x_wconf 83' lang='lat' dir='ltr'>et</span> <span class='ocrx_word' id='word_1_281' title='bbox 781 3067 919 3127; x_wconf 88' lang='lat' dir='ltr'>aliis</span> <span class='ocrx_word' id='word_1_282' title='bbox 948 3066 1112 3126; x_wconf 87' lang='lat' dir='ltr'>viam</span> <span class='ocrx_word' id='word_1_283' title='bbox 1145 3064 1410 3144; x_wconf 80' lang='lat' dir='ltr'>aperuit.</span> <span class='ocrx_word' id='word_1_284' title='bbox 2735 3088 2739 3096; x_wconf 74' lang='grc' dir='ltr'>ι</span> 
     </span>
    </p>
   </div>
   <div class='ocr_carea' id='block_1_27' title="bbox 507 3162 3823 3248">
    <p class='ocr_par' dir='ltr' id='par_1_27' title="bbox 507 3162 3823 3248">
     <span class='ocr_line' id='line_1_27' title="bbox 507 3162 3823 3248; baseline 0.001 -21"><span class='ocrx_word' id='word_1_285' title='bbox 507 3165 789 3242; x_wconf 88' lang='lat' dir='ltr'>Gregorii</span> <span class='ocrx_word' id='word_1_286' title='bbox 815 3164 1105 3242; x_wconf 58' lang='lat' dir='ltr'>quadam</span> <span class='ocrx_word' id='word_1_287' title='bbox 1156 3168 1218 3223; x_wconf 89' lang='lat' dir='ltr'>et</span> <span class='ocrx_word' id='word_1_288' title='bbox 1272 3167 1489 3223; x_wconf 90' lang='lat' dir='ltr'>sancta</span> <span class='ocrx_word' id='word_1_289' title='bbox 1519 3162 1798 3222; x_wconf 89' lang='lat' dir='ltr'>carmina</span> <span class='ocrx_word' id='word_1_290' title='bbox 1828 3179 1970 3222; x_wconf 89' lang='lat' dir='ltr'>cum</span> <span class='ocrx_word' id='word_1_291' title='bbox 2025 3163 2283 3223; x_wconf 88' lang='lat' dir='ltr'>Joannis</span> <span class='ocrx_word' id='word_1_292' title='bbox 2342 3164 2538 3242; x_wconf 88' lang='lat' dir='ltr'>Langi</span> <span class='ocrx_word' id='word_1_293' title='bbox 2594 3163 2797 3225; x_wconf 90' lang='lat' dir='ltr'>Silesii</span> <span class='ocrx_word' id='word_1_294' title='bbox 2850 3165 3388 3245; x_wconf 87' lang='lat' dir='ltr'>interpretatione,</span> <span class='ocrx_word' id='word_1_295' title='bbox 3421 3174 3482 3228; x_wconf 92' lang='lat' dir='ltr'>et</span> <span class='ocrx_word' id='word_1_296' title='bbox 3543 3170 3823 3248; x_wconf 89' lang='lat' dir='ltr'>ejusdem</span> 
     </span>
    </p>
   </div>
   <div class='ocr_carea' id='block_1_28' title="bbox 415 3259 3822 3342">
    <p class='ocr_par' dir='ltr' id='par_1_28' title="bbox 415 3259 3822 3342">
     <span class='ocr_line' id='line_1_28' title="bbox 415 3259 3822 3342; baseline 0.001 -17"><span class='ocrx_word' id='word_1_297' title='bbox 415 3265 610 3342; x_wconf 91' lang='lat' dir='ltr'>Langi</span> <span class='ocrx_word' id='word_1_298' title='bbox 639 3269 932 3342; x_wconf 87' lang='lat' dir='ltr'>poemata</span> <span class='ocrx_word' id='word_1_299' title='bbox 974 3262 1214 3339; x_wconf 90' lang='lat' dir='ltr'>aliquot</span> <span class='ocrx_word' id='word_1_300' title='bbox 1244 3261 1638 3320; x_wconf 90' lang='lat' dir='ltr'>Christiana:</span> <span class='ocrx_word' id='word_1_301' title='bbox 1675 3259 1951 3333; x_wconf 83' lang='lat' dir='ltr'>Basileae,</span> <span class='ocrx_word' id='word_1_302' title='bbox 1992 3261 2167 3332; x_wconf 87' lang='lat'>1561,</span> <span class='ocrx_word' id='word_1_303' title='bbox 2202 3261 2392 3333; x_wconf 90' lang='lat' dir='ltr'>in-8°,</span> <span class='ocrx_word' id='word_1_304' title='bbox 2427 3279 2539 3338; x_wconf 92' lang='lat' dir='ltr'>per</span> <span class='ocrx_word' id='word_1_305' title='bbox 2565 3262 2870 3322; x_wconf 85' lang='lat' dir='ltr'>Joannem</span> <span class='ocrx_word' id='word_1_306' title='bbox 2903 3264 3271 3341; x_wconf 91' lang='lat' dir='ltr'>Oporinum.</span> <span class='ocrx_word' id='word_1_307' title='bbox 3311 3267 3539 3328; x_wconf 86' lang='lat' dir='ltr'>Versus</span> <span class='ocrx_word' id='word_1_308' title='bbox 3575 3270 3822 3329; x_wconf 87' lang='lat' dir='ltr'>Graecos</span> 
     </span>
    </p>
   </div>
   <div class='ocr_carea' id='block_1_29' title="bbox 418 3357 2499 3435">
    <p class='ocr_par' dir='ltr' id='par_1_29' title="bbox 418 3357 2499 3435">
     <span class='ocr_line' id='line_1_29' title="bbox 418 3357 2499 3435; baseline -0.004 -11"><span class='ocrx_word' id='word_1_309' title='bbox 418 3361 653 3424; x_wconf 88' lang='lat' dir='ltr'>Latinis</span> <span class='ocrx_word' id='word_1_310' title='bbox 686 3360 947 3420; x_wconf 91' lang='lat' dir='ltr'>totidem</span> <span class='ocrx_word' id='word_1_311' title='bbox 981 3359 1259 3418; x_wconf 89' lang='lat' dir='ltr'>versibus</span> <span class='ocrx_word' id='word_1_312' title='bbox 1291 3377 1418 3418; x_wconf 92' lang='lat' dir='ltr'>non</span> <span class='ocrx_word' id='word_1_313' title='bbox 1448 3357 1909 3435; x_wconf 90' lang='lat' dir='ltr'>inelegantibus</span> <span class='ocrx_word' id='word_1_314' title='bbox 1939 3357 2144 3417; x_wconf 90' lang='lat' dir='ltr'>reddit</span> <span class='ocrx_word' id='word_1_315' title='bbox 2172 3357 2499 3435; x_wconf 89' lang='lat' dir='ltr'>interpres.</span> 
     </span>
    </p>
   </div>
   <div class='ocr_carea' id='block_1_30' title="bbox 496 3454 3821 3538">
    <p class='ocr_par' dir='ltr' id='par_1_30' title="bbox 496 3454 3821 3538">
     <span class='ocr_line' id='line_1_30' title="bbox 496 3454 3821 3538; baseline 0.001 -19"><span class='ocrx_word' id='word_1_316' title='bbox 496 3464 677 3519; x_wconf 90' lang='lat' dir='ltr'>Anno</span> <span class='ocrx_word' id='word_1_317' title='bbox 711 3458 884 3528; x_wconf 90' lang='lat'>1568,</span> <span class='ocrx_word' id='word_1_318' title='bbox 923 3456 1225 3515; x_wconf 89' lang='lat' dir='ltr'>Henricus</span> <span class='ocrx_word' id='word_1_319' title='bbox 1256 3455 1614 3532; x_wconf 90' lang='lat' dir='ltr'>Stephanus</span> <span class='ocrx_word' id='word_1_320' title='bbox 1650 3456 1714 3513; x_wconf 89' lang='lat' dir='ltr'>in</span> <span class='ocrx_word' id='word_1_321' title='bbox 1773 3455 1977 3514; x_wconf 90' lang='lat' dir='ltr'>lucem</span> <span class='ocrx_word' id='word_1_322' title='bbox 2035 3454 2262 3526; x_wconf 90' lang='lat' dir='ltr'>emisit,</span> <span class='ocrx_word' id='word_1_323' title='bbox 2298 3472 2443 3514; x_wconf 89' lang='lat' dir='ltr'>cum</span> <span class='ocrx_word' id='word_1_324' title='bbox 2503 3455 2747 3533; x_wconf 90' lang='lat' dir='ltr'>Synesii</span> <span class='ocrx_word' id='word_1_325' title='bbox 2804 3456 3077 3534; x_wconf 88' lang='lat' dir='ltr'>hymnis,</span> <span class='ocrx_word' id='word_1_326' title='bbox 3113 3459 3394 3538; x_wconf 89' lang='lat' dir='ltr'>Gregorii</span> <span class='ocrx_word' id='word_1_327' title='bbox 3449 3461 3821 3522; x_wconf 88' lang='lat' dir='ltr'>Nazianzeni</span> 
     </span>
    </p>
   </div>
   <div class='ocr_carea' id='block_1_31' title="bbox 421 3550 3563 3638">
    <p class='ocr_par' dir='ltr' id='par_1_31' title="bbox 421 3550 3563 3638">
     <span class='ocr_line' id='line_1_31' title="bbox 421 3550 3563 3638; baseline 0.001 -23"><span class='ocrx_word' id='word_1_328' title='bbox 421 3557 574 3616; x_wconf 91' lang='lat' dir='ltr'>odas</span> <span class='ocrx_word' id='word_1_329' title='bbox 606 3555 847 3632; x_wconf 88' lang='lat' dir='ltr'>aliquot</span> <span class='ocrx_word' id='word_1_330' title='bbox 877 3556 1089 3614; x_wconf 70' lang='lat' dir='ltr'>Graece</span> <span class='ocrx_word' id='word_1_331' title='bbox 1117 3558 1178 3612; x_wconf 91' lang='lat' dir='ltr'>et</span> <span class='ocrx_word' id='word_1_332' title='bbox 1209 3551 1446 3624; x_wconf 90' lang='lat' dir='ltr'>Latine,</span> <span class='ocrx_word' id='word_1_333' title='bbox 1483 3569 1557 3610; x_wconf 87' lang='lat' dir='ltr'>ex</span> <span class='ocrx_word' id='word_1_334' title='bbox 1589 3552 1870 3610; x_wconf 89' lang='lat' dir='ltr'>versione</span> <span class='ocrx_word' id='word_1_335' title='bbox 1900 3557 1961 3609; x_wconf 91' lang='lat' dir='ltr'>et</span> <span class='ocrx_word' id='word_1_336' title='bbox 1991 3569 2132 3610; x_wconf 92' lang='lat' dir='ltr'>cum</span> <span class='ocrx_word' id='word_1_337' title='bbox 2163 3550 2327 3610; x_wconf 90' lang='lat' dir='ltr'>notis</span> <span class='ocrx_word' id='word_1_338' title='bbox 2356 3552 2668 3612; x_wconf 89' lang='lat' dir='ltr'>Francisci</span> <span class='ocrx_word' id='word_1_339' title='bbox 2701 3553 2906 3613; x_wconf 90' lang='lat' dir='ltr'>Porti:</span> <span class='ocrx_word' id='word_1_340' title='bbox 2943 3555 3216 3630; x_wconf 89' lang='lat' dir='ltr'>Parisiis,</span> <span class='ocrx_word' id='word_1_341' title='bbox 3247 3555 3425 3617; x_wconf 77' lang='lat' dir='ltr'>in-24</span> <span class='ocrx_word' id='word_1_342' title='bbox 3459 3557 3563 3638; x_wconf 89' lang='lat' dir='ltr'>(a).</span> 
     </span>
    </p>
   </div>
   <div class='ocr_carea' id='block_1_32' title="bbox 502 3647 3823 3726">
    <p class='ocr_par' dir='ltr' id='par_1_32' title="bbox 502 3647 3823 3726">
     <span class='ocr_line' id='line_1_32' title="bbox 502 3647 3823 3726; baseline 0.002 -15"><span class='ocrx_word' id='word_1_343' title='bbox 502 3652 732 3712; x_wconf 90' lang='lat' dir='ltr'>lbidem</span> <span class='ocrx_word' id='word_1_344' title='bbox 763 3669 927 3710; x_wconf 90' lang='lat' dir='ltr'>anno</span> <span class='ocrx_word' id='word_1_345' title='bbox 965 3651 1135 3722; x_wconf 81' lang='lat'>1570,</span> <span class='ocrx_word' id='word_1_346' title='bbox 1170 3650 1442 3708; x_wconf 91' lang='lat' dir='ltr'>Joannes</span> <span class='ocrx_word' id='word_1_347' title='bbox 1471 3649 1824 3707; x_wconf 90' lang='lat' dir='ltr'>Benenatus</span> <span class='ocrx_word' id='word_1_348' title='bbox 1883 3647 2164 3724; x_wconf 90' lang='lat' dir='ltr'>vulgavit</span> <span class='ocrx_word' id='word_1_349' title='bbox 2195 3649 2475 3726; x_wconf 90' lang='lat' dir='ltr'>Gregorii</span> <span class='ocrx_word' id='word_1_350' title='bbox 2523 3649 2890 3709; x_wconf 84' lang='lat' dir='ltr'>Nazianzeni</span> <span class='ocrx_word' id='word_1_351' title='bbox 2941 3651 3095 3711; x_wconf 86' lang='lat' dir='ltr'>odas</span> <span class='ocrx_word' id='word_1_352' title='bbox 3153 3654 3387 3726; x_wconf 66' lang='lat' dir='ltr'>Graece,</span> <span class='ocrx_word' id='word_1_353' title='bbox 3425 3672 3566 3713; x_wconf 91' lang='lat' dir='ltr'>cum</span> <span class='ocrx_word' id='word_1_354' title='bbox 3601 3657 3823 3716; x_wconf 90' lang='lat' dir='ltr'>Latina</span> 
     </span>
    </p>
   </div>
   <div class='ocr_carea' id='block_1_33' title="bbox 418 3743 3820 3824">
    <p class='ocr_par' dir='ltr' id='par_1_33' title="bbox 418 3743 3820 3824">
     <span class='ocr_line' id='line_1_33' title="bbox 418 3743 3820 3824; baseline 0.001 -16"><span class='ocrx_word' id='word_1_355' title='bbox 418 3749 722 3821; x_wconf 86' lang='lat' dir='ltr'>versione,</span> <span class='ocrx_word' id='word_1_356' title='bbox 755 3747 908 3806; x_wconf 89' lang='lat' dir='ltr'>in-8°</span> <span class='ocrx_word' id='word_1_357' title='bbox 943 3745 1042 3824; x_wconf 76' lang='grc' dir='ltr'>(ὁ).</span> <span class='ocrx_word' id='word_1_358' title='bbox 1078 3745 1337 3812; x_wconf 88' lang='lat' dir='ltr'>lbidem.</span> <span class='ocrx_word' id='word_1_359' title='bbox 1372 3744 1651 3822; x_wconf 90' lang='lat' dir='ltr'>Gregorii</span> <span class='ocrx_word' id='word_1_360' title='bbox 1685 3744 2055 3803; x_wconf 89' lang='lat' dir='ltr'>Nazianzeni</span> <span class='ocrx_word' id='word_1_361' title='bbox 2085 3743 2221 3803; x_wconf 71' lang='lat' dir='ltr'>odze</span> <span class='ocrx_word' id='word_1_362' title='bbox 2255 3745 2496 3822; x_wconf 87' lang='lat' dir='ltr'>aliquot</span> <span class='ocrx_word' id='word_1_363' title='bbox 2523 3747 2732 3806; x_wconf 81' lang='lat' dir='ltr'>Graece</span> <span class='ocrx_word' id='word_1_364' title='bbox 2764 3751 2826 3806; x_wconf 88' lang='lat' dir='ltr'>et</span> <span class='ocrx_word' id='word_1_365' title='bbox 2857 3748 3096 3821; x_wconf 89' lang='lat' dir='ltr'>Latine,</span> <span class='ocrx_word' id='word_1_366' title='bbox 3132 3767 3210 3809; x_wconf 86' lang='lat' dir='ltr'>ex</span> <span class='ocrx_word' id='word_1_367' title='bbox 3258 3751 3544 3811; x_wconf 91' lang='lat' dir='ltr'>versione</span> <span class='ocrx_word' id='word_1_368' title='bbox 3591 3757 3820 3812; x_wconf 90' lang='lat' dir='ltr'>etcum</span> 
     </span>
    </p>
   </div>
   <div class='ocr_carea' id='block_1_34' title="bbox 419 3842 2649 3922">
    <p class='ocr_par' dir='ltr' id='par_1_34' title="bbox 419 3842 2649 3922">
     <span class='ocr_line' id='line_1_34' title="bbox 419 3842 2649 3922; baseline -0.001 -16"><span class='ocrx_word' id='word_1_369' title='bbox 419 3848 582 3908; x_wconf 90' lang='lat' dir='ltr'>notis</span> <span class='ocrx_word' id='word_1_370' title='bbox 612 3844 924 3905; x_wconf 88' lang='lat' dir='ltr'>Franscici</span> <span class='ocrx_word' id='word_1_371' title='bbox 953 3845 1150 3917; x_wconf 89' lang='lat' dir='ltr'>Porti,</span> <span class='ocrx_word' id='word_1_372' title='bbox 1183 3843 1354 3921; x_wconf 87' lang='lat' dir='ltr'>apud</span> <span class='ocrx_word' id='word_1_373' title='bbox 1385 3842 1714 3903; x_wconf 89' lang='lat' dir='ltr'>Claudium</span> <span class='ocrx_word' id='word_1_374' title='bbox 1749 3842 2098 3914; x_wconf 89' lang='lat' dir='ltr'>Morellum,</span> <span class='ocrx_word' id='word_1_375' title='bbox 2138 3844 2316 3906; x_wconf 84' lang='lat'>16-18.</span> <span class='ocrx_word' id='word_1_376' title='bbox 2342 3843 2522 3901; x_wconf 32' lang='lat' dir='ltr'>in-2‘1</span> <span class='ocrx_word' id='word_1_377' title='bbox 2552 3843 2649 3922; x_wconf 88' lang='lat' dir='ltr'>(c).</span> 
     </span>
    </p>
   </div>
   <div class='ocr_carea' id='block_1_35' title="bbox 499 3937 3822 4024">
    <p class='ocr_par' dir='ltr' id='par_1_35' title="bbox 499 3937 3822 4024">
     <span class='ocr_line' id='line_1_35' title="bbox 499 3937 3822 4024; baseline 0.001 -21"><span class='ocrx_word' id='word_1_378' title='bbox 499 3941 814 4021; x_wconf 89' lang='lat' dir='ltr'>Opuscula</span> <span class='ocrx_word' id='word_1_379' title='bbox 845 3939 1135 4018; x_wconf 65' lang='lat' dir='ltr'>quaedam</span> <span class='ocrx_word' id='word_1_380' title='bbox 1171 3945 1320 3999; x_wconf 91' lang='lat' dir='ltr'>tunc</span> <span class='ocrx_word' id='word_1_381' title='bbox 1351 3937 1623 4017; x_wconf 90' lang='lat' dir='ltr'>primum</span> <span class='ocrx_word' id='word_1_382' title='bbox 1656 3938 1718 3996; x_wconf 90' lang='lat' dir='ltr'>in</span> <span class='ocrx_word' id='word_1_383' title='bbox 1750 3939 1949 3997; x_wconf 90' lang='lat' dir='ltr'>lucem</span> <span class='ocrx_word' id='word_1_384' title='bbox 1993 3939 2179 4012; x_wconf 92' lang='lat' dir='ltr'>edita,</span> <span class='ocrx_word' id='word_1_385' title='bbox 2217 3940 2467 4017; x_wconf 90' lang='lat' dir='ltr'>aliaque</span> <span class='ocrx_word' id='word_1_386' title='bbox 2513 3939 2662 3999; x_wconf 90' lang='lat' dir='ltr'>item</span> <span class='ocrx_word' id='word_1_387' title='bbox 2717 3942 2996 4001; x_wconf 88' lang='lat' dir='ltr'>versibus</span> <span class='ocrx_word' id='word_1_388' title='bbox 3042 3943 3306 4016; x_wconf 90' lang='lat' dir='ltr'>reddita,</span> <span class='ocrx_word' id='word_1_389' title='bbox 3342 3962 3695 4024; x_wconf 90' lang='lat' dir='ltr'>magnaque</span> <span class='ocrx_word' id='word_1_390' title='bbox 3745 3965 3822 4007; x_wconf 82' lang='lat' dir='ltr'>ex</span> 
     </span>
    </p>
   </div>
   <div class='ocr_carea' id='block_1_36' title="bbox 419 4036 3822 4118">
    <p class='ocr_par' dir='ltr' id='par_1_36' title="bbox 419 4036 3822 4118">
     <span class='ocr_line' id='line_1_36' title="bbox 419 4036 3822 4118; baseline 0.001 -19"><span class='ocrx_word' id='word_1_391' title='bbox 419 4046 598 4118; x_wconf 91' lang='lat' dir='ltr'>parte</span> <span class='ocrx_word' id='word_1_392' title='bbox 628 4039 769 4118; x_wconf 89' lang='lat' dir='ltr'>Cyri</span> <span class='ocrx_word' id='word_1_393' title='bbox 800 4038 1218 4116; x_wconf 82' lang='lat' dir='ltr'>Dadybrensis</span> <span class='ocrx_word' id='word_1_394' title='bbox 1249 4037 1525 4115; x_wconf 89' lang='lat' dir='ltr'>episcopi</span> <span class='ocrx_word' id='word_1_395' title='bbox 1556 4036 2022 4096; x_wconf 89' lang='lat' dir='ltr'>commentariis</span> <span class='ocrx_word' id='word_1_396' title='bbox 2053 4037 2386 4109; x_wconf 88' lang='lat' dir='ltr'>illustrata,</span> <span class='ocrx_word' id='word_1_397' title='bbox 2426 4056 2566 4096; x_wconf 92' lang='lat' dir='ltr'>cum</span> <span class='ocrx_word' id='word_1_398' title='bbox 2599 4038 2833 4116; x_wconf 69' lang='lat' dir='ltr'>praevia</span> <span class='ocrx_word' id='word_1_399' title='bbox 2864 4040 3128 4118; x_wconf 89' lang='lat' dir='ltr'>epistola</span> <span class='ocrx_word' id='word_1_400' title='bbox 3169 4042 3246 4101; x_wconf 93' lang='lat' dir='ltr'>ad</span> <span class='ocrx_word' id='word_1_401' title='bbox 3280 4043 3658 4103; x_wconf 90' lang='lat' dir='ltr'>cardinalem</span> <span class='ocrx_word' id='word_1_402' title='bbox 3692 4044 3822 4104; x_wconf 89' lang='lat' dir='ltr'>Sir—</span> 
     </span>
    </p>
   </div>
   <div class='ocr_carea' id='block_1_37' title="bbox 418 4134 3232 4214">
    <p class='ocr_par' dir='ltr' id='par_1_37' title="bbox 418 4134 3232 4214">
     <span class='ocr_line' id='line_1_37' title="bbox 418 4134 3232 4214; baseline 0.001 -17"><span class='ocrx_word' id='word_1_403' title='bbox 418 4139 636 4210; x_wconf 90' lang='lat' dir='ltr'>letum,</span> <span class='ocrx_word' id='word_1_404' title='bbox 671 4137 1012 4213; x_wconf 90' lang='lat' dir='ltr'>interprete</span> <span class='ocrx_word' id='word_1_405' title='bbox 1040 4136 1278 4196; x_wconf 87' lang='lat' dir='ltr'>Jacobo</span> <span class='ocrx_word' id='word_1_406' title='bbox 1309 4134 1512 4207; x_wconf 83' lang='lat' dir='ltr'>Billio,</span> <span class='ocrx_word' id='word_1_407' title='bbox 1548 4135 1734 4207; x_wconf 89' lang='lat' dir='ltr'>in-8°,</span> <span class='ocrx_word' id='word_1_408' title='bbox 1774 4136 1950 4208; x_wconf 84' lang='lat'>1575,</span> <span class='ocrx_word' id='word_1_409' title='bbox 1981 4135 2254 4208; x_wconf 86' lang='lat' dir='ltr'>Parisiis,</span> <span class='ocrx_word' id='word_1_410' title='bbox 2287 4136 2453 4214; x_wconf 90' lang='lat' dir='ltr'>apud</span> <span class='ocrx_word' id='word_1_411' title='bbox 2484 4137 2793 4197; x_wconf 90' lang='lat' dir='ltr'>Joannem</span> <span class='ocrx_word' id='word_1_412' title='bbox 2825 4138 3232 4199; x_wconf 89' lang='lat' dir='ltr'>Benenatum.</span> 
     </span>
    </p>
   </div>
   <div class='ocr_carea' id='block_1_38' title="bbox 511 4233 3823 4314">
    <p class='ocr_par' dir='ltr' id='par_1_38' title="bbox 511 4233 3823 4314">
     <span class='ocr_line' id='line_1_38' title="bbox 511 4233 3823 4314; baseline 0.002 -21"><span class='ocrx_word' id='word_1_413' title='bbox 511 4238 690 4294; x_wconf 89' lang='lat' dir='ltr'>Anno</span> <span class='ocrx_word' id='word_1_414' title='bbox 727 4236 900 4304; x_wconf 74' lang='grc'>1582,</span> <span class='ocrx_word' id='word_1_415' title='bbox 935 4233 1157 4309; x_wconf 65' lang='lat' dir='ltr'>Lipsiaa</span> <span class='ocrx_word' id='word_1_416' title='bbox 1191 4234 1354 4310; x_wconf 88' lang='lat' dir='ltr'>typis</span> <span class='ocrx_word' id='word_1_417' title='bbox 1382 4234 1640 4293; x_wconf 89' lang='lat' dir='ltr'>Joannis</span> <span class='ocrx_word' id='word_1_418' title='bbox 1672 4233 1948 4293; x_wconf 89' lang='lat' dir='ltr'>Steiman</span> <span class='ocrx_word' id='word_1_419' title='bbox 1984 4233 2212 4312; x_wconf 88' lang='lat' dir='ltr'>prodiit</span> <span class='ocrx_word' id='word_1_420' title='bbox 2243 4234 2397 4295; x_wconf 77' lang='lat' dir='ltr'>iii-8°</span> <span class='ocrx_word' id='word_1_421' title='bbox 2429 4233 2535 4314; x_wconf 88' lang='lat' dir='ltr'>(d),</span> <span class='ocrx_word' id='word_1_422' title='bbox 2571 4235 2772 4294; x_wconf 88' lang='lat' dir='ltr'>oratio</span> <span class='ocrx_word' id='word_1_423' title='bbox 2825 4237 3104 4314; x_wconf 89' lang='lat' dir='ltr'>Gregorii</span> <span class='ocrx_word' id='word_1_424' title='bbox 3135 4238 3498 4298; x_wconf 85' lang='lat' dir='ltr'>Nazianzeni</span> <span class='ocrx_word' id='word_1_425' title='bbox 3551 4237 3640 4298; x_wconf 85' lang='lat' dir='ltr'>De</span> <span class='ocrx_word' id='word_1_426' title='bbox 3673 4237 3823 4299; x_wconf 87' lang='lat' dir='ltr'>Pen-</span> 
     </span>
    </p>
   </div>
   <div class='ocr_carea' id='block_1_39' title="bbox 429 4328 2803 4399">
    <p class='ocr_par' dir='ltr' id='par_1_39' title="bbox 429 4328 2803 4399">
     <span class='ocr_line' id='line_1_39' title="bbox 429 4328 2803 4399; baseline -0.001 -8"><span class='ocrx_word' id='word_1_427' title='bbox 429 4341 630 4391; x_wconf 83' lang='lat' dir='ltr'>tecoste</span> <span class='ocrx_word' id='word_1_428' title='bbox 660 4333 870 4388; x_wconf 68' lang='lat' dir='ltr'>Greece</span> <span class='ocrx_word' id='word_1_429' title='bbox 901 4332 962 4387; x_wconf 90' lang='lat' dir='ltr'>et</span> <span class='ocrx_word' id='word_1_430' title='bbox 991 4328 1229 4399; x_wconf 89' lang='lat' dir='ltr'>Latine,</span> <span class='ocrx_word' id='word_1_431' title='bbox 1263 4347 1338 4388; x_wconf 86' lang='lat' dir='ltr'>ex</span> <span class='ocrx_word' id='word_1_432' title='bbox 1369 4330 1639 4388; x_wconf 91' lang='lat' dir='ltr'>editione</span> <span class='ocrx_word' id='word_1_433' title='bbox 1669 4335 1732 4388; x_wconf 92' lang='lat' dir='ltr'>et</span> <span class='ocrx_word' id='word_1_434' title='bbox 1760 4348 1900 4389; x_wconf 91' lang='lat' dir='ltr'>cum</span> <span class='ocrx_word' id='word_1_435' title='bbox 1935 4330 2187 4388; x_wconf 90' lang='lat' dir='ltr'>scholiis</span> <span class='ocrx_word' id='word_1_436' title='bbox 2217 4330 2478 4390; x_wconf 78' lang='lat' dir='ltr'>Mattliei</span> <span class='ocrx_word' id='word_1_437' title='bbox 2509 4330 2803 4390; x_wconf 87' lang='lat' dir='ltr'>Dresseri.</span> 
     </span>
    </p>
   </div>
   <div class='ocr_carea' id='block_1_40' title="bbox 503 4424 3828 4501">
    <p class='ocr_par' dir='ltr' id='par_1_40' title="bbox 503 4424 3828 4501">
     <span class='ocr_line' id='line_1_40' title="bbox 503 4424 3828 4501; baseline 0.002 -16"><span class='ocrx_word' id='word_1_438' title='bbox 503 4430 682 4486; x_wconf 90' lang='lat' dir='ltr'>Anno</span> <span class='ocrx_word' id='word_1_439' title='bbox 715 4425 891 4494; x_wconf 88' lang='lat'>1591,</span> <span class='ocrx_word' id='word_1_440' title='bbox 929 4426 994 4485; x_wconf 94' lang='lat' dir='ltr'>S.</span> <span class='ocrx_word' id='word_1_441' title='bbox 1028 4424 1309 4500; x_wconf 89' lang='lat' dir='ltr'>Gregorii</span> <span class='ocrx_word' id='word_1_442' title='bbox 1342 4424 1713 4484; x_wconf 87' lang='lat' dir='ltr'>Nazianzeni</span> <span class='ocrx_word' id='word_1_443' title='bbox 1760 4425 2151 4484; x_wconf 84' lang='lat' dir='ltr'>deﬁnitiones</span> <span class='ocrx_word' id='word_1_444' title='bbox 2203 4443 2410 4484; x_wconf 89' lang='lat' dir='ltr'>rerum</span> <span class='ocrx_word' id='word_1_445' title='bbox 2460 4425 2772 4501; x_wconf 88' lang='lat' dir='ltr'>simplices</span> <span class='ocrx_word' id='word_1_446' title='bbox 2819 4426 3042 4486; x_wconf 87' lang='lat' dir='ltr'>incerti</span> <span class='ocrx_word' id='word_1_447' title='bbox 3091 4429 3388 4501; x_wconf 90' lang='lat' dir='ltr'>auctoris,</span> <span class='ocrx_word' id='word_1_448' title='bbox 3443 4436 3507 4491; x_wconf 89' lang='lat' dir='ltr'>et</span> <span class='ocrx_word' id='word_1_449' title='bbox 3571 4432 3828 4492; x_wconf 86' lang='lat' dir='ltr'>Maximi</span> 
     </span>
    </p>
   </div>
   <div class='ocr_carea' id='block_1_41' title="bbox 424 4521 3825 4595">
    <p class='ocr_par' dir='ltr' id='par_1_41' title="bbox 424 4521 3825 4595">
     <span class='ocr_line' id='line_1_41' title="bbox 424 4521 3825 4595; baseline -0 -11"><span class='ocrx_word' id='word_1_450' title='bbox 424 4523 717 4586; x_wconf 91' lang='lat' dir='ltr'>monachi</span> <span class='ocrx_word' id='word_1_451' title='bbox 747 4522 1163 4594; x_wconf 80' lang='lat' dir='ltr'>definitiones,</span> <span class='ocrx_word' id='word_1_452' title='bbox 1199 4524 1408 4582; x_wconf 64' lang='lat' dir='ltr'>Graece</span> <span class='ocrx_word' id='word_1_453' title='bbox 1438 4527 1499 4580; x_wconf 92' lang='lat' dir='ltr'>et</span> <span class='ocrx_word' id='word_1_454' title='bbox 1528 4521 1744 4581; x_wconf 90' lang='lat' dir='ltr'>Latine</span> <span class='ocrx_word' id='word_1_455' title='bbox 1775 4540 1850 4581; x_wconf 85' lang='lat' dir='ltr'>ex</span> <span class='ocrx_word' id='word_1_456' title='bbox 1882 4522 2162 4580; x_wconf 86' lang='lat' dir='ltr'>versione</span> <span class='ocrx_word' id='word_1_457' title='bbox 2194 4522 2455 4580; x_wconf 90' lang='lat' dir='ltr'>Joannis</span> <span class='ocrx_word' id='word_1_458' title='bbox 2487 4521 2911 4595; x_wconf 85' lang='lat' dir='ltr'>Leuvenklaii,</span> <span class='ocrx_word' id='word_1_459' title='bbox 2948 4543 3022 4584; x_wconf 85' lang='lat' dir='ltr'>ex</span> <span class='ocrx_word' id='word_1_460' title='bbox 3055 4524 3326 4586; x_wconf 88' lang='lat' dir='ltr'>editione</span> <span class='ocrx_word' id='word_1_461' title='bbox 3358 4532 3422 4587; x_wconf 89' lang='lat' dir='ltr'>et</span> <span class='ocrx_word' id='word_1_462' title='bbox 3467 4546 3610 4588; x_wconf 88' lang='lat' dir='ltr'>cum</span> <span class='ocrx_word' id='word_1_463' title='bbox 3661 4531 3825 4590; x_wconf 78' lang='lat' dir='ltr'>notis</span> 
     </span>
    </p>
   </div>
   <div class='ocr_carea' id='block_1_42' title="bbox 418 4618 2783 4698">
    <p class='ocr_par' dir='ltr' id='par_1_42' title="bbox 418 4618 2783 4698">
     <span class='ocr_line' id='line_1_42' title="bbox 418 4618 2783 4698; baseline -0.002 -15"><span class='ocrx_word' id='word_1_464' title='bbox 418 4621 671 4684; x_wconf 88' lang='lat' dir='ltr'>Davidis</span> <span class='ocrx_word' id='word_1_465' title='bbox 702 4620 1073 4681; x_wconf 70' lang='lat' dir='ltr'>Hmschelii:</span> <span class='ocrx_word' id='word_1_466' title='bbox 1111 4619 1560 4697; x_wconf 67' lang='lat' dir='ltr'>Heidelbergaa,</span> <span class='ocrx_word' id='word_1_467' title='bbox 1595 4638 1664 4679; x_wconf 80' lang='lat' dir='ltr'>ex</span> <span class='ocrx_word' id='word_1_468' title='bbox 1700 4619 1952 4678; x_wconf 80' lang='lat' dir='ltr'>ofﬁcina</span> <span class='ocrx_word' id='word_1_469' title='bbox 1983 4619 2465 4678; x_wconf 87' lang='lat' dir='ltr'>Santandreana</span> <span class='ocrx_word' id='word_1_470' title='bbox 2496 4619 2650 4677; x_wconf 86' lang='lat' dir='ltr'>in-8°</span> <span class='ocrx_word' id='word_1_471' title='bbox 2683 4618 2783 4698; x_wconf 79' lang='grc' dir='ltr'>(θ).</span> 
     </span>
    </p>
   </div>
   <div class='ocr_carea' id='block_1_43' title="bbox 495 4715 3815 4796">
    <p class='ocr_par' dir='ltr' id='par_1_43' title="bbox 495 4715 3815 4796">
     <span class='ocr_line' id='line_1_43' title="bbox 495 4715 3815 4796; baseline 0.002 -18"><span class='ocrx_word' id='word_1_472' title='bbox 495 4723 674 4779; x_wconf 91' lang='lat' dir='ltr'>Anno</span> <span class='ocrx_word' id='word_1_473' title='bbox 708 4720 882 4790; x_wconf 85' lang='lat'>1596,</span> <span class='ocrx_word' id='word_1_474' title='bbox 919 4717 1120 4776; x_wconf 88' lang='lat' dir='ltr'>Nonni</span> <span class='ocrx_word' id='word_1_475' title='bbox 1180 4717 1686 4794; x_wconf 88' lang='lat' dir='ltr'>Panopolitani...</span> <span class='ocrx_word' id='word_1_476' title='bbox 1722 4722 1781 4775; x_wconf 91' lang='lat' dir='ltr'>et</span> <span class='ocrx_word' id='word_1_477' title='bbox 1831 4717 1894 4776; x_wconf 91' lang='lat' dir='ltr'>S.</span> <span class='ocrx_word' id='word_1_478' title='bbox 1932 4715 2222 4792; x_wconf 91' lang='lat' dir='ltr'>Gregorri</span> <span class='ocrx_word' id='word_1_479' title='bbox 2272 4716 2637 4775; x_wconf 84' lang='lat' dir='ltr'>Nazianzeni</span> <span class='ocrx_word' id='word_1_480' title='bbox 2681 4716 3072 4790; x_wconf 89' lang='lat' dir='ltr'>tetrasticha,</span> <span class='ocrx_word' id='word_1_481' title='bbox 3128 4720 3418 4796; x_wconf 88' lang='lat' dir='ltr'>disticha,</span> <span class='ocrx_word' id='word_1_482' title='bbox 3468 4724 3815 4784; x_wconf 85' lang='lat' dir='ltr'>monastica</span> 
     </span>
    </p>
   </div>
   <div class='ocr_carea' id='block_1_44' title="bbox 417 4812 3820 4898">
    <p class='ocr_par' dir='ltr' id='par_1_44' title="bbox 417 4812 3820 4898">
     <span class='ocr_line' id='line_1_44' title="bbox 417 4812 3820 4898; baseline 0.001 -20"><span class='ocrx_word' id='word_1_483' title='bbox 417 4816 699 4878; x_wconf 89' lang='lat' dir='ltr'>carmina</span> <span class='ocrx_word' id='word_1_484' title='bbox 728 4834 869 4875; x_wconf 91' lang='lat' dir='ltr'>cum</span> <span class='ocrx_word' id='word_1_485' title='bbox 904 4815 1185 4874; x_wconf 88' lang='lat' dir='ltr'>versione</span> <span class='ocrx_word' id='word_1_486' title='bbox 1215 4815 1437 4873; x_wconf 90' lang='lat' dir='ltr'>Latina</span> <span class='ocrx_word' id='word_1_487' title='bbox 1467 4833 1498 4874; x_wconf 91' lang='lat' dir='ltr'>e</span> <span class='ocrx_word' id='word_1_488' title='bbox 1531 4813 1804 4891; x_wconf 88' lang='lat' dir='ltr'>regione,</span> <span class='ocrx_word' id='word_1_489' title='bbox 1841 4831 1916 4872; x_wconf 86' lang='lat' dir='ltr'>ex</span> <span class='ocrx_word' id='word_1_490' title='bbox 1939 4812 2456 4890; x_wconf 88' lang='lat' dir='ltr'>interpretatione</span> <span class='ocrx_word' id='word_1_491' title='bbox 2487 4813 2753 4873; x_wconf 86' lang='lat' dir='ltr'>Erhardi</span> <span class='ocrx_word' id='word_1_492' title='bbox 2777 4814 3145 4875; x_wconf 88' lang='lat' dir='ltr'>Hedeneccii</span> <span class='ocrx_word' id='word_1_493' title='bbox 3173 4833 3184 4875; x_wconf 94' lang='lat'><strong>:</strong></span> <span class='ocrx_word' id='word_1_494' title='bbox 3218 4818 3475 4877; x_wconf 75' lang='lat' dir='ltr'>Basileae</span> <span class='ocrx_word' id='word_1_495' title='bbox 3525 4820 3602 4880; x_wconf 90' lang='lat' dir='ltr'>ad</span> <span class='ocrx_word' id='word_1_496' title='bbox 3635 4823 3820 4898; x_wconf 89' lang='lat' dir='ltr'>Lecy-</span> 
     </span>
    </p>
   </div>
   <div class='ocr_carea' id='block_1_45' title="bbox 418 4911 1512 4988">
    <p class='ocr_par' dir='ltr' id='par_1_45' title="bbox 418 4911 1512 4988">
     <span class='ocr_line' id='line_1_45' title="bbox 418 4911 1512 4988; baseline -0.004 -15"><span class='ocrx_word' id='word_1_497' title='bbox 418 4915 596 4973; x_wconf 88' lang='lat' dir='ltr'>thum</span> <span class='ocrx_word' id='word_1_498' title='bbox 628 4911 1215 4980; x_wconf 81' lang='lat' dir='ltr'>Valdkircliianum,</span> <span class='ocrx_word' id='word_1_499' title='bbox 1251 4911 1378 4970; x_wconf 89' lang='lat' dir='ltr'>in-8</span> <span class='ocrx_word' id='word_1_500' title='bbox 1413 4911 1512 4988; x_wconf 68' lang='grc' dir='ltr'>(ί).</span> 
     </span>
    </p>
   </div>
   <div class='ocr_carea' id='block_1_46' title="bbox 496 5006 3814 5086">
    <p class='ocr_par' dir='ltr' id='par_1_46' title="bbox 496 5006 3814 5086">
     <span class='ocr_line' id='line_1_46' title="bbox 496 5006 3814 5086; baseline 0.001 -16"><span class='ocrx_word' id='word_1_501' title='bbox 496 5015 675 5070; x_wconf 89' lang='lat' dir='ltr'>Anno</span> <span class='ocrx_word' id='word_1_502' title='bbox 710 5011 885 5078; x_wconf 87' lang='lat'>1608,</span> <span class='ocrx_word' id='word_1_503' title='bbox 919 5009 1199 5085; x_wconf 88' lang='lat' dir='ltr'>Gregorii</span> <span class='ocrx_word' id='word_1_504' title='bbox 1230 5007 1598 5067; x_wconf 87' lang='lat' dir='ltr'>Nazianzeni</span> <span class='ocrx_word' id='word_1_505' title='bbox 1651 5006 2004 5078; x_wconf 73' lang='lat' dir='ltr'>Threnodz&#39;a,</span> <span class='ocrx_word' id='word_1_506' title='bbox 2041 5025 2148 5066; x_wconf 91' lang='lat' dir='ltr'>seu</span> <span class='ocrx_word' id='word_1_507' title='bbox 2199 5007 2557 5084; x_wconf 89' lang='lat' dir='ltr'>poemation</span> <span class='ocrx_word' id='word_1_508' title='bbox 2608 5007 2958 5086; x_wconf 91' lang='lat' dir='ltr'>elegiacum</span> <span class='ocrx_word' id='word_1_509' title='bbox 3009 5009 3087 5069; x_wconf 89' lang='lat' dir='ltr'>de</span> <span class='ocrx_word' id='word_1_510' title='bbox 3132 5010 3326 5071; x_wconf 90' lang='lat' dir='ltr'>animi</span> <span class='ocrx_word' id='word_1_511' title='bbox 3360 5011 3455 5071; x_wconf 90' lang='lat' dir='ltr'>sui</span> <span class='ocrx_word' id='word_1_512' title='bbox 3485 5012 3814 5073; x_wconf 76' lang='lat' dir='ltr'>affectibus</span> 
     </span>
    </p>
   </div>
   <div class='ocr_carea' id='block_1_47' title="bbox 415 5103 2812 5181">
    <p class='ocr_par' dir='ltr' id='par_1_47' title="bbox 415 5103 2812 5181">
     <span class='ocr_line' id='line_1_47' title="bbox 415 5103 2812 5181; baseline -0.002 -11"><span class='ocrx_word' id='word_1_513' title='bbox 415 5114 477 5170; x_wconf 85' lang='lat' dir='ltr'>et</span> <span class='ocrx_word' id='word_1_514' title='bbox 508 5107 788 5180; x_wconf 88' lang='lat' dir='ltr'>miseriis,</span> <span class='ocrx_word' id='word_1_515' title='bbox 824 5108 1031 5167; x_wconf 84' lang='lat' dir='ltr'>Graece</span> <span class='ocrx_word' id='word_1_516' title='bbox 1063 5113 1124 5166; x_wconf 90' lang='lat' dir='ltr'>et</span> <span class='ocrx_word' id='word_1_517' title='bbox 1151 5106 1405 5165; x_wconf 88' lang='lat' dir='ltr'>Latine:</span> <span class='ocrx_word' id='word_1_518' title='bbox 1441 5103 1810 5181; x_wconf 88' lang='lat' dir='ltr'>Ingolstadt,</span> <span class='ocrx_word' id='word_1_519' title='bbox 1845 5105 2043 5164; x_wconf 89' lang='lat' dir='ltr'>Adam</span> <span class='ocrx_word' id='word_1_520' title='bbox 2076 5104 2383 5181; x_wconf 89' lang='lat' dir='ltr'>Saturius,</span> <span class='ocrx_word' id='word_1_521' title='bbox 2419 5106 2596 5179; x_wconf 88' lang='lat'>1608,</span> <span class='ocrx_word' id='word_1_522' title='bbox 2632 5105 2812 5165; x_wconf 91' lang='lat' dir='ltr'>in-8°.</span> 
     </span>
    </p>
   </div>
   <div class='ocr_carea' id='block_1_48' title="bbox 488 5431 2765 5508">
    <p class='ocr_par' dir='ltr' id='par_1_48' title="bbox 488 5431 2765 5508">
     <span class='ocr_line' id='line_1_48' title="bbox 488 5431 2765 5508; baseline -0 -19"><span class='ocrx_word' id='word_1_523' title='bbox 488 5436 567 5505; x_wconf 91' lang='lat' dir='ltr'>(a)</span> <span class='ocrx_word' id='word_1_524' title='bbox 596 5436 718 5492; x_wconf 88' lang='lat' dir='ltr'>Cat.</span> <span class='ocrx_word' id='word_1_525' title='bbox 779 5435 903 5491; x_wconf 82' lang='lat' dir='ltr'>Bib.</span> <span class='ocrx_word' id='word_1_526' title='bbox 936 5436 1101 5508; x_wconf 86' lang='lat' dir='ltr'>Reg.,</span> <span class='ocrx_word' id='word_1_527' title='bbox 1132 5437 1272 5489; x_wconf 88' lang='lat' dir='ltr'>tom.</span> <span class='ocrx_word' id='word_1_528' title='bbox 1308 5437 1349 5503; x_wconf 89' lang='grc' dir='ltr'>Ι,</span> <span class='ocrx_word' id='word_1_529' title='bbox 1385 5449 1516 5506; x_wconf 86' lang='lat' dir='ltr'>pag.</span> <span class='ocrx_word' id='word_1_530' title='bbox 1572 5435 1697 5502; x_wconf 85' lang='lat'>350,</span> <span class='ocrx_word' id='word_1_531' title='bbox 1731 5451 1836 5492; x_wconf 85' lang='lat' dir='ltr'>suo</span> <span class='ocrx_word' id='word_1_532' title='bbox 1891 5451 2052 5493; x_wconf 89' lang='lat' dir='ltr'>num.</span> <span class='ocrx_word' id='word_1_533' title='bbox 2238 5431 2314 5508; x_wconf 79' lang='grc' dir='ltr'>(ά)</span> <span class='ocrx_word' id='word_1_534' title='bbox 2346 5433 2517 5508; x_wconf 58' lang='lat' dir='ltr'>ibid,</span> <span class='ocrx_word' id='word_1_535' title='bbox 2549 5451 2606 5489; x_wconf 89' lang='lat' dir='ltr'>n.</span> <span class='ocrx_word' id='word_1_536' title='bbox 2639 5434 2765 5508; x_wconf 86' lang='lat'>208.</span> 
     </span>
    </p>
   </div>
   <div class='ocr_carea' id='block_1_49' title="bbox 420 5503 3071 5647">
    <p class='ocr_par' dir='ltr' id='par_1_49' title="bbox 420 5503 3071 5647">
     <span class='ocr_line' id='line_1_49' title="bbox 420 5503 3071 5647; baseline 0 -88"><span class='ocrx_word' id='word_1_537' title='bbox 420 5503 552 5561; x_wconf 73' lang='lat'>302;</span> <span class='ocrx_word' id='word_1_538' title='bbox 1023 5503 1095 5508; x_wconf 78' lang='lat'>&quot;</span> <span class='ocrx_word' id='word_1_539' title='bbox 1385 5503 1401 5506; x_wconf 78' lang='lat'>&#39;</span> <span class='ocrx_word' id='word_1_540' title='bbox 1467 5503 1488 5504; x_wconf 46' lang='grc' dir='ltr'>ί</span> <span class='ocrx_word' id='word_1_541' title='bbox 2241 5503 2313 5647; x_wconf 47' lang='lat' dir='ltr'>(eg</span> <span class='ocrx_word' id='word_1_542' title='bbox 2344 5505 2512 5585; x_wconf 75' lang='lat' dir='ltr'>Ibid.,</span> <span class='ocrx_word' id='word_1_543' title='bbox 2545 5523 2602 5560; x_wconf 76' lang='grc' dir='ltr'>ιι.</span> <span class='ocrx_word' id='word_1_544' title='bbox 2634 5507 2739 5559; x_wconf 87' lang='lat'>208</span> <span class='ocrx_word' id='word_1_545' title='bbox 2769 5509 2826 5560; x_wconf 92' lang='lat' dir='ltr'>et</span> <span class='ocrx_word' id='word_1_546' title='bbox 2855 5523 2914 5562; x_wconf 91' lang='lat' dir='ltr'>n.</span> <span class='ocrx_word' id='word_1_547' title='bbox 2944 5505 3071 5560; x_wconf 86' lang='lat'>258.</span> 
     </span>
     <span class='ocr_line' id='line_1_50' title="bbox 488 5575 2750 5647; baseline 0 -15"><span class='ocrx_word' id='word_1_548' title='bbox 488 5578 563 5647; x_wconf 70' lang='grc' dir='ltr'>(ὁ)</span> <span class='ocrx_word' id='word_1_549' title='bbox 596 5577 762 5646; x_wconf 83' lang='lat' dir='ltr'>Ibtd.,</span> <span class='ocrx_word' id='word_1_550' title='bbox 797 5593 855 5631; x_wconf 91' lang='lat' dir='ltr'>n.</span> <span class='ocrx_word' id='word_1_551' title='bbox 887 5577 1012 5630; x_wconf 87' lang='lat'>303.</span> <span class='ocrx_word' id='word_1_552' title='bbox 2244 5575 2286 5645; x_wconf 68' lang='grc' dir='ltr'>(ι</span> <span class='ocrx_word' id='word_1_553' title='bbox 2342 5576 2513 5647; x_wconf 80' lang='lat' dir='ltr'>lbid.,</span> <span class='ocrx_word' id='word_1_554' title='bbox 2538 5594 2594 5631; x_wconf 76' lang='grc' dir='ltr'>η.</span> <span class='ocrx_word' id='word_1_555' title='bbox 2624 5578 2750 5632; x_wconf 85' lang='lat'>230.</span> 
     </span>
    </p>
   </div>
   <div class='ocr_carea' id='block_1_50' title="bbox 488 5575 2750 5649">
    <p class='ocr_par' dir='ltr' id='par_1_50' title="bbox 488 5575 2750 5649">
     <span class='ocr_line' id='line_1_51' title="bbox 488 5575 2750 5649; baseline 0 -18"><span class='ocrx_word' id='word_1_556' title='bbox 488 5578 563 5649; x_wconf 70' lang='grc' dir='ltr'>(ὁ)</span> <span class='ocrx_word' id='word_1_557' title='bbox 596 5577 762 5649; x_wconf 77' lang='lat' dir='ltr'>Ibt&#39;d.,</span> <span class='ocrx_word' id='word_1_558' title='bbox 797 5593 855 5631; x_wconf 92' lang='lat' dir='ltr'>n.</span> <span class='ocrx_word' id='word_1_559' title='bbox 884 5577 1012 5649; x_wconf 81' lang='grc'><strong>303.</strong></span> <span class='ocrx_word' id='word_1_560' title='bbox 2244 5575 2308 5647; x_wconf 69' lang='grc' dir='ltr'>(ι)</span> <span class='ocrx_word' id='word_1_561' title='bbox 2342 5576 2513 5649; x_wconf 83' lang='lat' dir='ltr'>Ibid.,</span> <span class='ocrx_word' id='word_1_562' title='bbox 2538 5594 2594 5631; x_wconf 76' lang='grc' dir='ltr'>η.</span> <span class='ocrx_word' id='word_1_563' title='bbox 2624 5578 2750 5632; x_wconf 86' lang='lat'>230.</span> 
     </span>
    </p>
   </div>
   <div class='ocr_carea' id='block_1_51' title="bbox 489 5578 999 5730">
    <p class='ocr_par' dir='ltr' id='par_1_51' title="bbox 489 5578 999 5730">
     <span class='ocr_line' id='line_1_52' title="bbox 489 5578 991 5648; baseline -0.004 -16"><span class='ocrx_word' id='word_1_564' title='bbox 489 5578 542 5648; x_wconf 74' lang='grc' dir='ltr'>(Ι)</span> <span class='ocrx_word' id='word_1_565' title='bbox 596 5578 762 5646; x_wconf 70' lang='lat' dir='ltr'>Ibt‘d.,</span> <span class='ocrx_word' id='word_1_566' title='bbox 797 5593 855 5631; x_wconf 91' lang='lat' dir='ltr'>n.</span> <span class='ocrx_word' id='word_1_567' title='bbox 887 5578 991 5630; x_wconf 88' lang='lat'>303</span> 
     </span>
     <span class='ocr_line' id='line_1_53' title="bbox 489 5578 999 5730; baseline 0.002 -28"><span class='ocrx_word' id='word_1_568' title='bbox 489 5578 563 5730; x_wconf 44' lang='grc' dir='ltr'>ςεξ</span> <span class='ocrx_word' id='word_1_569' title='bbox 593 5647 759 5723; x_wconf 79' lang='lat' dir='ltr'>Ibid.,</span> <span class='ocrx_word' id='word_1_570' title='bbox 784 5665 842 5703; x_wconf 74' lang='grc' dir='ltr'>τι.</span> <span class='ocrx_word' id='word_1_571' title='bbox 874 5647 999 5703; x_wconf 75' lang='grc'>304.</span> 
     </span>
    </p>
   </div>
  </div>
