4122 6214
295 347 352 405 ιτ
1273 344 1693 407 PREFATIO
1739 344 2202 405 GENERALIS.
2236 378 2311 387 —
2342 304 2543 407 pias
2588 346 2640 405 1.
3583 340 3659 405 18

347 482 515 538 Anno
566 478 735 553 1619,
784 474 1084 556 Epistolas
1132 479 1414 557 Gregorii
1460 478 1870 539 Nazianzeni:
1926 478 2292 555 lngolstadt.
2356 478 2836 555 Elegantissima
2888 477 3023 538 haec
3075 481 3168 537 est
3231 472 3654 554 Epistolarum

279 575 445 635 editio
456 619 469 633 .

343 675 511 733 Anno
543 673 695 732 1658
741 672 979 752 prodiit
1007 672 1183 749 liber,
1237 674 1337 734 cui
1384 675 1603 735 titulus
1634 679 1971 754 Ἐμπύριυμε

2028 675 2310 751 εὐσεϐείας,
2346 673 2521 734 varia
2550 692 2627 733 ex
2674 673 2965 733 Patribus
3010 671 3239 732 Graecis
3270 670 3656 731 collectanea

274 769 573 842 exhibens,
628 777 818 849 atque
871 770 1033 831 inter
1087 789 1160 831 ea
1221 796 1253 827 ‹‹
1310 772 1593 850 Gregorii
1648 771 2020 832 Nazianzeni
2094 772 2374 831 carmina
2450 772 2820 849 quaedam...
2873 796 2902 826 »
2964 772 3187 831 Omnia
3244 773 3454 831 Graece
3511 788 3652 830 cum

274 868 729 946 interpetatione
758 868 983 928 Latina
1010 874 1072 927 et
1118 886 1194 929 ex
1224 869 1497 930 editione
1534 870 1792 931 Joannis
1850 868 2109 949 Gaspari
2162 868 2436 929 Suiceri:
2490 869 2727 947 Tiguri,
2781 871 2964 929 Joan.
3014 868 3231 929 Jacob.
3283 868 3649 940 Bodmerus,

270 965 430 1024 in-12
458 965 559 1024 (al.

342 966 430 1024 -12
479 983 515 1024 α
546 1010 559 1023 .

342 964 715 1135 Annio)1696,
754 1061 829 1123 D.
867 1061 1149 1141 Gregorii
1172 1064 1546 1126 Nazianzeni
1588 1064 1848 1144 theologi
1892 1064 2178 1126 Carmina
2226 1084 2451 1145 cygneo
2500 1064 2735 1124 inedita.
2771 1066 2916 1124 Haec
2946 1064 3345 1125 continentur
3372 1063 3434 1123 in
3467 1063 3649 1137 libro,

269 1160 358 1219 cui
384 1160 630 1220 titulus:
664 1158 877 1221 Jacobi
911 1161 1090 1221 Tollii
1116 1163 1370 1243 insignia
1402 1163 1628 1223 itineris
1660 1162 1891 1223 Italici:
1928 1162 2198 1240 Trajecti
2231 1162 2309 1222 ad
2345 1160 2652 1233 Rhenum,
2692 1162 2866 1234 1696,
2908 1161 3087 1221 in-4°.

336 1258 513 1317 Anno
544 1258 717 1331 1709,
774 1258 1074 1333 carmina,
1111 1260 1238 1321 sive
1268 1261 1729 1341 epigrammata
1758 1277 2021 1322 ccxxvm
2080 1262 2144 1321 S.
2179 1259 2461 1337 Gregorii
2521 1259 2925 1319 Nazianzeni:
2964 1258 3223 1333 Patavii,
3266 1257 3456 1317 in-4°.
3489 1257 3652 1319 inter

266 1352 547 1415 Anecdota
628 1353 876 1429 Graeca,
937 1375 1079 1435 quas
1155 1357 1465 1418 Antonius
1523 1357 1938 1431 Muratorius,
2015 1356 2189 1416 ducis
2249 1356 2502 1416 Mutinae
2580 1356 3132 1428 bibliothecarius,
3192 1354 3427 1434 publici
3488 1355 3650 1433 juris

266 1451 419 1513 fecit.

335 1551 509 1609 Anno
539 1550 719 1625 1716,
749 1550 1015 1613 collecta
1041 1552 1115 1621 D,
1151 1552 1430 1631 Gregorii
1486 1553 1857 1615 Nazianzeni
1910 1551 2184 1633 plurima
2233 1556 2526 1631 poemata
2582 1551 2646 1611 in
2703 1551 2991 1611 Latinum
3034 1568 3357 1624 conversa,
3392 1555 3646 1612 auctore

264 1646 537 1727 Dionysio
580 1648 913 1729 Gaullyer:
942 1649 1214 1727 Parisiis,
1248 1650 1440 1711 ἰπὶ-12.

1476 1870 1785 1933 Editiones
1840 1872 2095 1953 Vulgari
2118 1878 2403 1934 sermone.

335 2085 641 2160 Quatrains
666 2088 1035 2149 sententieua:
1062 2087 1131 2148 de
1162 2088 1233 2150 S.
1272 2087 1557 2167 Grégoire
1585 2087 1655 2149 de
1684 2088 2009 2162 Nazianze,
2041 2108 2179 2150 avec
2205 2107 2319 2148 une
2347 2087 2537 2149 brieve
2564 2088 2911 2168 exposition,
2944 2089 3181 2148 tourne's
3211 2106 3281 2148 en
3311 2103 3437 2148 vers
3466 2090 3644 2167 fran-

263 2181 370 2259 cais
394 2200 503 2262 par
527 2182 777 2264 Jacques
807 2183 877 2245 de
910 2184 1111 2265 Billy:
1138 2186 1345 2258 Paris,
1385 2184 1722 2247 Guillaume
1745 2185 2100 2247 Chaudiére.
2136 2188 2312 2259 1576,
2348 2185 2525 2247 in-S'.

341 2281 500 2342 1693.
532 2282 862 2343 Orationes
892 2301 1110 2344 omnes
1140 2284 1373 2345 Gallico
1401 2284 1702 2344 idiomate
1730 2302 1926 2345 versae
1956 2292 2100 2344 sunt
2130 2303 2241 2363 per
2269 2283 2594 2344 Nicolaum
2627 2283 2953 2354 Fontaine,
2987 2288 3057 2342 ut
3078 2282 3413 2343 notaturin
3437 2283 3635 2343 Catal.

268 2376 410 2453 Reg.
438 2378 583 2438 Bibl.
614 2380 896 2453 Parisiis,
929 2383 967 2441 2
995 2381 1120 2442 vol.
1153 2382 1342 2455 in-8°,
1377 2382 1547 2461 apud
1573 2383 1881 2443 Joannem
1910 2382 2193 2443 Pralard.

342 2474 502 2534 1735.
535 2477 831 2539 Geminas
861 2479 1175 2540 orationes
1198 2484 1417 2541 contra
1445 2479 1766 2542 Julianum
1800 2479 2200 2555 desertorem,
2235 2499 2273 2541 a
2301 2499 2365 2540 se
2396 2480 2628 2543 Gallice
2661 2479 2956 2555 redditas,
2990 2496 3131 2538 cum
3164 2478 3325 2539 notis
3368 2478 3643 2540 edendas

263 2572 483 2631 curavit
508 2574 973 2637 ecclesiasticus
1002 2576 1656 2657 Grationopolitanus:
1692 2578 2002 2656 Lugduni,
2026 2578 2227 2653 in-12,
2262 2579 2431 2658 apud
2457 2578 2749 2658 Duplain.

334 2670 498 2730 1747.
551 2673 775 2734 Oratio
832 2675 884 2749 Ι,
944 2674 1073 2735 sive
1127 2674 1566 2757 Apologeticus,
1629 2675 1861 2738 Gallice
1918 2693 2063 2737 cum
2138 2677 2353 2738 notis:
2417 2676 2697 2751 Parisiis,
2759 2676 2928 2754 apud
2983 2674 3373 2736 Ludovicum
3439 2675 3646 2737 Lottin

256 2762 435 2827 in-12.

1194 2988 1284 3049 De
1332 2986 1588 3048 editione
1638 2986 2090 3050 Graeco-Latina
2138 2987 2470 3049 Parisiensi
2510 2988 2687 3049 1630.

318 3196 479 3258 Nunc
508 3200 591 3260 ad
632 3201 1179 3261 Graeco-Latinam
1213 3200 1573 3275 editionem,
1608 3219 1750 3279 quae
1784 3203 2067 3262 Graecum
2115 3201 2417 3281 Gregorii,
2445 3208 2507 3262 et
2536 3203 2824 3261 Latinam
2872 3200 3035 3260 Billii
3064 3199 3642 3280 interpretationem

251 3296 694 3373 complectitur,
728 3298 1074 3359 veniamus.
1110 3301 1244 3358 Non
1278 3318 1401 3359 una
1429 3304 1520 3359 est
1551 3298 1685 3360 hinc
1712 3299 1928 3359 editio.
1978 3300 2219 3359 Prodiit
2270 3300 2537 3378 primum
2586 3317 2751 3358 anno
2788 3300 2963 3371 1609,
2997 3296 3221 3358 deinde
3263 3316 3429 3357 anno
3465 3299 3642 3372 1630,

249 3390 495 3467 Parisiis,
529 3395 813 3474 denique
845 3395 1143 3469 Colonize,
1178 3396 1272 3455 vel
1309 3396 1515 3481 potius
1546 3397 1766 3475 Lipsiae
1794 3417 1807 3469 ;
1842 3416 1981 3474 quas
2014 3397 2204 3457 editio
2234 3397 2313 3456 ab
2337 3397 2474 3456 aliis
2498 3396 2616 3456 hoc
2638 3396 2771 3456 solo
2800 3396 3132 3474 discrepat,
3160 3395 3329 3473 quod
3364 3395 3645 3474 pluribus

249 3488 459 3550 3caleat
486 3492 765 3552 mendis.
798 3494 971 3552 Hanc
1003 3493 1333 3570 magniﬁce
1390 3494 1792 3553 commendat
1847 3494 2211 3553 Fredericus
2272 3494 2561 3553 Morellus
2623 3515 2652 3551 α
2681 3499 2750 3553 ut
2780 3512 2817 3552 a
2846 3510 3170 3569 nunquam
3203 3493 3354 3552 satis
3385 3492 3641 3554 laudato

250 3583 405 3647 Billio
434 3588 779 3667 diligenter
806 3590 1100 3651 collatam
1134 3610 1276 3651 cum
1307 3592 1513 3669 Regiis
1547 3610 1718 3663 mss.,
1766 3596 1825 3651 et
1864 3610 2006 3651 cum
2058 3591 2367 3651 Medicmis
2420 3592 2671 3667 Regina:
2719 3590 2955 3661 matris,
2993 3608 3236 3650 necnon
3276 3608 3435 3667 quos
3464 3590 3643 3649 illus-

252 3682 530 3745 trissimus
558 3685 913 3746 cardinalis
943 3687 1205 3747 Sirletus
1235 3705 1311 3746 ex
1341 3687 1519 3747 Italia
1554 3688 1830 3759 miserat,
1865 3688 2134 3765 denique
2194 3706 2333 3747 cum
2388 3688 2602 3747 codice
2662 3705 2848 3764 quem
2902 3687 3066 3746 ultro
3097 3685 3521 3747 commodavit
3549 3688 3644 3746 vir

253 3776 605 3844 clarissimus
638 3784 879 3845 Paulus
908 3785 1219 3857 Petavius,
1257 3784 1443 3845 curiae
1502 3804 1811 3864 supremae
1869 3793 2121 3846 senator
2176 3786 2652 3863 integerrimus;
2683 3784 2748 3843 in
2779 3783 2957 3861 cujus
2989 3784 3129 3843 libri
3161 3802 3272 3843 ora
3310 3784 3643 3860 marginali

255 3876 533 3940 variantes
560 3881 828 3960 quidem
864 3881 1184 3955 lectiones,
1216 3882 1612 3959 conjecturas
1638 3888 1699 3943 et
1729 3883 2199 3944 emendationes
2231 3883 2444 3943 Billius
2474 3900 2741 3961 operosa
2770 3881 3101 3941 sedulitate
3133 3881 3565 3951 adnotaverat,
3609 3904 3639 3935 »

263 3978 356 4031 etc.
382 3977 517 4038 Haec
546 3984 617 4039 et
648 3978 775 4039 alia
806 3977 967 4038 mira
996 3979 1319 4058 praedicat.
1360 3981 1507 4039 Rem
1542 3985 1751 4040 tamen
1783 3981 2041 4059 propius
2088 3980 2571 4051 considerantes,
2622 3978 2810 4037 fidem
2844 3977 3077 4037 habere
3107 3976 3476 4036 detrectant.
3512 3976 3638 4037 lmo

259 4067 683 4136 Parisiensibus
714 4077 1144 4156 typOgraphis,
1181 4097 1294 4156 pro
1324 4077 1617 4137 laudibus
1650 4084 1773 4137 tam
1807 4079 2087 4157 impense
2119 4077 2361 4137 dilectas
2394 4076 2649 4137 editioni
2678 4074 3007 4147 concessis,
3047 4096 3075 4131 (ι
3107 4092 3211 4133 eos
3243 4073 3399 4133 nihil
3432 4075 3638 4134 minus

250 4172 611 4247 praastitisse,
650 4192 840 4253 quam
885 4174 1052 4253 quod
1098 4174 1359 4254 polliciti
1393 4180 1573 4235 erant
1598 4174 1699 4254 (ὁ),
1736 4200 1765 4229 ››
1804 4194 1840 4235 a
1876 4176 2259 4237 Montacutio
2319 4174 2628 4251 objectum
2666 4180 2778 4246 est,
2814 4172 2922 4250 qui
2954 4173 3329 4250 praeclarum
3362 4171 3631 4249 elogium

245 4262 438 4329 irridet
464 4275 527 4330 et
556 4270 823 4349 depellit
851 4270 938 4331 sic
968 4271 1409 4350 prosequendo
1438 4293 1451 4332 :
1492 4295 1520 4326 ‹‹
1553 4272 1881 4333 Habebant
1910 4273 2196 4343 fortasse,
2232 4270 2464 4330 habere
2495 4289 2643 4331 sane
2674 4275 2984 4348 poterant,
3024 4268 3269 4347 Regios,
3304 4268 3634 4348 Regineos,

243 4361 461 4426 Petavii
492 4367 958 4441 libros,Sirleti,
991 4374 1136 4442 etc.,
1164 4370 1291 4441 sed,
1330 4376 1398 4429 ut
1425 4369 1529 4430 ille
1562 4369 1827 4446 Epicteti
1854 4371 2203 4441 lucernam,
2237 4369 2315 4429 ad
2347 4367 2852 4441 ostentationem,
2887 4386 3011 4427 non
3046 4366 3124 4426 ad
3151 4384 3328 4426 usum
3356 4385 3370 4440 ;
3405 4366 3639 4445 quippe

244 4461 338 4537 qui
365 4462 800 4525 deformarunt
829 4465 1028 4543 magis
1059 4466 1425 4545 Gregorium
1460 4485 1649 4545 quam
1683 4468 1885 4527 fuerat
1914 4467 1977 4526 in
2009 4466 2281 4527 editione
2314 4466 2535 4544 prima.
2570 4486 2598 4521 ››

313 4559 459 4628 Quid
491 4567 629 4621 tum
661 4562 1058 4635 Parisienses,
1097 4568 1157 4623 et
1187 4565 1469 4624 fortassis
1499 4566 1633 4643 ipse
1663 4565 1959 4625 Morellus
1982 4567 2010 4623 ?
2053 4566 2131 4624 ab
2170 4565 2320 4644 ipsis
2368 4565 2737 4624 audiamus:
2780 4586 2810 4615 α
2842 4565 2966 4623 Nec
2998 4560 3355 4631 molestum,
3390 4578 3503 4619 nec
3533 4560 3629 4619 in-

241 4652 565 4731 jucundum
598 4659 737 4733 tibi,
770 4660 1014 4739 (lectori
1044 4662 1359 4743 φιλαληθεῖ)
1393 4662 1685 4741 inquiunt
1740 4663 1801 4721 in
1859 4662 2362 4740 praefatiuncula,
2423 4662 2474 4721 si
2533 4660 2836 4741 propositi
2894 4658 3260 4736 consiliique
3309 4657 3524 4729 nostri,
3562 4675 3635 4716 ac

242 4771 351 4812 non
384 4755 591 4816 dubiae
624 4757 1058 4818 destinationis
1090 4759 1155 4818 in
1187 4761 1257 4819 D.
1293 4759 1571 4837 Gregorii
1627 4759 1999 4820 Nazianzeni
2041 4760 2335 4838 operibus
2394 4762 2603 4820 Graece
2657 4764 2718 4818 et
2778 4757 2991 4818 Latine
3032 4756 3285 4817 edendis
3320 4762 3376 4814 te
3414 4753 3632 4832 paucis

240 4850 652 4929 admonemus.
688 4855 792 4915 Sic
821 4854 1013 4933 igitur
1039 4855 1296 4928 habeto,
1331 4875 1444 4916 nos
1474 4857 1535 4916 in
1568 4857 1779 4918 animo
1811 4857 2104 4917 habuisse
2162 4856 2352 4935 hujus
2410 4855 2779 4916 sanctissimi
2811 4860 2872 4915 et
2901 4852 3401 4932 eloquentissimi
3435 4850 3628 4910 antis—

239 4947 350 5009 titis
376 4968 637 5027 Operum
670 4956 971 5033 δίγλωττον
1001 4953 1335 5014 editionem
1370 4954 1629 5032 aggredi
1658 4974 1734 5015 ex
1765 4956 1867 5014 cod

2002 4954 2354 5015 Basiliensis
2384 4957 2647 5021 εκδόσεως
2677 4953 2825 5012 anni
2858 4952 3013 5012 1550
3042 4949 3213 5029 apud
3245 4947 3625 5025 Hervagium

239 5061 404 5121 quem
437 5045 822 5109 clarissimus
851 5050 945 5109 vir
969 5050 1242 5111 Jacobus
1270 5051 1506 5123 Billius,
1542 5053 1867 5130 utriusque
1896 5053 2127 5130 linguaa
2162 5051 2593 5131 peritissimus,
2629 5068 2771 5109 cum
2796 5048 3002 5126 Regiis
3025 5047 3342 5107 codicibus
3375 5045 3631 5106 Gallicis

239 5146 448 5203 etcum
482 5144 714 5206 Italicis
743 5152 1035 5208 accurate
1078 5149 1504 5210 contulerat...
1535 5151 1765 5210 Verum
1801 5150 1966 5209 enim
2000 5150 2299 5227 quoniam
2351 5167 2473 5207 non
2523 5148 2751 5225 ubique
2784 5163 2924 5204 cum
2957 5144 3152 5223 ipsius
3186 5143 3405 5204 Latina
3432 5142 3625 5202 inter-

240 5241 574 5315 pretatione
606 5244 1062 5305 conveniebant
1088 5245 1226 5323 ejus
1256 5248 1724 5308 emendationes
1753 5253 1815 5307 et
1845 5252 2110 5325 εἷκασμοί,
2149 5247 2469 5323 multaque
2518 5245 2596 5305 ab
2636 5244 2745 5303 illo
2788 5244 3035 5302 fuerant
3081 5242 3145 5301 in
3179 5247 3350 5300 textu
3396 5238 3626 5312 deleta,

241 5352 364 5413 quae
392 5339 559 5400 idem
594 5359 808 5403 rursus
837 5346 1095 5426 δευτέρων
1130 5350 1427 5423 ἀμεινόνων
1464 5346 1821 5424 reponenda
1851 5352 1869 5407 ὁ

2002 5350 2181 5415 εισοεὶς
2211 5348 2559 5417 censuerat,
2596 5348 2656 5402 et
2685 5347 2904 5401 contra
2946 5340 3285 5401 sustulerat
3315 5342 3376 5398 in
3411 5338 3630 5399 Latina

307 5629 515 5701 (ηοω.
548 5635 671 5690 Lib.
706 5635 841 5707 Reg.
876 5637 1017 5691 tom.
1049 5637 1090 5704 Ι,
1124 5654 1183 5694 n.
1213 5639 1338 5692 271.
1879 5636 1952 5709 (b)
1984 5638 2152 5710 Greg.
2187 5637 2347 5705 Naz.,
2390 5637 2449 5689 in
2489 5636 2597 5691 Jul.
2631 5634 2840 5690 invect.
2875 5635 3022 5689 duae.
