4122 6214
377 395 451 454 l9
1389 391 1804 456 PREFATIO
1851 396 2316 455 GENERALIS.
2354 427 2428 438 —
2457 395 2658 455 PARS
2707 395 2753 453 ι.
3714 397 3792 457 20

373 525 916 605 interpretatione,
951 545 1089 604 quae
1121 527 1182 586 in
1216 528 1442 588 Graecis
1473 528 1689 589 relicta
1718 533 1934 598 erant;
1969 534 2213 588 tantum
2248 528 2364 588 sibi
2393 546 2708 588 assumere
2742 527 2942 588 noluit
2987 530 3319 606 praefectus
3353 535 3692 608 διορθώσεσι,
3726 538 3794 592 ut

373 623 452 684 de
484 625 642 684 tanti
674 625 788 683 viri
819 642 1008 703 opere
1066 631 1127 684 et
1156 631 1414 706 ἀγχινοίᾳ
1443 627 1815 687 sententiam
1876 628 2104 697 ferret;
2169 626 2515 704 maluitque
2554 627 2628 684 de
2685 625 2792 685 hoc
2848 625 2963 684 sibi
3023 626 3244 686 tradito
3294 628 3669 706 exprimere,
3721 648 3794 689 ac

375 720 602 782 deinde
627 722 688 782 in
722 722 884 782 notis
912 741 985 782 ac
1015 722 1267 782 scholiis
1297 724 1591 783 collectas
1640 724 1843 783 varias
1900 723 2197 783 lectiones
2269 729 2746 801 repraesentare,
2781 742 3047 801 quaeque
3082 726 3279 802 magis
3311 745 3452 785 cum
3484 727 3790 805 interpre-

374 823 508 880 tum
542 821 824 880 oratione
855 820 1297 891 consentirent,
1331 822 1425 879 vel
1453 839 1595 880 cum
1626 822 1900 880 auctoris
1931 840 2113 880 sensu
2144 840 2216 881 co
2236 821 2588 887 nvenirent,
2623 823 2684 881 in
2718 821 2870 881 locis
2901 821 3212 899 ambiguis
3242 823 3545 884 indicare.
3583 850 3610 878 »

453 919 781 988 Quodnam
817 924 1025 977 autem
1065 941 1094 972 «
1126 918 1423 977 traditum
1456 918 1632 992 illud,
1664 919 1739 978 de
1796 937 1920 996 quo
1977 918 2147 977 bona
2203 917 2324 976 ﬁde
2355 919 2736 978 correctioni
2772 919 3106 996 praefectus
3136 921 3487 994 exprimere
3523 921 3791 980 maluit?

373 1013 440 1074 Si
475 1014 769 1074 traditum
801 1013 979 1083 illud,
1014 1013 1064 1073 is
1096 1019 1227 1074 erat
1260 1015 1627 1075 emendatus
1657 1033 1695 1074 a
1724 1015 1903 1075 Billio
1963 1016 2161 1074 codex
2221 1015 2416 1092 probe
2466 1015 2732 1074 collatus
2764 1022 2823 1073 et
2854 1015 3375 1092 castigatissimus
3423 1018 3720 1090 effectus;
3757 1043 3784 1072 »

370 1130 481 1172 cur
513 1112 589 1170 ad
621 1112 854 1171 calcem
887 1111 1134 1188 rejecta:
1165 1111 1327 1171 Billii
1359 1113 1655 1172 lectiones
1675 1116 1703 1172 ‘2
1732 1113 2059 1172 Hominem
2090 1112 2322 1190 quippe
2370 1113 2612 1182 credas,
2649 1112 2815 1190 quod
2849 1111 3024 1180 solet,
3063 1114 3357 1190 quodque
3394 1132 3650 1191 prorsus
3687 1115 3787 1174 hic

369 1209 576 1288 operis
605 1209 1046 1276 necessarium,
1083 1228 1212 1287 prae
1245 1210 1533 1270 manibus
1563 1210 1855 1269 habuisse
1886 1208 2050 1270 Billii
2083 1209 2404 1288 quoddam
2438 1208 2906 1287 autographum
2934 1229 2948 1282 ;
2984 1209 3033 1268 si
3084 1210 3286 1268 minus
3323 1235 3352 1265 ‹‹
3389 1211 3789 1288 castigatissi-

370 1326 563 1380 mum,
600 1331 630 1361 »
667 1311 732 1366 at
759 1325 792 1366 e
823 1325 949 1384 quo
981 1307 1244 1384 diligens
1275 1307 1494 1367 saltem
1529 1313 1588 1367 et
1617 1315 1836 1367 acutus
1894 1307 2328 1385 typographus
2379 1307 2673 1384 expedire
2723 1325 2787 1366 se
2847 1313 3164 1384 utcunque
3212 1314 3441 1385 posset.
3477 1309 3596 1369 Sed
3632 1327 3782 1368 neu-

368 1411 537 1466 trum
573 1405 815 1482 uspiam
846 1404 1119 1463 afﬁrmat
1152 1405 1605 1465 Genebrardus.
1643 1405 1840 1483 Igitur
1877 1427 1904 1460 ‹‹
1935 1404 1984 1462 si
2019 1404 2317 1463 traditum
2353 1428 2379 1458 »
2419 1405 2573 1464 illud
2635 1404 2792 1463 nihil
2852 1410 2946 1464 est
3003 1405 3116 1463 nisi
3175 1406 3571 1482 Hervagiana
3602 1406 3791 1466 editio

369 1501 745 1573 Basiliensis,
784 1502 984 1574 unius,
1021 1508 1090 1562 ut
1118 1508 1385 1575 constat,
1445 1503 1609 1563 Billii
1671 1521 1884 1574 manu,
1946 1500 2274 1580 liturisque
2333 1510 2460 1563 tam
2519 1503 2804 1574 confusa,
2842 1508 2967 1560 tam
3003 1501 3394 1578 perturbata,
3436 1527 3464 1555 ‹‹
3499 1509 3565 1562 ut
3595 1522 3786 1580 quam

371 1603 513 1676 λέξιν
545 1607 634 1660 καὶ
666 1605 816 1681 ῥῆσιν
853 1599 1050 1676 magis
1080 1600 1397 1677 probaret,
1432 1619 1621 1677 quam
1655 1603 1959 1677 rejiceret,
1994 1607 1999 1654 ὲ

2160 1606 2295 1679 ήδην
2331 1617 2653 1677 nunquam
2687 1599 3090 1676 exprimeret,
3127 1622 3155 1652 »
3192 1598 3358 1676 quod
3393 1599 3525 1677 ipse
3558 1600 3788 1659 fatetur

369 1703 562 1776 atque
591 1692 777 1757 etiam
812 1697 1026 1756 scribit
1053 1697 1386 1758 Morellus:
1423 1715 1534 1756 cur
1562 1698 1810 1760 insertae
1837 1701 2069 1778 passim
2100 1707 2289 1778 atque
2346 1699 2629 1759 sutfectae
2688 1696 2856 1756 Billii
2907 1715 3014 1755 seu
3046 1695 3365 1771 lectiones,
3401 1715 3509 1755 seu
3541 1697 3789 1774 conjec-

370 1800 566 1867 turae;
601 1812 742 1855 cum
775 1795 1006 1853 fatente
1039 1795 1315 1868 Morello,
1354 1813 1431 1855 ne
1461 1797 1721 1857 obscure
1751 1800 2028 1876 quidem,
2066 1817 2177 1859 nec
2211 1798 2336 1858 ullo
2399 1796 2583 1856 modo
2628 1812 2906 1872 unquam
2951 1794 3347 1870 expresserit,
3382 1794 3533 1871 quid
3565 1795 3791 1872 proba-

365 1899 484 1961 ret,
518 1892 668 1970 quid
699 1891 1031 1972 rejiceret?
1060 1892 1339 1970 Denique
1370 1894 1509 1971 quis
1542 1895 1836 1956 Hercules
1867 1897 1946 1957 ad
1997 1897 2117 1956 hoc
2169 1921 2196 1951 α
2255 1895 2470 1973 Augiae
2521 1918 2549 1947 »
2606 1893 2948 1970 plusquam
3016 1916 3044 1944 «
3099 1891 3415 1950 stabulum
3452 1910 3790 1969 repurgan-

364 1990 563 2050 dum?
596 2015 621 2045 υ
658 1992 734 2049 Et
765 1997 973 2049 tamen
1005 1989 1152 2050 huic
1180 1991 1355 2068 operi
1409 1991 1778 2053 admovetur
1813 2019 1843 2048 «
1877 1996 2206 2072 praefectus
2237 1990 2731 2053 correctionibus
2773 1987 3296 2067 typograpbicis;
3331 2011 3360 2043 »
3397 1988 3504 2065 qui
3535 1988 3794 2050 forsitan

368 2087 494 2158 vix,
529 2093 595 2146 ut
627 2087 754 2147 fere
784 2087 875 2158 ﬁt,
912 2089 1122 2147 Graece
1155 2087 1359 2165 legere
1392 2095 1597 2149 norat.

444 2185 641 2244 Venia
696 2189 906 2244 tamen
964 2184 1139 2262 digni
1194 2183 1486 2244 videntur
1547 2188 1924 2249 Parisienses
1968 2189 2261 2248 editores.
2327 2213 2353 2241 «
2412 2185 2571 2258 Quid
2602 2184 2770 2244 enim
2806 2184 2910 2244 hic
2943 2202 3113 2261 agas,
3153 2205 3179 2240 »
3221 2189 3286 2242 ut
3318 2182 3560 2242 Morelli
3590 2183 3794 2243 verbis

368 2286 534 2352 utar,
570 2304 596 2332 «
633 2279 741 2338 ubi
771 2298 960 2358 quam
993 2285 1132 2356 λέξιν
1167 2287 1253 2340 καὶ
1288 2287 1440 2363 ῥῆσιν
1471 2283 1670 2360 magis
1704 2284 2016 2361 probaret,
2064 2301 2257 2362 quam
2303 2283 2590 2360 rejiceret
2637 2281 2871 2339 diserte
2923 2297 3245 2356 nunquam
3283 2277 3552 2356 (Billius)
3585 2279 3791 2356 expri-

370 2377 613 2437 meret?
642 2376 760 2438 Ubi
790 2395 914 2437 non
951 2377 1203 2455 ubique,
1237 2400 1265 2436 »
1303 2380 1474 2457 quod
1504 2381 1683 2459 ajunt
1713 2381 1773 2440 in
1806 2381 2004 2442 altera
2036 2382 2426 2460 praefatione,
2466 2403 2492 2434 «
2537 2397 2682 2438 cum
2732 2377 2958 2437 Latina
3005 2376 3519 2454 interpretatione
3563 2394 3788 2435 conve-

371 2475 632 2535 niebant
661 2474 1129 2534 emendationes
1159 2482 1218 2534 et
1266 2476 1684 2553 conjecturas:
1746 2479 1856 2538 ubi
1913 2479 2111 2538 multa
2156 2479 2218 2537 in
2278 2483 2454 2537 textu
2511 2476 2740 2549 deleta,
2775 2494 2917 2552 quae
2960 2474 3123 2533 idem
3161 2474 3375 2533 Billius
3432 2474 3790 2552 reponenda

365 2578 733 2644 censuerat;
767 2579 828 2632 et
856 2578 1077 2632 contra
1107 2573 1444 2634 sustulerat
1489 2575 1552 2633 in
1601 2577 1823 2636 Latina
1877 2576 2414 2654 interpretatione,
2469 2593 2612 2652 quae
2663 2573 2726 2632 in
2778 2573 3008 2633 Graecis
3069 2572 3291 2631 relicta
3338 2577 3552 2630 erant:
3604 2595 3631 2625 »
3666 2589 3788 2630 uno

364 2669 582 2740 verbo,
614 2669 722 2728 ubi
754 2688 867 2728 nec
901 2669 1122 2729 Latina
1151 2689 1290 2730 cum
1326 2672 1575 2743 Graecis,
1613 2691 1725 2732 nec
1751 2676 1965 2734 Grzeca
1995 2693 2137 2733 cum
2170 2673 2404 2733 Latinis
2435 2671 2864 2731 convenirent.
2901 2669 3059 2740 Quid
3102 2687 3281 2746 agas,
3331 2668 3612 2746 inquam,
3648 2667 3788 2740 nisi,

365 2785 479 2826 nec
509 2765 891 2838 Basiliensia,
926 2785 1067 2845 quae
1097 2767 1468 2844 plerumque
1497 2769 1702 2830 deleta
1731 2777 1842 2830 aut
1873 2771 2260 2848 perturbata,
2297 2788 2407 2829 nec
2441 2769 2706 2828 Billiana
2739 2786 2886 2845 quze
2919 2767 3112 2826 dubia
3144 2767 3398 2845 penitus
3429 2771 3491 2825 et
3526 2765 3788 2839 incerta,

372 2863 482 2924 sed
512 2863 901 2923 inconditum
936 2864 1277 2941 quoddam,
1312 2866 1579 2928 informe
1611 2874 1673 2927 et
1703 2868 2071 2946 ambiguum
2105 2888 2263 2947 opus
2294 2869 2441 2927 edas
2462 2868 2491 2926 ?

445 2961 782 3040 Eccejam,
819 2980 942 3022 non
980 2987 1009 3016 ‹‹
1040 2963 1454 3040 propositum,
1489 2987 1517 3020 ι)
1559 2984 1682 3026 non
1720 2990 1748 3020 ‹‹
1781 2966 2110 3026 consilium
2143 2984 2216 3026 ac
2248 2964 2606 3035 destinatio,
2645 2988 2671 3018 n
2707 2962 2812 3022 sed
2864 2980 3056 3039 opera
3105 2960 3551 3020 Parisiensium
3586 2960 3787 3020 edito-

362 3075 527 3118 rum.
562 3059 690 3119 Hoc
722 3077 937 3119 eorum
969 3078 1147 3138 opus,
1184 3060 1334 3138 ipsis
1365 3061 1725 3121 latentibus.
1762 3064 1916 3123 Hinc
1951 3063 2162 3123 mirari
2192 3063 2359 3122 subit
2403 3063 2508 3140 qui
2561 3061 2718 3121 falso
2769 3059 3011 3118 Graecis
3042 3059 3409 3136 inscriptum
3447 3057 3792 3117 doctissimi

360 3155 527 3217 Billii
557 3175 784 3216 nomen
816 3157 1032 3217 doctos
1063 3158 1297 3236 pariter
1326 3164 1387 3218 et
1416 3159 1701 3220 indoctos
1726 3161 1786 3219 in
1836 3180 2113 3222 errorem
2157 3161 2498 3234 induxerit,
2551 3164 2618 3218 ut
2666 3159 2727 3217 in
2780 3158 2896 3217 hac
2946 3156 3251 3227 editione,
3285 3158 3497 3215 Graaca
3528 3155 3787 3214 meliora

362 3273 551 3334 quam
584 3254 647 3313 in
685 3255 1003 3315 Basiliensi
1034 3255 1151 3316 sibi
1183 3257 1653 3334 persuaderent.
1689 3259 1837 3318 Inde
1869 3259 2202 3337 Gregorius
2233 3259 2348 3318 sub
2383 3257 2518 3317 falsi
2554 3257 2716 3316 Billii
2752 3255 3025 3315 nominis
3061 3254 3283 3313 umbra
3335 3253 3649 3329 neglectus
3679 3253 3775 3312 in-

361 3353 691 3434 cultusque
713 3351 906 3431 jacet,
940 3353 1086 3432 quia
1117 3373 1364 3415 summa
1393 3373 1542 3416 cura
1572 3357 1838 3418 collatus
1868 3376 2010 3418 cum
2043 3377 2188 3419 mss.
2221 3362 2284 3418 et
2311 3356 2682 3417 emendatus
2708 3374 2745 3415 a
2775 3354 2958 3414 Billio
2993 3359 3226 3413 temere
3263 3351 3659 3430 praadicatur.

1532 3717 1619 3778 De
1647 3717 2006 3778 correctione
2055 3735 2154 3777 seu
2204 3714 2399 3776 codice
2439 3713 2632 3775 Billii.

446 4012 582 4071 Prae
617 4010 907 4071 manibus
939 4009 1245 4071 habemus
1275 4013 1584 4073 famosum
1643 4012 1806 4073 Billii
1845 4013 2160 4085 volumen,
2225 4012 2301 4072 de
2358 4030 2483 4090 quo
2543 4016 2674 4070 tam
2738 4009 2894 4069 mira
2956 4011 3416 4085 Genebrardus,
3473 4007 3787 4078 Morellus,

362 4115 594 4193 aliique
628 4116 992 4193 praedicant.
1029 4115 1326 4176 Chatardi
1359 4118 1653 4195 primum,
1688 4118 1788 4178 cui
1822 4118 2269 4178 bibliothecam
2327 4116 2543 4177 Billius
2601 4116 2864 4194 legarat,
2904 4121 3036 4174 tum
3114 4114 3521 4186 Genebrardi,
3570 4112 3795 4171 deinde

365 4212 430 4272 in
467 4214 704 4273 Petavii
738 4231 956 4272 manus
989 4213 1158 4274 venit
1188 4215 1238 4273 is
1268 4215 1488 4276 codex.
1527 4221 1575 4276 A
1607 4217 1858 4277 Petavio
1889 4223 2176 4276 senatore
2230 4215 2557 4276 Parisiensi
2607 4213 2686 4274 ad
2743 4213 3090 4285 Richerios,
3122 4212 3539 4273 Sorbonicum
3574 4210 3792 4269 docto-

366 4329 496 4370 rem
529 4311 821 4381 alterum,
848 4311 1113 4369 alterum
1153 4313 1460 4372 medicum
1493 4315 1700 4374 fratris
1730 4315 1867 4392 ejus
1899 4315 2120 4386 filium,
2175 4315 2426 4389 demum
2468 4313 2553 4372 ad
2603 4296 2982 4389 bibliopolas
3015 4311 3276 4370 transiit.
3315 4312 3490 4369 Hunc
3512 4315 3791 4386 emptum

369 4407 462 4467 vir
491 4408 720 4477 clarus,
755 4407 1058 4466 librorum
1093 4415 1155 4466 et
1189 4409 1540 4469 litterarum
1572 4429 1814 4478 amans.
1842 4415 1912 4470 Ι).
1938 4413 2143 4471 Baron
2171 4411 2548 4471 Senonensis
2583 4410 2948 4487 metropolis
2976 4409 3318 4468 canonicus
3349 4413 3410 4467 et
3443 4413 3788 4486 pI'OIDOtOI‘a

369 4523 510 4565 cum
543 4505 620 4565 de
649 4522 814 4564 nova
845 4505 1124 4581 Gregorii
1157 4524 1420 4583 operum
1474 4508 1750 4568 editione
1806 4508 2084 4585 cogitare
2135 4513 2419 4567 nostrum
2471 4508 2744 4567 audisset
2774 4505 3198 4574 Louvardum,
3231 4505 3350 4583 ipsi
3381 4504 3591 4564 statim
3634 4503 3795 4563 ultro

371 4602 599 4664 obtulit
626 4601 879 4674 librum,
914 4608 1103 4680 atque
1136 4602 1323 4662 etiam
1357 4605 1721 4681 generosius
1753 4604 1937 4664 misit.

457 4699 638 4760 Liber
669 4699 872 4759 editus
903 4706 996 4759 est
1030 4701 1288 4760 llasileze
1319 4702 1486 4780 apud
1521 4703 1898 4780 Hervagium
1951 4721 2116 4763 anno
2171 4704 2344 4763 1550.
2383 4728 2408 4756 ‹‹
2471 4704 2539 4763 1η
2601 4721 2734 4774 ora,
2779 4723 2807 4758 »
2875 4721 2998 4762 non
3057 4707 3329 4772 tantum,
3376 4706 3445 4760 ut
3504 4698 3797 4760 Morellus

376 4797 782 4869 admonebat,
816 4797 925 4857 sed
959 4797 1125 4857 intra
1168 4797 1364 4860 lineas
1413 4799 1598 4879 longe
1654 4799 2077 4879 frequentius;
2139 4825 2165 4854 α
2231 4819 2344 4860 nec
2401 4801 2892 4873 emendationes,
2952 4799 3370 4878 conjecturas,
3432 4797 3788 4857 lectiones»

374 4895 704 4967 duntaxat,
744 4914 952 4955 verum
986 4895 1374 4972 glossemata
1411 4897 1623 4970 etiam,
1659 4917 2029 4977 synonyma,
2064 4907 2126 4958 et
2163 4898 2224 4958 id
2259 4918 2453 4976 genus
2486 4897 2628 4970 alia,
2669 4917 2857 4958 manu
2889 4917 3002 4958 sua
3034 4897 3361 4956 adnotavit
3388 4894 3631 4954 Billius.
3669 4894 3788 4954 Sed

374 4992 541 5052 intra
573 4992 768 5052 lineas
795 4992 883 5052 ita
914 4992 1286 5072 plerumque
1316 4993 1451 5054 haec
1480 4994 1732 5066 inserta,
1784 5003 1910 5055 tam
1963 4996 2124 5055 male
2184 4996 2370 5074 picta,
2427 5002 2598 5055 tanta
2656 4995 3020 5055 confusione
3068 4995 3342 5072 ascripta
3373 4997 3541 5064 sunt,
3576 4998 3645 5050 ut
3673 5009 3786 5050 nec

376 5094 614 5168 aperte,
650 5107 761 5148 nec
790 5090 1083 5159 obscure,
1124 5091 1421 5169 nulloque
1455 5111 1709 5170 prorsus
1740 5093 1930 5152 modo
1964 5112 2322 5170 pernoscas,
2349 5114 2470 5151 linit
2507 5095 2734 5169 dicam,
2770 5112 2910 5170 quae
2943 5092 3158 5170 spuria
3189 5091 3288 5162 sit,
3323 5109 3462 5168 qua:
3495 5105 3798 5166 germana

376 5186 583 5257 lectio,
618 5189 724 5247 sed
763 5194 828 5246 ut
859 5207 934 5245 ne
967 5187 1309 5248 divinando
1349 5190 1602 5268 quidem
1637 5190 2014 5268 assequaris,
2049 5210 2125 5248 an
2160 5191 2268 5249 illa
2299 5191 2482 5250 lectio
2529 5192 2609 5250 sit
2656 5210 2689 5250 e
2739 5190 3180 5268 manuscriptis
3220 5193 3417 5257 eruta,
3454 5191 3562 5246 aut
3591 5203 3624 5245 e
3657 5184 3799 5263 qui-

375 5283 670 5355 busnam,
702 5302 780 5343 an
817 5283 1048 5362 glossa,
1081 5304 1160 5344 an
1194 5288 1580 5363 conjectura,
1615 5306 1693 5346 an
1727 5287 2103 5347 emendatio.
2139 5289 2335 5348 Credo
2368 5288 2679 5365 equidem,
2721 5305 2796 5346 ne
2828 5287 3045 5347 Billius
3090 5289 3224 5364 ipse
3277 5283 3612 5354 redivivus,
3647 5283 3798 5360 quid

376 5380 492 5440 sibi
524 5387 652 5440 tum
689 5382 900 5452 vellet,
937 5382 1123 5442 modo
1155 5391 1361 5461 posset
1390 5384 1728 5462 explicare.
1765 5388 1927 5444 Pura
1959 5392 2111 5462 puta
2143 5392 2287 5445 sunt
2310 5385 2688 5456 adversaria,
2714 5385 2775 5443 in
2801 5403 2943 5463 quae
2975 5385 3145 5443 aliud
3177 5388 3432 5460 agentes
3463 5379 3802 5457 scriptores

375 5477 606 5538 cursim
637 5497 710 5538 ac
744 5480 1113 5539 festinanter
1142 5500 1214 5540 ex
1251 5487 1529 5560 tempore
1562 5488 1834 5542 mentem
1873 5488 2239 5553 exonerant,
2275 5483 2406 5542 sine
2440 5483 2625 5555 serie,
2659 5482 2792 5540 sine
2836 5481 3076 5555 ordine,
3111 5481 3243 5540 sine
3274 5476 3693 5549 distinctione,
3731 5475 3805 5534 ut

381 5575 499 5634 nisi
528 5575 675 5646 cito,
702 5583 812 5636 aut
841 5577 1135 5654 perendie
1167 5578 1478 5656 digerant,
1513 5579 1660 5657 quid
1693 5579 1809 5638 sibi
1841 5579 2176 5652 voluerint,
2211 5580 2323 5658 ipsi
2359 5585 2576 5658 postea
2607 5597 2733 5638 non
2764 5577 3140 5656 intelligant.

461 5673 818 5734 Vcrsionem
877 5693 1053 5734 suam
1114 5677 1317 5755 primo
1378 5678 1629 5756 quidem
1676 5696 1929 5755 magna,
1993 5683 2124 5738 tum
2183 5678 2471 5738 secundis
2530 5677 2693 5737 curis
2750 5697 2996 5736 summa
3056 5675 3388 5737 sedulitate
3440 5671 3656 5733 Billius
3685 5670 3795 5729 ad-
