4122 6214
304 404 359 465 ει
1288 395 1705 456 PR/EFATIO
1751 395 2227 456 cenemus.
2263 430 2339 439 —
2368 398 2568 457 PARS
2614 395 2663 456 ι.
3603 376 3699 460 22'

296 535 561 607 ornavit;
596 532 675 594 ad
702 531 892 611 idque
913 531 1156 592 consilii
1183 529 1506 602 lectiones,
1541 528 1805 601 scholia,
1837 528 2098 606 glossas,
2132 529 2550 607 conjecturas,
2587 529 3058 591 emendationes
3087 530 3151 590 in
3190 531 3357 593 edito
3382 551 3496 593 suo
3529 553 3676 612 pro-

296 634 511 694 miscue
543 631 873 709 congessit.
902 632 1134 690 Verum
1166 628 1242 687 de
1276 626 1503 688 Gracis
1526 626 1802 699 edendis,
1838 645 1944 684 seu
1977 625 2325 705 desperarit
2354 628 2632 701 omnino,
2685 628 2851 706 quod
2884 628 3160 689 insinuat
3190 632 3664 705 Genebrardus;

294 750 391 791 seu
415 730 580 808 quod
614 730 836 801 verius,
873 728 1035 788 serio
1061 744 1385 804 nunquam
1418 726 1709 803 cogitarit
1735 724 1842 797 ;iis
1874 728 2040 784 certe
2072 744 2273 802 neque
2295 726 2594 798 studium,
2630 744 2831 800 neque
2863 745 3076 787 curam
3113 728 3304 787 ullam
3331 729 3668 807 impendit;

290 828 405 888 imo
434 827 520 887 sic
550 826 921 906 perturbata
947 824 1219 903 reliquit,
1246 830 1315 884 ut
1346 823 1495 901 quid
1528 821 1961 898 rejiciendum,
1996 822 2147 900 quid
2203 823 2623 895 retinendum,
2678 824 2795 902 ipsi
2853 824 3121 885 editores
3178 845 3301 885 non
3362 828 3679 905 potuerint
3750 906 3753 907 γ

290 942 617 1002 agnoscere
648 941 759 983 nec
789 922 1123 1001 quisquam
1156 922 1350 1001 possit
1379 919 1747 997 intelligere.
1782 922 2114 997 Nunquam
2163 922 2369 980 Grace
2395 920 2672 998 Gregorii
2704 940 2897 999 opera
2935 923 3118 982 edere
3150 922 3525 983 destinatum
3582 925 3677 986 illi

291 1022 487 1083 animo
511 1022 664 1081 fuit:
698 1028 759 1081 et
787 1026 976 1092 certe,
1011 1020 1061 1079 si
1091 1020 1153 1079 id
1186 1019 1347 1079 serio
1378 1018 1735 1097 cogitasset,
1769 1017 1819 1076 si
1841 1017 2017 1094 operi
2048 1036 2302 1076 manum
2336 1019 2734 1091 admovisset,
2792 1019 2844 1078 si
2892 1020 3042 1096 quid
3099 1021 3530 1099 promovisset,
3566 1041 3678 1082 cur

290 1138 357 1180 eo
376 1124 537 1179 statu
561 1118 783 1178 saltem
817 1120 1032 1178 Graca
1062 1116 1433 1176 Nazianzeni
1465 1135 1588 1174 non
1622 1114 1895 1191 reliquit,
1930 1133 2055 1191 quo
2088 1114 2306 1174 Isidori
2337 1114 2669 1175 Pelusiotae
2713 1116 3032 1193 epistolas,
3068 1136 3225 1194 quas
3254 1136 3286 1175 e
3312 1117 3476 1177 Billii
3506 1119 3678 1180 sche-

288 1216 373 1277 dis
402 1216 668 1276 triennio
700 1222 842 1294 post
869 1215 1007 1293 ejus
1027 1214 1269 1274 obitum
1303 1216 1514 1273 Grace
1544 1219 1603 1272 et
1649 1212 1864 1272 Latine
1894 1212 2241 1272 Chatardus
2270 1212 2494 1272 excudi
2524 1213 2801 1273 curavit:
2838 1213 2965 1274 imo
3015 1233 3139 1292 quo
3191 1220 3357 1274 statu
3416 1216 3675 1295 reliquit

285 1318 521 1374 centum
554 1311 775 1390 viginti
798 1318 1039 1391 septem
1085 1310 1363 1389 ejusdem
1396 1307 1674 1387 Gregorii
1706 1308 2023 1387 epistolas,
2059 1327 2199 1386 qua
2243 1311 2452 1368 Graece
2485 1309 2719 1386 pariter
2766 1316 2829 1369 et
2883 1311 3099 1371 Latine
3157 1311 3293 1388 ipso
3345 1331 3502 1390 pene
3550 1333 3675 1391 quo

285 1415 556 1470 mortuus
586 1415 677 1469 est
706 1428 872 1470 anno
904 1408 1190 1487 prodiere
1217 1407 1247 1467 ?
1279 1407 1439 1479 Quid
1461 1406 1835 1477 Chatardus,
1868 1406 1977 1483 qui
1998 1412 2058 1465 et
2081 1406 2143 1465 in
2176 1406 2379 1485 elogio
2408 1406 2627 1467 Jacobi
2658 1407 2845 1477 Billii,
2882 1413 2944 1467 et
2972 1407 3035 1465 iu
3065 1408 3330 1485 epistola
3359 1409 3440 1468 ad
3468 1411 3671 1470 Gode-

283 1507 502 1566 fridum
533 1507 789 1567 Billium
818 1506 956 1585 ejus
988 1507 1267 1578 fratrem,
1301 1505 1589 1583 deposita
1619 1503 1789 1581 apud
1821 1522 1887 1562 se
1919 1502 2057 1563 Bilii
2088 1504 2324 1563 inedita
2354 1522 2569 1582 opera,
2613 1525 2640 1559 «
2672 1505 2844 1564 velut
2891 1504 3262 1581 posthumos
3296 1530 3325 1560 ››
3361 1508 3668 1584 quosdam

285 1628 313 1659 «
343 1604 526 1664 libros
556 1628 589 1659 »
623 1604 944 1683 pollicitus
973 1610 1131 1675 erat,
1166 1603 1334 1662 hunc
1362 1602 1543 1662 nobis
1577 1620 1790 1672 unum,
1826 1607 1887 1661 et
1916 1607 2067 1661 natu
2106 1602 2431 1678 majorem,
2486 1608 2548 1661 et
2600 1602 2850 1679 parenti
2897 1601 3273 1675 chariorem,
3326 1610 3387 1663 et
3445 1606 3666 1665 merito

282 1704 767 1781 prastantiorem
802 1703 1073 1763 invidit?
1108 1703 1312 1762 Primo
1340 1719 1612 1779 namque
1643 1705 1982 1778 conceptus
2012 1718 2048 1760 a
2080 1700 2260 1761 Billio
2292 1702 2453 1760 fetus
2484 1700 2585 1760 hic
2617 1701 2753 1769 fuit,
2789 1701 3018 1780 vixque
3050 1704 3281 1763 Graeca
3312 1703 3543 1781 lingua
3576 1709 3671 1783 ty-

284 1800 509 1861 rocinia
529 1806 881 1860 excesserat
910 1800 1040 1871 ille,
1080 1824 1110 1855 ‹‹
1139 1800 1222 1879 (a)
1253 1802 1407 1860 Cum
1440 1798 1690 1858 incessit
1721 1798 1774 1856 ei
1806 1796 2115 1876 cupiditas
2148 1798 2481 1857 Latinitate
2515 1797 2683 1857 hunc
2716 1797 3131 1877 (Gregorium)
3169 1799 3447 1859 donandi
3501 1807 3563 1861 et
3593 1802 3672 1861 ab

282 1897 614 1957 innumeris
645 1898 875 1975 quibus
908 1897 1187 1958 scatebat
1229 1896 1470 1956 mendis
1494 1902 1555 1955 et
1583 1894 1843 1955 salebris
1874 1895 2280 1973 repurgandi.
2329 1897 2523 1954 Totus
2580 1902 2714 1955 erat
2764 1895 3024 1975 (Billius)
3056 1896 3120 1955 in
3154 1898 3535 1975 Gregoriano
3564 1898 3673 1959 illo
3704 1930 3711 1935 -

282 2012 482 2074 opere,
512 1995 682 2073 quod
716 2013 842 2055 non
874 1994 1192 2055 immerito
1226 1994 1553 2073 pistrinum
1586 2010 1793 2064 suum,
1828 1992 1889 2051 in
1947 2010 2072 2069 quo
2131 1992 2235 2051 diu
2294 1991 2349 2052 ei
2412 1991 2773 2052 molendum
2826 1992 2963 2065 fuit,
3014 1992 3249 2053 alicubi
3301 1995 3602 2073 appellat.
3645 2021 3672 2051 ι

280 2090 456 2151 Addit
480 2092 642 2151 infra
675 2091 1074 2152 Chatardus:
1116 2112 1143 2149 α
1176 2090 1482 2169 Cupiebat
1537 2096 1598 2149 et
1651 2090 1784 2168 ipse
1842 2088 2102 2167 (Billius)
2164 2089 2467 2167 impense,
2524 2090 2671 2149 dum
2732 2095 3045 2168 superstes
3075 2097 3231 2162 erat,
3292 2098 3362 2151 ut
3419 2095 3670 2153 Gracus

280 2194 621 2248 sanctorum
650 2188 907 2248 illorum
935 2192 1189 2248 Pateum
1214 2206 1373 2266 quos
1402 2187 1745 2257 transtulit,
1781 2190 2109 2247 contextus
2138 2186 2217 2245 ab
2274 2188 2408 2263 ipso
2468 2186 2826 2263 recognitus
2855 2193 2914 2246 et
2944 2186 3023 2246 ab
3054 2187 3398 2249 innumeris
3431 2190 3671 2250 mendis

290 2284 615 2346 vindicatus
643 2286 1074 2357 recuderetur,
1108 2286 1503 2362 maximeque
1529 2285 1599 2343 D.
1638 2283 1919 2362 Gregorii
1949 2284 2392 2343 Nazianzeni...
2426 2285 2486 2343 in
2546 2302 2670 2362 quo
2727 2284 3113 2362 castigando,
3158 2288 3580 2348 convertenda
3612 2294 3673 2347 et

285 2381 426 2442 illus
445 2384 657 2444 trando
688 2383 795 2442 diu
822 2383 1220 2462 multumque
1249 2402 1313 2443 se
1346 2383 1597 2443 torsit...
1634 2381 1757 2444 Sed
1776 2382 1894 2442 hoc
1924 2400 1960 2441 a
1990 2380 2348 2460 bibliopolis
2377 2400 2701 2460 nunquam
2725 2383 3023 2461 consequi
3054 2383 3279 2462 potuit,
3314 2384 3419 2462 qui
3451 2404 3490 2445 a
3512 2388 3671 2446 Grae-

284 2478 368 2538 cis
396 2486 454 2539 et
481 2481 756 2541 Hebrais
785 2480 1046 2541 edendis
1075 2481 1263 2560 plane
1294 2480 1659 2541 abhorrent.
1694 2502 1724 2534 »

350 2593 414 2654 Id
443 2594 696 2672 quidem
729 2596 1012 2676 impense
1039 2595 1279 2671 Billius,
1314 2602 1378 2656 et
1406 2614 1442 2655 a
1475 2595 1690 2675 primis
1721 2595 1849 2655 fere
1906 2596 2135 2656 Graca
2193 2594 2423 2672 lingua
2479 2593 2800 2672 tyrociniis
2838 2593 3133 2674 cupiebat,
3167 2594 3377 2655 nullus
3405 2596 3663 2658 dubito:

283 2690 450 2769 Operi
478 2710 593 2770 par
621 2698 781 2765 erat,
817 2699 878 2754 et
907 2694 1167 2754 confusa
1200 2693 1342 2754 licet
1372 2697 1594 2772 parata
1623 2691 1909 2765 materia,
1940 2692 2205 2752 feliciter
2232 2699 2443 2751 tamen
2476 2690 2835 2770 perfecisset
2862 2690 3206 2771 inceptum,
3239 2692 3291 2752 si
3321 2710 3462 2772 spes
3484 2692 3670 2755 eden-

284 2787 337 2847 di
364 2788 567 2867 aliqua
598 2794 737 2850 tum
770 2791 1129 2852 affulsisset.
1164 2794 1396 2853 Verum
1428 2808 1569 2851 cum
1593 2790 1767 2849 nulla
1796 2788 2148 2867 aﬂ‘ulgeret,
2181 2789 2245 2848 in
2277 2789 2503 2851 Gracis
2535 2808 2743 2868 opera
2775 2794 3020 2849 tantum
3053 2789 3407 2863 collocavit,
3466 2810 3668 2870 quau-

290 2891 403 2944 tum
431 2886 945 2967 interpretationi
975 2908 1103 2950 sua
1135 2890 1488 2950 conducere
1510 2888 1837 2967 judicavit.
1874 2891 2002 2948 Hoc
2062 2888 2179 2947 fuit
2226 2906 2380 2965 Opus
2411 2887 2575 2947 Billii
2632 2887 2797 2947 circa
2855 2889 3138 2948 Graecum
3199 2889 3517 2966 Gregorii:
3573 2889 3674 2950 hic

296 3002 431 3042 unus
454 2985 663 3059 labor,
697 3008 727 3043 α
756 2989 820 3046 in
848 3006 975 3065 quo
1006 2994 1172 3047 totus
1206 2988 1339 3060 fuit,
1379 3012 1407 3042 »
1442 2987 1540 3047 cui
1572 2989 1758 3046 etiam
1793 2987 2167 3045 immortuus
2197 2992 2310 3045 est.
2350 2986 2505 3045 Cum
2537 2991 2746 3044 autem
2805 2984 3156 3045 Chatardus
3215 2986 3303 3045 ait
3355 2986 3420 3045 in
3468 2986 3673 3064 elogio

301 3080 472 3140 Billii:
510 3106 539 3141 α
572 3084 816 3144 Omnia
854 3088 926 3144 D.
961 3085 1243 3163 Gregorii
1290 3085 1660 3145 Nazianzeni
1707 3088 1912 3162 Opera
1959 3089 2299 3161 repurgata
2347 3090 2409 3141 et
2458 3082 2654 3140 multo
2711 3081 2993 3141 auctiora
3061 3083 3245 3154 facta,
3307 3084 3674 3161 conquisitis

289 3177 550 3239 nimirum
582 3180 1020 3261 undequaque
1052 3183 1363 3242 veteribus
1395 3182 1622 3242 Gracis
1652 3180 2133 3259 exemplaribus,
2172 3179 2505 3256 multisque
2536 3179 2616 3238 ad
2649 3197 2791 3238 eum
2827 3179 3101 3241 missis...
3138 3179 3299 3257 typis
3322 3181 3602 3253 mandat,
3637 3206 3665 3235 υ

284 3281 407 3336 etc.:
438 3295 508 3338 ex
541 3279 645 3337 his
673 3279 880 3339 verbis
908 3280 1223 3351 discimus,
1257 3298 1549 3359 quanam
1573 3299 1610 3339 a
1640 3280 1821 3340 Billio
1860 3302 1889 3337 ε(
1920 3285 2280 3357 repurgata,
2306 3298 2333 3332 υ
2399 3284 2461 3336 et
2515 3277 2614 3336 cui
2672 3279 2758 3336 rei
2823 3298 2850 3333 ‹‹
2881 3277 3230 3355 conquisita
3261 3301 3291 3332 »
3358 3279 3671 3357 missaque

284 3375 656 3454 exemplaria
691 3378 944 3450 Graca;
977 3377 1271 3438 nimirum
1308 3401 1338 3434 ‹‹
1371 3378 1772 3456 castigandis,
1834 3375 2371 3454 recognoscendis,
2433 3376 2956 3452 repurgantisque
2988 3398 3016 3429 »
3081 3374 3363 3453 pauculis
3420 3377 3668 3448 Gracis,

284 3476 334 3529 et
362 3473 589 3533 Latina
622 3473 829 3552 ipsius
856 3473 1361 3553 interpretationi
1390 3475 1773 3553 editionique
1797 3473 2079 3552 Gregorii
2113 3472 2526 3551 perﬁcienda,
2564 3472 2815 3550 qualem
2848 3478 3129 3531 extrema
3188 3489 3378 3532 manu
3408 3473 3673 3552 politam

286 3568 531 3630 moriens
561 3588 744 3631 anno
778 3571 936 3632 1582
965 3571 1182 3632 Billius
1213 3572 1470 3651 reliquit
1496 3590 1763 3653 quaque
1791 3588 1957 3631 anno
1987 3569 2275 3649 sequenti
2331 3588 2363 3629 e
2424 3569 2597 3648 prelo
2657 3586 2906 3647 egressa
2935 3573 3064 3629 est:
3098 3572 3164 3628 at
3193 3569 3420 3629 Gracis
3448 3570 3679 3632 oratio-

284 3663 468 3739 nibus,
496 3667 919 3741 carminibus,
952 3674 1013 3729 et
1039 3668 1319 3749 epistolis
1348 3670 1490 3749 plus
1519 3688 1725 3749 opera
1750 3674 2053 3749 praterea
2082 3667 2239 3727 nihil
2266 3665 2592 3745 impendit.

354 3779 412 3841 Si
439 3783 698 3845 Gracus
725 3789 1054 3845 contextus
1074 3804 1111 3846 a
1138 3785 1321 3846 Billio
1342 3792 1437 3846 est
1468 3810 1496 3840 «
1532 3785 1819 3856 collatus,
1855 3785 2233 3863 recognitus,
2294 3789 2689 3862 repurgatus,
2759 3781 3396 3860 castigatissimusque
3423 3807 3449 3838 ιι
3491 3784 3675 3844 ell'ec-

293 3878 395 3945 tus,
424 3885 487 3938 ut
514 3886 791 3941 narrant
821 3882 1255 3943 Genebrardus
1284 3889 1347 3943 et
1375 3882 1725 3943 Chatardus
1761 3899 1774 3954 ;
1808 3900 1939 3953 cur,
1975 3899 2213 3959 quaso,
2248 3880 2359 3939 viri
2390 3879 2558 3939 docti
2614 3878 2921 3956 Billioque
2977 3877 3470 3955 conjunctissimi
3514 3866 3674 3957 opus

312 3991 337 4026 α
361 3976 897 4055 castigatissimum
926 4003 955 4037 ι
987 3998 1118 4059 pra
1148 3981 1391 4041 cateris
1422 3979 1707 4041 mandari
1735 3979 1900 4058 typis
1929 3997 2051 4039 non
2085 3978 2432 4038 curarunt?
2466 3979 2709 4053 Ergone
2767 3975 2831 4034 id
2878 3994 2915 4034 a
2972 3975 3327 4052 bibliopolis
3375 3978 3674 4055 consequi

306 4086 406 4129 non
432 4080 818 4151 potuerunt;
866 4077 973 4154 qui
1004 4078 1528 4139 recalescentibus
1560 4074 1748 4156 paulo
1800 4083 1944 4155 post
2000 4080 2353 4137 Gracarum
2415 4074 2989 4149 Hebraicarumque
3047 4072 3395 4132 litterarum
3428 4073 3670 4148 studiis,

293 4165 461 4244 ipsius
491 4173 874 4235 Nazianzeni
904 4175 1199 4253 plurima,
1232 4181 1362 4236 tum
1396 4175 1619 4235 Isidori
1652 4176 1941 4235 volumen
1973 4174 2313 4251 integrum,
2373 4172 2604 4244 omnia,
2658 4173 2870 4230 Grace
2910 4180 2973 4229 et
3028 4170 3242 4231 Latine
3282 4170 3621 4248 vulgarunt
3648 4174 3677 4231 ?

292 4263 429 4332 Ouin
450 4270 649 4329 etiam
683 4270 852 4331 haud
881 4272 972 4332 ita
1006 4272 1201 4333 multo
1225 4278 1385 4351 post,
1422 4273 1557 4349 ipsa
1590 4272 1869 4349 Gregorii
1900 4270 2270 4331 Nazianzeni
2299 4270 2513 4329 omnia
2534 4268 2930 4345 aliorumque
2950 4266 3107 4327 bene
3143 4267 3480 4328 multorum
3514 4287 3670 4349 ope-

289 4379 350 4421 ra
375 4366 579 4426 Grace
612 4373 679 4426 et
705 4369 923 4430 Latine
954 4370 1118 4449 typis
1139 4369 1619 4447 elegantissimis
1649 4370 1817 4430 edita
1847 4374 2009 4429 sunt.
2046 4372 2249 4430 Unum
2275 4367 2581 4426 duntaxat
2612 4365 2837 4425 addam
2867 4382 2879 4423 :
2916 4370 3122 4425 textus
3164 4365 3268 4425 ille
3300 4389 3327 4419 α
3356 4385 3670 4445 expurga-

289 4460 378 4517 tus
405 4467 464 4520 et
493 4463 1035 4541 castigatissimus,
1071 4488 1098 4522 »
1135 4484 1326 4544 quam
1351 4464 1703 4527 Chatardus
1732 4470 1794 4524 et
1822 4463 2256 4525 Genebrardus
2285 4462 2595 4535 viderunt,
2649 4461 2753 4520 ille
2808 4460 2941 4539 ipse
2996 4466 3110 4532 est,
3171 4478 3358 4538 quem
3417 4462 3679 4523 exhibet

292 4563 558 4634 emptum
612 4576 652 4617 a
678 4562 747 4620 D.
782 4562 989 4621 Baron
1022 4561 1399 4623 Senonensis
1431 4560 1796 4639 metropolis
1825 4560 2148 4632 canonico,
2178 4560 2561 4637 missumque
2608 4558 2678 4616 D.
2742 4556 3073 4616 Francisco
3131 4557 3421 4617 Louvard
3474 4576 3680 4617 exem-

292 4652 456 4728 plar;
490 4658 661 4734 quod
693 4665 1049 4737 opportune
1078 4664 1391 4719 servatum
1429 4677 1551 4719 non
1583 4658 1835 4719 excidit.
1898 4657 2054 4716 Hinc
2100 4661 2269 4716 certo
2326 4656 2621 4715 discimus
2680 4653 3129 4713 correctionem
3179 4652 3507 4713 Billianam
3538 4673 3682 4713 nus-

294 4769 467 4825 quam
501 4759 1090 4834 exstare,nusquam
1125 4756 1453 4828 exstitisse,
1487 4756 1770 4833 adeoque
1800 4755 2212 4815 Parisiensem
2270 4751 2607 4813 editionem
2656 4770 2783 4810 non
2817 4749 3041 4828 majori
3068 4751 3132 4809 in
3192 4749 3450 4822 honore,
3488 4769 3679 4829 quam

294 4846 697 4911 Basileensem
732 4852 1111 4925 habendam,
1147 4852 1223 4912 de
1254 4872 1380 4931 qua
1411 4852 1665 4913 Billius:
1709 4875 1737 4910 α
1767 4852 2198 4931 Hervagianus
2220 4851 2437 4925 codex,
2461 4850 2568 4925 qui
2597 4867 2760 4908 unus
2788 4847 3554 4926 suppetebat,tottamque
3574 4849 3681 4908 fa-

296 4944 379 5004 dis
405 4948 721 5009 erroribus
748 4950 1047 5023 scatebat,
1070 4957 1140 5010 ut
1162 4951 1241 5010 ad
1268 4954 1384 5010 hoc
1408 4950 1622 5028 Augia
1643 4950 1958 5010 stabulum
1981 4948 2449 5027 repurgandum
2482 4965 2603 5006 non
2638 4964 2763 5006 uno
2794 4945 3057 5005 Hercule
3088 4964 3245 5023 opus
3275 4951 3455 5005 esset.
3492 4945 3676 5005 Nulla

299 5044 699 5115 oratio,nulla
719 5048 1177 5126 propemodum
1199 5048 1429 5127 pagina
1458 5047 1843 5125 gravissimis
1859 5047 2099 5108 mendis
2119 5046 2899 5123 vacabat.'0)loacbparoq,ut
2918 5043 3004 5103 ita
3016 5042 3384 5115 dicam,erat
3400 5042 3534 5102 hac
3551 5042 3679 5121 pla-

297 5158 386 5217 ga.
424 5166 453 5195 ι»
501 5142 855 5204 Chatardus
902 5145 1088 5205 etiam
1131 5144 1264 5204 hac
1322 5145 1399 5204 de
1455 5144 1635 5205 Billio
1690 5145 1904 5205 scribit
1960 5144 2039 5204 ad
2073 5144 2326 5203 fratrem
2377 5142 2513 5219 ejus
2563 5141 3037 5200 Laudunensem
3071 5138 3385 5209 abbatem,
3421 5138 3522 5199 cui
3551 5138 3677 5198 Bil-

297 5237 521 5300 lianum
549 5241 859 5303 Isidorum
889 5248 1236 5321 nuncupat.
1300 5241 1639 5303 «Pudebat
1693 5242 1855 5303 enim
1915 5260 2083 5313 eum,
2145 5241 2312 5319 quod
2372 5239 2677 5300 Gracia...
2713 5244 2841 5298 tam
2872 5237 3149 5310 doctum,
3185 5242 3311 5294 tam
3348 5236 3673 5307 disertum,

301 5340 539 5416 tamque
569 5339 910 5400 facundum
940 5345 1263 5401 auctorem
1285 5346 1349 5401 et
1376 5345 1688 5403 oratorem
1721 5358 1902 5401 suum
1934 5339 2197 5399 haberet
2226 5344 2355 5399 tam
2387 5337 2677 5399 mutilum
2726 5354 2800 5396 ac
2858 5335 3157 5406 lacerum,
3214 5338 3430 5411 totque
3477 5332 3679 5412 plagis

370 5706 445 5776 (a)
473 5705 631 5779 Elog.
666 5708 838 5777 Billii,
869 5710 1039 5784 epist.
1071 5711 1144 5766 ad
1176 5708 1374 5767 Godef.
1414 5709 1669 5779 Billium,
1701 5725 1860 5781 oper.
1893 5708 2129 5780 Gregor.
2164 5707 2256 5762 ed.
2288 5722 2362 5761 an
2396 5705 2551 5771 1583,
2584 5721 2640 5777 p.
2677 5704 2831 5760 1550.
