4122 6214
381 336 460 399 93
1398 335 1813 397 PRJEFA'l‘lO
1859 333 2319 396 GENERALIS.
2355 365 2432 376 -ο
2461 331 2665 392 PARS
2712 330 2763 391 Ῑ.
3708 328 3786 385 24

383 470 765 543 confossum,
803 474 869 530 ut
898 468 1230 530 semivivus
1261 469 1515 530 relictus
1547 468 1882 527 videretur.
1919 490 1948 522 »
1985 468 2133 537 Quae
2165 484 2305 526 cum
2335 483 2481 524 vera
2512 463 2654 534 sint,
2692 467 2880 540 atque
2903 461 2966 521 in
2997 460 3412 520 Parisiensem
3445 458 3786 519 editionem

382 566 624 646 possint
652 567 1021 644 retorqueri,
1057 573 1126 626 ut
1153 586 1229 627 ex
1260 566 1438 626 dictis
1470 571 1737 636 constat,
1762 565 1907 624 inde
1937 582 2188 642 quoque
2220 568 2506 622 constare
2538 561 2727 620 debet
2757 558 3172 618 necessariam
3206 576 3337 618 esse
3370 575 3595 616 novam
3623 558 3788 635 Ope-

384 680 524 723 rum
570 662 850 740 Gregorii
883 662 1253 722 Nazianzeni
1283 661 1958 732 editionem;maxime
1999 678 2140 718 cum
2203 658 2378 718 nulla
2429 658 2507 716 sit
2563 675 2705 735 quae
2748 655 2963 715 omnia
3021 654 3156 732 ejus
3212 657 3416 732 Opera
3446 653 3786 725 contineat,

383 759 561 820 nulla
590 779 732 838 quae
763 779 887 820 non
919 760 1263 820 innumeris
1296 759 1536 820 mendis
1565 763 1819 817 scateat.
1854 757 1946 816 Ad
1971 775 2196 816 novam
2235 756 2424 834 igitur
2455 757 2726 833 Operum
2760 751 3041 829 Gregorii
3087 751 3422 811 editionem
3483 751 3795 810 adornan-

385 857 530 917 dam
563 859 756 918 nostri
779 864 923 917 sunt
944 857 1240 936 aggressi.
1266 857 1512 917 Primus
1543 856 1716 934 operi
1750 872 2002 914 manum
2036 855 2316 914 admovit
2346 857 2415 912 D.
2458 851 2730 912 Jacobus
2788 849 3103 910 Frischius
3136 870 3149 922 ;
3214 869 3338 927 quo
3400 849 3586 928 paulo
3649 858 3788 928 post

386 955 716 1031 exstincto,
751 956 925 1034 operi
958 955 1253 1015 successit
1282 959 1352 1015 ι).
1378 953 1742 1014 Franciscus
1772 953 2059 1012 Louvard
2089 971 2101 1024 ;
2138 970 2352 1010 verum
2388 957 2481 1010 tot
2521 947 2998 1026 tempestatibus
3061 947 3326 1022 iactatus
3382 956 3477 1006 est
3537 953 3603 1005 ut
3661 965 3788 1006 rem

385 1053 682 1113 infectam
715 1053 1067 1132 relinquere
1098 1059 1353 1112 coactus
1382 1053 1482 1111 sit.
1516 1055 1673 1112 Tum
1709 1056 1914 1129 partes
1936 1049 2074 1109 illas
2105 1049 2375 1127 suscepit
2399 1051 2467 1106 D.
2506 1046 2878 1105 Prudentius
2920 1046 3160 1116 Maran,
3222 1045 3326 1102 sed
3379 1062 3411 1102 e
3443 1050 3790 1102 transverso

391 1168 558 1210 mors
586 1149 911 1210 incurrens
941 1151 1140 1210 virum
1164 1151 1417 1210 doctum
1440 1148 1717 1220 abstulit,
1755 1148 2118 1226 priusquam
2151 1165 2308 1224 opus
2337 1161 2730 1224 promovere,
2765 1142 2992 1201 nedum
3027 1142 3325 1218 perficere
3359 1140 3651 1219 potuerit.
3679 1143 3791 1200 De-

393 1265 565 1306 mum
597 1265 732 1323 nos,
766 1246 909 1307 licet
939 1247 1208 1325 impares
1239 1251 1413 1305 tanto
1445 1244 1638 1317 oneri,
1682 1267 1710 1298 «
1739 1244 1802 1302 in
1834 1262 2050 1303 eorum
2083 1243 2350 1315 labores,
2393 1268 2418 1296 »
2453 1240 2630 1301 inviti
2653 1240 2760 1301 sed
2782 1239 2963 1318 jussi,
3001 1239 3393 1298 intravimus.
3456 1238 3618 1310 Quid
3667 1237 3786 1297 sin-

390 1343 524 1423 guli
543 1344 606 1405 in
638 1344 756 1405 bac
783 1344 1056 1406 editione
1086 1343 1510 1422 praestiterint,
1543 1359 1708 1402 nunc
1737 1340 2202 1420 exponendum.

546 1699 685 1776 §II.
713 1714 857 1768 QUID
900 1714 1118 1760 NOSTRI
1160 1712 1222 1758 IN
1266 1714 1381 1758 asc
1425 1713 1710 1759 κωτιοη
1753 1712 1993 1759 orsaeu
2035 1709 2318 1758 enseoau
2362 1709 2731 1756 anoauasna
2777 1707 3228 1754 rmsrireamr
3274 1710 3630 1757 sxromrua.

473 2018 758 2081 Stadium
793 2019 960 2079 istud
991 2018 1098 2096 qui
1129 2019 1301 2097 prior
1328 2017 1644 2098 ingressus
1677 2018 1900 2090 fuerat,
1934 2017 2207 2078 Jacobus
2240 2016 2553 2077 Frischius
2588 2022 2786 2076 morte
2831 2016 3040 2076 statim
3099 2021 3191 2076 est
3250 2015 3572 2089 sublatus;
3610 2034 3798 2094 quas-

393 2117 541 2177 dam
574 2121 820 2177 tantum
854 2115 1165 2176 variantes
1195 2115 1491 2176 lectiones
1517 2115 1790 2194 reliquit.

479 2217 549 2273 D.
582 2213 949 2274 Franciscus
980 2214 1288 2286 Louvard,
1322 2213 1429 2291 qui
1459 2212 1758 2272 successit
1787 2210 1984 2290 operi,
2048 2210 2153 2270 diu
2214 2211 2607 2287 multumque
2663 2209 3002 2282 insudavit,
3064 2210 3218 2269 nulli
3269 2210 3545 2287 pepercit
3574 2210 3797 2270 labori.

399 2311 689 2372 Ardentis
731 2310 965 2389 ingenii
994 2311 1298 2390 impetum
1329 2310 2046 2388 secutus,undequaque
2077 2308 2490 2386 conquirebat
2533 2307 2838 2386 quidquid
2886 2308 3278 2386 propositum
3339 2326 3518 2367 suum
3575 2307 3800 2386 juvare

399 2415 631 2488 posset.
660 2410 793 2480 Quo
823 2410 1054 2470 factum
1088 2415 1201 2482 est,
1239 2415 1303 2470 ut
1332 2409 1701 2470 immensam
1735 2427 1941 2469 rerum
1974 2408 2054 2467 ad
2087 2407 2366 2484 Gregorii
2395 2407 2733 2467 editionem
2793 2408 3283 2466 necessariarum
3343 2406 3588 2484 copiam
3647 2425 3794 2466 con-

404 2507 684 2585 gesserit.
719 2509 950 2568 Omnes
981 2526 1136 2587 pene
1156 2507 1460 2568 editiones
1489 2507 1899 2586 comparavit,
1959 2506 2088 2565 sive
2135 2509 2400 2578 Graecas,
2437 2506 2566 2564 sive
2624 2504 2896 2579 Latinas,
2961 2505 3088 2563 sive
3138 2504 3680 2577 Graeco-Latinas;
3715 2503 3794 2564 ad

398 2622 578 2682 quas,
614 2627 641 2658 α
677 2605 908 2676 omnia,
944 2607 994 2665 si
1023 2606 1298 2684 paucula
1325 2606 1610 2683 quaedam
1646 2605 1939 2682 excipias,
1975 2627 2004 2658 »
2041 2621 2158 2664 ase
2189 2611 2408 2663 exacta
2440 2602 2625 2662 fuisse
2655 2602 2936 2679 Gregorii
2965 2606 3170 2680 Opera
3197 2608 3482 2662 testatur.
3518 2603 3638 2662 Has
3669 2621 3799 2663 om-

399 2718 509 2760 nes
540 2699 727 2778 longe
756 2701 974 2761 ordine
1000 2708 1300 2774 recenset,
1335 2701 1738 2776 Basileenses,
1773 2701 2090 2772 Billianas,
2126 2706 2270 2772 etc.,
2310 2699 2627 2771 lectiones,
2664 2717 2804 2776 qum
2859 2699 2934 2758 ad
2995 2699 3230 2758 calcem
3264 2699 3606 2758 editionum
3649 2700 3802 2777 reji-

398 2796 680 2856 ciuntur:
713 2782 904 2875 atque
925 2798 1114 2858 etiam
1147 2799 1369 2876 siquas
1401 2797 1698 2858 lectiones
1729 2798 1824 2857 vel
1857 2803 2036 2857 notas
2066 2815 2103 2856 a
2124 2796 2273 2856 viris
2305 2796 2500 2856 doctis
2527 2796 2589 2854 in
2622 2813 2733 2855 ora
2765 2795 3067 2855 librorum
3101 2796 3368 2874 scriptas
3399 2797 3593 2869 novit,
3632 2802 3806 2856 tanta

397 2890 723 2968 diligentia
752 2891 1106 2970 exquisivit,
1141 2898 1210 2952 ut
1238 2892 1491 2953 tandem
1525 2892 1844 2970 repererit.
1883 2891 2389 2951 Famosissimum
2446 2889 2739 2950 volumen
2769 2890 3135 2950 Basileensis
3191 2889 3511 2962 editionis,
3572 2891 3633 2950 in
3683 2910 3808 2970 quo

399 2987 697 3048 lectiones
727 2995 788 3048 et
817 2989 1305 3062 emendationes,
1344 3009 1484 3067 quae
1515 3009 1548 3050 e
1582 3008 1768 3048 manu
1804 2989 1965 3049 Billii
1996 2989 2075 3048 ad
2106 3007 2248 3049 oras
2305 2995 2366 3048 et
2422 2989 2586 3048 intra
2643 2988 2838 3047 lineas
2893 2989 3140 3066 scriptae
3201 2995 3369 3060 sunt,
3439 2996 3665 3067 sponte
3697 3009 3815 3049 sua

400 3084 670 3164 benigne
701 3086 951 3146 obtulit.
987 3093 1057 3147 ut
1080 3087 1212 3165 jam
1245 3088 1480 3148 dictum
1505 3094 1618 3160 est,
1679 3087 1772 3146 vir
1828 3087 2207 3146 clarissimus
2239 3089 2308 3145 D.
2345 3087 2572 3145 Baron.
2610 3085 2794 3145 Aliud
2828 3085 3107 3164 ejusdem
3139 3085 3434 3146 editionis
3457 3089 3807 3165 exemplar,

399 3206 427 3238 α
464 3201 604 3243 cum
641 3185 1184 3245 emendationibus
1214 3192 1277 3246 et
1305 3185 1818 3245 adnotationibus
1849 3184 2096 3263 scriptis
2129 3203 2318 3243 manu
2351 3184 2463 3242 viri
2492 3184 2657 3243 docti
2692 3208 2720 3237 »
2757 3184 2999 3262 accepit
3043 3201 3079 3242 a
3111 3186 3182 3243 D.
3237 3184 3482 3254 Naulin,
3521 3184 3650 3242 viro
3685 3202 3807 3243 cae-

405 3285 539 3339 tera
569 3282 778 3354 docto,
808 3288 997 3360 atque
1025 3283 1333 3360 imprimis
1365 3283 1828 3362 Scripturarum
1854 3283 2060 3342 studio
2092 3282 2461 3351 clarissimo,
2485 3282 2547 3340 in
2579 3281 2748 3340 curia
2800 3281 3129 3340 Parisiensi
3187 3281 3512 3340 advocato.
3579 3282 3801 3338 Exem-

397 3378 536 3455 plar
556 3376 722 3437 istud
781 3379 1190 3457 Hervagianae
1249 3380 1560 3452 editionis,
1624 3381 1686 3438 in
1745 3379 1977 3438 Heinsii
2037 3378 2442 3438 Bibliothecae
2476 3379 2764 3455 catalogo
2793 3378 3082 3455 Lugduni
3116 3380 3489 3437 Batavorum
3524 3377 3691 3436 edito
3724 3395 3804 3437 an

401 3475 572 3546 1682,
613 3493 671 3552 p.
705 3478 766 3547 7,
795 3494 857 3534 n.
895 3478 1006 3534 129
1038 3476 1408 3554 inscriptum
1441 3483 1551 3536 est.
1617 3477 1938 3535 Lectiones
1968 3483 2028 3534 et
2068 3475 2535 3536 emendationes
2565 3481 2712 3534 sunt
2759 3475 3077 3552 eleganter
3131 3474 3330 3552 pictae,
3365 3473 3476 3533 sed
3505 3474 3804 3552 Anglum,

394 3570 635 3632 Calvini
664 3570 1061 3650 discipulum,
1098 3573 1370 3651 sapiunt,
1407 3573 1470 3631 ni
1501 3573 1707 3632 fallor.
1743 3573 2055 3642 Quasdam
2088 3573 2582 3644 emendationes,
2623 3589 2780 3648 quas
2807 3571 2868 3629 in
2927 3590 3038 3631 ora
3095 3571 3455 3631 Parisiensis
3517 3571 3809 3632 editionis

395 3667 545 3727 anni
577 3669 756 3741 1630,
791 3669 939 3729 olim
974 3669 1267 3748 apposuit
1297 3669 1694 3729 doctissimus
1725 3670 1800 3728 de
1861 3672 2089 3729 Barcos
2143 3670 2338 3728 abbas
2397 3669 2881 3747 Sancygiranus,
2945 3669 3210 3728 describi
3269 3673 3327 3727 et
3385 3668 3464 3727 ad
3518 3687 3582 3728 se
3618 3669 3802 3741 mitti,

395 3764 867 3826 emendationes
897 3784 1148 3846 quoque
1179 3784 1250 3827 ac
1282 3772 1462 3826 notas
1492 3786 1529 3826 a
1560 3766 1920 3825 doctissimo
1951 3766 2353 3826 Tillemontio
2386 3765 2462 3824 ad
2497 3784 2670 3826 oram
2700 3765 3062 3825 Parisiensis
3092 3765 3380 3826 editionis
3424 3765 3705 3843 scriptas,
3743 3772 3806 3826 et

395 3879 433 3922 a
453 3861 708 3922 domino
738 3863 1054 3924 Tronchai
1083 3864 1332 3924 oblatas
1364 3864 1629 3924 exscribi
1665 3864 1929 3924 curavit.

477 3959 755 4020 Tandem
788 3961 1248 4040 copiosissimas
1303 3963 1624 4034 lectiones,
1660 3980 1817 4041 quas
1865 3979 1896 4021 e
1960 3960 2188 4039 Regiis,
2225 3960 2597 4021 Colbertinis
2628 3959 3141 4038 Mazarinaeisque
3193 3961 3633 4039 manuscriptis
3695 3961 3818 4021 col-

402 4056 615 4129 lectas,
650 4057 728 4117 ad
759 4077 934 4118 oram
967 4060 1448 4121 Graeco—Latina:
1481 4060 1773 4120 editionis
1805 4057 2168 4118 Parisiensis
2190 4057 2336 4117 anni
2374 4061 2527 4118 1630
2559 4076 2745 4117 manu
2781 4057 3034 4136 propria
3078 4057 3368 4135 appinxit
3397 4058 3492 4117 vir
3521 4057 3810 4118 doctissi-

406 4171 565 4228 mus,
599 4172 672 4214 ac
701 4155 776 4215 de
809 4156 1029 4218 litteris
1053 4159 1284 4219 Graecis
1315 4159 1552 4236 optime
1587 4158 1842 4218 meritus
1874 4159 1940 4216 Β.
1999 4160 2062 4216 Ρ.
2098 4156 2528 4230 Combefisius,
2591 4156 3058 4230 Dominicanus,
3119 4156 3251 4232 ipse
3309 4175 3424 4216 sua
3482 4156 3810 4233 exscripsit

405 4255 620 4308 noster
651 4252 1016 4311 Louvardus
1050 4255 1191 4313 :cui
1214 4261 1520 4331 praeterea
1551 4258 1622 4314 ll.
1659 4257 1726 4314 P.
1762 4255 1818 4314 le
1878 4254 2076 4326 Quien
2133 4254 2442 4326 doctrina,
2504 4253 2878 4326 eruditione,
2913 4252 3157 4330 scriptis
3188 4252 3590 4325 clarissimus,
3626 4271 3658 4312 e
3690 4255 3812 4312 Do-

405 4345 723 4406 minicana
745 4347 1002 4422 familia,
1036 4351 1286 4409 Parisiis
1317 4352 1394 4410 ad
1441 4351 1647 4410 vicum
1677 4351 1888 4411 Sancti
1918 4351 2242 4422 Honorati,
2277 4351 2372 4410 sui
2403 4352 2590 4410 decus
2623 4351 2967 4410 maximum
3029 4349 3289 4422 ordinis,
3349 4349 3817 4410 emendationes

405 4447 469 4502 et
497 4446 676 4500 notas
705 4444 1020 4504 censorias
1050 4445 1113 4503 in
1145 4444 1473 4505 Billianam
1507 4464 1757 4504 omnem
1787 4463 2051 4524 operum
2085 4446 2367 4521 Gregorii
2396 4446 3001 4523 interpretationem,
3029 4445 3108 4504 ab
3141 4446 3359 4505 eodem
3409 4448 3594 4506 Patre
3626 4448 3813 4506 Com-

404 4538 624 4599 befisio
655 4541 1010 4602 elaboratas
1038 4543 1307 4620 benigne
1339 4542 1595 4602 tradidit
1622 4560 1635 4613 ;
1667 4548 1729 4603 et
1759 4543 2009 4620 quidem
2039 4561 2112 4603 eo
2146 4542 2370 4619 majori
2431 4543 2833 4620 benignitate,
2897 4543 3068 4621 quod
3117 4544 3249 4620 ipse
3305 4563 3462 4622 pene
3513 4549 3818 4605 statuerat

402 4636 588 4697 edere
618 4639 1012 4716 Gregorium,
1047 4647 1304 4720 propter
1330 4639 1713 4718 singularem
1745 4640 2022 4719 theologi
2045 4640 2414 4700 afﬁnitatem
2447 4659 2588 4701 cum
2623 4644 3030 4714 Damasceno,
3068 4641 3248 4720 cujus
3295 4647 3428 4703 tum
3477 4642 3812 4703 editionem

404 4733 774 4797 adornabat.

485 4832 766 4893 Primum
797 4842 1005 4896 autem
1040 4843 1252 4897 nostro
1285 4837 1613 4898 Louvardo
1646 4838 1921 4898 studium
1954 4838 2071 4898 fuit
2100 4837 2328 4897 scrinia
2357 4838 2882 4899 bibliothecarum
2933 4837 3274 4910 revolvere,
3340 4843 3398 4898 et
3441 4838 3747 4918 quidquid
3781 4857 3813 4898 e

407 4948 477 4992 re
507 4950 620 4993 sua
649 4943 782 4996 erat
813 4936 1182 4998 describere.
1220 4939 1609 5016 Scriptorum
1645 4957 1831 4998 manu
1863 4938 2150 4999 codicum
2184 4943 2421 4997 tantam
2473 4939 2701 5017 reperit
2757 4939 3026 5016 copiam,
3087 4945 3156 4997 ut
3213 4938 3274 4996 in
3336 4937 3432 4996 his
3485 4938 3814 5016 diligendis

410 5047 620 5107 operae
653 5031 790 5109 plus
820 5034 1234 5113 insumptum,
1295 5054 1484 5114 quam
1517 5036 1581 5094 in
1605 5035 1988 5096 inveniendis
2020 5037 2312 5108 fateatur,
2346 5048 2537 5113 atque
2568 5056 2644 5097 ex
2674 5036 2749 5097 iis
2800 5037 3170 5096 immensam
3233 5034 3546 5096 variarum
3598 5037 3816 5096 lectio-

412 5144 563 5188 num
588 5131 832 5208 copiam
865 5133 992 5192 sive
1027 5133 1299 5211 propria,
1335 5134 1463 5192 sive
1496 5132 1702 5192 aliena
1734 5153 1918 5194 manu
1953 5132 2228 5209 collegit.

494 5226 600 5285 His
657 5230 948 5289 omnibus
1005 5231 1405 5308 comparatis,
1459 5232 1879 5308 praefationes,
1942 5232 2133 5292 vitam
2194 5233 2492 5304 auctoris,
2575 5233 2988 5310 prmﬁgendas
3086 5231 3348 5307 singulis
3427 5232 3820 5293 orationibus

411 5321 892 5395 admonitiones,
955 5329 1261 5406 quidquid
1331 5329 1580 5388 demum
1640 5336 1996 5389 accuratam
2075 5328 2234 5389 solet
2290 5334 2479 5406 atque
2564 5331 2752 5390 etiam
2810 5331 2996 5389 debet
3104 5327 3443 5388 editionem
3502 5330 3812 5402 comitari,

411 5435 657 5479 summa
727 5423 1050 5499 diligentia
1106 5442 1178 5483 ac
1228 5425 1546 5484 celeritate
1604 5426 1888 5502 parabat,
1933 5433 2122 5503 atque
2179 5442 2251 5485 eo
2309 5444 2666 5502 progressu,
2745 5433 2813 5486 ut
2863 5426 3186 5502 fastigium
3242 5427 3418 5503 operi
3475 5427 3811 5505 imposuis-

410 5520 522 5585 set,
561 5517 625 5575 ni
671 5521 981 5581 continuis
1015 5521 1310 5582 molestiis
1340 5521 1885 5600 etimpedimentis
1918 5523 2312 5583 conflictatus
2341 5523 2576 5583 fuisset.
2607 5528 2866 5585 Demum
2912 5524 3161 5602 incepto
3191 5523 3488 5585 desistere
3533 5531 3813 5598 coactus,

411 5611 563 5670 nihil
599 5614 887 5676 absolvit.
921 5620 1081 5678 Tum
1142 5617 1438 5698 pependit
1493 5618 1844 5697 interrupta
1901 5619 2177 5698 Gregorii
2236 5637 2494 5696 operum
2554 5621 2765 5695 editio,
2805 5622 3114 5700 minaeque
3172 5619 3461 5697 ingentes
3519 5640 3805 5702 operum.
