4122 6214
328 352 403 412 25
1345 357 1764 419 ΡΒᾹΞΕΑΤΙΟ
1809 358 1956 421 GEN

2103 360 2268 421 tLlS.
2303 394 2380 404 —
2417 360 2617 421 PARS
2661 359 2711 420 Ι.
3653 352 3731 413 26

322 484 536 561 Minas,
572 487 856 565 inquam,
892 488 1173 568 ingentes
1204 508 1466 571 operum
1496 511 1510 566 ;
1542 510 1687 554 nam
1720 500 1948 572 praeter
1996 494 2300 572 Greegorti
2330 496 2557 572 Opera,
2590 494 2739 554 Elia:
2786 491 2850 553 in
2902 487 3332 553 novemdecim
3389 484 3729 561 orationes,

318 602 563 664 easque
592 585 969 667 insigniores
1000 606 1071 649 ac
1101 588 1527 669 theologicae;
1562 592 1791 651 Niceten
1822 590 1972 652 item
2004 592 2066 651 in
2096 592 2408 653 sexdecim
2441 592 2596 653 alias
2618 591 2943 652 Orationes
2973 584 3426 650 commentaria
3451 602 3464 657 ;
3491 582 3731 658 Basilii,

318 682 540 743 medio
575 684 806 745 saeculo
838 684 1080 747 decimo
1112 687 1401 749 Ecclesiae
1432 688 1826 750 Caesariensis
1858 688 2133 769 episcopi
2162 689 2346 767 longe
2377 690 2599 768 optimi
2645 688 3020 759 scholiastae,
3054 686 3118 746 in
3150 684 3305 745 duas
3352 700 3541 761 supra
3572 668 3731 760 qua-i

320 778 627 859 draginta
658 784 975 844 orationes
1008 785 1289 859 scholia;
1318 787 1570 847 demum
1605 786 1792 847 simul
1824 806 1965 847 cum
1996 788 2292 865 operibus
2324 787 2629 864 Gregorii,
2657 786 2798 865 plus
2846 790 3084 863 septem
3134 782 3535 861 scriptorum,
3572 797 3730 858 quo-

318 898 464 938 rum
498 898 580 939 ne
612 881 867 959 quidem
902 888 1050 942 nota
1073 891 1221 944 sunt
1248 885 1525 959 nomina,
1560 886 1721 945 fetus
1755 886 1961 953 edere,
1998 885 2123 945 imo
2156 885 2537 963 praemittere
2568 889 2891 944 statuerat.
2926 882 3232 959 Pleraque
3264 884 3486 958 parata
3528 882 3731 949 erant,

318 983 385 1035 et
417 978 677 1053 quidem
711 979 887 1057 prelo
920 981 1263 1041 maturiora
1294 1000 1481 1059 quam
1514 982 1650 1059 ipsa
1682 982 1960 1060 Gregorii
1990 984 2214 1060 Opera.

410 1075 847 1136 Intermissum
880 1077 985 1136 diu
1033 1096 1211 1156 opus,
1250 1079 1498 1138 tandem
1546 1079 1736 1158 longo
1786 1086 1926 1158 post
1973 1088 2257 1157 tempore
2305 1079 2367 1139 in
2420 1079 2615 1139 nostri
2660 1077 2979 1141 Prudentii
3012 1092 3233 1135 manus
3278 1072 3585 1152 pervenit,
3618 1071 3736 1131 viri

323 1172 687 1233 eruditione
719 1179 779 1233 et
810 1175 1131 1235 laboribus
1165 1176 1452 1236 Ecclesize
1505 1177 1758 1237 utilitati
1814 1176 2135 1255 impensis,
2171 1196 2393 1255 nempe
2440 1176 2696 1236 edendis
2748 1181 3107 1236 sanctorum
3162 1174 3413 1231 Patrum
3461 1168 3731 1247 scriptis,

322 1267 690 1329 clarissimi.
721 1273 915 1330 Nemo
948 1278 1114 1332 certe
1138 1290 1169 1332 e
1198 1273 1426 1333 nostris
1456 1274 1533 1333 ad
1569 1275 1845 1351 Gregorii
1879 1274 2213 1335 editionem
2248 1274 2770 1346 concinnandam,
2804 1280 2866 1333 et
2897 1273 2975 1332 ad
3024 1271 3343 1349 inceptum
3376 1285 3534 1346 opus
3564 1264 3732 1326 istud

328 1364 788 1441 perﬁciendum
824 1369 1027 1446 magis
1056 1369 1337 1430 idoneus.
1374 1370 1599 1430 Verum
1632 1376 1920 1451 suscepto
1953 1372 2128 1451 operi
2159 1372 2354 1431 serius
2386 1389 2644 1431 manum
2678 1369 2978 1441 admovit,
3016 1385 3129 1427 nec
3187 1366 3453 1425 multum
3489 1361 3729 1423 accele-

330 1462 517 1521 ravit.
554 1463 878 1525 Delectum
911 1468 1249 1545 quemdam
1287 1468 1604 1529 variarum
1654 1468 2017 1545 lectionum,
2052 1487 2319 1548 quarum
2363 1470 2580 1531 ﬂorem
2630 1469 2955 1539 libaverat,
2990 1465 3125 1545 ejus
3172 1482 3358 1524 manu
3406 1460 3732 1541 scriptum,

330 1563 397 1666 et
424 1558 707 1637 plurima
732 1563 1039 1637 carmina,
1074 1583 1212 1645 quae
1245 1566 1460 1627 stricta
1499 1566 1781 1627 oratione
1810 1570 2089 1628 verterat
2116 1566 2356 1645 Billius,
2390 1567 2469 1628 ab
2502 1567 2638 1647 ipso
2694 1566 2901 1628 soluta
2955 1563 3238 1626 oratione
3285 1559 3530 1622 reddita
3558 1576 3738 1638 repe-

327 1672 554 1717 1⁵11111118.

413 1754 683 1816 Multum
714 1757 923 1820 adhuc
953 1778 1161 1839 operae
1190 1767 1252 1822 et
1298 1761 1533 1822 laboris
1578 1761 2073 1840 impendendum
2122 1766 2469 1841 supererat,
2508 1764 2590 1824 ad
2636 1761 3079 1842 perﬁciendam
3126 1764 3400 1839 Operum
3460 1751 3741 1833 Gregorii

329 1850 697 1914 editionem.
733 1855 956 1917 Collati
986 1857 1238 1935 quidem
1271 1866 1453 1919 erant
1484 1878 1675 1920 manu
1704 1859 1946 1921 exarati
1975 1859 2220 1920 codices
2250 1860 2629 1932 orationum,
2664 1860 3072 1939 epistolarum
3103 1864 3165 1919 et
3202 1855 3553 1918 carminum
3580 1869 3593 1925 ;
3628 1850 3738 1911 sed

330 1950 526 2011 varia
549 1952 847 2014 lectiones
878 1955 1085 2015 adhuc
1115 1956 1455 2035 dissipatae,
1488 1958 1551 2017 in
1582 1957 1817 2018 chartis
1847 1964 2094 2019 tantum
2123 1959 2471 2038 descriptae,
2507 1959 2772 2019 necdum
2805 1958 2884 2019 ad
2905 1977 3081 2019 oram
3113 1952 3487 2034 exemplaris
3511 1948 3737 2011 edendi

330 2050 629 2127 appictm.
668 2051 1210 2121 Quemadmodum
1245 2055 1611 2133 priusquam
1644 2056 1870 2115 domus
1900 2055 2259 2131 aediﬁcetur,
2294 2075 2391 2115 res
2433 2057 2509 2116 ad
2562 2056 3000 2116 aediﬁcandum
3032 2052 3418 2123 necessariae,
3454 2046 3739 2115 materia,

331 2146 503 2219 calx,
539 2155 868 2219 caementa,
902 2150 1097 2227 ligna,
1136 2157 1197 2211 et
1225 2170 1619 2231 quaecunque
1668 2152 2003 2213 aedificanti
2030 2159 2177 2212 sunt
2233 2152 2604 2225 necessaria,
2641 2158 3116 2231 praeparantur;
3151 2151 3237 2210 sic
3294 2167 3435 2228 qum
3480 2146 3560 2207 ad
3609 2144 3741 2204 edi-

336 2244 584 2304 tionem
615 2247 895 2323 Gregorii
926 2249 1297 2321 necessaria,
1335 2256 1690 2329 praeparata
1721 2250 2000 2328 quidem,
2033 2251 2139 2310 sed
2173 2250 2450 2309 nondum
2498 2256 2763 2310 tractata
2810 2257 2873 2310 et
2911 2250 3274 2309 elaborata:
3308 2246 3496 2306 varia:
3525 2241 3745 2303 lectio-

345 2359 464 2400 nes
495 2344 783 2403 sanandis
814 2346 1011 2405 Greeci
1043 2351 1249 2406 textus
1278 2347 1431 2407 locis
1458 2348 1816 2427 depravatis
1846 2352 2073 2426 praesto
2106 2353 2306 2419 erant,
2342 2348 2449 2406 sed
2492 2348 2772 2408 nondum
2824 2347 3124 2407 adhibitae
3151 2363 3165 2417 ;
3197 2346 3480 2422 adeoque
3528 2358 3745 2402 emen-

346 2439 603 2499 dandus
629 2449 947 2521 supererat
978 2448 1207 2521 textus,
1240 2446 1634 2506 emendanda
1664 2464 1916 2524 quoque
1936 2444 2099 2505 Billii
2128 2445 2584 2524 interpretatio.
2606 2444 3055 2505 Concinnanda
3100 2448 3235 2504 erat
3262 2442 3391 2502 vita
3422 2436 3702 2518 Gregorii
3729 2453 3742 2509 ;

335 2535 423 2595 ad
453 2537 624 2615 quod
655 2556 811 2616 opus
841 2540 1193 2617 fragmenta
1224 2541 1458 2601 Gallica
1483 2542 1867 2603 Tillemontii
1909 2542 2527 2616 commentariorum,
2560 2562 2700 2623 quae
2745 2560 2961 2603 omnes
3012 2541 3268 2602 minime
3316 2557 3449 2599 com
3464 2536 3743 2615 plectun-

329 2641 462 2705 tur,
499 2636 821 2714 przecipue
850 2638 1290 2715 suppetebant.
1323 2641 1497 2699 Notae
1520 2640 1646 2699 sive
1677 2640 2169 2714 observationes,
2200 2640 2448 2719 aliaque
2480 2640 2751 2720 plurima
2777 2659 2917 2721 qua:
2967 2640 3372 2719 requiruntur
3402 2635 3480 2697 ad
3529 2633 3745 2696 editio-

330 2751 508 2804 nem,
545 2733 825 2793 nondum
857 2734 1219 2796 elaborata:
1259 2735 1394 2796 haec
1424 2737 1637 2796 omnia
1671 2756 1783 2816 pro
1814 2736 2049 2797 viribus
2076 2743 2373 2817 praestare
2405 2739 2613 2799 conati
2642 2758 2876 2799 sumus.

411 2829 699 2890 Primum
733 2831 795 2890 id
827 2832 1006 2891 nobis
1038 2833 1311 2893 studium
1346 2834 1461 2894 fuit
1491 2835 1695 2894 varias
1724 2834 2023 2895 lectiones
2052 2853 2194 2895 cum
2244 2835 2412 2897 edito
2461 2837 2742 2915 Gregorii
2791 2841 2963 2896 textu
3012 2837 3225 2896 Graeco
3270 2832 3574 2902 conferre,
3610 2829 3749 2889 loca

328 2932 637 3005 corrupta
667 2946 911 3000 sanare,
941 2936 1007 2989 ut
1035 2948 1147 2989 sua
1179 2931 1374 2990 textui
1407 2931 1643 3009 puritas
1687 2932 2137 3005 restitueretur,
2173 2950 2447 3010 suusque
2497 2933 2662 2993 nitor
2710 2932 3095 2993 redderetur.
3138 2931 3231 2990 Ad
3278 2926 3742 3007 interpretatio-

339 3042 481 3083 nem
510 3026 681 3103 quod
715 3032 978 3104 spectat,
1015 3027 1232 3087 Billius
1264 3029 1356 3088 vir
1396 3029 1724 3107 utriusque
1773 3028 2007 3106 linguae
2040 3028 2476 3108 peritissimus,
2513 3031 2792 3109 Gregorii
2813 3034 3019 3109 Opera
3067 3035 3192 3091 tam
3242 3028 3404 3088 felici
3451 3043 3742 3087 successu

342 3123 551 3183 Latine
581 3124 861 3183 reddidit
889 3131 1189 3203 tantoque
1218 3127 1387 3205 apud
1419 3146 1635 3187 omnes
1665 3126 1727 3186 in
1760 3127 1998 3187 honore
2037 3132 2130 3188 est
2160 3126 2294 3205 ejus
2342 3128 2795 3206 interpretatio,
2834 3135 2903 3188 ut
2951 3126 3321 3188 temerarius
3370 3130 3535 3186 certe
3565 3122 3745 3183 audi-

333 3224 512 3277 turus
544 3221 648 3291 sit,
675 3220 958 3298 quisquis
986 3240 1216 3282 novam
1248 3222 1557 3283 adornare
1592 3222 1943 3283 tentaverit.
1979 3222 2144 3282 Nihil
2175 3228 2386 3283 tamen
2416 3241 2489 3282 eo
2522 3223 2599 3282 de
2631 3224 2897 3284 Billiana
2948 3221 3464 3301 interpretatione
3508 3216 3748 3297 judicio

328 3315 677 3377 deterritus
710 3325 923 3378 noster
950 3321 1337 3392 Louvardus,
1373 3320 1561 3380 aliam
1596 3320 1711 3379 sibi
1741 3320 2188 3380 elaboraudam
2223 3327 2574 3398 putaverat,
2610 3328 2670 3381 et
2699 3322 2761 3380 in
2790 3320 3105 3380 vertendis
3155 3319 3399 3379 duabus
3445 3314 3747 3378 orationi-

326 3414 473 3486 bus,
512 3432 741 3494 nempe
774 3416 974 3494 prima
1024 3424 1083 3477 et
1124 3419 1420 3488 secunda,
1454 3418 1534 3477 a1.
1574 3421 1633 3477 1⁸
1663 3423 1724 3478 et
1754 3420 1878 3489 41⁸,
1913 3417 2001 3477 rei
2049 3418 2396 3496 periculum
2446 3419 2715 3478 fecerat:
2752 3435 2970 3479 verum
3028 3422 3267 3477 mutata
3314 3414 3619 3476 sententia
3650 3414 3749 3473 in-

325 3518 519 3589 cepto
542 3512 801 3585 destitit,
838 3519 900 3573 et
930 3514 1258 3575 Billianam
1292 3515 1874 3595 interpretationem
1905 3533 2153 3575 servare
2183 3516 2476 3576 decrevit.
2507 3516 2677 3577 Idem
2710 3516 2824 3576 fuit
2854 3515 3180 3576 consilium
3217 3520 3429 3574 nostro
3460 3511 3743 3572 Pruden-

328 3609 435 3668 tio.
478 3610 823 3687 Utriusque
854 3612 1129 3689 vestigiis
1160 3613 1561 3685 inhaerentes,
1596 3632 1731 3672 eam
1764 3630 1799 3673 e
1829 3613 2083 3691 regione
2110 3614 2306 3672 Graaci
2337 3619 2665 3673 contextus
2696 3625 2928 3673 sartam
2964 3618 3188 3676 tectam
3222 3610 3605 3671 servavimus
3631 3626 3645 3679 ;
3679 3616 3742 3668 et

325 3708 380 3766 si
415 3708 680 3785 quando
714 3726 751 3767 a
782 3714 990 3769 mente
1019 3711 1299 3787 Gregorii
1348 3711 1615 3771 Billiana
1645 3710 2082 3787 interpretatio
2140 3710 2433 3771 aberrare
2492 3717 2601 3772 aut
2646 3730 2782 3771 eam
2830 3729 2953 3771 non
2987 3710 3136 3770 satis
3193 3708 3439 3786 assequi
3473 3707 3607 3766 visa
3636 3709 3748 3776 est,

330 3807 529 3866 aliam
567 3807 778 3866 textui
804 3807 1077 3869 inserere
1108 3828 1233 3869 non
1269 3809 1716 3881 dubitavimus,
1751 3809 1849 3868 vel
1894 3808 1957 3867 in
2015 3809 2180 3869 notis
2237 3809 2566 3887 subjicere,
2612 3810 2907 3870 lectorem
2970 3808 3303 3868 monendo.
3338 3806 3407 3866 1d
3439 3811 3647 3865 autem
3679 3802 3757 3863 de

336 3902 734 3963 orationibus
762 3910 1005 3963 tantum
1040 3912 1101 3966 et
1130 3906 1413 3984 epistolis
1469 3907 1983 3983 intelligendum;
2020 3924 2165 3967 nam
2226 3908 2303 3967 de
2360 3907 2743 3967 carminibus
2803 3906 2974 3965 aliud
3036 3905 3151 3964 fuit
3209 3903 3560 3963 consilium.
3598 3903 3752 3961 Cum

356 4001 519 4058 enim
549 4000 774 4061 Latina
804 4001 967 4061 Billii
999 4004 1279 4063 carmina
1308 4004 1536 4063 Graecis
1566 4003 1845 4082 Gregorii
1877 4003 2261 4063 carminibus
2292 4024 2417 4064 non
2470 4004 2620 4065 satis
2670 4002 3114 4080 respondeant,
3151 4000 3349 4060 visum
3400 4005 3494 4059 est
3540 3999 3755 4057 Graeca

344 4098 613 4173 pedestri
638 4116 931 4158 sermone
962 4100 1243 4171 reddere,
1276 4101 1511 4161 Latinis
1542 4100 1708 4160 Billii
1739 4100 2018 4160 versibus
2048 4100 2128 4160 ad
2160 4101 2503 4177 marginem
2535 4100 2892 4160 interiorem
2926 4098 3191 4176 rejectis.

416 4196 799 4273 Priusquam
835 4202 1044 4257 autem
1080 4197 1339 4257 ulterius
1378 4198 1882 4276 progrediamur,
1918 4198 2019 4257 hic
2048 4198 2251 4258 obiter
2306 4198 2749 4277 exponendum
2803 4197 3060 4276 quinam
3120 4197 3244 4255 sint
3291 4213 3479 4255 manu
3513 4194 3756 4254 exarati

334 4293 617 4366 codices,
652 4295 865 4353 excusi
895 4313 931 4355 a
962 4297 1033 4355 D.
1068 4296 1415 4367 Louvardo,
1451 4296 1679 4375 quibus
1700 4296 1794 4356 usi
1824 4313 2060 4355 sumus.

729 4669 758 4741 §
804 4667 911 4726 111.
958 4681 1196 4727 NOTI'l‘lA
1237 4682 1521 4727 veranum
1570 4683 1855 4742 conicum,
1900 4686 1981 4729 an
2024 4685 2172 4739 Quos
2217 4683 2497 4729 esseom:
2542 4682 2873 4727 oax'nouss
2918 4681 3374 4727 susnnxvmus.

418 4991 743 5051 Plurimos
773 4994 832 5050 et
881 4989 1133 5069 quidem
1197 4989 1653 5069 probatissimae
1710 4994 1874 5049 notae
1932 4988 2176 5048 codices
2234 4988 2295 5047 in
2346 4986 2677 5047 concilium
2747 4982 3170 5044 adhibuimus.
3205 4984 3331 5042 Hos
3385 4980 3547 5041 inter
3594 4998 3754 5039 unus

338 5096 433 5150 est
458 5088 719 5165 Regius,
751 5087 899 5147 olim
932 5107 1108 5147 num.
1145 5092 1319 5161 1809,
1353 5109 1520 5150 nunc
1569 5094 1778 5149 autem
1828 5105 2001 5147 num.
2045 5087 2163 5146 510
2222 5092 2351 5146 tota
2403 5084 2724 5162 republica
2774 5082 3078 5142 litteraria
3134 5080 3607 5149 famosissimas,
3645 5076 3753 5156 qui

339 5188 513 5247 solus
548 5204 584 5245 e
614 5185 947 5245 Gallicanis
977 5186 1269 5247 omnibus
1300 5193 1557 5248 cunctas
1587 5185 1867 5263 Gregorii
1924 5183 2237 5243 oraiones
2297 5182 2595 5242 continet.
2634 5184 2716 5240 De
2769 5198 2893 5257 quo
2957 5179 3209 5238 Billius:
3247 5203 3274 5233 «
3310 5178 3472 5247 'l‘uli,
3514 5175 3743 5253 inquit,

341 5283 808 5363 amplissimum
843 5283 1116 5343 codicem
1178 5285 1552 5363 capitalibus
1607 5283 1825 5343 litteris
1882 5286 2233 5352 exaratum,
2276 5286 2521 5340 tantum
2579 5276 2972 5355 antiquitatis
3016 5294 3145 5355 prae
3201 5295 3264 5335 se
3323 5277 3648 5345 ferentem,
3684 5280 3752 5332 ut

341 5385 540 5462 ipsius
597 5380 884 5458 Gregorii
940 5385 1395 5461 propemodum
1457 5388 1641 5443 aetate
1700 5381 1966 5458 scriptus
2024 5397 2155 5439 esse
2211 5379 2545 5450 videretur,
2598 5375 2706 5454 qui
2763 5381 2988 5452 praeter
3046 5374 3339 5453 epistolas
3397 5378 3457 5432 et
3510 5390 3747 5443 versus,

343 5482 557 5543 omnia
591 5480 791 5559 ipsius
821 5482 1026 5558 Opera
1055 5482 1433 5542 continebat.
1469 5482 1662 5552 Quem
1692 5497 1833 5540 cum
1868 5477 2253 5557 paucissimis
2284 5475 2503 5535 diebus
2548 5472 2897 5534 incredibili
2950 5471 3265 5532 celeritate
3319 5470 3743 5550 perlegissem,

344 5600 415 5640 ex
448 5598 656 5659 eoque
690 5579 1019 5638 innumera
1048 5579 1205 5651 loca,
1242 5598 1383 5658 quae
1413 5581 1474 5639 in
1502 5580 1805 5657 impresso
1848 5576 2066 5637 vitiose
2094 5575 2463 5653 legebantur
2502 5569 2842 5650 integritati
2895 5589 3023 5631 sum
3074 5570 3501 5645 restituissem,
3536 5569 3742 5630 statim

347 5699 488 5740 eum
524 5678 809 5739 Athenas
837 5678 985 5753 (quo
1017 5677 1180 5737 enim
1208 5676 1332 5739 alio
1351 5678 1613 5764 nomine
1642 5673 2135 5754 incomparabile
2162 5672 2317 5733 illud
2351 5673 2655 5731 bonarum
2698 5670 2977 5730 omnium
3026 5670 3377 5731 litterarum
3426 5669 3742 5748 gazophy-
