4122 6214
343 377 419 438 2Ἰ
1360 381 1776 444 ΡΒᾹΞΡΑΤΙΟ
1822 383 1971 443 GEN

2111 383 2289 443 tLlS.
2322 413 2398 427 —
2424 382 2624 442 PARS
2670 382 2722 442 Ι.
3661 379 3739 439 28

337 511 568 573 locium
599 512 980 593 appellem?)
1012 514 1405 575 referendum
1436 518 1649 577 habui.
1683 541 1713 573 »
1753 521 2068 589 Quantum
2101 517 2421 578 festinaret
2463 517 2702 588 Billius,
2737 516 2837 576 hic
2894 534 2968 576 ex
3022 514 3157 593 ipso
3204 513 3525 587 discimus,
3560 532 3633 575 ac
3663 516 3740 576 de

339 611 568 670 Gracia
603 633 632 668 α
661 611 1004 690 integritati
1033 632 1161 672 sua
1191 615 1590 675 restituendis
1619 639 1648 670 »
1684 634 1824 676 eum
1861 635 1986 675 non
2018 615 2345 692 cogitasse,
2379 614 2498 674 nisi
2529 614 2738 693 quoad
2768 613 3036 675 versioni
3087 631 3216 673 sua
3248 612 3398 672 satis
3455 612 3738 673 haberet.

413 709 661 768 Famosi
691 708 857 769 illius
893 710 1143 784 codicis,
1169 713 1450 772 omnium
1481 719 1794 792 quotquot
1821 714 1885 773 in
1936 712 2126 792 Regia
2183 713 2568 773 bibliotheca
2623 712 2818 772 Graci
2876 717 3278 771 asservantur
3334 710 3739 782 ornatissimi,

331 806 598 866 formam
631 825 707 867 ex
761 808 1049 886 catalogo
1103 808 1498 870 bibliotheca
1555 812 1761 888 Regia
1818 829 2173 889 expressam
2208 810 2405 870 oculis
2452 809 2778 887 subjicere,
2827 827 2940 870 nec
2999 808 3329 868 molestum
3392 808 3591 881 nobis,
3628 826 3741 868 nec

330 903 538 963 forsan
574 904 690 981 ipsi
721 905 1038 981 ingratum
1074 907 1311 965 lectori.
1349 909 1862 968 Membranaceus
1892 908 2089 968 codex
2121 915 2232 979 est,
2262 913 2429 967 totus
2458 926 2494 966 a
2524 907 2729 985 capite
2760 907 2837 966 ad
2872 907 3105 965 calcem
3139 905 3489 964 uncialibus
3519 906 3742 966 litteris

332 999 623 1078 oblongis
679 1006 740 1059 et
771 1000 846 1059 ad
907 1001 1221 1061 sinistram
1281 1005 1607 1081 paululum
1683 1004 1940 1064 deﬂexis
1986 1004 2446 1082 elegantissime
2495 1003 2861 1082 descriptus,
2924 1021 3067 1062 cum
3126 1001 3483 1062 accentibus
3539 1002 3741 1080 prima

338 1115 551 1157 manu.
584 1099 900 1158 Columnis
948 1100 1192 1159 duabus
1224 1101 1473 1178 pagina
1533 1101 1890 1175 distincta;
1929 1102 2093 1161 tituli
2125 1101 2480 1161 orationum
2537 1101 2600 1161 in
2648 1101 3014 1161 membrana
3063 1118 3255 1160 aurea
3302 1100 3580 1159 exarati:
3617 1099 3742 1158 sin-

341 1194 503 1271 gula
557 1195 752 1255 ferme
809 1195 1239 1258 distinctiones
1289 1198 1576 1277 majores,
1641 1205 1747 1260 aut
1796 1199 2060 1278 periodi,
2095 1199 2318 1260 litteris
2367 1199 2594 1276 aureis,
2630 1199 2887 1278 pictisve
2932 1197 3147 1276 ﬁguris
3196 1197 3523 1276 incipiunt.
3559 1197 3743 1256 Initio

340 1291 646 1370 imagines
695 1293 974 1372 quinque
1032 1295 1297 1374 paginas
1352 1296 1630 1375 singulas
1687 1305 2037 1376 occupant:
2071 1297 2313 1376 prima,
2352 1295 2550 1358 tertia
2590 1302 2651 1357 et
2706 1301 2949 1375 quarta
3014 1295 3379 1356 membrana
3433 1294 3742 1365 carulea;

342 1390 631 1451 secunda
663 1409 810 1452 vero
841 1398 902 1453 et
931 1394 1196 1472 quinra,
1233 1413 1445 1454 aurea.

419 1487 471 1546 1⁸
499 1488 779 1549 Christus
807 1490 867 1549 in
902 1489 1202 1551 cathedra
1228 1491 1470 1565 sedens,
1509 1498 1570 1553 et
1600 1493 1853 1553 sinistra
1886 1511 2073 1552 manu
2107 1492 2339 1552 librum
2371 1491 2753 1570 resignatum
2789 1497 3028 1550 tenens.
3064 1492 3132 1550 In
3163 1489 3324 1549 libro
3356 1488 3490 1548 hac
3523 1488 3745 1566 legun-

339 1588 480 1644 tur:
516 1591 747 1667 Εἰρήνην
782 1594 878 1662 τὴν
913 1593 1050 1666 ἐμὴν
1087 1591 1313 1667 δίδωμι,
1351 1588 1413 1648 id
1445 1595 1536 1649 est
1568 1588 1783 1651 Pacem
1813 1607 1967 1649 mean

1268 1616 1313 1664 t,
1351 1588 1413 1648 id
1445 1595 1536 1649 est
1568 1588 1783 1651 Pacem
1813 1607 1998 1649 meam
2031 1587 2103 1648 do
2140 1588 2298 1648 vobis
2326 1588 2366 1647 ι.
2405 1591 2644 1650 Catera
2673 1587 2896 1647 deleta.

424 1686 502 1743 ll‘
529 1686 680 1744 Tres
710 1684 926 1761 figura
957 1691 1194 1746 stantes
1224 1703 1364 1744 cum
1403 1685 1779 1745 diadematis
1808 1693 1869 1744 et
1900 1685 2064 1745 alliis
2090 1685 2172 1744 im
2188 1685 2378 1764 pereii
2400 1684 2771 1762 insignibus.
2797 1686 2866 1743 In
2902 1683 3105 1743 medio
3136 1681 3413 1742 Eudocia
3445 1685 3746 1757 Augusta,

343 1778 565 1838 dextra
592 1786 933 1858 sceptrum,
966 1781 1218 1841 sinistra
1274 1782 1529 1859 globum
1591 1787 1828 1841 tenens.
1862 1783 2053 1841 Juxta
2108 1781 2233 1841 duo
2294 1780 2448 1853 ﬁlii;
2483 1781 2630 1839 hinc
2690 1784 2811 1839 Leo
2842 1781 3141 1856 Despota,
3171 1778 3316 1837 inde
3371 1776 3745 1836 Alexander.

340 1877 619 1954 Uterque
649 1877 899 1938 sinistra
929 1879 1185 1956 globum
1219 1884 1439 1956 gestat.
1476 1879 1819 1956 Imaginem
1844 1879 2042 1938 ambit
2073 1878 2301 1938 limbus
2322 1878 2577 1956 quidam
2610 1877 2959 1949 carulaus,
2993 1876 3053 1936 in
3085 1893 3212 1954 quo
3245 1874 3310 1934 hi
3341 1892 3556 1934 versus
3588 1873 3747 1933 albis

342 1971 566 2032 litteris
595 1979 739 2033 sunt
763 1975 998 2054 scripti.

1085 2106 1265 2182 Εῷκλη
1279 2111 1545 2182 ματοῦσαν
1580 2105 1909 2182 ἄμπελόν-σε
1937 2111 2032 2182 τφῦ
2061 2108 2291 2182 δεράτᾳυς

1085 2177 1287 2256 ξότρρςή
1312 2181 1575 2256 φὲρουᾳαγ
1606 2177 1734 2256 ’ἐμοὺς
1762 2177 2051 2256 γᾳληνρὺςι
2069 2177 2327 2241 δὲσπότας

1087 2248 1601 2320 Βαάίλειόξπρόηξε
1632 2248 1900 2321 Ῥομὰίῳν
1931 2248 2055 2320 ἅναξ

1088 2324 1212 2377 Μεθ’
1243 2323 1315 2374 ὧν
1343 2320 1981 2395 προλάμπειςςΕὐδοκία
2011 2320 2322 2398 φωσφόρος.

1091 2446 1338 2502 Felicem
1371 2451 1427 2501 te
1457 2446 1802 2519 palmitibus
1831 2446 2009 2502 vitem
2043 2446 2280 2519 imperii

1098 2519 1383 2574 Racemos
1417 2517 1719 2584 ferentem,
1744 2534 1977 2575 serenes
2008 2517 2231 2574 scilicet
2262 2517 2576 2590 principes.

1093 2590 1348 2645 Basilius
1379 2591 1669 2662 promovit
1699 2591 2104 2662 Romanorum
2142 2591 2463 2662 imperator

1089 2666 1232 2717 Cum
1259 2660 1476 2733 quibus
1510 2661 1840 2733 prafulges,
1873 2661 2130 2717 Eudocia
2157 2660 2420 2716 lucifera.

423 2809 533 2870 lll‘
561 2815 623 2870 et
654 2810 762 2871 ινα
794 2829 1008 2873 cruces
1043 2812 1183 2874 dua
1213 2831 1421 2875 aurea
1452 2820 1786 2893 gemmata
1817 2832 1958 2874 cum
1989 2813 2252 2874 ﬁmbriis
2280 2813 2574 2891 utrinque
2607 2809 3032 2891 pendentibus
3079 2814 3142 2869 et
3195 2807 3313 2868 hac
3355 2802 3758 2883 inscriptione

343 2922 402 2968 Ic
433 2924 506 2967 xc
539 2919 684 2984 νικᾷ.
726 2931 755 2963 ‹‹
785 2909 816 2969 J
828 2927 968 2968 esus
1000 2909 1279 2971 Christus
1310 2911 1524 2972 vincit.
1566 2936 1592 2967 ι)

429 3007 525 3065 να.
561 3008 712 3067 Tres
746 3006 960 3085 ﬁgura
988 3013 1245 3069 stantes.
1281 3011 1349 3070 In
1381 3010 1588 3070 medio
1620 3010 1884 3071 Basilius
1913 3028 2054 3069 cum
2085 3009 2335 3088 imperii
2361 3007 2728 3087 insignibus.
2764 3009 2996 3066 Dextra
3031 3003 3192 3064 Elias
3225 2999 3561 3081 propheta,
3597 2997 3764 3058 rosei

354 3123 459 3164 seu
495 3103 684 3164 lucidi
716 3105 943 3166 coloris
975 3112 1142 3167 veste
1189 3107 1466 3180 indutus,
1502 3109 1788 3168 labarum
1824 3107 2280 3168 manu'elatum
2313 3114 2551 3177 tenens,
2585 3111 2648 3164 et
2698 3104 2928 3164 Basilio
2959 3102 3140 3180 quasi
3197 3099 3544 3178 porrigens.
3579 3099 3766 3156 Lava

354 3202 604 3262 Gabriel
633 3202 1074 3281 archangelus,
1108 3205 1313 3266 alatus
1344 3212 1404 3266 et
1451 3206 1671 3266 habitu
1719 3206 2149 3284 imperatorio,
2182 3206 2474 3265 diadema
2504 3203 2716 3264 Basilii
2774 3200 2965 3280 capiti
3022 3200 3377 3276 imponens.
3411 3193 3756 3270 Imaginem

351 3305 551 3361 totam
583 3299 780 3360 ambit
809 3300 1158 3380 inscriptio,
1191 3320 1300 3362 seu
1333 3303 1767 3376 tetrastichon,
1799 3301 1979 3381 cujus
2003 3321 2216 3362 versus
2247 3303 2484 3381 primus
2530 3301 2771 3360 deletus
2801 3305 2892 3358 est
2921 3316 2934 3370 ;
2968 3296 3195 3374 reliqui
3244 3303 3367 3354 tres
3413 3291 3761 3352 etiamnum

354 3396 479 3475 legi
508 3403 790 3476 possunt.

1104 3559 1424 3634 Ntxﬁvpca'ri
1447 3555 1655 3634 ἐχθρῷν
1691 3555 1880 3634 Ἠλίας
1913 3557 2234 3634 ὑπογράφειο

1106 3630 1168 3705 :0
1197 3624 1442 3705 ᾘᾳόριὴλ
1475 3624 1657 3705 ᾆξ’-τήν
1687 3630 1860 3705 χᾴραν
1889 3624 2246 3705 προμῖἠνιξων,

1105 3698 1374 3768 Βασίλεὶε,
1408 3701 1583 3778 στέφει
1615 3720 1672 3754 σε
1690 3698 1911 3773 ⁷δὶόὶηωι)
1932 3698 2269 3775 ’προστάτην.

1113 3824 1433 3881 Victoriam
1465 3827 1535 3882 de
1565 3826 1834 3882 hostibus
1867 3825 2016 3881 Elias
2044 3825 2331 3896 designat,

1110 3896 1340 3970 Gabriel
1359 3901 1561 3970 autem
1586 3897 1864 3970 gaudium
1895 3897 2275 3970 annuntians,

1110 3971 1155 4026 Ο
1194 3969 1392 4041 Basili,
1427 3969 1666 4026 coronat
1695 3973 1752 4025 te
1783 3969 1940 4025 orbis
1971 3972 2276 4026 rectorem.

451 4122 541 4179 Ex
573 4119 668 4178 his
695 4119 914 4198 figuris
940 4127 1204 4200 apparet
1234 4122 1532 4200 scriptum
1566 4139 1697 4182 esse
1728 4122 1894 4182 hunc
1925 4122 2200 4183 codicem
2250 4126 2395 4180 ante
2450 4136 2684 4178 annum
2744 4119 2885 4187 886,
2921 4131 3046 4192 quo
3092 4129 3258 4171 anno
3319 4109 3480 4171 obiit
3506 4106 3779 4168 Basilius

374 4215 739 4294 imperator,
777 4225 1195 4295 cognomento
1229 4220 1504 4292 Macedo,
1541 4220 1803 4280 maritus
1835 4220 2154 4292 Eudoxia,
2188 4217 2413 4279 Leonis
2449 4214 2764 4295 Sapientis
2794 4219 2856 4273 et
2885 4209 3225 4272 Alexandri
3253 4215 3455 4288 pater.

461 4315 771 4373 Praterea
806 4315 867 4374 in
900 4315 1120 4375 eodem
1153 4317 1366 4376 codice
1395 4336 1520 4376 una
1551 4325 1610 4378 et
1641 4317 2062 4396 quadraginta
2118 4317 2424 4395 imagines
2467 4320 2612 4375 sunt
2642 4311 3049 4391 amplissima
3077 4327 3091 4381 ;
3127 4313 3343 4385 totque
3388 4305 3537 4366 olim
3579 4307 3781 4376 erant,

381 4417 537 4492 quot
589 4411 927 4472 orationes.
963 4413 1085 4473 Sed
1117 4432 1189 4473 ex
1220 4413 1343 4474 illis
1374 4415 1632 4494 integra
1655 4434 1874 4476 novem
1910 4415 2363 4475 desiderantur.
2398 4415 2488 4473 Ex
2531 4413 2606 4472 iis
2636 4429 2777 4489 qua
2826 4411 3164 4487 supersunt
3211 4423 3436 4466 novem
3490 4402 3783 4462 decemve

379 4509 458 4569 ad
491 4507 815 4569 historiam
847 4510 1352 4585 ecclesiasticam,
1390 4513 1660 4572 maxime
1689 4511 1967 4590 Gregorii
2019 4511 2235 4583 nostri,
2265 4511 2599 4588 pertinent.
2633 4507 3000 4570 Orationum
3049 4503 3204 4565 ordo
3251 4502 3315 4562 in
3364 4501 3484 4561 hoc
3531 4515 3781 4558 manus-

377 4606 580 4684 cripto
611 4606 689 4666 ad
722 4607 1238 4685 chronologicum
1271 4608 1554 4688 proxime
1577 4609 1837 4682 accedit,
1868 4608 2046 4669 initio
2077 4607 2370 4668 maxime.
2405 4606 2617 4666 Prima
2661 4621 2934 4683 namque
2964 4607 3075 4674 est,
3113 4625 3142 4655 «
3178 4599 3240 4660 in
3293 4597 3536 4658 Pascha
3566 4600 3625 4654 et
3657 4600 3782 4654 tar-

376 4703 659 4777 ditatem,
695 4726 726 4758 »
760 4722 901 4783 qua
934 4705 1096 4766 male
1125 4704 1188 4764 in
1219 4704 1402 4766 editis
1430 4715 1559 4767 χιιι
1587 4712 1702 4766 est.

460 4801 751 4862 Codicem
782 4801 952 4862 hunc
983 4820 1124 4862 cum
1183 4803 1474 4864 omnibus
1523 4803 1706 4865 editis
1763 4802 2153 4864 orationibus
2184 4809 2396 4863 noster
2451 4799 2818 4862 Louvardus
2875 4795 3164 4867 contulit,
3197 4811 3382 4872 quem
3414 4791 3512 4851 his
3566 4787 3790 4848 litteris

381 4898 669 4977 designat
699 4898 733 4957 ὁ
759 4919 837 4968 m,
872 4900 1023 4978 quia
1050 4906 1333 4979 tempore
1363 4901 1574 4961 Basilii
1605 4901 1962 4962 Macedonis
1991 4901 2260 4980 scriptus
2290 4900 2534 4979 ipsique
2557 4898 2830 4958 oblatus.

464 4999 748 5074 Longum
780 5003 941 5057 esset
967 4997 1056 5059 ire
1083 5017 1193 5077 per
1213 4998 1501 5077 singula:
1535 5006 1633 5059 sat
1663 4999 1780 5059 erit
1826 4999 2114 5059 codicum
2160 4999 2388 5077 quibus
2435 4998 2530 5058 usi
2577 5014 2817 5069 sumus,
2851 4992 3084 5073 quique
3133 5010 3170 5051 a
3215 4993 3429 5049 nostro
3461 4982 3790 5046 Louvardo

384 5093 599 5156 collati
628 5101 775 5154 sunt
805 5095 1029 5155 seriem
1060 5102 1300 5169 texere,
1334 5114 1476 5156 cum
1506 5096 1671 5158 notis
1702 5096 1931 5176 quibus
1960 5096 2338 5158 indicantur.

456 5256 478 5292 ³
503 5257 672 5313 Joan.
702 5270 820 5324 xiv,
843 5256 934 5309 27.
