4122 6214
379 321 450 384 31
1396 330 1816 393 PREFATIO
1863 331 2328 426 GENERALIS.
2360 366 2438 380 —
2467 334 2669 396 PARS
2713 333 2762 394 Ι.
3703 337 3780 396 32

383 437 562 513 Pass:
701 460 838 515 Cod.
873 476 1016 516 mss.
1050 462 1499 518 eminentissimi
1527 465 1840 520 cardinalis
1871 466 2203 522 Passionaei.

379 527 508 582 Vat.
701 531 838 586 Cod.
874 549 1015 586 mss.
1051 548 1117 587 ex
1150 532 1500 589 bibliotheca
1527 535 1824 590 Vaticana.

382 598 554 654 Coisl.
702 603 837 658 Cod.
875 620 1017 658 mss.
1055 609 1114 658 D.
1141 606 1211 660 de
1240 605 1476 672 Coislin,
1501 624 1654 662 nunc
1686 607 1746 662 in
1777 607 1918 662 bibl.
1950 612 2007 662 S-
2041 608 2312 665 Germani
2345 628 2378 666 a
2406 611 2610 666 Pratis.

1851 785 2064 842 Codices
2104 789 2308 842 excusi.

378 900 506 956 Ald.
698 902 824 957 Aldi
860 904 1103 959 Manutii
1134 906 1308 960 editio
1339 907 1474 961 anni
1509 908 1665 963 1516.

381 974 512 1027 Bas.
704 973 893 1028 Basilii
928 976 1262 1031 Scholiasta:
1293 977 1589 1034 lectiones.

380 1044 486 1098 Bil.
701 1045 926 1111 Billius,
962 1047 1218 1102 Billianaa
1250 1049 1553 1115 editiones,
1591 1067 1656 1105 ac
1687 1050 1962 1108 lectiones
1991 1071 2133 1110 mss.

381 1116 521 1172 Bod.
701 1116 1050 1173 Bodleiauus
1081 1121 1257 1174 codex
1289 1121 1346 1174 in
1382 1122 1759 1178 Montacutio.

383 1186 581 1242 Comb.
709 1188 1037 1244 Combeﬁsii
1072 1189 1366 1247 lectiones.

386 1257 468 1312 E1.
503 1257 651 1314 Cret.
708 1259 861 1314 Elias
892 1261 1200 1317 Cretensis.

385 1328 531 1384 Gab.
704 1330 978 1386 Gabrielii
1008 1332 1300 1388 lectiones.

382 1399 580 1456 Heins.
703 1401 1002 1458 Heinsiani
1031 1405 1246 1459 codicis
1278 1403 1574 1460 lectiones.

381 1471 550 1549 lierv.
702 1473 1259 1549 l3asileensiseditio
1292 1477 1446 1547 apud
1480 1476 1850 1549 Hervagium,
1885 1479 2038 1536 1550.

382 1542 556 1599 Leuv.
704 1544 1072 1601 Leuvenklaii
1102 1547 1300 1603 editio.

384 1613 565 1670 Mont.
708 1615 1118 1672 Montacutius.

385 1683 489 1761 9x.
705 1686 1050 1761 onniensis
1083 1687 1298 1761 codicis
1329 1687 1604 1746 lectiones
1633 1690 1788 1761 apud
1821 1691 2263 1750 Montacutium.

385 1755 514 1834 ξων.
705 1757 1126 1834 Parisiensium
1158 1759 1334 1815 editio
1367 1761 1504 1816 1609
1533 1778 1598 1817 ac
1628 1755 1923 1834 deinceps.

386 1830 515 1883 Sav.
708 1829 974 1885 Savilius.

387 1898 619 1974 Sancig.
707 1901 1711 1974 Sancigyranensisgemendationes.

389 1969 524 2024 Sch.
572 1969 592 1971 “
718 1969 952 2028 Andreae
984 1973 1208 2028 Schotti
1237 1973 1294 2027 in
1327 1975 1679 2031 Montacutio
1709 1975 1966 2031 Schedaa.

390 2041 517 2114 Syr.
711 2043 918 2114 Syrleti
951 2061 1093 2100 mss.
1127 2047 1186 2099 in
1221 2045 1347 2100 Bill.
1382 2045 1512 2100 lect.

389 2111 496 2165 Th.
711 2111 899 2170 Codex
932 2132 1074 2170 mss.
1107 2117 1172 2170 D.
1207 2117 1502 2172 Thomson
1536 2117 1593 2171 in
1629 2117 1878 2172 Montac.

390 2181 522 2236 Till.
713 2185 829 2240 DD.
861 2185 1287 2243 Tillemontius.

391 2253 489 2331 Tr.
713 2255 901 2331 _C_odex
932 2274 1073 2331 mss.
1109 2260 1165 2314 S.
1199 2258 1502 2314 Trinitatis
1535 2260 1687 2331 apud
1721 2260 1972 2316 Montac.

390 2322 535 2396 Vaq.
713 2327 978 2399 Vaquerii
1009 2331 1188 2386 codex
1216 2331 1273 2385 in
1307 2331 1459 2386 notis
1494 2322 1938 2387 Parisiensibus.

482 2747 555 2808 Hi
585 2749 892 2810 suntlibri
925 2751 1180 2830 majoris
1213 2754 1674 2827 momenti,tam
1707 2772 1899 2815 manu
1930 2754 2370 2834 scripti,quam
2399 2753 2631 2828 excusi,
2657 2772 2924 2832 quorum
2957 2753 3236 2817 subsidio
3266 2772 3494 2816 novam
3521 2753 3813 2833 Gregorii

398 2847 670 2923 Operum
704 2847 1040 2909 editionem
1073 2851 1403 2928 adornare,
1438 2852 1884 2931 inceptumque
1914 2871 2072 2931 opus
2103 2858 2164 2912 et
2191 2852 2298 2912 diu
2328 2853 2749 2932 interruptum
2780 2853 3076 2933 prosequi
3105 2859 3168 2914 et
3215 2852 3541 2914 absolvere
3598 2856 3801 2912 tenta-

397 2942 625 3003 vimus.
660 2945 851 3006 Multo
883 2945 1092 3026 plures
1124 2949 1368 3010 codices
1399 2949 1856 3029 manuscriptos
1887 2950 2537 3030 evolvimus,quorum
2580 2951 2801 3012 seriem
2823 2951 3131 3030 integram
3163 2950 3250 3012 ibi
3297 2955 3508 3013 texere
3539 2950 3804 3029 longum

399 3040 654 3101 fuisset:
689 3043 1042 3124 praecipuos
1097 3046 1423 3125 designare
1456 3049 1604 3109 satis
1636 3048 1836 3108 visum
1865 3053 1997 3121 est;
2033 3053 2292 3110 caeteros
2323 3048 2662 3110 acervatim
2709 3048 2988 3128 generali
3036 3048 3508 3128 nuncupatione
3532 3047 3595 3109 in
3649 3046 3817 3108 notis

400 3139 877 3216 appellavimus,
914 3143 1186 3205 maxime
1217 3145 1364 3204 dum
1407 3145 1468 3206 in
1529 3147 1814 3207 eamdem
1872 3145 2210 3207 lectionem
2270 3146 2696 3207 convenirent.
2731 3147 3013 3226 Optimas
3061 3165 3345 3226 quasque
3394 3164 3467 3206 ex
3513 3144 3808 3205 omnibus

399 3237 586 3297 variis
617 3237 987 3302 lectionibus
1017 3242 1613 3323 selegimus,easque
1644 3245 1740 3305 vel
1772 3243 1967 3306 textui
1997 3243 2397 3317 inseruimus,
2424 3251 2492 3306 ut
2521 3245 2831 3324 corruptis
2863 3245 3275 3317 mederemur,
3309 3243 3359 3304 si
3389 3262 3492 3304 eas
3534 3243 3599 3302 in
3647 3260 3802 3302 con-

401 3341 640 3396 textum
674 3339 886 3398 referri
937 3340 1163 3401 vulnus
1204 3343 1570 3420 postulavit,
1603 3344 1893 3421 apposita
1923 3343 2004 3417 ad
2048 3343 2366 3420 maginem
2418 3350 2570 3404 nota
2600 3363 2741 3421 quas
2772 3344 3068 3404 lectorem
3127 3340 3578 3404 emendationis
3637 3359 3809 3401 com-

403 3435 842 3509 monefaceret,
878 3437 973 3497 vel
1004 3439 1068 3498 in
1119 3441 1400 3518 margine
1447 3441 1724 3501 inferiori
1769 3440 2171 3519 subjecimus.
2207 3442 2365 3501 Sunt
2412 3441 2754 3517 aliquando
2804 3441 3119 3520 longiores
3169 3446 3353 3513 notas,
3395 3457 3540 3499 cum
3588 3440 3803 3516 expla-

401 3532 614 3590 nanda
644 3533 983 3595 difﬁcultas
1027 3539 1319 3609 occurrit,
1354 3539 1448 3599 vel
1501 3539 1718 3616 spinea,
1754 3558 1911 3616 quas
1959 3537 2079 3598 sibi
2126 3558 2251 3599 non
2304 3539 2494 3598 recidi
2541 3539 2737 3600 lector
2785 3558 2951 3616 aagre
3001 3540 3207 3599 ferret.
3242 3537 3634 3609 Orationum,
3668 3555 3810 3616 qua

403 3628 622 3688 ordine
655 3636 1004 3708 temporum
1039 3634 1449 3706 collocantur,
1485 3637 1674 3695 fronti
1705 3636 1979 3714 praaﬁxae
2009 3641 2156 3696 sunt
2202 3635 2682 3704 admonitiones,
2719 3636 2782 3694 in
2833 3636 3062 3712 quibus
3125 3641 3370 3712 tempus
3416 3653 3543 3712 quo
3591 3634 3808 3692 habita

403 3743 672 3804 quaeque
715 3733 808 3788 est
837 3731 1159 3806 astruitur,
1193 3739 1253 3792 et
1293 3739 1700 3810 augmentum
1751 3733 2106 3811 exponitur.
2159 3733 2609 3810 Exspatiantur
2655 3733 2780 3792 illa:
2832 3751 3288 3811 nonnunquam
3336 3732 3620 3792 fortassis
3665 3731 3802 3790 lon-

400 3824 559 3900 gius,
595 3825 702 3885 sed
734 3827 822 3886 rei
852 3830 1145 3906 gravitas,
1182 3832 1278 3890 vel
1310 3831 1732 3901 difficultates,
1773 3848 1913 3908 quae
1961 3831 2127 3890 intra
2184 3835 2476 3890 notarum
2528 3831 2850 3909 angustias
2902 3830 3198 3890 concludi
3238 3829 3337 3890 vel
3391 3828 3642 3889 dissolvi
3681 3847 3802 3887 non

403 3929 718 4002 poterant,
752 3927 1140 3988 brevioribus
1169 3947 1301 3989 esse
1333 3949 1457 3990 non
1492 3930 1795 4009 permisit.
1832 3929 2159 3991 Orationes
2189 3931 2251 3990 in
2285 3930 2516 4009 capita,
2550 3948 2656 3990 seu
2703 3947 3000 3989 numeros
3055 3926 3292 4000 divisas,
3333 3944 3405 3987 ac
3459 3933 3811 4004 temporum

405 4022 623 4084 ordine
654 4031 799 4084 sunt
830 4025 1175 4087 collocatae.
1211 4028 1484 4089 Minutus
1520 4035 1729 4090 autem
1791 4047 2008 4090 carum
2068 4047 2389 4101 numerus,
2424 4028 2656 4089 nedum
2714 4032 2973 4087 auctus:
3011 4025 3246 4105 quippe
3303 4044 3376 4085 ex
3411 4025 3662 4085 illarum
3694 4044 3811 4084 nu-

409 4137 583 4180 mero
617 4129 884 4183 resectas
915 4130 1208 4202 quatuor,
1241 4126 1406 4187 inter
1425 4127 1670 4206 spurios
1702 4128 1862 4188 fetus
1893 4127 2389 4188 amandavimus.
2427 4125 2718 4188 Geminas
2755 4143 3002 4205 quoque
3032 4123 3112 4185 ad
3141 4123 3508 4184 Cledonium
3540 4123 3806 4194 litteras,

409 4223 470 4276 et
493 4236 677 4277 unam
712 4221 792 4279 ad
822 4223 1180 4283 Nectarium
1215 4243 1290 4284 ex
1321 4227 1676 4287 orationum
1709 4227 1903 4289 classe
1933 4231 2228 4299 remotas,
2265 4226 2344 4286 ad
2375 4225 2696 4305 piopriam
2747 4224 2956 4284 sedem
3006 4223 3170 4282 inter
3217 4221 3514 4300 epistolas
3566 4239 3813 4281 revoca-

405 4331 629 4374 νιαιιιδ.

486 4429 765 4490 Tandem
811 4431 1063 4509 praefari
1110 4433 1777 4514 desinam,postquam
1834 4437 2113 4497 virorum
2169 4437 2519 4509 doctorum,
2561 4437 2668 4515 qui
2724 4438 2992 4498 amicam
3050 4440 3464 4515 porrexerunt
3522 4453 3806 4510 manum,

407 4525 615 4588 officia
645 4546 1243 4592 commemoravero.
1276 4532 1522 4592 Primus
1554 4552 1685 4594 sese
1733 4533 1912 4594 offert
1963 4532 2059 4592 vir
2112 4551 2146 4593 e
2178 4534 2369 4611 Regia
2417 4533 2893 4608 numismatum,
2935 4532 3435 4612 inscriptionum,
3473 4531 3806 4593 humanio-

406 4643 672 4703 rumque
703 4624 1054 4686 litterarum
1085 4629 1420 4689 Academia
1446 4631 1843 4702 clarissimus,
1880 4630 2319 4708 esjusdemque
2355 4628 2730 4705 Γραμματιύς,
2764 4634 2832 4691 D.
2870 4635 3116 4710 Dupuy,
3152 4630 3214 4689 in
3247 4629 3470 4708 quovis
3517 4628 3808 4689 scientia-

406 4741 546 4783 rum
579 4742 806 4802 genere
835 4729 897 4785 et
938 4724 1320 4803 linguarum,
1358 4727 1628 4790 maxime
1662 4732 1913 4803 Graecae,
1949 4729 2404 4790 versatissimus
2436 4735 2496 4789 et
2525 4729 2973 4809 peritissimus;
3007 4728 3116 4808 qui
3173 4746 3297 4788 non
3355 4726 3800 4805 perfunctorie,

405 4821 513 4881 sed
538 4820 871 4900 diligenter
900 4823 1173 4884 censoris
1203 4825 1368 4885 vices
1398 4844 1611 4905 agens,
1645 4827 1893 4906 singula
1922 4832 2111 4906 prout
2141 4826 2426 4906 subjecta
2459 4826 2633 4907 prelo
2663 4826 2922 4888 exibant
2951 4825 3122 4899 folia,
3157 4823 3312 4884 nihil
3342 4829 3692 4898 cunctatus,
3729 4842 3804 4884 ea

402 4920 628 4999 legere:
648 4920 867 4981 solitus
897 4926 958 4981 et
989 4924 1377 5002 expendere;
1415 4931 1604 5004 atque
1637 4932 1704 4987 ut
1731 4926 1824 4986 vir
1853 4924 1956 4985 ille
1987 4925 2189 4985 bonus
2219 4930 2279 4985 et
2309 4925 2602 5005 prudens,
2639 4925 2715 4986 de
2755 4943 2880 5005 quo
2911 4923 3228 4996 Horatius,
3263 4921 3564 5001 culpabat
3620 4921 3801 4992 dura,

404 5019 708 5079 mutanda
740 5019 1021 5091 notabat,
1056 5021 1351 5100 ambigue
1381 5022 1548 5084 dicta
1577 5024 1903 5101 arguebat,
1939 5041 2163 5103 parum
2211 5023 2396 5083 claris
2449 5023 2678 5084 addere
2725 5023 2928 5083 lucem
2982 5020 3300 5093 monebat,
3332 5026 3451 5081 etc.
3487 5020 3800 5091 Quantum

403 5115 523 5194 ipsi
554 5116 896 5177 debeamus
929 5119 1024 5178 vix
1057 5119 1284 5196 dicere,
1321 5123 1548 5181 nedum
1583 5122 1838 5200 gratias,
1871 5125 2141 5199 quantas
2172 5120 2493 5195 debemus,
2527 5121 2834 5199 possimus
2863 5120 3116 5182 referre.

480 5230 950 5308 Vigilantissimi
981 5239 1042 5293 et
1070 5233 1411 5294 doctissimi
1444 5236 1650 5313 Regia:
1683 5235 2079 5297 bibliothecas
2109 5240 2447 5311 curatores,
2485 5237 2555 5293 D.
2591 5235 2968 5314 Caperonier
2998 5239 3059 5294 et
3082 5236 3151 5293 Ι).
3191 5231 3389 5311 Bejot,
3424 5231 3798 5291 ditissimum

404 5327 572 5387 hunc
605 5328 965 5388 thesaurum
999 5338 1398 5406 peramanter
1430 5351 1540 5410 pro
1575 5351 1745 5393 more
1775 5335 2134 5393 reserarunt
2159 5349 2172 5403 ;
2201 5350 2312 5391 nec
2347 5333 2530 5394 modo
2562 5333 2652 5392 uti
2683 5331 3122 5411 permiserunt,
3155 5330 3263 5389 sed
3311 5336 3374 5391 et
3420 5347 3610 5389 manu
3650 5346 3800 5387 exa-

404 5432 575 5485 ratos
607 5425 876 5498 codices,
913 5446 1069 5503 quos
1098 5428 1343 5499 vellem,
1379 5431 1456 5488 ad
1491 5437 1710 5488 nutum
1743 5430 2014 5506 benigna
2043 5447 2230 5489 manu
2265 5431 2766 5508 suppeditarunt.

483 5541 723 5601 Vellem
767 5539 870 5606 hic.
895 5558 1010 5618 ego
1059 5541 1316 5612 cunctis,
1362 5542 1467 5621 qui
1527 5545 1847 5621 suppetias
1905 5543 2325 5615 contulerunt,
2365 5543 2672 5621 imprimis
2729 5542 3252 5605 bibliothecarum
3311 5539 3647 5620 praefectis,
3680 5558 3804 5600 non

403 5643 648 5697 tantum
683 5637 1162 5708 Gallicanarum,
1199 5639 1306 5697 sed
1337 5641 1522 5699 etiam
1555 5648 1933 5713 exterarum,
1969 5645 2178 5718 grates
2208 5657 2321 5717 pro
2353 5642 2480 5699 suis
2509 5641 2571 5698 in
2604 5659 2717 5700 nos
2745 5641 3063 5701 beneficiis
3093 5641 3315 5718 dignas
3355 5638 3723 5716 rependere.

493 5752 1035 5816 Eminentissimus
1067 5753 1404 5816 cardinalis
1434 5755 1845 5830 Passionasus,
1880 5756 1988 5835 qui
2019 5755 2167 5815 dum
2198 5753 2432 5816 viveret
2461 5754 2700 5818 litteras
2729 5755 2987 5818 amabat
3017 5759 3080 5817 et
3117 5753 3392 5832 fovebat,
3424 5752 3649 5814 litteris
3678 5752 3813 5831 ipse

411 5851 866 5929 ornatissimus,
915 5850 1011 5917 his
1041 5852 1270 5916 nostris
1298 5854 1548 5920 favebat
1569 5854 1810 5932 studiis,
1841 5859 1912 5921 ut
1938 5857 2313 5936 argumento
2341 5858 2487 5919 sunt
2514 5855 2728 5938 plures
2785 5854 2951 5922 datae
2980 5853 3063 5922 ad
3091 5857 3376 5919 nostrum
3405 5849 3813 5918 Franciscum
