4122 6214
269 383 344 442 33
1273 369 1689 434 PREFATIO
1733 369 2200 432 GENERALIS.
2235 403 2312 416 -—
2351 367 2553 430 PARS
2602 367 2676 429 lI.
3603 374 3678 433 34

268 514 676 578 Louvardum
735 518 799 572 et
855 510 1267 572 Prudentium
1300 510 1626 570 Maranum
1675 506 1920 579 litterae,
1954 505 2181 584 quibus
2213 524 2526 584 propensa
2554 504 2618 564 in
2651 523 2764 564 nos
2803 509 3140 582 nostraque
3171 505 3400 578 studia,
3429 525 3502 567 ac
3531 525 3682 568 con-

267 623 512 677 testata
541 611 926 684 humanitas,
962 618 1023 673 et
1052 629 1230 671 amor
1257 609 1796 686 litterarum,quas
1824 607 1958 685 ipse
1987 624 2111 666 non
2145 606 2346 665 colere
2379 605 2604 676 solum,
2630 604 2737 663 sed
2760 623 2985 663 ornare
3003 605 3312 665 studebat.
3340 608 3687 668 Permultas

267 734 346 775 ex
364 714 560 773 variis
581 710 903 771 codicibus
929 727 1118 769 manu
1150 706 1414 786 scriptis,
1450 725 1577 766 non
1606 710 1848 765 tantum
1881 722 2008 762 suae
2030 703 2224 781 ipsius
2253 702 2671 774 bibliothecae,
2699 701 2802 760 sed
2829 702 3015 761 etiam
3042 703 3687 778 Vaticanaa,lectiones

272 814 510 882 varias,
543 818 673 869 tam
706 809 1288 882 orationum,quam
1319 803 1751 882 epistolarum,
1779 808 1967 879 atque
1997 801 2184 860 etiam
2217 800 2564 860 carminum
2598 799 3037 858 describendos
3067 800 3691 882 eleganter,ipsisque

272 908 625 968 mittendas
655 905 917 965 curavit.
953 905 1044 962 Ad
1075 921 1236 980 opus
1265 908 1518 962 strenue
1573 900 1886 976 agendum
1940 898 2416 969 cohortabatur,
2475 896 2832 974 signiﬁcans
2867 915 3179 956 summum
3225 899 3583 975 pontiﬁcem
3617 902 3693 981 (is

271 1011 417 1065 erat
447 1003 642 1063 felicis
673 1001 994 1061 memoriae
1024 999 1394 1059 Benedictus
1440 997 1595 1074 XIV)
1651 997 1716 1055 in
1774 1013 2002 1072 magno
2060 995 2248 1072 hujus
2308 994 2594 1053 editionis
2641 1011 2774 1053 esse
2824 993 3152 1065 desiderio,
3189 1000 3249 1054 et
3281 998 3690 1060 Sanctitatem

274 1105 475 1164 Suam
508 1119 634 1160 una
663 1117 874 1159 secum
907 1098 983 1158 de
1011 1097 1122 1157 illo
1153 1113 1342 1174 opere
1373 1095 1762 1172 frequentem
1795 1093 2025 1153 habere
2056 1110 2432 1152 sermonem.

354 1215 631 1293 Insignis
662 1212 932 1274 abbatize
965 1214 1028 1273 S.
1066 1209 1360 1272 Germani
1385 1207 1920 1279 bibliothecarius,
1955 1225 1987 1268 e
2017 1205 2398 1268 charissimis
2430 1205 2656 1266 nostris
2686 1205 3003 1266 sodalibus
3036 1225 3217 1283 unus,
3254 1210 3326 1268 D.
3361 1210 3591 1288 Patert,
3617 1230 3693 1273 ex

275 1313 570 1393 pluribus
599 1311 920 1373 codicibus
948 1308 1193 1388 scriptis
1223 1325 1440 1380 manu,
1474 1326 1599 1368 non
1632 1311 1874 1366 tantum
1911 1308 1974 1366 S.
2009 1305 2323 1381 Germani,
2355 1305 2462 1365 sed
2507 1304 2696 1364 etiam
2736 1303 2961 1381 Regiaa,
2997 1305 3521 1382 Claromontanae,
3546 1317 3691 1387 etc.,

271 1412 488 1471 varias
517 1410 837 1482 lectiones,
870 1414 933 1469 et
957 1407 1213 1486 quidem
1242 1404 1709 1484 elegantissima
1741 1422 1931 1463 manu
1977 1407 2039 1462 ct
2086 1403 2391 1480 sagaciter
2446 1401 2791 1480 descriptas
2829 1401 3167 1462 liberaliter
3199 1404 3697 1468 subministravit

275 1511 358 1569 D.
395 1507 738 1568 Prudentio
770 1507 1008 1567 Maran.
1047 1504 1215 1566 Alias
1247 1521 1500 1582 quoque
1530 1503 1689 1562 alter
1719 1520 1750 1562 e
1782 1500 2030 1575 nostris,
2069 1519 2106 1560 a
2135 1519 2198 1561 se
2255 1499 2621 1577 descriptas,
2656 1502 2726 1559 D.
2759 1499 3039 1559 Andreas
3076 1499 3264 1560 Brion
3296 1513 3696 1582 peramanter

277 1605 541 1666 obtulit.

362 1723 489 1781 Nec
521 1720 782 1780 tacitum
816 1718 1167 1796 relinquam
1227 1713 1694 1776 dilectissimum
1757 1713 2033 1774 sodalem
2091 1715 2164 1774 D.
2223 1713 2542 1772 Danielem
2599 1712 2862 1784 Labbat,
2925 1712 3032 1791 qui
3090 1713 3370 1791 diligenti
3403 1721 3464 1774 et
3497 1717 3693 1777 multo

281 1821 503 1880 labore
549 1819 783 1878 indices
815 1815 1338 1895 locupletissimos
1397 1813 1745 1884 adornavit,
1810 1832 1922 1872 nec
1981 1817 2049 1873 D.
2115 1812 2476 1890 Dionysium
2538 1811 2797 1881 d’Olive,
2840 1811 2947 1890 qui
2981 1811 3204 1872 menda
3238 1816 3696 1894 typographica

286 1917 646 1996 corrigendi
679 1917 944 1976 libenter
973 1915 1036 1974 in
1068 1933 1132 1974 se
1164 1931 1378 1974 curam
1411 1912 1707 1991 suscepit,
1767 1923 1829 1971 et
1886 1930 2140 1990 operam
2201 1910 2473 1970 studiose
2531 1915 2899 1988 prosecutus
2937 1915 3047 1970 est.
3081 1912 3220 1971 Jam
3257 1911 3409 1973 faxit
3438 1915 3598 1974 Deus
3629 1919 3698 1974 ut

284 2025 500 2078 noster
532 2017 634 2076 hic
667 2014 1257 2094 quantuluscunque
1287 2011 1463 2071 labor
1492 2010 1554 2069 in
1587 2029 1732 2070 usus
1783 2009 1964 2069 cedat
2010 2009 2303 2070 Ecclesiae
2361 2008 2710 2085 catholicae,
2747 2008 2845 2068 cui
2877 2008 3180 2088 quidquid
3213 2009 3460 2071 fecerim
3496 2016 3696 2073 totum

286 2133 612 2188 consecro,
645 2111 953 2193 quidquid
984 2109 1339 2189 scripserim
1370 2114 1571 2170 totum
1600 2108 1922 2170 submitto.

1379 2689 2116 2784 SECUNDA
2220 2688 2630 2783 PARS.

1539 2977 1924 3036 DEFENSIO
1948 2975 2474 3037 GREGOBIANA.

1307 3405 1343 3484 §
1373 3407 1421 3467 Ι.
1454 3421 1745 3466 narensxo
1775 3419 2052 3466 GREGORII
2074 3420 2384 3465 ADVERSUS
2429 3419 2714 3466 TOLLIUM.

385 3679 610 3739 Plures
644 3694 764 3735 non
800 3678 1046 3735 tantum
1104 3691 1180 3733 ex
1232 3671 1652 3745 heterodoxis,
1706 3671 1874 3751 quod
1933 3671 2156 3732 mirum
2221 3691 2345 3733 non
2403 3679 2518 3747 est,
2562 3677 2667 3736 sed
2700 3676 2888 3737 etiam
2920 3693 2997 3734 ex
3025 3675 3387 3748 Catholicis,
3421 3678 3719 3755 Gregorio

308 3793 539 3854 parum
572 3790 789 3851 aequos
820 3790 884 3831 se
915 3770 1339 3850 praebuerunt,
1374 3769 1502 3829 imo
1533 3787 1672 3828 eum
1707 3769 2002 3830 conviciis
2042 3769 2363 3842 lacessere,
2417 3773 2749 3833 calumniis
2797 3780 2985 3851 atque
3015 3773 3201 3832 etiam
3244 3773 3414 3832 falsis
3444 3775 3720 3834 crimini-

311 3876 427 3932 bus
459 3869 832 3930 insimulare
862 3868 996 3927 ausi
1027 3873 1191 3939 sunt,
1227 3884 1493 3944 quorum
1529 3865 1941 3944 petulantiam
1973 3867 2261 3944 frangere
2292 3875 2352 3928 et
2385 3871 2796 3930 contumelias
2818 3870 3002 3947 juvat
3047 3870 3397 3928 retundere.
3435 3871 3726 3946 Singulo-

321 3988 460 4028 rum
491 3976 705 4027 tamen
760 3964 1089 4025 calumniis
1117 3969 1180 4024 et
1209 3963 1479 4023 dicteriis
1504 3963 1566 4022 in
1599 3963 1966 4040 Gregorium
2023 3963 2382 4024 refellendis
2441 3985 2563 4024 non
2623 3965 3026 4026 immorabor.
3063 3964 3262 4023 Missis
3291 3966 3483 4041 igitur
3513 3967 3730 4026 Dallaei

322 4065 562 4137 Clerici,
592 4062 910 4141 Basnagii,
946 4068 1093 4134 etc.,
1125 4068 1223 4121 sat
1253 4061 1369 4121 erit
1415 4060 1684 4121 Tollium
1737 4061 1844 4139 qui
1893 4079 1997 4121 eos
2045 4061 2324 4120 imitatus
2373 4070 2486 4134 est,
2539 4065 2868 4140 castigare,
2905 4069 2965 4122 et
2996 4062 3232 4120 diluere
3263 4081 3402 4140 quae
3434 4064 3732 4124 adversus

319 4163 690 4241 Gregorium
725 4163 882 4220 falso
913 4165 976 4220 et
1004 4159 1419 4219 inverecunde
1448 4160 1718 4237 scripsit.
1751 4162 1807 4218 ls
1837 4159 2091 4236 quidem
2122 4160 2182 4217 in
2217 4160 2463 4238 scriptis
2504 4162 2808 4238 Theologi
2841 4159 3315 4232 versatissimus,
3350 4161 3460 4220 sed
3489 4160 3553 4219 in
3583 4180 3732 4222 auc-

314 4269 516 4321 torem
551 4256 1003 4335 iniquissimus,
1047 4261 1176 4316 tam
1209 4256 1408 4316 multa
1432 4255 1556 4316 huc
1585 4255 1758 4328 illuc,
1787 4261 2042 4333 tamque
2072 4255 2377 4334 injuriosa
2428 4257 2560 4318 viro
2609 4264 2825 4317 sancto
2870 4257 3100 4335 sparsit
3146 4256 3209 4316 in
3257 4259 3640 4335 argumentis
3671 4264 3733 4319 et

313 4359 484 4420 notis
511 4354 933 4435 quorumdam
963 4354 1341 4427 carminum,
1374 4372 1512 4431 quae
1534 4353 1667 4432 ipse
1697 4353 1977 4431 vulgavit
2007 4372 2172 4414 anno
2206 4355 2381 4428 1690,
2417 4360 2485 4415 ut
2513 4355 2727 4417 omnia
2756 4356 3034 4436 proferre
3063 4356 3322 4434 longum
3347 4357 3542 4418 foret:
3578 4376 3732 4436 prae-

311 4457 507 4534 cipua
539 4459 749 4512 tamen
779 4450 1077 4522 delibare,
1117 4457 1179 4510 et
1208 4450 1367 4511 falsa
1395 4450 1746 4524 ostendere,
1781 4449 2029 4509 animus
2059 4457 2174 4510 est.

398 4569 682 4630 Primum
712 4565 964 4644 quidem
994 4565 1058 4624 in
1089 4571 1484 4644 argumento,
1518 4565 1646 4625 sive
1681 4588 1712 4621 «
1745 4583 1933 4624 causa
1962 4566 2176 4643 scripti
2207 4587 2236 4622 n
2276 4567 2593 4635 carminis.
2651 4567 2821 4646 quod
2874 4568 3208 4645 Gregorius
3239 4590 3267 4622 α
3303 4569 3380 4628 de
3411 4587 3474 4629 se
3505 4569 3641 4648 ipso
3673 4575 3735 4629 et

313 4667 626 4728 adversus
654 4664 980 4742 episcopos
1013 4685 1042 4718 »
1077 4662 1379 4735 condidit,
1414 4663 1711 4741 quodque
1742 4663 1980 4723 Tollius
2010 4665 2221 4724 Graece
2252 4665 2494 4742 primus
2523 4665 2826 4742 vulgavit,
2851 4664 2937 4725 sic
2959 4664 3189 4724 amaris
3220 4665 3454 4726 salibus
3483 4672 3736 4745 poetam

315 4762 568 4843 carpit:
607 4785 637 4816 ‹‹
670 4761 824 4821 Cum
855 4777 1001 4819 vero
1033 4759 1206 4819 omni
1235 4759 1386 4832 vita,
1423 4765 1554 4818 tum
1587 4764 1648 4819 et
1679 4759 1850 4819 cultu
1895 4759 2187 4837 victuque
2239 4762 2618 4821 monachum
2653 4761 2861 4840 potius
2891 4762 3300 4821 severissimae
3332 4763 3733 4840 integritatis,

318 4879 520 4940 quam
551 4865 743 4918 tanta;
774 4856 1097 4933 dignitatis
1126 4862 1342 4934 ageret
1370 4874 1444 4916 ac
1474 4858 1734 4916 referret
1763 4856 2123 4936 episcopum
2154 4876 2168 4930 ;
2227 4859 2306 4918 ad
2367 4859 2500 4919 haec
2558 4865 2619 4918 et
2675 4857 2928 4918 altiores
2959 4857 3038 4917 ob
3081 4860 3491 4919 eruditionem
3525 4861 3736 4921 defen-

316 4973 590 5035 samque
640 4955 749 5017 SS.
781 4954 1102 5014 Trinitatis
1132 4954 1481 5014 doctrinam
1514 4955 1768 5032 spiritus
1815 4971 2028 5032 gerere
2076 4955 2412 5031 videretur,
2463 4955 3010 5035 Ciceronianaaque
3055 4956 3470 5017 imbecillitati
3511 4957 3738 5032 affinis,

316 5064 393 5118 nt
422 5055 532 5116 ille
563 5051 959 5113 consulatum
993 5070 1175 5111 suum
1205 5057 1268 5112 et
1296 5053 1626 5130 expulsum
1661 5052 1812 5112 urbe
1844 5051 2176 5112 Catilinam
2209 5053 2502 5114 omnibus
2545 5059 2792 5114 tantum
2843 5071 2970 5114 non
3001 5052 3171 5113 horis
3203 5055 3617 5127 memorabat,
3652 5056 3742 5116 ita

316 5161 384 5214 et
413 5155 552 5232 ipse
582 5155 875 5210 contusos
904 5149 1167 5209 Arianos
1197 5154 1260 5210 et
1283 5167 1462 5210 suam
1492 5149 1786 5211 'l‘riadem
1819 5149 2066 5210 assidue
2099 5151 2493 5229 praedicaret,
2528 5151 2846 5228 ingentem
2879 5149 2998 5210 sibi
3028 5151 3447 5229 quorumdam
3485 5171 3741 5213 suorum

321 5250 865 5333 presbyterorum,
903 5245 1295 5326 aliorumque
1326 5247 1764 5327 episcoporum
1796 5246 2093 5308 conﬂavit
2121 5248 2498 5309 invidiam...
2536 5251 2687 5310 Sero
2736 5246 2989 5326 sapiunt
3040 5248 3335 5327 Phryges.
3383 5251 3741 5329 Gregorius,

322 5349 434 5428 qui
465 5343 1007 5426 promptissimum
1034 5342 1203 5404 hunc
1230 5362 1554 5405 assensum
1585 5364 1712 5406 non
1740 5351 2166 5426 exspectarat;
2202 5347 2458 5426 propria
2486 5364 2551 5407 se
2580 5350 2836 5424 captum
2863 5345 3082 5406 videns
3103 5346 3492 5425 ingenuitate
3522 5350 3738 5421 animi,

324 5460 699 5524 quanquam
731 5441 942 5501 statim
973 5440 1121 5502 facti
1148 5442 1514 5520 pmnitebat,
1548 5442 1789 5522 pudore
1821 5449 2032 5504 tamen
2085 5443 2419 5518 adductus,
2475 5444 2540 5503 in
2597 5443 2905 5504 sententia
2962 5444 3310 5521 perstitit...
3345 5446 3502 5506 Hinc
3532 5447 3744 5507 statim

326 5548 498 5604 natae
529 5541 630 5601 ha
663 5538 959 5620 querelae,
991 5537 1136 5599 hinc
1165 5539 1313 5618 illae,
1346 5546 1417 5602 ut
1443 5541 1534 5602 ita
1561 5541 1789 5619 dicam,
1825 5541 2121 5621 lacrym'ce
2151 5549 2214 5604 et
2261 5541 2470 5602 caeteri
2511 5541 2743 5615 threni,
2793 5541 2857 5601 in
2908 5542 3136 5620 quibus
3165 5548 3226 5602 et
3257 5545 3649 5622 patientiam,
3685 5553 3748 5608 et

327 5638 526 5704 animi
555 5637 773 5715 robur,
805 5654 882 5697 ac
911 5635 1405 5700 moderationem
1464 5639 1530 5700 in
1587 5645 1716 5702 tam
1772 5639 1972 5722 probo
2034 5641 2169 5703 viro
2227 5640 2614 5727 desideres...
2674 5639 3033 5727 Ciceronem
3090 5657 3241 5702 sane
3296 5659 3483 5705 nemo
3525 5643 3747 5708 melius
