4122 6214
325 299 344 304 γ’
445 338 522 398 35
1429 332 1850 401 PRIEFA'I‘IO
1895 335 2361 400 GENERALIS.
2396 373 2472 383 -
2507 337 2702 400 PARS
2746 333 2823 399 II.
3771 340 3850 405 se

443 469 748 550 expressit
776 467 924 542 vita,
981 467 1278 542 moribus,
1311 468 1693 547 eloquentia,
1725 471 1999 543 fortuna,
2034 490 2231 549 usque
2274 471 2336 530 in
2393 471 2721 545 exsilium;
2773 476 2834 532 et
2887 471 2951 531 in
3000 473 3240 546 exsilio,
3293 480 3431 534 uter
3463 474 3713 535 mollior
3743 476 3847 536 vix

443 573 779 648 quisquam
809 567 1056 629 dixerit.
1095 590 1123 624 ι

524 697 736 772 Neque
765 711 911 751 vero
945 691 1041 750 his
1070 697 1400 750 contentus
1429 693 1689 764 Tollius,
1737 694 2104 770 Gregorium
2162 694 2368 753 adhuc
2417 694 2668 770 gravius
2707 694 3067 771 perstringit
3096 694 3153 753 in
3189 696 3352 755 notis
3383 697 3462 755 ad
3493 699 3776 757 carmina
3805 716 3843 758 a

441 811 506 852 se
536 792 814 868 vulgata.
848 790 939 850 Ad
974 789 1246 867 primum
1305 808 1549 849 versum
1611 791 1907 850 carminis
1948 793 2248 852 adversus
2303 792 2630 870 episcopos
2660 792 2744 869 (p.
2780 790 2838 871 4)
2879 808 2892 850 :
2961 813 2989 848 (ι
3020 793 3129 851 Est
3166 793 3228 851 in
3261 793 3431 854 hisce
3461 794 3577 865 vir,
3608 796 3835 873 inquit,

434 889 864 952 sanctissimus
895 885 1132 964 aliquid
1188 886 1449 946 humani
1507 906 1767 965 passus;
1831 889 2052 967 optimi
2104 889 2358 968 quidem
2415 888 2658 948 consilii
2712 895 2902 966 atque
2941 890 3300 963 voluntatis,
3338 893 3445 952 sed
3473 892 3536 951 in
3567 893 3838 954 ferendis

431 987 679 1067 injuriis
707 985 1029 1063 aliquanto
1062 1001 1253 1062 quam
1287 984 1616 1061 oportebat
1647 985 1915 1058 mollior,
1954 986 2283 1064 minusque
2331 1005 2367 1045 a
2415 985 2710 1044 conviciis
2741 989 2802 1045 et
2830 985 3194 1059 acerbitate,
3228 1007 3368 1066 quas
3413 989 3829 1050 Christianum

433 1086 714 1156 dedecet,
749 1088 1128 1159 temperans.
1164 1105 1193 1136 »
1232 1081 1393 1152 Quin
1424 1088 1488 1141 et
1517 1081 1651 1141 haec
1680 1083 1913 1162 scripta
1966 1101 2098 1143 esse
2148 1083 2391 1143 dixerat
2419 1082 2675 1158 Tollius,
2733 1088 2917 1143 aucto
2949 1101 3025 1144 ex
3057 1085 3425 1163 poenitentia
3455 1091 3514 1146 et
3543 1088 3835 1149 adversa-

432 1185 670 1244 riorum
704 1178 1012 1252 ludibriis,
1047 1177 1286 1246 dolore,
1320 1178 1674 1256 irritatique
1704 1178 1851 1240 inde
1882 1179 1944 1238 in
1977 1180 2140 1240 hanc
2170 1180 2358 1240 veluti
2405 1180 2740 1240 vindictam
2789 1181 2940 1259 aegri
2974 1180 3112 1260 jam
3159 1182 3342 1242 nimis
3374 1184 3568 1244 animi
3595 1191 3836 1263 pertur-

429 1281 702 1341 batione.
740 1276 836 1338 Ad
869 1294 1115 1335 versum
1152 1278 1223 1335 18
1252 1274 1530 1353 ejusdem
1559 1277 1873 1350 carminis,
1911 1277 2017 1337 ubi
2047 1277 2136 1338 ait
2169 1277 2538 1355 Gregorius:
2571 1302 2599 1333 «
2633 1279 2952 1339 Neminem
3005 1279 3069 1337 in
3116 1279 3190 1339 iis
3239 1299 3380 1358 quas
3426 1281 3632 1341 dicam
3666 1283 3833 1342 indi-

429 1380 627 1447 cabo;
662 1382 965 1446 attamen,
999 1395 1026 1430 ι)
1064 1373 1268 1451 inquit
1297 1373 1534 1433 Tollius
1557 1373 1643 1452 (p.
1679 1374 1762 1452 5),
1802 1399 1832 1428 «
1862 1375 1924 1433 id
1957 1375 2236 1435 carmine
2268 1375 2344 1435 de
2386 1376 2513 1436 vita
2543 1395 2655 1436 sua
2702 1375 2967 1454 impigre
3016 1382 3077 1437 et
3116 1378 3453 1456 peracerba
3485 1380 3671 1452 fecit;
3707 1403 3736 1435 »
3772 1379 3836 1441 id

428 1484 543 1550 est,
579 1473 947 1535 nominavit.
980 1471 1169 1531 Addit
1197 1472 1454 1549 insuper
1483 1472 1720 1532 Tollius
1749 1472 1838 1549 (p.
1883 1473 1938 1550 6)
1970 1490 1982 1530 :
2024 1496 2054 1527 ‹‹
2085 1475 2177 1533 Ita
2223 1479 2441 1534 exacte
2487 1473 2562 1532 iis
2610 1474 2970 1551 designatis,
3006 1493 3162 1552 quos
3193 1477 3578 1554 perstringit,
3613 1483 3682 1536 ut
3719 1496 3834 1538 no-

429 1575 695 1633 minasse
727 1589 854 1630 non
884 1587 1042 1647 opus
1073 1569 1297 1639 fuerit;
1332 1569 1438 1627 sed
1465 1576 1528 1628 et
1558 1569 1708 1628 alibi
1741 1569 2080 1629 Maximum
2112 1572 2468 1631 nominat...
2522 1570 2658 1648 ejus
2703 1589 2946 1630 comam
2982 1572 3138 1632 adeo
3169 1574 3435 1651 satyrice
3466 1576 3744 1652 exagitat
3775 1579 3836 1635 et

428 1673 585 1732 adeo
647 1686 889 1747 aspere,
927 1675 994 1725 ut
1050 1665 1204 1724 nihil
1254 1685 1464 1744 supra.
1528 1667 1744 1737 Quid?
1803 1667 2028 1744 inquit,
2089 1667 2380 1745 laqueum
2443 1687 2790 1746 proponere
2847 1669 3100 1728 inimico
3159 1670 3237 1728 ad
3296 1671 3724 1748 suspendium,
3760 1680 3836 1732 ut

426 1769 581 1828 nihil
612 1768 688 1827 de
737 1764 1033 1826 conviciis
1080 1764 1211 1822 istis
1261 1765 1495 1834 dicam,
1559 1764 1911 1823 hominisne
1960 1770 2053 1824 est
2110 1765 2423 1825 Christum
2475 1765 2825 1824 sectantis?
2855 1768 2990 1824 Non
3050 1767 3315 1826 videtur.
3360 1769 3698 1845 Denique»
3753 1769 3832 1829 ad

427 1865 722 1927 carminis
753 1866 808 1936 5,
845 1880 1005 1922 vers.
1043 1864 1098 1933 1,
1135 1860 1221 1940 (p.
1255 1863 1359 1936 84)
1397 1884 1425 1918 ε(
1455 1862 1805 1940 Capistrum
1840 1862 1931 1921 ori
1978 1880 2090 1922 suo
2137 1861 2526 1941 impositum,
2561 1869 3059 1940 praereptamque
3113 1863 3378 1924 docendi
3434 1866 3682 1943 publice
3736 1867 3832 1925 fa-

428 1965 728 2024 cultatem
763 1959 1098 2037 Gregorius
1130 1959 1497 2036 gravissime
1531 1958 1676 2018 tulit
1705 1965 1842 2018 et...
1894 1959 2133 2019 acerbis
2183 1959 2506 2037 questibus
2537 1960 2863 2037 deplorat;
2916 1977 3064 2038 ergo
3114 1979 3280 2020 nunc
3327 1961 3388 2021 in
3447 1963 3835 2024 adversarios

425 2079 596 2134 suos,
620 2059 728 2138 qui
758 2076 900 2118 eum
935 2055 1114 2115 malis
1144 2055 1384 2115 artibus
1414 2055 1494 2114 ad
1522 2055 1920 2133 episcopatus
1953 2055 2412 2117 abdicationem
2440 2057 3179 2137 compulerant,satyrice
3210 2059 3548 2120 invehitur.
3582 2081 3610 2117 η

503 2183 801 2262 Gregorio
832 2180 1070 2258 aequior
1099 2198 1227 2240 non
1257 2179 1373 2238 fuit
1403 2180 1732 2258 Dupinius,
1766 2181 1874 2258 qui
1926 2180 2002 2240 de
2060 2198 2134 2241 eo
2191 2181 2344 2241 talia
2387 2181 2658 2241 scribere
2713 2200 2834 2242 non
2888 2189 2982 2242 est
3014 2183 3245 2242 veritus
3277 2182 3398 2263 (a):
3437 2207 3463 2238 α
3500 2185 3835 2262 Gregorius

421 2281 676 2360 quidem
708 2277 1024 2358 piissimus
1053 2276 1193 2344 fuit,
1227 2276 1333 2335 sed
1366 2275 1555 2335 homo
1589 2277 1776 2353 paulo
1811 2276 2016 2336 minus
2047 2277 2503 2349 consideratus,
2537 2290 2596 2337 et
2633 2278 2898 2356 negotiis
2945 2279 3218 2357 ineptus.
3251 2282 3452 2340 Tanto
3482 2281 3835 2341 solitudinis

418 2377 728 2439 desiderio
761 2373 1093 2452 flagrabat,
1128 2380 1198 2433 ut
1229 2373 1424 2445 nullo,
1461 2374 1629 2451 quod
1662 2374 1740 2432 ab
1766 2392 1840 2434 ea
1875 2374 2257 2446 retrahebat,
2293 2375 2498 2434 ofﬁcio
2531 2376 2637 2434 diu
2669 2376 2842 2453 fungi
2873 2385 3100 2453 posset.
3137 2377 3409 2455 Aggredi
3444 2397 3540 2438 res
3571 2379 3826 2453 arduas,

419 2493 690 2553 moxque
721 2477 1046 2549 susceptas
1077 2470 1429 2546 relinquere
1461 2471 1703 2549 pernix.
1738 2473 1888 2531 Cum
1938 2478 2064 2531 tres
2120 2473 2525 2551 episcopatus
2578 2473 2888 2542 habuerit,
2924 2492 3002 2533 ne
3034 2493 3226 2533 unum
3261 2475 3515 2552 quidem
3552 2476 3826 2553 legitime

421 2574 711 2632 habuisse
744 2569 866 2630 dici
900 2573 1124 2647 potest.
1175 2567 1430 2645 Ingenio
1486 2573 1619 2628 erat
1669 2569 2004 2646 Gregorius
2048 2588 2296 2630 moroso
2353 2577 2415 2630 et
2470 2570 2762 2648 satyrico,
2800 2577 2861 2629 et
2898 2572 2986 2630 ita
3015 2571 3093 2630 ad
3119 2571 3460 2648 jocandum
3495 2590 3724 2651 procax
3760 2579 3830 2632 ut

414 2670 648 2731 nemini
679 2672 985 2747 parceret,
1022 2685 1094 2726 ac
1128 2685 1203 2726 ne
1234 2666 1484 2744 quidem
1519 2666 1849 2745 episcopis,
1887 2667 2114 2744 quibus
2145 2673 2278 2727 erat
2307 2667 2591 2746 apprime
2639 2669 2938 2727 infensus.
2972 2670 3086 2740 Ita,
3120 2687 3305 2746 quem
3343 2668 3622 2747 impense
3655 2670 3830 2748 prius

413 2768 729 2844 laudarat,
790 2764 1050 2827 Maximi
1109 2763 1337 2823 famam
1399 2763 1550 2823 atris
1607 2763 1949 2823 admodum
2008 2769 2067 2824 et
2134 2765 2212 2824 ad
2253 2764 2572 2844 stuporem
2631 2765 2962 2825 infuscavit
3018 2765 3333 2826 coloribus
3391 2784 3462 2826 ac
3528 2766 3825 2845 denigra-

414 2867 522 2926 vit.
559 2887 587 2923 ››

492 2989 730 3051 Vellem
759 2997 827 3048 ut
857 2986 1086 3048 eruditi
1114 2985 1232 3045 viri
1262 2985 1370 3063 qui
1401 2985 1535 3046 haec
1567 2984 1643 3045 de
1678 2985 1975 3064 Gregorio
2006 2987 2280 3047 sentiunt
2330 2994 2391 3047 et
2437 2989 2672 3060 dicunt,
2729 2987 2985 3048 nomina
3014 3005 3253 3058 eorum,
3290 3007 3559 3066 quorum
3591 2989 3829 3050 famam

413 3089 697 3165 maligno
729 3087 916 3146 dente
948 3083 1338 3164 prosciderit,
1374 3082 1436 3141 in
1474 3083 1745 3142 medium
1807 3087 2179 3162 proferrent.
2237 3088 2393 3145 Nam
2452 3086 2620 3163 quod
2680 3091 2920 3164 spectat
2978 3084 3342 3157 Maximum,
3407 3104 3593 3163 quem
3628 3106 3829 3148 unum

411 3191 762 3266 opponunt,
796 3183 954 3243 nihil
1000 3200 1232 3242 moror.
1269 3183 1509 3241 Interea
1539 3199 1686 3240 vero
1720 3180 1898 3241 nobis
1927 3182 2019 3241 fas
2051 3186 2143 3242 est
2170 3182 2267 3242 his
2297 3183 2591 3243 conviciis
2622 3188 2682 3242 et
2711 3182 3040 3242 calumniis
3069 3182 3283 3242 omnia
3313 3184 3588 3259 Gregorii
3628 3202 3826 3262 opera

409 3290 536 3345 tam
571 3282 909 3352 orationes,
943 3297 1130 3359 quam
1164 3279 1459 3358 epistolas
1490 3284 1551 3337 et
1580 3278 1857 3338 carmina
1887 3298 2226 3357 opponere.
2262 3282 2598 3358 Legantur,
2648 3281 2929 3358 inquam,
2973 3280 3308 3352 orationes,
3361 3280 3629 3340 maxime
3661 3299 3820 3359 quas

409 3380 631 3442 habuit
662 3380 740 3438 de
773 3377 1203 3439 moderatione
1234 3377 1297 3434 in
1332 3376 1860 3454 disputationibus
1914 3377 2240 3448 servanda,
2295 3383 2412 3437 etc.
2465 3381 2779 3455 Legantur
2834 3377 3138 3455 epistolas,
3171 3379 3230 3436 in
3265 3377 3511 3456 quibus,
3545 3377 3718 3438 velut
3748 3380 3813 3439 in

406 3480 560 3552 ﬁlio,
596 3477 874 3557 parentis
905 3476 1114 3552 imago
1148 3473 1523 3551 resplendet.
1557 3474 1649 3533 Ibi
1682 3474 1969 3534 liberales
1993 3474 2144 3551 joci,
2171 3476 2662 3553 jucundissimus
2691 3475 2755 3534 in
2779 3475 3055 3553 jocando
3087 3477 3280 3553 lepos,
3324 3475 3586 3552 argutia
3621 3494 3810 3538 mera:

412 3596 484 3638 ac
517 3594 799 3646 veneres,
834 3575 938 3632 sed
971 3580 1197 3651 satyris
1230 3570 1440 3630 nullae.
1482 3575 1792 3648 legantur
1817 3572 2097 3650 epistolae
2128 3573 2208 3633 ad
2250 3574 2647 3633 Theodorum
2707 3579 2768 3632 et
2824 3573 2903 3633 ad
2933 3575 3360 3633 'I‘heoctenum
3404 3571 3504 3653 (b),
3539 3593 3806 3652 quorum

403 3675 586 3746 iram,
621 3671 1124 3747 desideriumque
1156 3669 1444 3728 vindictae
1472 3688 1583 3727 suo
1614 3669 1805 3746 ipsius
1835 3671 2122 3748 exemplo
2154 3671 2534 3748 comprimit.
2569 3674 2879 3747 Legantur
2908 3671 3093 3730 etiam
3129 3672 3408 3730 carmina
3438 3671 3512 3750 (c)
3540 3693 3552 3731 :
3591 3672 3808 3749 legan-

402 3777 526 3844 tur,
554 3772 832 3849 inquam,
863 3769 956 3828 vel
987 3786 1060 3827 ea
1089 3767 1224 3844 ipsa
1255 3767 1421 3826 unde
1453 3766 1876 3826 calumniandi
1907 3786 2122 3826 ansam
2157 3769 2420 3846 arripuit
2457 3769 2717 3828 Tollius.
2765 3771 2936 3828 Hanc
2968 3769 3085 3828 sibi
3128 3770 3341 3827 statim
3374 3770 3654 3847 regulam
3688 3777 3808 3829 sta-

395 3870 512 3930 tuit
544 3868 915 3944 Gregorius:
955 3889 985 3919 «
1016 3863 1322 3923 (Jonviciis
1356 3863 1608 3940 quidem
1645 3864 1963 3941 exagitare
1996 3865 2087 3924 fas
2118 3884 2240 3923 non
2274 3873 2366 3924 est
2396 3884 2777 3944 quemquam
2806 3883 2818 3934 ;
2875 3871 2935 3924 et
2967 3872 3034 3924 ut
3064 3865 3348 3925 homines
3380 3866 3586 3925 cuncti
3617 3867 3696 3925 ab
3729 3885 3803 3926 eo

391 3967 757 4038 abhorrent,
792 3965 879 4023 ita
911 3962 1306 4042 peculiariter
1336 3961 1467 4040 ipse
1499 3962 1716 4021 vitium
1750 3962 1870 4022 hoc
1900 3963 2024 4022 odi.
2053 3984 2081 4020 »
2141 3963 2274 4036 Vel,
2335 3969 2403 4023 ut
2455 3965 2589 4040 ipse
2646 3964 2829 4023 vertit
2886 3963 3124 4023 Tollius
3154 3962 3240 4041 (p.
3274 3963 3334 4041 5)
3362 3983 3376 4023 ε
3418 3985 3446 4020 ‹‹
3477 3963 3799 4024 Neminem

387 4083 536 4124 vero
566 4063 628 4122 in
662 4063 759 4121 his
789 4079 930 4139 quas
964 4061 1193 4126 dicam.
1227 4059 1542 4130 indicabo,
1578 4060 1812 4119 veritus
1842 4078 1918 4120 ne
1950 4077 2331 4138 quemquam
2393 4060 2762 4120 calumniari
2816 4060 3070 4131 videar;
3123 4079 3263 4138 quae
3313 4078 3409 4120 res
3459 4067 3520 4120 et
3577 4079 3688 4139 per
3734 4079 3799 4121 se

385 4161 603 4220 illicita
641 4166 759 4232 est,
791 4165 852 4218 et
885 4157 1035 4217 mihi
1069 4177 1198 4236 prae
1229 4156 1448 4236 primis
1478 4176 1687 4217 exosa.
1724 4160 1857 4217 Non
1891 4159 2055 4217 enim
2087 4177 2470 4236 quemquam
2518 4157 2882 4234 designabo,
2923 4177 2998 4217 ne
3052 4157 3331 4236 proferre
3359 4157 3573 4217 videar
3599 4159 3663 4217 in
3697 4158 3792 4218 lu-

389 4275 523 4316 cem
557 4274 696 4331 quaa
726 4255 1106 4314 occultanda
1134 4260 1336 4314 erant.
1363 4244 1400 4309 ἰ»
1433 4256 1511 4314 Et
1541 4255 1729 4332 paulo
1762 4261 1902 4332 post
1932 4253 2019 4334 (ιι)
2052 4273 2065 4314 :
2100 4257 2176 4315 Et
2207 4256 2467 4332 quinam
2499 4256 2623 4315 sint
2653 4255 2800 4315 mali
2833 4255 3072 4334 patebit
3098 4256 3414 4334 deinceps,
3452 4256 3557 4315 ubi
3588 4275 3792 4316 meam

388 4353 739 4413 orationem
770 4369 1145 4429 oppugnans
1177 4351 1506 4410 manifesto
1563 4356 1623 4410 te
1679 4351 2098 4428 tuimetipsius
2151 4360 2580 4414 accusatorem
2637 4353 3068 4414 declaraveris.
3105 4377 3135 4408 »
3190 4353 3518 4424 Nimirum,
3555 4359 3624 4414 ut
3655 4372 3796 4414 cum

387 4450 590 4511 Tollio
620 4449 842 4526 loquar
873 4447 974 4526 (e),
1010 4471 1040 4502 «
1063 4466 1179 4524 ego
1212 4447 1522 4506 neminem
1558 4448 1836 4507 nomino.
1899 4448 2102 4517 Quare
2158 4451 2342 4508 irasci
2398 4469 2582 4510 nemo
2645 4451 2797 4510 mihi
2847 4451 3113 4528 poterit;
3163 4451 3280 4510 nisi
3314 4451 3421 4528 qui
3452 4457 3593 4510 ante
3624 4451 3699 4511 de
3730 4471 3794 4512 se

386 4547 654 4608 voluerit
683 4545 984 4606 confiteri.
1023 4567 1051 4598 »
1089 4545 1237 4614 Qua:
1270 4544 1461 4602 verba
1492 4544 1907 4622 Hieronymus
1956 4545 2035 4603 ad
2066 4546 2481 4622 Nepotianum
2514 4546 2586 4626 (ί)
2618 4549 2694 4607 de
2723 4549 3090 4608 clericorum
3123 4548 3284 4607 vitiis
3323 4555 3384 4608 et
3407 4548 3539 4627 ipse
3571 4549 3784 4627 dispu-

381 4653 521 4706 tans
553 4649 831 4721 usurpat,
880 4648 945 4701 ut
977 4641 1056 4700 ad
1092 4642 1409 4701 Rusticum
1439 4640 1549 4718 (g),
1583 4658 1654 4699 ex
1691 4641 1951 4718 prologo
1983 4641 2126 4700 libri
2183 4643 2368 4714 tertii,
2424 4644 2794 4705 Phaedriana
2822 4667 2834 4705 :
2904 4669 2934 4700 «
2965 4647 3082 4717 Qui
3124 4644 3480 4722 generalem
3514 4646 3588 4705 de
3621 4647 3782 4706 vitiis

382 4742 870 4821 disputationem
903 4740 963 4798 in
997 4757 1174 4798 suam
1235 4741 1513 4798 referunt
1568 4739 2091 4801 contumeliam...
2151 4757 2326 4799 suam
2385 4741 2669 4801 indicant
2723 4743 3269 4815 conscientiam;»
3334 4744 3431 4803 vel
3463 4742 3784 4822 ipsissimis

382 4839 630 4901 Phaedri
661 4838 865 4898 verbis
895 4836 1265 4914 elegantius,
1300 4837 1486 4896 stulte
1519 4836 1846 4896 nudabunt
1876 4836 2068 4897 animi
2099 4838 2565 4899 conscientiam.
2604 4861 2632 4896 υ
2671 4840 2846 4901 Unde
2896 4841 3312 4919 Hieronymus
3365 4849 3570 4900 contra
3613 4840 3782 4920 Ruﬁ-

379 4958 518 4998 num
549 4936 924 5016 generaliter
955 4935 1322 5014 pronuntiat
1347 4934 1432 5013 (Ιι)
1460 4952 1474 4993 :
1517 4959 1545 4990 «
1577 4936 1836 5005 Quando
1869 4935 1999 4995 sine
2029 4937 2281 4996 nomine
2309 4945 2528 4997 contra
2567 4938 2716 4997 vitia
2746 4938 3078 5007 scribitur;
3121 4938 3228 5016 qui
3258 4938 3566 5010 irascitur,
3602 4956 3783 4998 accu-

377 5041 548 5097 sator
576 5035 673 5095 sui
701 5040 871 5096 est.»

447 5357 523 5430 (α)
555 5357 701 5413 Bibl.
736 5357 966 5425 eccles.,
995 5362 1037 5414 t.
1072 5359 1138 5413 Il.
1175 5376 1231 5430 p.
1264 5360 1371 5414 655

2203 5361 2278 5430 (ε)
2313 5365 2416 5415 Pro
2448 5360 2563 5428 lege
2595 5360 2812 5430 Μαηίι.,
2845 5376 2894 5415 c.
2920 5359 3003 5414 13.

449 5429 522 5512 ge)
548 5429 736 5512 Epist.
770 5430 1020 5512 ξ1.81.θῐ
1055 5429 1187 5512 198.
1244 5500 1258 5512 ‘
1591 5498 1604 5510 .
1961 5499 2018 5512 ,Α
2297 5431 2573 5512 iiier.._e.p‘.
2599 5432 2688 5498 35,
2719 5429 2908 5512 It."IY,_
2923 5448 3144 5512 par._1_1_,
3177 5448 3234 5504 p.
3267 5432 3392 5486 266.

443 5499 513 5570 (ο)
545 5500 734 5556 Carm.
768 5502 838 5556 de
870 5503 1061 5572 seipso
1105 5508 1162 5556 et
1190 5500 1468 5555 adversus
1516 5499 1841 5570 episcopos,
1874 5517 1925 5554 v.
1953 5499 2020 5554 19

451 5588 616 5647 .3§‘L‘{°
739 5641 802 5647 μ

1892 5517 1925 5554 r.
1953 5499 2020 5554 19
2198 5499 2272 5571 (Vg)
2306 5503 2412 5564 Id.,
2446 5501 2610 5571 ibid.,
2642 5502 2808 5583 epist.
2842 5499 2940 5568 95,
2959 5520 3014 5574 p.
3044 5499 3196 5558 771C

2198 5555 2280 5645 (Ιι)
2310 5571 2439 5627 Adv.
2467 5573 2614 5644 Rufi,
2657 5572 2757 5643 lib,
2791 5590 2831 5645 ι,
2862 5578 2905 5628 t.
2930 5574 2997 5643 ll,
3032 5578 3178 5647 part.
3213 5589 3274 5645 ιι,
3309 5590 3365 5647 p.
3396 5572 3520 5628 361.

372 5576 715 5722 “ﬁgas.
736 5641 827 5698 29.
