4122 6214
283 323 353 378 31
1285 303 1704 373 PREFATIO
1752 311 1903 370 GEN

2063 309 2212 368 .LIS.
2250 342 2324 355 —
2368 310 2562 371 PAltS
2610 306 2685 372 Il.
3611 309 3691 369 38

360 452 804 514 Conticescant
830 449 1024 527 igitur
1052 452 1241 526 atque
1271 445 1665 518 erubescant,
1699 443 1806 522 qui
1838 442 2133 521 Gregorio
2166 443 2428 503 crimina
2455 445 2754 520 inferunt,
2782 463 2921 524 quae
2979 444 3220 518 oderat,
3280 451 3341 506 et
3396 465 3432 506 a
3465 445 3692 525 quibus

286 574 314 606 α
339 550 747 628 peculiariter
777 546 1181 607 abhorrebat.
1222 568 1252 600 «
1282 543 1610 603 Neminem
1645 559 2028 620 quemquam
2062 541 2378 613 conviciis,
2413 542 2512 602 vel
2561 543 2786 621 satyris
2835 543 3165 618 lacessivit,
3210 563 3323 605 nec
3355 546 3471 605 nisi
3501 566 3689 625 gene-

279 648 434 707 ralis
467 646 604 725 ejus
635 646 710 705 de
741 643 908 703 vitiis
938 648 1031 704 est
1060 639 1422 720 disputatio.
1461 642 1537 700 At
1567 638 1911 698 nominavit
1944 637 2310 714 Maximum,
2344 638 2610 716 inquies.
2673 640 2900 710 Quidni
2960 641 3342 701 nominasset
3396 645 3690 702 Proteum

277 745 490 816 illum,
529 744 774 822 lupum,
808 739 1146 801 Christiani
1177 737 1344 799 orbis
1375 736 1565 797 totius
1596 735 1896 807 fabulam,
1950 743 2296 813 notumque
2355 737 2857 813 perturbatorcm
2881 740 2908 796 ?
2966 739 3236 798 Hoccine
3292 742 3543 800 demum
3600 746 3694 802 est

286 841 623 918 denigrare
653 838 1023 899 hominem?
1057 836 1326 897 Hoccine
1348 836 1580 895 famam
1614 833 1748 911 ejus
1770 834 1921 893 atris
1960 833 2299 893 admodum
2334 839 2395 892 et
2449 834 2528 893 ad
2586 840 2904 912 stuporem
2964 836 3276 895 coloribus
3331 837 3691 899 infuscare?

287 941 426 999 lmo
460 956 632 1011 vero,
661 936 769 1016 qui
803 935 955 996 talia
982 935 1170 1006 fatur,
1206 933 1412 993 nivem
1459 931 1734 1011 aspergit
1765 931 2108 1008 nigredine,
2146 937 2214 990 ut
2245 931 2604 1010 [Ethiopem
2634 933 2838 1003 lavet;
2875 939 2936 992 et
2983 934 3116 993 viro
3175 936 3568 998 sanctissimo
3603 937 3695 997 in-

283 1037 550 1097 famiam
583 1035 798 1110 inurit,
833 1039 904 1094 ut
933 1033 1243 1112 perditam
1275 1031 1472 1109 impio
1503 1031 1736 1090 famam
1770 1029 2074 1089 restituat.
2102 1028 2260 1098 Quid
2291 1029 2460 1106 quod
2491 1029 2676 1107 longe
2706 1030 2995 1106 graviora
3052 1030 3129 1090 de
3184 1032 3451 1094 Maximo
3479 1035 3697 1097 reticet

288 1135 630 1213 Gregorius
647 1133 678 1193 ?
3188 1139 3196 1148 ·

367 1260 602 1329 Verum
649 1257 731 1337 (α)
765 1280 796 1312 ‹‹
830 1261 1090 1316 caeteros
1118 1254 1209 1314 ita
1239 1251 1547 1332 designat,
1581 1258 1650 1312 ut
1681 1251 2035 1311 nominasse
2067 1269 2191 1311 non
2223 1269 2380 1329 opus
2439 1250 2643 1311 fuerit.
2678 1274 2709 1305 »
2763 1254 3059 1312 Fatemur
3113 1253 3176 1313 id
3233 1255 3508 1334 quidem.
3563 1260 3698 1330 Qua

284 1375 440 1417 vero
466 1355 774 1429 cautione,
811 1372 1048 1433 quaso,
1083 1351 1392 1412 attendas.
1427 1349 1637 1409 Primo
1673 1367 1970 1425 namque,
2005 1367 2082 1408 ne
2113 1347 2174 1407 in
2206 1347 2624 1427 episcopalem
2657 1348 2938 1408 ordinem
2973 1349 3240 1412 dicenda
3266 1353 3700 1416 derivarentur

283 1459 350 1513 et
380 1451 810 1512 redundarent
839 1449 1139 1509 admonet
1170 1447 1541 1524 Gregorius:
1583 1467 1611 1503 ‹‹
1644 1448 1779 1505 Non
1813 1445 2121 1516 omnium,
2153 1444 2358 1522 inquit
2387 1444 2486 1523 (ὁ),
2523 1444 2902 1505 mentionem
2947 1446 3249 1508 faciam...
3284 1452 3440 1509 Nam
3469 1453 3700 1514 multos

282 1551 480 1611 etiam
513 1549 676 1620 novi,
715 1548 791 1608 de
824 1547 1052 1626 quibus
1083 1545 1471 1624 loquendum
1503 1549 1596 1604 est
1625 1543 1970 1604 honestius.
2003 1544 2234 1603 Verum
2267 1543 2546 1620 quisquis
2575 1543 2899 1621 improbus
2929 1550 3044 1616 est,
3095 1553 3157 1605 et
3221 1547 3553 1625 plusquam
3588 1551 3700 1610 im-

283 1648 554 1728 probus,
587 1646 748 1705 vinci
779 1663 844 1704 se
881 1643 1251 1721 domarique
1286 1641 1684 1721 patiatur
1723 1641 1866 1701 Mali
1892 1640 2197 1719 quidquid
2220 1647 2311 1699 est
2334 1641 2688 1699 vulnerabit
2725 1641 3023 1701 orationis
3053 1643 3299 1718 gladius
3334 1663 3348 1717 ;
3380 1647 3507 1706 imo
3539 1649 3699 1708 sica-

290 1747 422 1805 rios
455 1752 516 1805 et
576 1741 1068 1819 homicidas,qui
1100 1741 1269 1800 falsis
1300 1740 1692 1800 sermonibus
1721 1744 1911 1817 atque
1971 1739 2309 1816 ﬁgmentis,
2346 1760 2373 1794 »
2438 1744 2718 1816 pastores
2747 1739 3076 1817 ipsamque
3133 1742 3480 1804 doctrinam
3544 1747 3700 1806 infa-

291 1849 564 1913 mantes,
609 1840 994 1900 «innoxium
1031 1839 1381 1898 animarum
1429 1837 1796 1914 sanguinem
1844 1836 2324 1897 effundebant.»
2380 1836 2584 1896 Verbo
2643 1836 2873 1909 dicam,
2925 1838 3108 1916 lupos
3164 1848 3445 1918 pastores
3502 1844 3703 1905 insec-

289 1948 488 2010 tatur,
522 1940 816 1999 doctores
847 1936 1092 2015 spurios
1113 1943 1174 1995 et
1205 1935 1613 1995 adulterinos.
1646 1936 1918 1994 Putasne
1974 1952 2121 1994 vero
2154 1952 2475 2012 nunquam
2530 1934 2736 2005 licere,
2801 1935 3116 1996 laudabile
3170 1957 3495 2018 nunquam
3546 1960 3698 2016 esse,

288 2039 545 2099 ovinam
585 2037 810 2115 pellem
845 2053 916 2094 ac
949 2035 1188 2093 larvam
1221 2032 1382 2110 lupis
1415 2031 1767 2102 detrahere,
1806 2038 1874 2092 ut
1905 2031 2133 2092 detecti
2163 2038 2623 2110 cognoscantur
2644 2035 2671 2091 ?
2708 2056 2738 2086 «
2771 2033 2835 2093 Si
2886 2033 3246 2112 reipublicae
3301 2037 3558 2099 interest
3604 2059 3706 2101 co-

289 2136 514 2215 gnosci
544 2134 784 2206 malos;
819 2157 846 2189 »
884 2132 1165 2210 profecto
1193 2130 1453 2190 interest
1482 2129 1800 2202 Ecclesiae,
1861 2129 2068 2189 minus
2126 2129 2491 2206 catholicos,
2529 2130 2843 2208 falsosque
2885 2138 3166 2210 pastores
3196 2153 3596 2213 cognoscere.
3632 2141 3707 2199 Et

291 2233 408 2313 qui
437 2233 676 2292 larvam
709 2229 1006 2301 detrahit,
1043 2234 1112 2288 ut
1167 2231 1646 2305 cognoscantur,
1687 2245 1764 2286 ne
1792 2232 2066 2288 mactant
2097 2233 2154 2287 et
2176 2227 2484 2299 furentur,
2543 2227 2595 2286 is
2625 2227 2958 2287 laudabilis
2987 2235 3099 2290 est.

386 2357 461 2417 Id
532 2356 812 2434 praestitit
841 2353 1200 2431 Gregorius,
1260 2352 1370 2430 qui
1428 2351 1789 2431 posthabito
1837 2351 2084 2431 privato
2141 2351 2496 2424 commodo,
2566 2352 3047 2428 periclitentium
3105 2355 3294 2415 saluti
3349 2357 3702 2419 animarum

297 2453 727 2530 Ecclesiaeque
749 2452 942 2512 totius
972 2451 1326 2522 consulens,
1355 2450 1420 2510 in
1453 2449 1773 2528 improbos
1803 2455 1866 2510 et
1894 2449 2046 2508 vitia
2071 2448 2384 2508 calamum
2443 2449 2730 2518 strinxit;
2796 2449 2949 2509 nihil
2991 2450 3107 2524 nisi
3165 2452 3559 2525 charitatem,
3596 2457 3714 2516 nisi

290 2569 520 2632 pacem
554 2550 802 2627 spirans
831 2549 940 2628 (d).
975 2551 1100 2608 Ista
1131 2547 1286 2606 ﬂens
1321 2546 1528 2623 potius
1558 2564 1748 2623 quam
1783 2545 2074 2605 mordens
2104 2545 2388 2623 scripsit;
2436 2547 2560 2605 imo
2596 2570 2623 2600 ει
2665 2547 2885 2606 ludens
2915 2568 2942 2603 ι)
3005 2567 3487 2629 nonnunquam,
3561 2555 3710 2631 quia

292 2646 638 2708 ridiculum
675 2647 805 2706 acri
835 2664 932 2706 res
963 2645 1183 2705 fortius
1211 2661 1284 2702 ac
1307 2643 1529 2702 melius
1556 2643 1926 2720 plerumque
1948 2660 2159 2703 secare
2191 2650 2472 2703 noverat.
2506 2644 2691 2703 Miror
2724 2644 2944 2717 virum,
2982 2645 3218 2724 alioqui
3258 2648 3511 2726 ingenio
3546 2670 3721 2728 pers.

297 2745 524 2824 picaci,
561 2744 768 2803 lusum
802 2761 925 2802 non
958 2741 1346 2811 intellixisse,
1383 2739 1490 2798 ubi
1520 2739 1874 2816 Gregorius,
1909 2738 2173 2798 dubium
2206 2739 2281 2798 de
2314 2758 2493 2799 coma
2536 2741 2689 2819 quid
2744 2739 2932 2800 faciat
2979 2760 3050 2801 ac
3080 2747 3537 2821 prepomodum
3571 2747 3712 2808 des-

299 2848 632 2922 perantem
667 2840 957 2918 cynicum
991 2839 1254 2914 ﬁngens,
1288 2853 1577 2896 sermone
1601 2835 1734 2913 jam
1765 2835 1980 2895 tritum
2013 2833 2068 2895 ei
2127 2837 2525 2916 proverbium
2584 2838 2800 2898 festive
2858 2841 3137 2916 suggerit
3171 2857 3184 2898 :
3242 2865 3272 2897 «
3306 2844 3551 2922 Reliqui
3603 2846 3716 2907 tibi

299 2947 529 3018 praeter
553 2938 793 2998 malam
826 2953 1072 2997 crucem
1123 2934 1257 3012 jam
1292 2933 1471 2993 video
1524 2933 1700 2992 nihil.
1735 2956 1764 2987 »
1841 2933 1989 3003 Quis
2047 2951 2271 2993 vanam
2321 2935 2503 2995 Tollii
2539 2935 2610 3015 (e)
2668 2935 3189 2997 exclamationem
3233 2940 3360 3000 risu
3392 2960 3515 3002 non
3547 2944 3716 3004 exci-

305 3038 488 3116 piat?
515 3038 655 3104 Cui,
691 3035 976 3113 inquam,
1007 3033 1200 3092 risum
1233 3050 1357 3091 non
1389 3035 1638 3090 moveat
1668 3030 1803 3090 haec
1835 3031 2165 3090 verborum
2192 3032 2472 3110 Gregorii
2502 3032 2832 3112 acceptio?
2867 3057 2896 3087 ‹‹
2945 3034 3102 3104 Quid
3124 3037 3152 3094 ?
3202 3038 3521 3116 Laqueum
3569 3060 3716 3118 pro-

311 3153 536 3214 ponere
567 3132 833 3193 inimico
863 3131 941 3191 ad
972 3129 1400 3209 suspendium,
1439 3127 1791 3189 hominisne
1821 3134 1913 3188 est
1943 3128 2255 3188 Christum
2278 3129 2572 3190 sectantis
2593 3132 2621 3189 ?
2654 3153 2683 3184 ››
2721 3131 2870 3202 Quis
2908 3133 3073 3191 enim
3129 3134 3337 3195 mitior
3371 3138 3669 3216 Gregorio
3689 3139 3718 3198 ?

294 3233 562 3295 Etiamsi
596 3231 835 3309 scripta
864 3235 1147 3291 tacerent
1176 3228 1362 3299 facta,
1396 3227 1535 3305 ipsa
1568 3227 1824 3288 Maximi
1854 3227 2141 3301 historia,
2191 3235 2332 3289 acta
2389 3229 2655 3302 concilii,
2718 3230 2942 3304 sicarii,
2981 3231 3220 3311 lapides
3260 3252 3417 3312 quos
3448 3239 3715 3317 excepit,

293 3352 409 3393 nec
434 3347 831 3410 quemquam
867 3327 1080 3388 ulcisci
1111 3344 1329 3404 passus
1359 3331 1470 3385 est.

377 3459 449 3518 In
489 3457 591 3515 his
626 3472 764 3532 quas
795 3452 1179 3531 objiciuntur
1212 3449 1494 3528 Gregorii
1525 3449 1928 3523 carminibus,
1966 3451 2142 3523 nihil,
2195 3457 2305 3511 aut
2336 3452 2460 3512 fere
2516 3452 2670 3511 nihil
2733 3453 2902 3531 quod
2975 3454 3036 3514 in
3086 3456 3464 3537 Apologetz'co
3487 3479 3598 3522 suo
3659 3467 3721 3523 et

299 3555 456 3615 alibi
491 3553 733 3632 passim
756 3551 833 3610 ad
866 3548 1172 3629 populum
1201 3547 1589 3607 orationibus
1611 3566 1733 3607 non
1766 3548 2153 3626 reperiatur;
2191 3550 2317 3609 imo
2375 3549 2531 3609 nihil
2581 3551 2752 3628 quod
2810 3551 2872 3611 in
2903 3553 3029 3612 suis
3063 3552 3148 3614 De
3193 3555 3520 3616 sacerdotio
3551 3560 3725 3620 libris

309 3671 440 3713 non
476 3648 806 3728 scripserit
837 3647 1027 3727 paulo
1054 3652 1197 3724 post
1225 3645 1728 3724 Chrysostomus.
1771 3648 1904 3705 Non
1935 3646 2128 3724 igitur
2157 3647 2350 3707 animi
2393 3670 2421 3705 α
2449 3647 2900 3722 imbecillitate,
2935 3673 2961 3706 υ
3021 3669 3146 3711 non
3211 3676 3240 3707 «
3272 3655 3661 3730 aegritudine,
3691 3681 3720 3713 ››

311 3769 437 3809 non
477 3773 505 3802 α
538 3745 823 3824 impositi
847 3743 1101 3822 capistri
1138 3768 1163 3797 ν
1198 3743 1435 3813 dolore,
1472 3760 1596 3801 non
1628 3741 1903 3802 abdicati
1953 3765 1982 3797 α
2016 3744 2389 3822 poenitentia
2421 3766 2448 3801 η
2512 3744 2931 3822 episcopatus,
2996 3766 3137 3824 quae
3190 3749 3361 3808 nulla
3414 3752 3554 3823 fuit,
3617 3754 3728 3814 illa

316 3843 699 3922 conscripsit
732 3841 1086 3919 Gregorius.
1118 3839 1450 3917 Figmenta
1481 3839 1615 3898 haec
1636 3846 1780 3900 sunt
1812 3839 1891 3899 ab
1926 3839 2325 3902 heterodoxis
2359 3842 2622 3920 prolata,
2673 3842 2833 3901 male
2865 3861 2900 3902 a
2960 3845 3336 3921 quibusdam
3396 3849 3728 3910 Catholicis

330 3946 613 4022 repetita.
648 3946 868 4018 Apage
891 3957 1064 4016 ergo,
1090 3937 1554 4014 Tolli,lepidam
1584 3936 1747 3997 hanc
1779 3943 1976 4017 tuam,
2001 3942 2129 4001 imo
2160 3939 2525 4018 injuriosam
2557 3941 2617 3998 in
2643 3941 3006 4018 Gregorium
3040 3947 3735 4025 comparationem,qua

338 4041 722 4116 Theologum
755 4056 899 4098 cum
932 4036 1229 4097 Cicerone
1260 4034 1625 4112 componis;
1661 4034 1779 4095 hoc
1810 4044 1924 4112 est,
1951 4062 1979 4093 α
2015 4039 2102 4098 ita
2127 4039 2339 4097 animo
2370 4037 2655 4115 perculso
2688 4045 2749 4097 et
2801 4039 3067 4114 abjecto,
3130 4047 3199 4100 ut
3253 4043 3384 4104 sine
3443 4063 3732 4107 sermone

340 4138 480 4204 ullo,
512 4139 647 4198 sine
677 4135 1062 4213 cogitatione
1093 4134 1223 4193 ulla
1245 4133 1504 4210 jaceret,
1543 4156 1572 4186 »
1637 4139 1705 4192 ut
1769 4157 1796 4190 α
1855 4135 1932 4215 (/)
1988 4135 2211 4196 mentis
2266 4153 2475 4195 errore
2531 4136 2728 4194 teneri
2758 4160 2787 4190 »
2823 4138 3012 4214 vulgo
3043 4138 3401 4201 crederetur
3427 4141 3535 4222 (g).
3571 4143 3732 4216 Quid

331 4237 578 4298 confers
600 4234 947 4294 violentum
977 4239 1264 4292 coactum
1294 4229 1482 4290 Tullii
1513 4230 1825 4305 exsilium,
1859 4252 2001 4293 cum
2034 4233 2390 4293 voluntaria
2421 4233 2723 4310 Gregorii,
2759 4241 2820 4294 et
2843 4235 3140 4313 expetita,
3174 4243 3364 4316 atque
3395 4241 3584 4301 etiam
3625 4260 3732 4302 ex-

324 4342 494 4394 torta
525 4333 611 4392 ab
644 4333 1046 4409 imperatore,
1090 4335 1152 4388 et
1182 4327 1462 4388 omnium
1496 4333 1753 4387 astutum
1785 4331 2199 4391 admiratione
2231 4331 2440 4407 digna,
2504 4331 3211 4410 ConstantinOpolitana:
3269 4337 3430 4396 sedis
3487 4339 3736 4400 abdica-

325 4432 550 4494 tione?
582 4429 665 4508 (h)
703 4429 861 4500 Quid
893 4445 1158 4506 puerum
1179 4431 1425 4486 tantum
1459 4443 1583 4483 non
1630 4424 1995 4502 ejulantem,
2055 4434 2116 4487 et
2170 4429 2438 4501 fletibus,
2496 4446 2573 4487 ne
2620 4429 2937 4503 scriberet,
3007 4431 3460 4510 «impeditum,
3495 4460 3524 4491 »
3589 4455 3733 4497 cum

325 4529 577 4591 athleta
607 4533 668 4587 et
698 4525 973 4603 glorioso
1010 4549 1038 4579 (ι
1071 4524 1423 4584 confessore
1446 4542 1472 4576 υ
1541 4524 1864 4601 componis
1898 4525 1968 4606 (ί)
1999 4530 2026 4586 ?
2059 4526 2304 4603 chesis
2326 4543 2552 4585 omnes
2573 4527 2651 4585 ad
2696 4527 2966 4587 Atticum
2999 4529 3319 4606 epistolas,
3376 4552 3516 4610 quae
3576 4534 3740 4595 libro

329 4626 523 4689 tertio
545 4623 965 4697 continentur,
1002 4621 1280 4700 Liviique
1311 4619 1728 4681 Historiarum
1759 4622 1987 4682 librum
2021 4641 2158 4699 cxx,
2191 4629 2252 4683 et
2282 4629 2405 4683 tum
2438 4629 2497 4682 te
2522 4624 2754 4702 pudeat
2781 4627 3286 4703 comparationis.

409 4750 701 4826 Denique
758 4747 910 4826 quid
964 4745 1296 4806 ambitiosa
1349 4742 1458 4802 illa
1513 4745 1826 4806 Ciceronis
1885 4753 1947 4806 et
1996 4765 2450 4824 usquequaque
2511 4750 2646 4806 fusa
2689 4746 3019 4824 jactantia,
3080 4768 3220 4808 cum
3280 4751 3553 4826 assidua,
3601 4772 3744 4815 cum

333 4849 649 4918 modesta,
701 4863 843 4904 cum
904 4845 1252 4905 necessaria
1307 4850 1368 4905 et
1443 4846 1736 4923 religiosa
1822 4845 2268 4922 praedicatione
2352 4844 2722 4904 Trinitatis?
2807 4845 2967 4916 Quid
3046 4846 3275 4907 Christi
3351 4851 3430 4908 ad
3505 4853 3749 4914 Belial?

329 4945 501 5019 Quid
532 4944 636 5003 hic
668 4942 962 5019 theologo
984 4941 1375 5003 sanctissimo
1407 4961 1550 5003 cum
1584 4948 1836 5004 oratoro
1869 4941 2178 5021 profano?
2215 4942 2371 5014 Quid
2408 4942 2781 5003 humilitatis
2818 4944 3048 5005 Christi
3077 4945 3407 5024 discipulo,
3442 4967 3582 5009 cum
3614 4957 3750 5011 tur-

438 5328 496 5403 a)
520 5327 675 5403 [ιζοιι.
705 5332 822 5403 not.
850 5328 921 5386 ad
953 5345 1006 5384 v.
1034 5327 1096 5384 24
1131 5345 1312 5386 carm.
1337 5331 1386 5398 1,
1422 5346 1478 5402 p.
1509 5330 1564 5384 6.
2180 5329 2249 5403 (Ι)
2277 5329 2559 5403 ᾼάκΑιιὶση
2602 5329 2702 5386 lib.
2738 5347 2823 5399 ιιι,
2857 5332 3025 5403 epist.
3057 5335 3110 5388 2.

437 5399 490 5472 ὁ)
519 5399 686 5472 Yers.
722 5402 868 5472 23st
889 5414 1052 5472 seqq.
1096 5471 1100 5472 ί
1423 5399 1440 5402 ⁷
2181 5399 2259 5472 (g)
2290 5401 2459 5469 Ibid.,
2490 5417 2580 5472 ep.
2617 5403 2703 5456 12.

434 5471 487 5544 c_)
513 5471 709 5527 Carm.
743 5471 818 5544 al.
853 5473 941 5536 12,
961 5471 1138 5544 v.12,
1173 5472 1364 5526 15-17.

1089 5471 1138 5542 2,
1173 5472 1364 5526 15-17.
2180 5471 2259 5544 (ἡ)
2295 5472 2466 5539 Ibid.,
2508 5471 2599 5544 έρ.
2633 5473 2717 5529 44.

432 5541 491 5617 d)
520 5542 823 5617 Carm._al.
849 5545 900 5615 1,
932 5561 986 5598 v.
1017 5543 1071 5597 θ.
1124 5541 1129 5542 ί
2184 5541 2249 5617 (ἱ)
2278 5544 2447 5614 Ibid.,
2481 5541 2570 5617 ep’.
2608 5545 2694 5600 to.

413 5546 470 5611 [ά
520 5546 711 5598 Carm.
747 5546 823 5599 al.

413 5546 491 5687 (ei
518 5617 686 5673 Vers.
719 5615 846 5673 939.

409 5330 431 5611 Ξ
