4122 6214
411 341 489 398 39
1412 332 1824 396 PREFATIO
1871 334 2335 396 GENERALIS.
2368 366 2447 382 —
2494 336 2686 396 PARS
2736 332 2807 396 ll.
3734 337 3814 400 ΔΟ

406 471 470 551 pi
503 477 563 532 et
592 469 840 549 abjecto
873 467 1088 547 gloria:
1122 466 1454 544 mancipio,
1494 486 1676 545 quem
1712 467 2064 546 gloriolam,
2095 468 2376 530 veritatis
2408 469 2758 548 dispendio,
2794 488 3127 548 corrogare
3157 491 3282 531 non
3316 473 3556 551 pudet?
3588 474 3809 546 Ardea,

407 569 611 650 inquit
644 568 911 648 epistola
942 565 1019 627 ad
1052 566 1346 625 Luceium
1373 566 1476 644 (α),
1517 589 1545 620 ‹‹
1577 566 1921 645 cupiditate
1950 567 2456 628 incredibili......
2495 586 2724 627 nomen
2757 574 2824 627 ut
2855 575 3138 628 nostrum
3202 570 3571 642 illustretur,
3607 579 3670 631 et
3709 590 3815 632 ce-

408 667 686 728 lebretur
713 665 964 725 tuis.....
996 665 1214 741 Itaque
1247 669 1304 722 te
1338 662 1523 741 plane
1554 664 1741 723 etiam
1773 671 1961 742 atque
1992 665 2179 725 etiam
2215 683 2390 743 rogo,
2424 670 2492 725 ut
2513 670 2574 724 et
2603 683 2788 724 ornes
2829 683 2904 724 ea
2933 665 3368 726 vehementius
3399 669 3589 728 etiam
3620 688 3818 746 quam

409 767 670 826 fortasse
701 764 989 824 sentis....
1026 761 1350 839 amorique
1383 766 1595 821 nostro
1654 763 2008 840 plusculum
2057 763 2267 834 etiam,
2304 782 2492 841 quam
2544 763 2829 822 concedit
2859 763 3106 834 veritas,
3146 763 3437 842 largiare.
3470 785 3498 821 υ
3548 768 3702 826 Item
3737 767 3820 826 ad

407 865 684 925 Atticum
717 859 982 940 epistola
1013 861 1114 919 58.
1155 882 1184 915 ‹‹
1212 859 1579 936 Epistolam,
1625 860 1850 937 inquit,
1888 860 2111 920 Luceio
2143 879 2331 938 quam
2367 860 2660 936 misi,qua
2698 877 2794 920 res
2825 877 2994 918 meas
3024 866 3094 920 ut
3135 861 3366 921 scribat
3397 881 3572 940 rogo,
3620 864 3718 923 fac
3752 870 3825 924 ut

409 962 489 1023 ab
521 979 594 1021 eo
624 975 872 1028 sumas;
909 957 1092 1016 valde
1125 955 1288 1014 bella
1317 961 1428 1027 est,
1456 973 1726 1033 eumque
1758 961 1824 1016 ut
1873 962 2252 1036 approperet
2310 956 2635 1028 adorteris,
2708 960 2770 1015 et
2799 956 2968 1034 quod
3033 957 3183 1016 mihi
3241 958 3330 1018 ita
3385 976 3448 1019 se
3504 961 3821 1020 facturum

409 1057 751 1135 rescripsit,
787 1054 1021 1133 gratias
1053 1070 1226 1130 agas.
1260 1072 1288 1107 υ
1327 1052 1475 1122 Quis
1506 1052 1717 1111 tulerit
1749 1071 1890 1112 cum
1924 1053 2177 1114 homine
2208 1060 2338 1113 tam
2369 1053 2640 1130 glorioso
2682 1053 3047 1131 Gregorium
3081 1056 3425 1135 componi?
3472 1059 3823 1136 Nequidem

410 1157 652 1216 ratione
683 1152 1057 1230 eloquentiae
1093 1150 1448 1228 comparari
1480 1169 1660 1227 posse
1692 1153 2122 1211 concederem.
2155 1154 2459 1229 Argntum
2491 1169 2783 1229 namque,
2823 1158 3098 1226 acutum,
3136 1160 3196 1212 et
3227 1154 3413 1232 plane
3464 1154 3821 1216 laconicum

410 1252 722 1315 scribendi
751 1269 968 1329 genus,
1003 1254 1274 1308 sectatus
1304 1255 1395 1306 est
1418 1248 1791 1324 Gregorius;
1825 1249 2068 1309 Tullius
2094 1267 2262 1324 vero,
2327 1254 2394 1308 ut
2448 1248 2664 1309 scribit
2713 1254 2935 1309 auctor
2991 1250 3159 1329 (pag.
3216 1252 3342 1332 78),
3387 1275 3415 1310 α
3465 1253 3823 1316 obstetricis

411 1353 766 1413 animorum
794 1370 822 1406 ι)
854 1348 1029 1408 Edm.
1069 1345 1411 1418 Richerius,
1449 1368 1480 1401 «
1509 1347 1805 1406 Asianum
1837 1353 1898 1407 et
1929 1347 2286 1407 redundans
2317 1370 2346 1402 »
2384 1347 2591 1425 potius
2647 1366 2836 1426 quam
2870 1347 3128 1408 atticum
3162 1355 3222 1409 et
3280 1369 3562 1428 pressum
3622 1352 3819 1413 affec-

419 1450 672 1510 tavit.ln
695 1446 957 1523 Dialogo
972 1444 1046 1504 de
1069 1443 1484 1513 oratoribus,a
1503 1443 1815 1503 elumbem
1843 1449 1902 1503 et
1923 1449 2285 1505 enervatam
2311 1445 2622 1504 Ciceronis
2653 1444 3076 1523 eloquentiam
3105 1469 3132 1504 ι)
3171 1453 3354 1506 vocat
3387 1449 3814 1510 Brutus.Diu-

419 1547 540 1608 tius
591 1547 796 1606 forsan
821 1544 897 1603 iis
929 1541 1281 1602 refellendis
1309 1540 1783 1619 immoror,quae
1821 1541 2084 1601 ridenda
2111 1541 2319 1620 potius
2349 1547 2411 1602 et
2442 1541 2922 1614 contemnenda,
2977 1561 3164 1620 quam
3217 1544 3376 1603 serio
3426 1552 3604 1605 erant
3642 1547 3824 1608 refel-

414 1646 621 1705 lenda.
654 1645 1098 1703 Verumtamen
1132 1658 1273 1699 cum
1318 1638 1582 1698 lectores
1622 1639 1906 1698 nonnulli
1963 1640 2108 1710 sint,
2169 1639 2399 1718 quibus
2460 1640 2599 1717 plus
2658 1639 2974 1716 religionis
3035 1659 3222 1717 quam
3297 1643 3572 1703 scientiae
3630 1644 3822 1720 inest,

417 1747 477 1802 et
536 1758 804 1818 quorum
863 1736 1246 1797 conscientia
1300 1735 1550 1793 inﬁrma
1599 1753 1671 1794 ac
1720 1735 1940 1794 timida
1997 1735 2139 1794 laedi
2195 1741 2406 1813 posset
2434 1735 2819 1794 carminibus
2857 1735 3156 1795 adversus
3187 1738 3526 1798 Maximum
3566 1747 3626 1800 et
3656 1743 3825 1820 epis-

417 1858 606 1922 copos
637 1834 1135 1913 scriptis;juxat
1167 1833 1278 1891 hos
1328 1850 1404 1892 ex
1436 1832 1660 1891 animis
1690 1832 2013 1910 scrupulos
2045 1832 2330 1902 evellere,
2394 1833 2650 1910 quinam
2710 1832 2801 1891 illi
2861 1833 2984 1891 sint
3038 1834 3332 1912 episcopi,
3397 1855 3550 1915 quos
3611 1840 3829 1917 exagi-

416 1923 574 1996 tavit
623 1933 980 2011 Gregorius,
1041 1929 1468 2002 ostendendo;
1529 1937 1596 1988 ut
1655 1929 1875 1989 merito
1933 1929 2305 2006 exagitatos,
2341 1935 2529 2007 atque
2556 1930 2743 1988 etiam
2777 1929 2931 1989 dure
2961 1930 3320 2009 increpitos,
3357 1933 3616 2010 quilibet
3645 1936 3825 1996 intel-

419 2033 594 2111 ligat.

496 2164 709 2226 Primo
740 2161 991 2241 quidem
1026 2177 1210 2221 nemo
1245 2157 1438 2219 nescit
1459 2157 1862 2218 correctionis
1895 2159 2185 2219 fraternae
2216 2165 2600 2239 praeceptum
2633 2177 2764 2218 esse
2786 2163 2913 2219 tam
2963 2158 3028 2218 in
3073 2160 3266 2220 veteri
3297 2180 3487 2239 quam
3544 2163 3607 2222 in
3663 2185 3832 2227 nova

417 2263 595 2341 lege:
635 2286 666 2319 «
698 2264 834 2322 Non
863 2257 1068 2321 oderis
1099 2258 1356 2317 fratrem
1389 2261 1591 2332 tuum,
1629 2280 1657 2310 »
1684 2256 1772 2316 ait
1803 2257 2043 2336 Moyses
2067 2258 2113 2324 ³,
2166 2279 2195 2315 (ι
2227 2259 2334 2317 sed
2362 2257 2607 2336 publice
2639 2274 2832 2334 argue
2861 2256 3064 2330 illum,
3099 2276 3176 2317 ne
3207 2257 3444 2319 habeas
3483 2280 3672 2339 super
3715 2265 3827 2325 illo

419 2365 747 2440 peccatum
776 2375 790 2430 ;
816 2381 845 2411 »
883 2355 1104 2417 Matth.
1137 2371 1291 2426 xvn,
1329 2354 1424 2425 16,
1461 2355 1534 2413 17
1563 2371 1575 2412 :
1604 2375 1632 2410 «
1666 2353 1733 2415 Si
1762 2361 1969 2415 autem
2003 2361 2062 2415 te
2083 2373 2208 2415 non
2233 2354 2502 2414 audierit
2560 2354 2773 2433 (frater
2829 2352 3020 2432 tuus),
3083 2353 3312 2414 adhibe
3364 2361 3570 2416 tecum
3617 2360 3826 2422 adhuc

423 2477 643 2529 unum,
679 2456 776 2517 vel
807 2455 964 2514 duos
993 2458 1256 2514 testes...
1291 2450 1470 2522 Quod
1499 2451 1549 2510 si
1579 2470 1701 2511 non
1736 2453 2004 2513 audierit
2046 2470 2189 2513 eos:
2225 2452 2323 2512 dic
2353 2452 2669 2512 Ecclesiae.
2705 2473 2732 2508 n
2771 2451 2931 2522 Quin
2988 2457 3047 2510 et
3080 2457 3225 2511 ante
3263 2452 3465 2531 legem
3499 2455 3821 2534 scriptam,

423 2561 665 2615 natura:
697 2553 757 2612 vi
785 2557 846 2612 et
875 2550 1222 2621 charitatis,
1255 2567 1328 2608 eo
1355 2548 1622 2626 quisque
1652 2549 1859 2608 ofﬁcio
1891 2550 2243 2620 tenebatur,
2279 2549 2586 2628 imprimis
2616 2548 2958 2626 praepositi,
2986 2555 3296 2625 parentes,
3334 2553 3636 2628 magistri,
3689 2573 3828 2633 pas-

422 2661 612 2715 tores.
646 2653 740 2713 Ab
773 2653 909 2731 ipsa
937 2652 1102 2712 enim
1136 2656 1362 2710 natura
1388 2655 1449 2708 et
1481 2648 1809 2722 charitate,
1843 2666 1967 2727 qua
1999 2648 2271 2728 proximi
2303 2649 2471 2708 salus
2501 2649 2681 2708 nobis
2704 2649 2874 2708 cordi
2899 2666 3030 2708 esse
3062 2649 3271 2722 debet,
3305 2649 3493 2728 hujus
3535 2655 3835 2733 praecepti

426 2751 762 2813 necessitas
794 2749 951 2810 fluit.

507 2888 720 2946 Potest
748 2888 984 2960 Itaque,
1019 2887 1208 2958 atque
1241 2879 1428 2940 etiam
1487 2878 1671 2938 debet
1700 2883 2050 2951 ettenetur,
2087 2879 2195 2956 qui
2225 2879 2506 2950 scientia,
2546 2880 2872 2957 dignitate,
2906 2884 2966 2939 et
2997 2879 3202 2940 ofﬁcio
3253 2882 3510 2956 eminet,
3571 2903 3838 2962 arguere

431 2989 784 3063 peccantes,
815 3005 844 3036 «
893 2980 1046 3039 dure
1076 3003 1106 3033 »
1143 2979 1328 3039 etiam
1365 2978 1678 3036 interdum
1716 2977 2120 3054 «increpare,
2151 3000 2180 3031 »
2220 2977 2490 3037 maxime
2525 3002 2552 3032 «
2588 2985 2656 3037 ut
2694 2977 2829 3036 sani
2859 2977 2982 3036 sint
3012 2977 3074 3035 in
3134 2977 3323 3048 fide‘,
3357 3003 3387 3034 »
3445 2988 3512 3040 ut
3562 2984 3838 3045 vitentur

433 3080 706 3160 improbi
730 3081 773 3150 ⁵,
811 3078 998 3156 idque
1055 3074 1426 3135 nominatim
1484 3080 1554 3133 ut
1575 3073 1936 3152 discipulus,
1974 3092 2158 3151 quem
2192 3075 2506 3151 deligebat
2533 3076 2710 3135 Jesus
2734 3076 2794 3146 6;
2830 3074 2927 3133 vel
2953 3075 3270 3154 graphice,
3309 3083 3378 3136 ut
3399 3083 3835 3156 apostolorum

431 3177 797 3256 Princeps7,
831 3193 903 3235 ac
932 3173 1075 3235 Jud.
1112 3173 1154 3245 ⁸,
1190 3172 1629 3251 perstringere,
1666 3177 1852 3249 atque
1891 3171 2076 3230 etiam
2111 3172 2359 3250 publice
2391 3173 2740 3232 traducere.
2807 3196 2837 3226 «
2869 3172 3196 3231 Manifesta
3253 3174 3417 3233 enim
3479 3185 3756 3253 peccata.
3802 3204 3830 3234 ι

435 3285 504 3337 ut
527 3275 730 3354 inquit
763 3271 1097 3350 Gregorius
1128 3271 1285 3330 alter
1316 3275 1377 3329 et
1405 3270 1538 3346 ipse
1570 3271 1830 3347 Magnus
1863 3268 1968 3346 (b),
2033 3292 2063 3324 «
2095 3288 2218 3329 non
2279 3270 2524 3329 occulta
2582 3270 2968 3330 correctione
3024 3272 3391 3347 purganda;
3449 3273 3557 3332 sed
3616 3276 3830 3351 palam

432 3380 579 3434 sunt
607 3370 932 3450 arguendi,
958 3369 1063 3446 qui
1097 3367 1302 3445 palam
1336 3371 1586 3426 nocent.
1625 3390 1651 3420 η
1681 3366 1978 3444 Apostolo
2011 3366 2411 3444 praecipiente
2439 3384 2450 3423 :
2487 3389 2513 3422 ‹‹
2546 3369 2879 3425 Peccantes
2908 3383 3119 3425 coram
3151 3367 3438 3426 omnibus
3470 3386 3663 3446 argue
3685 3372 3706 3404 9
3743 3390 3755 3431 :
3787 3394 3816 3429 υ

433 3469 601 3549 quod
633 3467 914 3528 Christus
943 3465 1157 3526 docuit
1196 3470 1258 3524 et
1285 3464 1449 3537 fecit,
1491 3486 1520 3516 «
1555 3462 1776 3522 acerbe
1807 3469 1867 3521 et
1897 3481 2131 3534 amare,
2166 3487 2194 3517 »
2237 3467 2302 3522 ut
2333 3463 2419 3522 ait
2459 3464 2843 3540 Augustinus
2893 3463 2964 3542 (ρ)
2993 3480 3006 3521 :
3068 3464 3223 3522 «sed
3272 3465 3561 3538 amando,
3590 3489 3617 3524 ι)
3669 3487 3832 3546 quos

433 3565 738 3644 arguebat
761 3563 1031 3625 Judzeos.
1071 3563 1200 3621 Hoc
1226 3579 1262 3619 a
1293 3559 1617 3638 prophetis
1648 3563 1710 3618 et
1738 3559 2039 3636 apostolis
2060 3560 2308 3637 egregie
2341 3559 2690 3638 praestitum
2721 3578 2903 3620 nemo
2936 3561 3155 3620 nescit.

514 3697 800 3759 Ecclesiae
829 3703 994 3756 certe
1024 3694 1282 3753 interest
1317 3716 1347 3748 ‹‹
1381 3691 1639 3770 hypocri
1655 3698 1768 3762 tas,
1796 3691 1983 3750 falsos
2019 3692 2374 3769 prophetas,
2415 3717 2440 3747 »
2475 3693 2658 3771 lupos
2688 3693 2802 3751 sub
2828 3693 3014 3753 ovina
3044 3694 3203 3772 pelle
3235 3695 3494 3753 latentes
3525 3694 3839 3771 dignosci,

438 3803 504 3857 ut
531 3797 593 3856 in
628 3795 839 3855 odium
877 3793 1272 3852 adducantur
1301 3796 1361 3850 et
1393 3790 1712 3867 fugiantur
1743 3807 1779 3846 a
1808 3789 2315 3866 simplicioribus,
2351 3796 2418 3849 ut.
2453 3791 2681 3849 nemini
2705 3799 2969 3851 noceant
3000 3791 3108 3871 (Δ).
3170 3793 3314 3852 Haec
3362 3793 3573 3851 omnia
3629 3791 3838 3850 chari-

436 3895 581 3955 tatis
610 3911 760 3970 erga
793 3891 1171 3970 proximum,
1207 3906 1356 3965 erga
1414 3889 1608 3946 Deum
1667 3891 1729 3944 et
1779 3886 2142 3959 Ecclesiam,
2176 3888 2381 3946 ofﬁcia
2414 3888 2584 3946 fuere
2607 3888 2667 3946 in
2703 3887 2972 3959 Christo,
3013 3889 3076 3948 in
3098 3891 3363 3954 Joanne.
3401 3889 3462 3948 in
3494 3888 3841 3966 Stephano,

436 3991 534 4051 cui
568 3991 834 4067 «lingua
861 3989 1059 4060 ferox,
1093 3986 1231 4045 lene
1261 4003 1408 4056 cor;
1443 4007 1469 4042 ι»
1511 3983 1618 4063 qui
1667 3983 1963 4042 saaviebat
2017 3989 2079 4043 et
2136 3985 2411 4044 amabat.
2449 4008 2477 4040 »
2542 3986 2686 4044 Haec
2737 3985 2926 4045 etiam
2960 3987 3021 4045 in
3049 3986 3371 4064 'l‘heologo
3403 3987 3669 4064 aliisque
3700 3986 3851 4045 viris

437 4088 688 4157 sanctis,
726 4105 881 4163 quas
911 4083 1251 4162 aliquando
1283 4083 1391 4142 Dei
1421 4081 1641 4160 gloria,
1677 4081 1844 4141 zelus
1874 4082 2098 4141 domus
2136 4081 2266 4153 Dei,
2321 4081 2714 4141 imminentia
2773 4081 3156 4159 simplicibus
3194 4084 3383 4155 mala,
3417 4101 3721 4161 oppressa
3750 4100 3851 4142 ca-

441 4183 695 4242 lumniis
724 4182 1107 4251 innocentia,
1142 4180 1382 4257 religio,
1410 4179 1755 4238 acrioribus
1785 4178 1990 4238 verbis
2019 4179 2246 4258 impios
2274 4180 2593 4257 exagitare
2620 4180 3084 4258 compulerunt,
3107 4180 3432 4240 charitatis
3467 4179 3674 4241 ofﬁcia
3707 4180 3853 4240 fuis-

440 4299 505 4338 se
536 4280 794 4338 dubium
829 4297 953 4338 non
982 4283 1097 4337 est.

525 4413 702 4469 Nunc
759 4410 867 4488 qui
927 4414 988 4469 et
1046 4408 1264 4486 quales
1312 4410 1566 4467 fuerunt
1624 4408 1922 4487 episcopi,
2008 4426 2163 4486 quos
2250 4409 2585 4486 Gregorius
2651 4409 2715 4467 in
2794 4411 3177 4471 carminibus
3233 4411 3533 4488 exagitat,
3594 4417 3654 4472 et
3711 4428 3853 4489 qum

448 4507 635 4567 facies
694 4507 983 4567 Ecclesiae
1044 4505 1233 4565 totius
1292 4504 1500 4577 fuerit,
1561 4504 1841 4564 dicamus
1897 4503 2001 4584 (e).
2055 4505 2446 4566 Theodosius
2506 4525 2772 4584 magnus
2857 4527 3022 4568 anno
3108 4509 3227 4568 380
3281 4527 3458 4568 sacro
3516 4508 3688 4568 fonte
3771 4508 3854 4566 ab

449 4604 747 4667 Ascholio
800 4603 1340 4664 'l‘hessalonicensi
1389 4602 1682 4682 episcopo
1723 4602 2024 4663 lustratus
2088 4622 2406 4663 «aureum
2481 4604 2562 4663 ad
2643 4605 2950 4683 populum
3029 4606 3203 4666 urbis
3275 4603 3854 4682 Constantinopoli-

452 4709 676 4762 tanae»
759 4701 1031 4762 edictum
1086 4701 1277 4772 dedit,
1314 4718 1438 4779 quo
1496 4699 1761 4760 sancivit
1820 4724 1848 4754 «
1894 4699 2270 4778 judicandos
2351 4699 2839 4779 plectendosque
2894 4702 3242 4772 hazreticos,
3301 4723 3330 4759 ι>
3408 4701 3515 4780 qui
3579 4723 3608 4758 α
3659 4718 3850 4778 quam

450 4800 734 4879 pontifex
793 4802 1098 4860 Damasus
1181 4801 1527 4875 Petrusque
1591 4797 1986 4858 Alexandria:
2056 4797 2386 4876 episcopus
2433 4798 2889 4876 sequebantur,
2958 4800 3143 4860 ﬁdem
3210 4818 3335 4860 non
3399 4799 3854 4878 amplecteren-

449 4904 576 4957 tur.
610 4921 637 4952 ι)
669 4901 843 4957 'l‘unc
873 4896 1085 4973 itaque
1117 4897 1179 4955 in
1229 4895 1535 4974 palatium
1596 4895 1896 4954 redeunte
1951 4912 2023 4954 ac
2056 4894 2421 4954 dominante
2475 4894 2787 4956 catholica
2819 4896 2962 4976 ﬁde,
3015 4897 3095 4958 ad
3152 4915 3290 4958 eam
3331 4915 3582 4975 quoque
3619 4895 3861 4957 rediere

522 5125 754 5252 'zgevit.
784 5143 901 5196 x1x,
928 5127 1009 5184 17.
1048 5127 1066 5162 ‘
1095 5125 1209 5180 Tit.
1244 5142 1282 5192 ι,
1315 5125 1399 5179 13.
1433 5124 1452 5158 ⁵
1485 5124 1533 5179 ΙΙ
1563 5122 1713 5179 Tim.
1773 5141 1836 5195 Ix,
1893 5123 1994 5192 i7;
2042 5141 2126 5195 III,

2243 5125 2264 5160 °
2296 5124 2372 5180 ΙΙΙ
2399 5124 2566 5181 Joan.
2598 5126 2649 5179 9.
2683 5125 2702 5159 ⁷
2728 5125 2776 5182 ΙΙ
2809 5125 2958 5182 Petr.
2993 5143 3053 5195 ιι,
3089 5125 3111 5182 4
3149 5142 3280 5198 sqq.
3314 5126 3333 5160 ⁸
3364 5126 3500 5181 Jud.
3526 5127 3576 5179 4.
3612 5127 3632 5161 θ
3663 5127 3856 5184 ITim.

455 5214 508 5266 v,
537 5214 626 5253 zu.

530 5496 585 5562 (a
637 5492 837 5560 Cicer.,
872 5495 967 5565 Ep.
998 5495 1160 5564 fam.,
1184 5492 1285 5548 lib.
1320 5510 1372 5558 ν,
1404 5509 1494 5563 ep.
1532 5490 1616 5546 13.
2305 5491 2338 5546 τι
2393 5495 2544 5563 Aug.
2579 5508 2751 5548 serm.
2785 5493 2908 5559 313,
2934 5496 3076 5548 tom.
3111 5496 3178 5562 V,
3265 5537 3277 5550 .
3313 5496 3469 5551 1262.

530 5493 860 5632 (ὺζῦιοθεοτ.
884 5570 1164 5632 Mag.,ep.
1189 5565 1390 5631 l7,lib.
1415 5579 1528 5631 xxv,
1544 5568 1685 5617 tom.
1709 5560 1779 5630 ΙΙ,
1803 5558 2100 5632 pag.l280.
2284 5491 2359 5632 ἒεζ
2388 5563 2570 5625 Socr.,
2604 5562 2700 5618 lib.
2734 5581 2789 5631 v,
2821 5564 2960 5630 c.6;
3018 5565 3170 5631 Soz.,
3221 5511 3328 5625 lib.
3371 5584 3469 5632 vn,

530 5558 860 5638 (1))Gregor.
884 5558 1164 5637 Mag.,ep.
1189 5558 1779 5638 l7,lib.__x71v,tox_n..‘ll,
1803 5558 2100 5633 pag.l280.
2221 5558 2570 5638 ‘_(c)_Soc'r._,
2604 5562 2700 5638 lib.
2734 5581 2789 5638 v,
2821 5558 3180 5638 c.6;_Soz.,
3221 5558 3328 5625 lib.
3371 5584 3470 5632 vn,
3521 5582 3570 5622 c.
3602 5565 3673 5636 7;
3721 5565 3859 5624 Cod.

530 5632 600 5710 (ο)
632 5632 801 5709 Aug}
831 5632 1012 5694 serm'.
1052 5632 1174 5707 317,
1206 5641 1347 5692 tom.
1379 5634 1449 5707 V,
1482 5650 1539 5707 p.
1576 5633 1733 5690 1270.
1807 5632 1820 5633 ί
2219 5632 2494 5706 Theodos.,
2527 5635 2616 5688 tit.
2650 5636 2701 5706 1,
2737 5634 2846 5709 leg.
2878 5637 2933 5705 2,
2967 5635 3198 5693 Gothof.
