4122 6214
191 371 249 431 εΗ
1181 363 1593 429 ΡΙίᾹΞΡΑΤῙΟ
1642 367 1819 428 GENI

1969 373 2100 429 [λὶς.
2142 403 2217 414 -
2245 369 2444 431 PARS
2497 367 2572 430 ll.
3519 368 3597 430 ΔΞ

187 511 242 564 et
290 502 476 563 anlici
533 500 858 582 praesules,
901 501 1010 580 qui
1069 519 1145 562 ex
1204 502 1559 582 principum
1621 502 1833 562 favore
1891 509 2185 581 metuque
2235 505 2511 581 penduli,
2573 504 2746 562 omni
2802 503 2984 562 facile
3041 510 3228 561 vento
3286 501 3588 560 doctrinae

183 600 554 676 circumlati,
612 600 805 660 dubio
861 599 1072 660 animo
1130 605 1192 660 et
1245 600 1389 672 ﬁde,
1454 605 1774 668 momento
1835 599 1955 660 huc
2011 600 2162 661 illuc
2220 600 2706 679 impellebantur
2741 617 2754 658 :
2792 623 2819 655 α
2876 599 3123 672 Misera,
3174 598 3381 677 inquit
3439 600 3596 658 Gre-

184 701 393 778 gorius
443 698 548 778 (a),
602 706 664 758 et
721 697 1145 758 abominanda
1207 698 1347 758 vitae
1408 697 1727 757 ludibria:
1773 699 1942 776 quod
1999 698 2180 757 fidem
2235 698 2478 768 attinet,
2541 703 2786 776 partem
2844 697 2909 757 in
2967 703 3301 774 utramque
3361 695 3590 774 parati,

185 816 305 857 non
337 797 449 857 Dei
479 796 712 873 legum,
749 795 856 855 sed
908 801 1263 873 temporum
1323 796 1748 856 observantes.
1788 795 2000 873 Euripi
2052 796 2379 868 doctrinae,
2414 795 2558 854 hinc
2614 795 2758 855 inde
2817 794 3133 874 reciproce
3191 795 3589 866 fluctuantes,

186 895 566 965 adulatores,
628 893 836 953 dulcia
895 894 1223 953 mulierum
1278 911 1538 968 venena,
1603 893 1810 970 parvis
1870 892 2099 964 leones,
2159 898 2223 952 at
2273 912 2478 952 rerum
2539 892 2923 971 potientibus
2979 911 3185 952 canes.
3236 912 3264 948 υ
3321 892 3390 950 In
3449 908 3590 949 car-

186 992 348 1052 mine
409 991 497 1050 l)e
555 991 678 1050 vita
737 1009 845 1050 sua
895 1014 924 1046 «
977 991 1284 1050 aleatores
1339 1012 1368 1048 ››
1434 996 1618 1050 vocat.
1674 989 1789 1049 hos

1959 1009 2194 1069 scopos,
2255 992 2525 1066 κυϐισταί,
2583 990 3091 1064 chamaeleontes,
3151 994 3587 1070 χαμαιλεόντων,

184 1087 265 1140 καὶ
299 1086 505 1161 τρόπον
539 1083 892 1142 πολυπόδων.

257 1194 445 1255 Tales
515 1194 816 1272 episcopi,
879 1193 987 1270 qui
1056 1193 1218 1254 inter
1284 1193 1549 1254 Arianos
1619 1197 1680 1252 et
1761 1193 2114 1254 Catholicos
2197 1194 2407 1267 medii,
2467 1193 2715 1272 utrique
2801 1194 2987 1273 parti,
3049 1212 3163 1272 pro
3237 1199 3590 1271 temporum

182 1293 451 1364 ratione,
501 1310 567 1351 se
640 1291 1073 1363 venditabant,
1135 1292 1212 1350 ab
1287 1291 1560 1351 Ecclesia
1646 1310 1786 1351 cum
1874 1292 2269 1371 episcopatus
2339 1292 2806 1370 dignitatisque,
2889 1310 3077 1369 quam
3163 1290 3590 1361 obtinuerant,

179 1390 424 1448 honore
474 1394 533 1448 et
591 1388 791 1465 gradu
849 1388 1144 1466 suscepti,
1179 1388 1611 1466 improborum
1664 1387 1798 1466 jam
1856 1389 2290 1467 episcoporum
2347 1390 2435 1448 ita
2491 1407 2824 1449 numerum
2893 1394 3227 1459 auxerant,
3285 1393 3356 1447 ut
3411 1385 3596 1446 bonis

180 1486 515 1565 episcopis,
552 1493 743 1564 atque
772 1486 960 1545 etiam
991 1486 1052 1544 in
1089 1485 1368 1545 conciliis
1401 1485 1741 1564 aliquando
1774 1487 2206 1564 praevalerent.
2242 1486 2397 1545 Hinc
2455 1486 2578 1545 illae
2630 1486 2927 1564 Gregorii,
2982 1485 3090 1564 qui
3135 1485 3336 1545 zelum
3387 1490 3449 1544 et
3495 1484 3592 1543 in-

180 1583 617 1661 dignationem
677 1582 998 1641 continere
1058 1602 1182 1642 non
1239 1582 1507 1654 valebat,
1537 1583 1724 1660 justee
1783 1583 2077 1661 querelae.
2114 1583 2268 1644 Hinc
2319 1602 2496 1643 suam
2546 1583 2761 1660 ipsius,
2799 1583 2894 1642 vel
2926 1601 3038 1642 suo
3072 1582 3280 1661 potius
3311 1581 3584 1655 nomine,

181 1681 568 1757 collegarum
602 1680 662 1737 in
697 1679 1040 1738 sacerdotio
1075 1678 1438 1739 facilitatem
1471 1680 1530 1738 in
1566 1680 1926 1758 hujusmodi
1957 1680 2264 1759 episcopis
2297 1681 2700 1740 admittendis
2758 1680 3046 1758 deplorat
3091 1680 3185 1739 his
3215 1679 3421 1738 verbis
3452 1678 3537 1757 (ὀ)
3574 1694 3588 1737 :

185 1804 208 1829 ‹‹
244 1777 703 1855 Proposuimus
735 1794 881 1835 voce
914 1777 1240 1853 praeconis,
1275 1796 1386 1855 pro
1421 1777 1655 1836 foribus
1713 1778 2053 1837 sanctuarii
2105 1778 2395 1838 omnibus
2445 1777 2954 1836 denuntiavimus
2987 1794 3000 1835 :
3039 1776 3435 1854 Ingrediatur
3483 1775 3592 1853 qui

181 1874 373 1946 volet,
410 1873 506 1931 bis
538 1873 701 1944 licet,
736 1879 844 1931 aut
874 1873 1061 1932 etiam
1094 1873 1321 1951 saepius
1371 1873 1580 1947 ﬁdem,
1628 1892 1742 1952 pro
1790 1874 2138 1948 occasione,
2195 1874 2553 1935 mutaverit.
2589 1874 2779 1934 Adest
2827 1880 3074 1952 tempus
3133 1873 3595 1946 nundinarum,

183 1988 364 2030 nemo
399 1970 589 2029 abeat
621 1969 778 2027 nihil
809 1975 1122 2047 operatus,
1161 1993 1189 2023 »
1229 1975 1346 2028 etc.

256 2084 553 2162 Quisquis
603 2083 738 2142 haec
795 2090 856 2142 et
911 2083 1033 2142 alia
1089 2083 1316 2142 similia
1370 2083 1435 2142 in
1487 2083 1624 2142 aliis
1709 2084 1990 2158 Gregorii
2067 2085 2450 2145 carminibus
2520 2086 2764 2163 legerit,
2825 2085 2876 2144 is
2937 2086 3216 2164 profecto
3276 2085 3588 2163 intelliget

182 2183 442 2261 quinam
502 2181 734 2240 fuerint
792 2180 1091 2257 episcopi,
1165 2180 1241 2238 de
1298 2181 1526 2257 quibus
1582 2186 1788 2241 tacere
1845 2201 1967 2241 non
2044 2184 2337 2260 potuerit,
2395 2202 2508 2244 nec
2592 2184 2899 2244 debuerit.
2985 2183 3373 2243 Excusandae
3457 2188 3588 2241 tam

181 2283 588 2356 praepostera
644 2276 1014 2354 benignitati
1064 2295 1136 2335 ac
1192 2276 1478 2336 facilitati
1536 2278 1692 2337 tales
1743 2278 2069 2357 episcopos
2129 2280 2523 2353 admittendi,
2586 2281 3025 2341 Alexandrinae
3111 2280 3335 2357 synodi
3424 2297 3589 2339 anno

182 2378 306 2434 362
369 2374 619 2446 habitae,
678 2376 770 2433 vel
849 2379 1014 2433 certe
1085 2373 1411 2433 Athanasii
1459 2373 1535 2434 de
1593 2375 1966 2452 recipiendis
2044 2377 2355 2437 haereticis
2411 2379 2728 2438 decretum
2789 2377 3008 2457 procul
3066 2376 3257 2437 dubio
3313 2381 3592 2454 praeten-

180 2472 448 2532 debant.
547 2474 787 2544 Verum,
876 2477 945 2531 ut
1029 2471 1320 2531 observat
1405 2472 1741 2532 Annalium
1827 2473 2353 2534 eminentissimus
2437 2493 2700 2553 parens,
2778 2473 3218 2535 Alexandrinis
3299 2473 3592 2533 Patribus

183 2596 206 2623 ι)
245 2587 484 2647 magna
546 2569 729 2641 ratio,
791 2569 956 2646 quod
1014 2567 1342 2647 multiplex
1392 2569 1666 2642 illorum,
1727 2590 1755 2627 ι)
1817 2571 1926 2648 qui
1973 2571 2168 2650 recipi
2227 2571 2642 2649 jubebantur,
2703 2572 3144 2651 episcoporum
3208 2595 3237 2626 «
3295 2587 3595 2630 numerus

186 2674 364 2740 esset,
401 2667 515 2745 qui
570 2667 636 2725 in
696 2667 960 2726 concilio
1017 2690 1048 2720 »
1113 2667 1513 2741 Ariminensi,
1579 2668 1671 2727 vel
1730 2669 2094 2743 nescientes,
2159 2670 2253 2729 vel
2308 2671 2531 2741 coacti,
2589 2671 2833 2730 Arianis
2887 2675 3380 2741 consenserant;
3443 2667 3597 2746 ipsi-

189 2783 324 2842 que,
391 2764 505 2842 qui
589 2763 668 2823 ab
729 2764 975 2823 Arianis
1059 2764 1346 2842 partibus
1419 2771 1550 2824 tum
1637 2765 1948 2839 redibant,
2009 2766 2251 2827 sincero
2337 2768 2617 2828 veritatis
2692 2785 2906 2827 amore
2973 2767 3242 2844 odioque
3291 2764 3592 2844 perfidiae,

187 2863 422 2940 quippe
447 2861 558 2939 qui
615 2861 731 2920 sub
761 2861 1011 2921 Juliano
1059 2864 1365 2939 Apostata
1420 2862 1498 2921 ad
1558 2861 1621 2920 id
1677 2863 1904 2922 adduci
1960 2863 2358 2925 videbantur.
2401 2866 2732 2936 Praeterea,
2772 2870 2839 2924 ut
2895 2864 2983 2924 ait
3039 2865 3454 2941 Hieronymus
3489 2862 3596 2942 (c),

197 2984 218 3010 τε
250 2960 401 3018 huic
465 2977 756 3019 assensus
813 2965 905 3018 est
958 2959 1299 3032 Oeridens;
1333 2963 1394 3018 et
1450 2977 1560 3038 per
1617 2965 1743 3019 tam
1801 2962 2218 3021 necessarium
2269 2963 2624 3035 concilium,
2685 2964 2934 3023 Satanae
2985 2961 3270 3022 faucibus
3347 2965 3598 3039 ereptus

185 3066 267 3117 est
301 3057 605 3116 mundus.
643 3079 673 3111 »

251 3172 476 3244 Longe
538 3183 685 3224 vero
742 3164 952 3243 dispar
1007 3165 1167 3224 ratio
1219 3165 1333 3223 sub
1389 3165 1764 3238 Theodosio,
1818 3165 2066 3244 aliaque
2127 3165 2417 3227 Ecclesiae
2476 3166 2682 3227 facies.
2738 3169 2829 3226 Ex
2886 3166 2961 3225 iis
3031 3165 3197 3225 enim
3256 3164 3591 3245 episcopis,

183 3265 276 3340 qui
336 3281 458 3342 spe
516 3262 617 3321 vel
677 3268 844 3321 metu
918 3261 1227 3334 redibant,
1286 3262 1571 3341 plerique
1657 3281 1873 3322 omnes
1931 3264 2009 3322 ab
2069 3263 2338 3337 Arianis,
2389 3263 2754 3324 Constantio
2844 3269 3115 3337 mortuo,
3177 3263 3593 3340 desciverant,

177 3361 534 3439 iisdemque
619 3360 842 3420 iterum
922 3379 1055 3420 sese
1139 3361 1561 3437 adjunxerant
1625 3363 1742 3422 sub
1799 3362 2080 3435 Valente,
2147 3383 2174 3419 α
2237 3362 2329 3421 bis
2385 3381 2459 3422 ac
2532 3363 2787 3440 saepius,
2839 3386 2868 3416 »
2928 3368 2996 3422 ut
3070 3363 3158 3422 ait
3233 3362 3592 3439 Gregorius,

181 3483 197 3511 ι
232 3460 430 3520 ﬁdem
492 3464 832 3532 mutantes,
892 3464 952 3518 et
1010 3459 1287 3519 alearum
1344 3459 1625 3532 instar,»
1693 3465 1804 3518 aut
1858 3459 2182 3518 arundinis
2246 3465 2562 3519 momento
2626 3459 2874 3519 versati.
2939 3459 3114 3521 Unde
3168 3459 3432 3519 facilitas
3490 3458 3602 3519 illa

176 3558 507 3635 episcopos
600 3556 810 3634 lapsos
883 3555 1243 3633 recipiendi,
1305 3575 1468 3634 quae,
1534 3557 1912 3635 Hieronymo
1997 3562 2152 3616 teste
2210 3555 2324 3638 (ά),
2379 3556 2550 3616 laudi
2607 3556 2950 3617 Athanasio
3039 3557 3383 3635 quondam,
3448 3556 3602 3616 vitio

183 3655 546 3732 probroque
609 3660 755 3713 tunc
808 3654 957 3713 data
1013 3659 1106 3713 est
1162 3654 1346 3713 Petro
1406 3654 1830 3714 Alexandrino
1889 3655 2162 3732 praesuli.
2221 3679 2251 3709 «
2300 3657 2536 3714 Praesto
2588 3679 2616 3710 ››
2682 3656 2737 3715 ei
2795 3654 3081 3728 concilio,
3135 3655 3342 3732 inquit
3399 3655 3591 3715 Baro-

180 3753 305 3810 nius
337 3751 416 3829 fe)
482 3751 562 3811 de
620 3751 883 3810 concilio
944 3750 1220 3828 generali
1269 3751 1966 3829 Constantinopolitano
2022 3753 2226 3829 primo
2286 3751 2572 3830 loquens,
2645 3776 2676 3807 ‹‹
2735 3753 2985 3811 fuerunt
3041 3751 3253 3830 plures
3310 3770 3387 3811 ex
3444 3751 3592 3824 illis,

183 3851 281 3924 qui
327 3856 545 3919 antea,
610 3848 888 3907 Valentis
967 3853 1267 3925 tempore,
1321 3847 1517 3924 pulsis
1591 3847 1982 3920 orthodoxis,
2037 3849 2410 3908 Arianorum
2494 3849 2728 3920 favore,
2789 3857 3082 3907 vacantes
3163 3845 3341 3906 sedes
3419 3864 3604 3906 acce-

191 3953 420 4019 perant.
482 3946 563 4005 Hi
622 3945 788 4005 enim
873 3944 1138 4022 tempori
1225 3944 1652 4020 inservientes,
1715 3945 1828 4004 sub
1915 3945 2224 4005 catholico
2301 3945 2679 4024 imperatore
2772 3962 2948 4023 seque
3032 3943 3359 4004 catholicas
3449 3942 3595 4002 fidei

200 4039 534 4102 defensores
611 4061 676 4101 se
751 4043 1100 4120 praebuere,
1162 4060 1304 4101 cum
1362 4049 1546 4102 antea
1613 4043 1708 4102 vel
1770 4044 1975 4120 gratia
2034 4044 2264 4103 ducum
2323 4044 2654 4112 exercitus,
2720 4042 2816 4101 vel
2872 4042 3087 4101 favore
3136 4041 3401 4102 aliorum
3464 4058 3597 4100 ma-

186 4138 588 4214 gistratuum,
649 4140 712 4199 in
790 4141 1221 4219 episcopatum
1299 4140 1553 4200 omnino
1641 4141 1785 4201 licet
1866 4141 2111 4218 indigni
2196 4140 2605 4201 nihilominus
2686 4139 3104 4217 irrepsissent.
3194 4141 3282 4199 De
3370 4137 3600 4217 quibus

173 4238 469 4298 omnibus
532 4238 732 4297 fusius
789 4238 924 4316 ipse
982 4237 1314 4314 Gregorius
1362 4237 1808 4298 Nazianzenus.
1867 4259 1895 4293 ι)
1953 4241 2095 4298 Haec
2179 4239 2504 4312 Baronius,
2585 4238 2717 4316 qui,
2781 4254 3074 4315 expressa
3151 4235 3377 4295 horum
3465 4234 3595 4314 epi-

165 4353 513 4414 scoporum
595 4335 896 4412 imagine,
949 4335 1034 4394 sic
1120 4335 1522 4413 prosequitur
1567 4335 1644 4415 (/)
1702 4353 1716 4395 :
1783 4357 1812 4393 «
1866 4336 2192 4414 Intelligis,
2251 4341 2428 4415 puto,
2491 4337 2734 4416 quales,
2792 4335 3071 4414 exceptis
3155 4333 3394 4412 paucis,
3449 4338 3598 4393 tunc

159 4452 293 4492 esse
385 4432 672 4493 solerent
751 4431 1030 4510 episcopi
1115 4432 1448 4492 Orientalis
1524 4433 1856 4507 Ecclesize;
1917 4435 2235 4512 quomodo
2293 4434 2482 4494 ﬁdem
2543 4433 2776 4494 habere
2832 4432 3270 4493 consueverint
3329 4449 3442 4509 pro
3490 4449 3592 4490 ra-

156 4534 334 4591 tione
399 4531 711 4608 temporis
789 4529 1108 4603 mobilem,
1162 4535 1224 4590 et
1287 4530 1533 4591 nonnisi
1589 4532 1668 4591 ad
1727 4533 2040 4610 privatum
2113 4533 2514 4593 commodum
2575 4531 3139 4593 accommodatam.
3201 4528 3393 4606 Cujus
3463 4527 3599 4606 qui-

150 4628 291 4689 dem
353 4626 455 4687 rei
501 4645 627 4686 non
687 4627 1019 4705 Gregorius
1063 4626 1393 4699 duntaxat,
1423 4627 1528 4687 sed
1579 4633 1641 4687 et
1693 4629 1954 4688 Basilius
1984 4629 2109 4688 suis
2167 4629 2413 4708 scriptis
2472 4628 2761 4707 locuplex
2821 4627 2992 4687 testis
3049 4625 3312 4699 accedit,
3349 4629 3419 4683 ut
3474 4640 3589 4682 suo

149 4728 288 4787 loco
387 4724 686 4803 superius
763 4731 856 4784 est
921 4724 1443 4784 demonstratum.
1503 4746 1533 4781 ι)
1603 4725 1772 4786 Alios
1846 4727 2006 4787 bene
2095 4727 2324 4786 multos
2368 4725 2666 4786 adhibere
2713 4729 2921 4798 testes,
2985 4722 3257 4782 maxime
3318 4721 3590 4799 Chryso-

143 4834 453 4884 stomum
517 4827 578 4880 et
634 4824 1108 4900 Hieronymum,
1161 4827 1406 4899 poterat
1466 4823 1808 4894 Baronius;
1863 4824 1994 4902 qui,
2051 4829 2381 4903 postquam
2442 4821 2722 4882 narravit
2778 4839 2968 4900 quam
3029 4820 3192 4879 male
3250 4825 3442 4897 atque
3505 4817 3594 4877 in-

144 4924 347 4999 digne
409 4920 783 4994 Gregorium
835 4917 1215 4978 habuerint:
1256 4941 1282 4971 ει
1319 4919 1410 4978 Ex
1454 4917 1569 4993 his,
1633 4919 1836 4999 inquit
1867 4922 1970 5000 (g),
2007 4921 2177 4980 disce
2233 4920 2379 4990 alia,
2416 4937 2640 4998 nempe
2700 4936 2890 4996 quam
2949 4935 3094 4977 vera
3144 4916 3268 4976 sint
3325 4935 3464 4994 quas
3521 4915 3587 4975 in

145 5021 390 5080 eodem
432 5015 771 5092 Gregorius
804 5014 1194 5094 conscripsit.
1235 5039 1262 5069 κ

217 5135 297 5198 Id
376 5130 648 5211 quidem
703 5130 940 5210 optime
997 5135 1059 5191 et
1115 5130 1400 5211 apposite
1459 5137 1678 5193 auctor
1737 5132 2286 5196 eminentissimus.
2346 5135 2504 5195 Nam
2561 5129 2796 5211 palam,
2851 5128 3004 5192 vivis
3061 5129 3184 5192 illis
3225 5134 3288 5192 et
3341 5128 3594 5192 audien-

202 5462 289 5531 (α)
333 5457 558 5515 Carm.
597 5455 646 5531 ᾖ,
678 5455 848 5530 ΤοΙΙ.,
878 5475 928 5515 ν.
962 5457 1224 5515 334-338.

983 5457 1224 5515 334-338.
2013 5457 2091 5531 (ά)
2125 5457 2330 5516 Chron.
2359 5475 2454 5516 an.
2485 5458 2611 5516 374.

200 5527 284 5610 (ὁ)
326 5532 553 5611 0.3.”?-
587 5529 722 5611 [δε
754 5527 1098 5611 simsum“
1135 5532 1315 5611 17:?7-
1463 5605 1473 5611 .
2011 5527 2216 5611 ((3)99;
2241 5532 2364 5599 381,
2398 5533 2427 5605 ς
2457 5531 2548 5586 22.

169 5599 276 5716 «Caci
353 5599 528 5661 Dial.
573 5601 693 5656 adv.
745 5605 951 5675 Luci/1,
999 5599 1152 5659 tom.
1206 5603 1298 5672 IV,
1350 5605 1499 5678 part.
1568 5617 1629 5676 ιι,
1692 5620 1828 5680 pag.
2011 5599 2239 5746 ἕρ)ἓᾷἒὲξὶ

169 5694 257 5738 3‘...
2203 5711 2236 5730 ,ι

130 5682 207 5712 αρε

131 5705 234 5738 004'
243 5718 257 5734 ο

465 5799 730 5870 Panos.
776 5802 883 5868 GR.
917 5804 1155 5881 XXXV.
3271 5802 3309 5891 ᾗ
