4122 6214
508 334 584 395 43
850 316 867 325 ’
1517 334 1933 395 PR/EFATIO
1980 334 2440 396 erNenALls.
2472 369 2551 383 -
2592 335 2791 399 PARS
2836 330 2914 398 Il.
3838 346 3918 407 44

508 468 693 536 tibus,
752 467 924 528 vales
980 469 1407 529 sanctissimus
1484 486 1633 528 vera
1701 486 1766 527 se
1841 468 2047 528 dicere
2135 471 2451 546 protessus
2535 475 2628 530 est
2713 488 2828 530 nec
2903 472 3234 550 quisquam
3296 491 3483 534 ausus
3525 483 3618 537 est
3672 454 3917 540 contra-

442 568 443 571 “
507 564 713 625 dicere
746 580 762 624 :
795 563 885 625 Ὦς
932 559 1136 640 σφόδρα
1183 563 1425 639 χρώμεθ’
1471 561 1704 632 ἀναξίοις
1750 567 1863 623 τοῖς
1910 563 2271 636 προστάταιςῐ
2308 565 2549 636 Βοήσομ⁷
2579 564 2640 618 οὐ
2672 562 2845 638 ψευδῆ
2892 566 3009 637 μὲν,
3044 566 3151 641 οὐχ
3189 565 3385 637 ἥδιστα
3417 566 3473 624 δέ
3507 572 3612 653 (α).
3652 596 3680 629 α
3718 578 3917 646 Quam

500 660 792 741 indignos
849 663 1155 724 habemus
1212 662 1558 722 antistites!
1624 662 1898 722 Elatiore
1952 662 2207 741 quidem
2268 681 2421 723 voce
2479 664 2708 736 dicam,
2771 684 2897 725 non
2982 666 3140 726 falsa
3198 668 3477 745 quidem,
3531 671 3643 730 sed
3691 674 3913 734 auditu

500 778 626 820 non
649 759 953 839 jucunda.
991 780 1021 817 ι)
1062 760 1125 821 Si
1153 778 1304 820 vera
1359 758 1493 820 haec
1551 764 1720 832 sunt,
1756 765 1827 819 ut
1882 778 2030 820 vera
2061 777 2191 819 esse
2250 766 2531 833 constat;
2568 762 2707 840 quis
2765 767 2894 821 tam
2952 763 3190 839 gravia,
3227 770 3352 824 tam
3414 772 3636 845 aperta
3693 770 3915 832 Eccle-

499 856 608 917 siae
660 856 894 937 probra
948 861 1139 936 atque
1193 856 1513 929 scandala,
1565 856 2017 934 simpliciorum
2071 855 2397 935 dispendio
2455 864 2518 917 et
2583 858 2863 937 periculo
2913 859 3292 931 animarum,
3356 864 3624 924 tacenda
3681 867 3916 928 audeat

498 953 821 1015 asserere?
879 953 1088 1026 Quid?
1144 953 1312 1032 quod
1363 952 1559 1013 multo
1607 953 1855 1031 pejores
1911 953 2119 1013 adhuc
2176 958 2355 1013 erant
2405 953 2518 1026 illi,
2578 955 2657 1014 de
2715 955 2943 1033 quibus
2998 956 3279 1034 loquitur
3321 959 3705 1037 Gregorius?
3752 965 3910 1024 Nam

496 1051 572 1111 de
628 1050 706 1111 iis
759 1050 1093 1130 Gregorius
1150 1051 1451 1130 pleraque
1495 1056 1682 1110 tacet.
1746 1050 2077 1123 Maximus,
2138 1050 2246 1128 qui
2305 1070 2461 1111 cane
2533 1052 2713 1130 pejor
2767 1058 2830 1112 et
2885 1072 3111 1131 angue,
3165 1073 3237 1115 ac
3305 1056 3521 1135 vipera
3592 1058 3903 1138 fabulosa,

491 1166 634 1227 quae
692 1166 756 1209 se
810 1149 1123 1210 foventem
1180 1149 1244 1208 in
1302 1149 1440 1207 sinu
1488 1147 1791 1219 enecavit,
1845 1166 2062 1207 omnes
2146 1148 2329 1208 facile
2415 1149 2780 1222 sceleribus,
2839 1149 3039 1228 iisque
3100 1152 3388 1230 publicis,
3448 1160 3511 1214 et
3566 1155 3904 1235 impuden-

487 1247 578 1307 tia
632 1246 989 1326 superabat.
1048 1246 1174 1325 Ipsi
1246 1263 1371 1306 non
1429 1245 1779 1305 difﬁtentur
1861 1244 2222 1304 adversarii.
2286 1245 2463 1308 Unde
2525 1247 2741 1306 mirari
2813 1247 3001 1320 subit,
3060 1266 3173 1308 cur
3228 1250 3487 1324 Tollius,
3562 1254 3671 1330 qui
3756 1254 3906 1317 huic

488 1350 771 1406 monstro
854 1343 1169 1424 parcitum
1254 1342 1466 1416 vellet,
1536 1342 1771 1403 Juliani
1855 1342 2175 1421 Apostatas
2259 1362 2383 1403 non
2455 1344 2646 1403 etiam
2723 1351 2943 1404 contra
3020 1347 3383 1423 Gregorium
3472 1349 3899 1415 defensionem

485 1460 677 1503 ausus
734 1441 813 1501 sit
866 1441 1204 1521 suscipere.
1263 1441 1518 1514 Verum,
1583 1439 1752 1519 quod
1810 1457 1997 1499 ausus
2053 1458 2178 1499 non
2233 1446 2324 1499 est
2382 1440 2641 1516 Tollius,
2694 1442 2886 1502 audet
2933 1442 3216 1519 clericus,
3264 1446 3429 1523 quod
3496 1448 3719 1508 mirum
3774 1470 3899 1512 non

485 1546 616 1613 est;
670 1539 798 1600 imo
856 1557 888 1599 e
929 1538 1287 1612 Catholicis,
1347 1538 1516 1616 quod
1572 1537 1928 1598 luctuosum
2007 1536 2209 1609 valde,
2272 1544 2420 1598 sunt
2494 1538 2806 1610 nonnulli,
2857 1558 3124 1617 quorum
3214 1543 3450 1602 nomini
3510 1564 3720 1624 parco,
3790 1549 3902 1627 qui

481 1642 801 1717 Apostatae
850 1637 1147 1698 adversus
1201 1636 1595 1715 Theologum
1652 1635 2153 1714 patrocinentur,
2215 1640 2405 1713 atque
2460 1635 2693 1698 Juliani
2748 1636 2966 1697 laudes
3056 1640 3400 1717 praedicare
3476 1661 3600 1703 non
3677 1662 3899 1705 veren-

484 1741 611 1797 tur.

566 1854 785 1915 Plures
833 1851 1022 1913 etiam
1072 1869 1148 1912 ex
1206 1848 1574 1912 orthodoxis
1630 1848 1940 1929 episcopis
1993 1847 2158 1907 vitiis
2208 1847 2503 1925 gravibus
2568 1848 2948 1925 laborantes,
3002 1868 3269 1928 quorum
3350 1852 3678 1914 minimum
3757 1862 3894 1917 erat

489 1951 930 2033 «ignorantia,
967 1967 1107 2029 qum
1160 1948 1415 2027 quidem
1474 1948 1612 2026 ipsa
1668 1947 1903 2009 malum
1955 1952 2048 2006 est
2102 1970 2117 2001 ›;

2265 1991 2276 2013 ,
2313 1943 2497 2018 ἄγνοια
2539 1945 2637 2019 γὰρ
2688 1943 2849 1998 κακὸν
2905 1944 3021 2017 μὲν,
3056 1943 3183 1999 ἀλλ’
3211 1949 3375 2015 ἧσσον
3403 1947 3587 2003 κακόν·
3623 1953 3732 2030 qui
3786 1954 3889 2013 vix

477 2052 797 2130 baptismo
846 2046 1204 2126 expurgati,
1264 2066 1293 2103 «
1337 2045 1549 2124 priora
1607 2044 1777 2118 vitia,
1831 2068 1859 2098 «
1907 2043 1984 2122 (c)
2028 2041 2093 2094 τὰ
2125 2039 2248 2112 πρὶν
2280 2038 2438 2109 κακά,
2482 2044 2741 2103 virtutes
2788 2044 2996 2104 uullas
3052 2045 3134 2105 ad
3185 2046 3615 2125 episcopatum
3679 2050 3892 2111 affere-

471 2146 648 2206 bant.
710 2148 796 2205 De
854 2143 949 2203 his
1002 2142 1089 2201 sic
1144 2140 1336 2201 habet
1393 2140 1727 2218 Gregorius
1785 2138 1870 2219 (d)
1926 2156 1941 2198 :
1998 2163 2029 2194 «
2086 2137 2286 2197 Pudet
2337 2155 2435 2197 me
2507 2138 2763 2215 quidem
2812 2139 3018 2200 dicere
3074 2158 3201 2218 quo
3254 2147 3439 2219 pacto
3500 2160 3596 2203 res
3658 2150 3889 2207 nostrae

472 2247 855 2322 comparatae
912 2240 1057 2313 sint,
1109 2239 1216 2299 sed
1275 2256 1499 2298 canam
1557 2243 1788 2297 tamen.
1832 2236 1927 2316 (ρ).
1976 2236 2129 2296 Cum
2207 2234 2481 2295 ordinati
2537 2236 2985 2316 constitutique
3043 2238 3237 2298 simus
3284 2238 3531 2300 virtutis
3576 2241 3887 2317 doctores,

475 2339 757 2421 omnium
820 2336 1131 2397 malorum
1180 2334 1432 2395 ofﬁcina
1488 2352 1725 2393 sumus.
1773 2332 1855 2413 (χ’)
1912 2332 2187 2393 ‘Antistes
2260 2332 2427 2391 facili
2505 2339 2821 2394 momento
2899 2335 3226 2412 reperitur,
3290 2336 3398 2413 qui
3458 2336 3615 2396 nihil
3701 2346 3891 2401 antea

477 2436 862 2518 praestiterit,
923 2441 985 2495 et
1032 2432 1304 2493 novitius
1368 2433 1448 2492 ad
1497 2431 1867 2509 dignitatem
1919 2432 2196 2491 accedat.
2250 2429 2333 2509 (g)
2382 2432 2499 2490 Ites
2574 2430 2799 2490 divinae
2877 2431 3063 2492 modo
3119 2438 3265 2493 sunt
3314 2432 3523 2510 jactus
3576 2436 3882 2513 alearum,

481 2536 994 2612 cuborumquc...
1045 2530 1135 2611 (lc)
1190 2529 1334 2589 Heri
1388 2529 1655 2589 oratoris
1705 2547 1961 2589 munere
2038 2529 2333 2606 fungens,
2371 2527 2471 2605 jus
2552 2527 2766 2607 fasque
2846 2529 3068 2599 venale
3149 2529 3555 2592 habebas.....
3611 2533 3680 2613 (ι’)
3724 2554 3890 2595 nunc

480 2639 692 2694 autem
748 2631 955 2692 subito
1002 2629 1200 2708 judex
1254 2633 1315 2687 et
1370 2626 1590 2687 Daniel
1627 2626 1829 2686 factus
1886 2645 2078 2687 es.....
2134 2624 2215 2704 (λ’)
2262 2627 2348 2685 Ne
2404 2625 2845 2685 vestimentum
2903 2626 3154 2705 quidem
3214 2634 3342 2687 tam
3403 2629 3583 2690 facile
3642 2638 3892 2693 mutare

496 2730 639 2809 quis
692 2733 905 2807 queat,
942 2732 1010 2787 ut
1064 2733 1131 2786 tu
1180 2742 1385 2785 mores
1443 2730 1778 2783 mutas
1837 2722 1918 2803 (lc)
1977 2723 2124 2782 Heri
2172 2723 2388 2783 Simon
2446 2724 2660 2800 Magus
2715 2742 2874 2796 eras,
2938 2723 3123 2784 hodie
3177 2725 3388 2785 Simon
3452 2728 3694 2789 Petrus.
3754 2731 3891 2790 Heu

497 2828 755 2891 nimiam
804 2824 1214 2886 celeritatem!
1254 2823 1421 2882 Heul
1470 2840 1584 2900 pro
1644 2821 1975 2899 vulpecula
2034 2822 2130 2881 leo
2188 2820 2472 2899 prodisti.
2521 2843 2549 2874 »
2606 2820 2654 2879 Ii
2712 2826 2856 2879 sunt
2903 2820 3177 2899 episcopi
3240 2822 3315 2880 de
3374 2823 3600 2901 quibus
3640 2825 3704 2884 in
3758 2844 3893 2887 car-

494 2929 662 2989 mine
714 2924 805 2985 De
860 2923 984 2983 vita
1027 2940 1132 2981 sua
1181 2920 1396 2980 scribit
1451 2919 1517 2999 (ι)
1568 2936 1582 2978 :
1647 2942 1675 2973 «
1737 2921 1869 2979 Hoc
1924 2919 2355 2979 brevissimum
2408 2918 2540 2977 dari
2598 2925 2804 2996 potest
2860 2925 3268 2997 praeceptum,
3323 2926 3384 2979 et
3442 2922 3752 2999 optimum
3811 2944 3888 2985 ne

487 3026 690 3087 salute
742 3021 994 3084 excidas
1051 3018 1522 3089 documentum,
1569 3023 1636 3077 ut
1686 3036 1813 3095 qua
1864 3016 1956 3076 illi
2012 3022 2320 3095 praeeunt,
2383 3034 2460 3075 ne
2517 3016 2842 3092 sequaris:
2906 3035 3172 3095 quorum
3233 3017 3497 3078 thronus
3554 3029 3885 3083 accusator

485 3130 579 3185 est
632 3138 914 3193 morum;
948 3123 1010 3177 et
1063 3115 1327 3177 cancelli
1380 3122 1570 3192 atque
1626 3114 2028 3193 supercilium
2090 3115 2295 3193 potius
2353 3132 2539 3193 quam
2602 3113 2730 3173 vita
2788 3114 2899 3173 hos
2957 3133 2990 3172 a
3025 3114 3205 3192 plebe
3263 3122 3616 3177 secernunt.
3654 3143 3683 3173 υ
3728 3123 3881 3180 Hor-

481 3222 620 3281 rida
677 3239 826 3280 sane
882 3221 1204 3296 pastorum
1262 3213 1451 3291 huius
1509 3213 1809 3292 temporis
1865 3214 2116 3292 imago;
2177 3231 2333 3292 quos
2408 3230 2482 3272 ea
2541 3217 2784 3272 tantum
2846 3212 3087 3272 ratione
3138 3213 3320 3273 utiles
3376 3214 3523 3273 dicit
3585 3216 3883 3277 Ecclesiae

484 3318 842 3399 Gregorius,
878 3321 962 3388 ut,
999 3333 1124 3394 quo
1156 3332 1275 3373 non
1308 3311 1583 3373 eundum
1615 3312 1715 3387 sit,
1748 3329 1967 3372 eorum
1998 3310 2288 3391 exemplo
2324 3310 2533 3370 ﬁdeles
2564 3316 2933 3388 agnoscant.

561 3435 813 3512 Eligant
859 3432 991 3511 jam
1051 3448 1217 3489 nunc
1271 3427 1630 3490 adversarii.
1693 3428 1797 3488 Vel
1880 3426 2016 3488 haec
2079 3427 2235 3487 falsa
2297 3445 2429 3487 esse
2501 3426 2788 3506 probent,
2854 3425 2951 3486 vel
2999 3426 3380 3487 contendant
3429 3444 3503 3486 ea
3564 3446 3689 3488 non
3748 3448 3882 3490 esse

480 3532 861 3612 hujusmodi,
924 3548 1064 3608 quas
1115 3528 1244 3588 acri
1291 3535 1353 3589 et
1408 3526 1659 3605 publica
1716 3526 1905 3587 etiam
1974 3525 2456 3605 reprehensione
2521 3525 2716 3603 digna
2787 3524 3159 3597 videantur;
3214 3524 3327 3597 vel,
3386 3524 3436 3583 si
3513 3544 3659 3585 vera
3748 3546 3881 3587 esse

477 3634 817 3700 fateantur,
851 3627 1020 3707 quod
1076 3626 1331 3705 quidem
1391 3625 1706 3684 fateantur
1762 3641 2028 3683 necesse
2064 3632 2176 3696 est,
2237 3623 2572 3683 ostendant
2629 3641 2667 3683 a
2723 3622 2970 3683 nemine
3030 3641 3326 3701 unquam,
3393 3642 3468 3681 ne
3527 3622 3783 3700 quidem
3843 3644 3880 3685 a

476 3728 854 3809 pastoribus,
888 3725 1075 3786 etiam
1106 3723 1435 3802 episcopis,
1469 3722 1557 3781 ita
1596 3721 1846 3793 debere,
1880 3727 1989 3781 aut
2034 3739 2233 3800 posse,
2276 3720 2474 3780 illaesa
2503 3718 2833 3792 charitate,
2868 3719 3168 3798 exagitari
3206 3737 3219 3777 :
3252 3719 3422 3797 quod
3478 3720 3669 3779 sacris
3712 3721 3876 3781 Scri-

473 3826 678 3905 pturis
708 3826 1099 3897 adversatur,
1131 3828 1193 3882 et
1235 3821 1525 3881 fraternae
1574 3819 1979 3879 correctionis
2034 3826 2416 3898 praeceptum
2468 3817 2712 3877 evertit.
2745 3817 3053 3878 Salutaris
3098 3816 3264 3877 enim
3316 3818 3518 3895 pudor
3575 3836 3869 3877 nonnun-

471 3942 662 4005 quam
717 3920 1137 3994 incutiendus,
1172 3926 1234 3979 et
1290 3925 1618 3996 peccantes
1676 3917 2057 3995 corripiendi
2115 3923 2281 3989 sunt,
2334 3922 2463 3976 tum
2531 3915 2803 3994 proprim
2861 3915 3165 3993 ipsorum,
3203 3923 3332 3974 tum
3375 3914 3592 3975 salutis
3650 3932 3872 3974 eorum

468 4039 681 4095 causa,
716 4039 874 4099 quos
926 4018 1260 4087 scandalis,
1298 4034 1490 4096 prava
1536 4016 1842 4087 doctrina,
1881 4015 2208 4094 pravisque
2256 4014 2563 4092 exemplis
2614 4013 3019 4091 pessundant.
3060 4013 3310 4084 «Quasi
3359 4013 3533 4082 tuba,
3569 4011 3658 4072 ait
3704 4013 3872 4073 Scri-

466 4126 655 4198 ptura
686 4116 754 4191 ‘0,
789 4116 999 4177 exalta
1027 4132 1242 4176 vocem
1275 4120 1469 4186 tuam,
1504 4119 1567 4173 et
1596 4113 1901 4173 annuntia
1936 4114 2171 4192 pOpulo
2229 4130 2369 4173 meo
2425 4111 2660 4172 scelera
2718 4129 2957 4183 eorum,
2993 4117 3053 4168 et
3099 4110 3315 4170 domui
3363 4110 3557 4171 Jacob
3612 4118 3875 4188 peccata

464 4233 705 4274 eorum.
738 4238 768 4268 »
806 4214 949 4272 Reis
980 4232 1130 4289 ergo
1161 4212 1595 4272 annuntianda
1625 4219 1772 4271 sunt
1824 4218 2081 4289 peccata
2108 4230 2121 4284 ;
2152 4210 2472 4289 justaque,
2507 4209 2856 4269 necessaria
2886 4215 2947 4269 et
2976 4215 3192 4268 sancta
3239 4207 3589 4285 indignatio
3643 4214 3705 4267 et
3733 4227 3869 4268 ver-

460 4310 687 4371 borum
720 4308 1106 4384 acrimonia;
1141 4327 1256 4368 nec
1285 4309 1623 4386 injuriosus
1649 4315 1711 4368 et
1736 4310 2224 4369 contumeliosus
2254 4314 2349 4369 est
2378 4306 2727 4381 habendus,
2763 4307 2871 4385 qui
2902 4306 3073 4367 duris
3103 4312 3164 4365 et
3214 4304 3530 4384 probrosis
3582 4305 3872 4383 increpa-

460 4407 738 4469 tionibus
775 4411 1134 4486 peccatores
1163 4411 1431 4466 coercet.

536 4526 630 4583 An
680 4540 828 4583 vero
873 4519 1228 4598 Gregorius,
1274 4520 1776 4599 Chrysostomus,
1832 4528 1894 4581 et
1950 4521 2057 4581 alii
2118 4520 2348 4600 passim
2409 4520 2526 4580 viri
2582 4520 2805 4596 sancti,
2865 4539 2989 4579 non
3051 4524 3375 4590 noverant,
3428 4537 3569 4597 quae
3627 4517 3735 4577 illa
3790 4516 3871 4578 sit

458 4621 812 4694 acerbitas,
864 4636 1054 4699 quam
1132 4618 1414 4680 Christus
1498 4621 1800 4693 damnat,
1866 4638 2006 4697 quas
2079 4620 2557 4692 maledicentia;
2617 4618 2771 4697 quid
2855 4619 2933 4677 sit
3007 4618 3194 4677 alicui
3256 4615 3639 4687 detrahere,
3712 4614 3866 4691 quid

457 4718 831 4796 denigrare?
889 4722 1088 4789 Quam
1144 4718 1345 4795 iniqui
1399 4725 1759 4778 sanctorum
1821 4737 1934 4778 nos
1988 4736 2204 4777 sumus
2264 4717 2715 4777 aestimatores!
2776 4716 2871 4776 Ab
2930 4715 3005 4774 iis
3061 4714 3391 4775 exercendi
3448 4712 3562 4772 zeli
3612 4717 3673 4771 et
3732 4729 3869 4770 cor-

455 4816 747 4877 rectionis
803 4815 973 4894 leges
1027 4815 1435 4896 accipiendae,
1476 4835 1602 4878 non
1658 4834 1697 4876 a
1744 4815 1922 4877 nobis
1977 4816 2337 4889 damnandi,
2393 4814 2501 4892 qui
2554 4814 2776 4875 eodem
2828 4815 3045 4892 Spiritu
3106 4831 3229 4874 non
3280 4812 3529 4889 agimur
3586 4816 3645 4871 et
3689 4810 3867 4887 igno-

525 5047 568 5083 ιο
597 5046 708 5104 Isa.
743 5063 897 5120 Lvm,
928 5048 982 5107 1.

516 5285 600 5362 (ζα)
627 5288 756 5362 Adv.
780 5292 971 5360 opim,
1003 5306 1057 5346 v.
1088 5289 1215 5362 557,
1237 5288 1361 5347 553.
2276 5287 2352 5362 (g)
2386 5286 2555 5362 ibid”
2580 5303 2631 5342 v.
2658 5285 2782 5362 399.

519 5358 594 5431 (ἐκ)
626 5358 873 5432 Ιινεξά..“ν.
907 5361 1035 5416 331.
1199 5358 1209 5362 ⁷
1745 5390 1769 5416 ν

1199 5358 1209 5362 ⁷
1745 5390 1769 5416 ν
2273 5358 2352 5432 (h)
2376 5358 2556 5432 ibid,
2588 5374 2641 5414 ν.
2668 5359 2800 5432 415.

514 5436 584 5493 (r;
620 5431 786 5494 lbid.,
822 5449 870 5488 ν.
908 5432 1176 5499 4116,1148.

1150 5436 1176 5487 ι.
2275 5430 2342 5500 (ί)
2372 5430 2547 5497 Ibid.,
2577 5447 2629 5486 ν.
2656 5431 2778 5484 419.

513 5508 589 5578 (lt;
618 5502 784 5578 Ibid”
810 5520 859 5557 v.
882 5504 994 5578 3‘6};
1017 5508 1074 5562 et
1098 5520 1222 5578 seq.

1159 5520 1222 5578 εἰ·
2274 5502 2544 5578 (1)1939»
2576 5518 2631 5556 ν·
2665 5501 2787 5578 4.2.4:

514 5576 581 5641 (ε2
620 5575 866 5646 Ηλίσίην.
901 5575 1025 5630 393.
1180 5573 1200 5578 ⁷

1180 5573 1200 5578 ⁷
2276 5573 2352 5646 (γέ)
2386 5574 2559 5641 una,
2591 5589 2646 5629 v.
2680 5573 2803 5646 430.

514 5584 581 5641 (ε)
620 5584 792 5644 “mn,
816 5591 866 5628 ν.
901 5584 1025 5630 393.

510 5649 581 5725 υ)
617 5645 790 5723 Ibid.,
816 5661 867 5703 ν.
899 5646 1026 5706 394.

2300 5584 2352 5646 με)
2387 5584 2559 5641 unm,
2591 5589 2646 5629 v.
2680 5584 2804 5627 4:50.

2275 5584 2339 5722 ξι)
2360 5650 2551 5702 Carm.
2582 5646 2676 5716 36,
2708 5645 2799 5718 37,
2831 5642 2921 5710 38.
