4122 6214
279 351 350 407 45
1286 346 1708 410 PILEFATIO
1757 351 1906 410 GEN

2078 352 2216 410 [ΑΒ.
2255 349 2564 411 -ΡΑΒΒ
2610 347 2688 410 ΙΙ.
3621 357 3695 418 46

275 500 492 542 ramus
525 482 679 561 quid
713 483 793 544 sit
831 505 859 537 «
891 484 1160 544 zelatum
1196 501 1326 545 esse
1359 504 1472 563 pro
1507 487 1769 546 Domino
1818 490 1946 546 Deo
1991 486 2376 546 exercituum
2416 487 2482 557 ιι,
2520 513 2548 538 η
2585 492 2647 545 et
2695 506 2835 563 quae
2883 486 3232 547 Christiana
3283 489 3534 548 libertas
3566 511 3699 552 esse

274 581 508 641 debeat
545 599 559 653 ;
596 581 985 659 ignoramus,
1021 581 1302 660 inquam,
1340 582 1484 642 licet
1513 587 1574 643 et
1605 583 1922 661 apostolos
1955 584 2243 661 virosque
2276 584 2676 662 apostolicos,
2710 583 2837 644 imo
2869 586 3112 662 Agnum
3148 585 3352 664 ipsum
3405 604 3698 648 mansue-

272 685 407 738 tum
448 679 538 739 ita
571 679 756 739 fuisse
788 679 1065 739 locutum
1114 680 1397 757 legamus
1427 686 1488 740 et
1514 681 1868 740 audiamus.

351 780 493 837 Non
557 796 707 854 ergo
765 778 1139 856 culpandus,
1201 778 1308 837 sed
1368 778 1717 838 laudandus
1778 778 2133 855 Gregorius,
2194 779 2301 856 qui
2362 778 2713 838 Christiana
2773 779 3061 840 libertate
3121 787 3320 853 utens,
3382 782 3699 860 apostolo-

269 892 416 932 rum
482 881 543 934 et
597 875 825 934 Christi
883 875 1076 953 ipsius
1138 876 1396 954 vestigia
1450 882 1723 948 secutus,
1791 897 1818 933 (ι
1878 878 2008 935 zelo
2064 876 2300 935 zelatus
2358 881 2447 935 est
2505 894 2617 954 pro
2673 877 2941 936 Domino
2999 881 3124 937 Deo
3186 878 3593 952 exercituum,
3662 902 3691 933 ao

268 989 343 1030 ac
401 979 766 1049 peccatores
825 973 980 1033 dure
1034 973 1402 1052 increpavit.
1463 976 1596 1033 Non
1653 998 1683 1028 «
1739 973 2122 1051 imprudenti
2179 974 2439 1033 nimium
2506 975 2772 1044 fervore,
2831 998 2859 1028 »
2926 981 2992 1033 ut
3048 975 3384 1035 somniavit
3430 976 3690 1048 Tollius,

273 1093 303 1122 ‹‹
371 1088 798 1130 successorem
859 1069 976 1131 sibi
1035 1071 1302 1145 petivit;
1339 1095 1368 1125 »
1404 1071 1512 1130 sed
1566 1071 1810 1131 ardenti
1867 1089 1938 1130 ac
1997 1071 2239 1131 sincero
2299 1071 2443 1130 vitae
2505 1071 2766 1148 privatas
2825 1077 2886 1131 et
2949 1071 3303 1133 solitudinis
3357 1074 3688 1134 desiderio.

270 1168 410 1225 Non
465 1185 610 1226 eum
648 1191 676 1220 «
735 1168 968 1240 statim,
1032 1192 1061 1222 »
1124 1187 1238 1228 nec
1295 1187 1571 1247 unquam
1630 1169 1947 1247 paenituit,
2009 1169 2176 1246 quod
2223 1168 2431 1228 sedem
2490 1168 3249 1246 Constantinopolitanam
3313 1170 3687 1231 abdicasset.

227 1263 480 1322 'Nullas
534 1264 679 1324 inde
743 1290 772 1319 α
833 1266 1127 1341 querelae,
1168 1291 1195 1320 ι
1257 1266 1445 1325 nullae
1506 1292 1533 1319 «
1598 1267 1975 1344 lacrymae,»
2040 1266 2195 1325 nulli
2235 1289 2263 1323 σ
2323 1266 2552 1337 threni,
2613 1266 2674 1325 in
2737 1266 2966 1344 quibus
3023 1268 3390 1344 patientiam
3447 1275 3507 1328 et
3564 1269 3693 1328 ani-

267 1361 354 1418 mi
421 1361 620 1420 robur
675 1379 745 1420 ac
805 1361 1297 1422 moderationem
1358 1363 1419 1422 in
1466 1369 1592 1422 tam
1654 1363 1851 1441 probo
1911 1363 2044 1422 viro
2102 1363 2500 1422 desideres.»
2557 1363 2618 1421 Id
2679 1381 2866 1422 omne
2922 1364 2984 1421 in
3039 1365 3168 1423 viro
3228 1371 3446 1423 sancto
3496 1365 3689 1424 mira-

272 1476 421 1515 mur
481 1477 494 1516 :
562 1462 898 1536 aequiorem
962 1465 1204 1520 tantum
1269 1462 1327 1519 in
1373 1460 1577 1520 'l‘ollio
1634 1479 1840 1519 rerum
1893 1463 2333 1520 aestimatorem
2382 1460 2829 1520 desideramus.
2882 1460 3136 1520 Fabulae
3183 1469 3243 1522 et
3282 1463 3526 1521 somnia
3557 1462 3693 1523 haec

267 1560 471 1612 sunt:
530 1556 714 1633 longe
778 1556 917 1614 aliae
975 1562 1118 1615 sunt
1178 1557 1569 1635 querelarum
1623 1557 1900 1635 Gregorii
1960 1563 2020 1616 et
2079 1559 2498 1636 lacrymarum
2546 1576 2771 1617 causae.
2831 1557 3116 1628 Dolebat,
3177 1559 3226 1617 si
3285 1558 3532 1630 doluit,
3595 1560 3697 1618 de-

271 1652 530 1710 relictas
589 1671 754 1722 oves,
817 1672 972 1730 quas
1026 1655 1206 1712 unice
1264 1654 1584 1730 diligebat,
1620 1654 1746 1713 imo
1804 1673 1963 1731 quos
2020 1655 2080 1713 in
2143 1654 2388 1714 Christo
2447 1661 2750 1730 genuerat
2806 1654 3018 1724 ﬁlios;
3082 1655 3196 1714 hos
3253 1655 3458 1715 alieno
3497 1702 3510 1728 ,
3583 1656 3694 1734 qui

274 1766 392 1808 nec
454 1768 670 1808 arnore
742 1757 984 1828 patrem
1060 1751 1231 1820 satis,
1294 1769 1407 1811 nec
1464 1751 1881 1810 sollicitudine
1940 1758 2250 1828 pastorem
2327 1752 2584 1810 referret
2643 1751 2904 1811 traditos
2971 1750 3262 1822 dolebat,
3327 1753 3532 1824 fame,
3592 1753 3694 1812 siti

275 1851 555 1916 arentes,
619 1846 967 1925 haeresique
1026 1866 1222 1926 prope
1278 1848 1628 1908 dominanti
1692 1849 2058 1926 expositos.
2121 1849 2186 1908 Id
2239 1849 2517 1926 quidem,
2579 1854 2641 1907 et
2709 1849 2931 1907 merito
3003 1847 3259 1908 dolebat
3335 1850 3688 1926 Gregorius.

278 1943 441 2002 Hinc
495 1944 621 2002 illa?
684 1944 972 2022 laerymzs
1035 1945 1251 2004 fuere:
1304 1964 1426 2006 non
1489 1946 1788 2018 aliunde;
1825 1966 1974 2018 non,
2034 1946 2099 2006 ul
2154 1946 2316 2006 male
2373 1965 2562 2005 sanus
2618 1946 2798 2022 ﬁngit
2855 1945 3093 2004 Tollius
3137 1947 3223 2023 (p.
3283 1948 3360 2004 84
3414 1947 3476 2005 in
3535 1947 3695 2026 not.)

281 2040 453 2118 quod
523 2066 554 2094 «
615 2042 954 2118 capistrum
1017 2043 1110 2101 ori
1181 2061 1293 2101 suo
1352 2044 1712 2121 impositum
1751 2089 1764 2114 ,
1827 2050 2333 2121 praereptamque
2391 2043 2654 2102 docendi
2714 2043 2963 2122 publice
3011 2044 3395 2114 facultatem,
3456 2065 3485 2100 ν
3550 2063 3695 2122 gra-

280 2139 540 2196 vissime
600 2140 811 2198 ferret.
869 2141 1030 2198 Nihil
1083 2159 1118 2198 a
1167 2142 1424 2199 veritate
1484 2141 1680 2218 magis
1739 2141 2009 2200 alienum
2061 2141 2210 2217 ﬁngi
2270 2148 2524 2218 potest;
2586 2141 2636 2199 si
2695 2140 2947 2217 quidem
3007 2141 3164 2200 adeo
3223 2141 3452 2200 silentii
3509 2149 3697 2201 tenax

282 2240 427 2292 erat
484 2236 841 2312 Gregorius,
897 2243 966 2294 ut
1015 2237 1133 2295 hoc
1189 2237 1326 2313 ipso
1377 2238 1562 2296 etiam
1616 2243 1920 2316 tempore,
1973 2256 2050 2296 ne
2105 2237 2363 2296 verbum
2423 2237 2677 2314 quidem
2735 2255 2845 2314 per
2892 2243 3086 2295 totam
3141 2236 3695 2313 Quadragesimam

282 2331 368 2389 sit
429 2331 836 2408 prolocutus;
885 2341 945 2392 et
1004 2334 1083 2392 ad
1142 2335 1526 2411 loquendum
1588 2335 1744 2394 alias
1798 2335 1884 2394 sic
1940 2335 2181 2402 tardus,
2249 2341 2316 2394 ut
2371 2335 2447 2394 ad
2507 2335 2570 2394 id
2629 2333 2730 2393 vix
2788 2351 2861 2394 ac
2916 2352 2994 2394 ne
3050 2336 3152 2394 vix
3211 2335 3463 2412 quidem
3524 2352 3697 2394 com-

279 2428 441 2505 pelli
503 2437 728 2504 posset.

362 2525 630 2584 Dolebat
685 2527 872 2586 etiam
937 2533 1140 2588 tamen
1200 2529 1603 2588 suavissimos
1679 2529 1798 2588 sibi
1855 2535 2201 2608 praareptos
2260 2529 2598 2588 familiares
2669 2533 2732 2588 et
2801 2529 3038 2588 amicos
3097 2545 3114 2601 ;
3173 2547 3299 2588 non
3368 2534 3578 2587 autem
3635 2546 3702 2588 se

277 2623 474 2682 verbo
540 2646 568 2677 α
629 2630 904 2700 captum,
972 2649 999 2679 ι
1061 2633 1124 2685 et
1179 2627 1638 2686 abdicationem
1723 2627 2097 2705 proponenti
2155 2627 2338 2686 citius
2407 2644 2599 2704 quam
2671 2626 2860 2685 vellet
2935 2627 3265 2703 episcopos
3341 2625 3700 2698 assensisse,

279 2720 626 2795 sedemque
683 2722 1440 2800 Constantinopolitauam
1517 2725 1882 2795 deseruisse,
1959 2742 2148 2801 quam
2230 2723 2512 2801 gaudens
2582 2723 2836 2800 reliquit
2894 2742 2909 2794 ;
2972 2729 3040 2781 ut
3119 2728 3490 2799 argumento
3557 2726 3703 2782 sunt

282 2817 579 2892 plurimae
641 2826 779 2894 post
826 2819 1092 2878 reditum
1154 2820 1401 2897 scriptae
1459 2839 1496 2879 a
1551 2821 1849 2897 Gregorio
1898 2821 2204 2897 epistolae,
2242 2821 2510 2880 maxime
2568 2838 2716 2879 vero
2777 2836 2914 2880 χειν
2943 2819 3021 2878 ad
3079 2819 3484 2879 Amasonium
3524 2819 3696 2878 data.

284 2915 350 2974 Si
402 2915 480 2972 iis
540 2915 617 2973 de
674 2916 860 2974 rebus
913 2916 1147 2982 dolere.
1215 2935 1476 2975 moerere
1533 2923 1595 2976 et
1650 2918 1966 2994 indignari
2023 2919 2254 2976 crimen
2316 2925 2427 2984 est.
2492 2917 2773 2993 Gregorii
2828 2916 3063 2975 crimen
3119 2933 3274 2984 esse.
3335 2934 3446 2976 nec
3504 2916 3584 2974 ab
3623 2933 3698 2974 eo

285 3012 474 3071 facile
535 3012 789 3072 liberari
850 3032 1028 3091 posse
1076 3014 1366 3074 lubenter
1423 3017 1739 3074 fatemur.
1800 3017 2040 3075 Caetera
2096 3033 2243 3076 vero
2303 3015 2458 3075 nihil
2536 3015 2839 3090 dolebat,
2897 3033 3012 3074 nec
3067 3014 3427 3074 relictarum
3484 3030 3695 3074 rerum

287 3108 424 3168 ullo
479 3109 816 3170 tenebatur
843 3111 1173 3171 desiderio.

361 3209 715 3267 Tantorum
777 3208 988 3286 itaque
1045 3210 1362 3282 Ecclesiae,
1419 3228 1606 3288 quam
1667 3213 1830 3270 Deus
1887 3234 1918 3266 «
1976 3211 2306 3288 acquisivit
2361 3209 2667 3286 sanguine
2721 3227 2834 3269 suo
2896 3211 2965 3278 ¹²,
3018 3231 3046 3266 ι)
3114 3209 3419 3268 malorum
3479 3208 3696 3269 dolore

283 3304 652 3380 Gregorius,
713 3325 837 3363 non
896 3325 1072 3366 secus
1123 3325 1196 3366 ac
1257 3307 1515 3366 Athenis
1575 3309 1910 3386 Apostolus
1966 3308 2279 3380 incitatus,
2342 3309 2441 3385 pie
2490 3308 2604 3366 sibi
2665 3315 3016 3385 temperare
3073 3325 3196 3366 non
3255 3312 3522 3384 poterat,
3583 3325 3694 3366 ne-

281 3421 413 3480 que
471 3405 660 3461 etiam
722 3406 961 3476 debuit,
1027 3410 1089 3464 ut
1150 3405 1447 3464 teretibus
1505 3423 1578 3464 ac
1637 3406 1866 3465 teneris
1923 3406 2179 3464 auribus
2226 3406 2599 3474 consuleret,
2653 3405 2932 3464 veritatis
2980 3422 3052 3464 ac
3102 3403 3418 3482 religionis
3443 3404 3694 3482 dispen-

280 3500 393 3559 dio
450 3545 465 3570 ,
531 3518 877 3561 sermonem
941 3502 1273 3562 emollire.
1337 3502 1582 3561 Habent
1649 3503 1813 3560 enim
1900 3503 2216 3562 molliores
2299 3502 2422 3561 illae
2508 3502 2891 3562 elocutiones
2973 3502 3182 3561 nescio
3265 3501 3416 3577 quid
3490 3500 3701 3578 frigidi

279 3598 689 3676 ﬁaccidique,
764 3617 891 3676 quo
948 3600 1195 3660 veritati
1244 3618 1492 3677 semper
1548 3599 1828 3658 nonnihil
1891 3601 2072 3678 perit.
2133 3602 2385 3660 Movent
2439 3601 2720 3678 profecto
2779 3601 2961 3659 aliter
3014 3599 3268 3678 prepria
3325 3617 3532 3658 rerum
3585 3617 3703 3659 no-

281 3697 486 3765 mina,
545 3698 941 3774 propriisque
995 3699 1205 3757 inusta
1262 3698 1426 3757 notis
1497 3697 1760 3756 crimina
1822 3714 1834 3755 :
1896 3716 2008 3756 nec
2076 3697 2244 3767 satis,
2305 3697 2355 3755 si
2414 3698 2684 3757 molliter
2739 3696 3144 3764 innocentia.
3205 3696 3473 3771 religio,
3549 3696 3704 3756 ﬁdes

285 3792 899 3869 defenditur;pene
955 3795 1279 3862 deseritur,
1340 3793 1391 3852 si
1449 3812 1574 3852 non
1636 3794 1823 3853 etiam
1885 3793 2194 3871 proditur.
2256 3793 2420 3852 Nihil
2482 3793 2607 3852 veri
2667 3794 2928 3852 nimium
2989 3793 3182 3850 videri
3236 3793 3422 3851 debet
3479 3793 3703 3850 adver-

290 3907 402 3947 sus
457 3890 836 3949 innocentiae
895 3899 954 3951 et
1012 3891 1290 3950 veritatis
1339 3891 1591 3950 hostes:
1628 3891 1998 3950 traducendi
2052 3891 2259 3968 palam
2317 3891 2360 3949 ii
2416 3896 2582 3962 sunt,
2616 3897 2678 3950 et
2733 3891 2961 3949 nativis
3018 3889 3314 3966 pingendi
3363 3888 3702 3960 coloribus,

296 3991 366 4042 ut
429 3993 878 4061 agnoscantur,
939 3988 1262 4064 agnitique
1322 3987 1596 4045 vitentur
1653 4005 1725 4046 ac
1782 3987 2122 4064 fugiantur.
2184 3988 2313 4045 llac
2371 3987 2612 4046 ratione
2671 3987 3059 4064 simplicibus
3117 3984 3483 4050 consulitur,
3528 4001 3706 4042 men-

292 4083 548 4141 dacium
607 4085 967 4157 revincitur,
1023 4103 1196 4144 error
1255 4085 1601 4164 repellitur,
1663 4085 1854 4143 vincit
1911 4091 1974 4143 et
2031 4084 2380 4161 triumphat
2431 4083 2686 4142 veritas.
2743 4085 2877 4141 Non
2929 4081 3061 4158 jam
3118 4081 3533 4139 immoramur
3588 4081 3702 4139 fal-

292 4181 380 4238 sis
437 4180 982 4241 criminationibus
1044 4181 1486 4260 propulsandis
1543 4201 1682 4258 quae
1739 4181 1800 4239 in
1861 4184 2225 4258 Gregorium
2288 4181 2596 4256 congessit
2653 4183 2723 4238 D.
2784 4180 3045 4256 Dupin.,
3111 4195 3251 4237 cum
3309 4183 3371 4236 et
3425 4177 3576 4236 satis
3630 4196 3708 4236 ex

291 4277 486 4336 modo
547 4277 727 4337 dictis
788 4279 1174 4350 refellantur,
1237 4287 1299 4338 et
1356 4279 1637 4356 Dupinus
1692 4279 1824 4356 ipse
1880 4279 1942 4336 in
2000 4296 2112 4336 sua
2172 4277 2252 4336 ad
2313 4281 2437 4337 DD.
2501 4275 3043 4355 archiepiscopum
3121 4275 3532 4336 Parisiensem
3597 4274 3710 4334 de-

285 4374 666 4448 claratione,
698 4382 768 4434 ut
799 4382 1032 4436 temere
1065 4375 1364 4436 conﬁctas
1394 4376 1787 4446 damnaverit
1816 4381 1877 4436 et
1908 4375 2314 4435 revocaverit.

557 4544 592 4622 §
638 4545 708 4604 II.
759 4563 1068 4608 panps'wa
1111 4561 1391 4608 GnaGoan
1437 4562 1780 4608 VIBGINITAS
1824 4562 2052 4607 CONTRA
2091 4561 2482 4607 navemcum
2528 4562 2602 4606 ΒΤ
2643 4561 3044 4607 nunuonwu
3087 4560 3436 4605 xsssarrun.

384 4709 412 4742 ιι
472 4686 623 4745 Post
676 4686 997 4748 Nicaenum
1078 4687 1409 4749 concilium
1447 4735 1460 4761 ,
1523 4687 1725 4767 inquit
1773 4687 2149 4766 Beveregius
2204 4687 2286 4767 (α)
2322 4733 2335 4760 ,
2398 4686 2862 4765 Spiridionem,
2924 4686 3289 4764 Gregorium
3364 4686 3711 4762 Nyssenum

291 4788 364 4840 ut
423 4783 914 4856 Nazianzenum,
977 4791 1101 4843 tam
1159 4791 1400 4863 patrem
1464 4804 1648 4864 quam
1710 4785 1908 4844 ﬁlium
1966 4784 2356 4862 Theologum
2413 4783 2810 4843 matrimonio
2869 4784 3196 4861 copulatos
3255 4782 3463 4849 fuisse,
3525 4797 3712 4841 nemo

289 4881 356 4937 in
421 4878 803 4956 antiquitate
862 4887 1144 4940 versatus
1196 4883 1410 4941 nescit.
1477 4905 1506 4935 η
1561 4883 1706 4941 Haec
1761 4881 2147 4941 conﬁdenter
2194 4881 2466 4940 scribere
2521 4898 2708 4938 ausus
2765 4885 2858 4938 est
2914 4880 3304 4952 Beveregius,
3376 4877 3552 4936 nulla
3611 4893 3711 4935 ra-

289 4979 493 5047 tione,
560 4978 860 5056 nullaque
918 4978 1101 5038 nixus
1158 4979 1571 5040 auctoritate.
1631 4983 1786 5040 'l‘am
1847 4979 2193 5038 inauditam
2252 4984 2314 5038 et
2370 4979 2656 5038 insanam
2715 4977 3074 5055 opinionem
3129 4975 3496 5036 dormitanti
3555 4972 3709 5033 scri-

284 5075 459 5153 ptori
521 5074 824 5134 excidisse
879 5075 1109 5137 dixerit
1167 5077 1449 5155 quisquis
1505 5077 1565 5137 in
1627 5077 1759 5136 sola
1816 5076 2092 5154 theologi
2150 5076 2416 5136 lectione
2471 5079 2754 5134 versatus
2810 5074 2998 5134 fuerit
3059 5092 3073 5145 ;
3133 5073 3232 5133 vel
3288 5071 3498 5151 potius
3555 5069 3620 5128 id
3671 5088 3709 5131 a

284 5172 637 5250 Beveregio
694 5174 996 5253 scriptum
1051 5175 1114 5235 in
1169 5176 1436 5253 gratiam
1493 5175 1930 5255 episcoporum
1989 5192 2117 5234 suae
2174 5173 2401 5253 gentis,
2462 5190 2577 5252 pro
2649 5189 2764 5232 sua
2835 5171 2901 5231 in
2975 5171 3450 5232 matrimonium
3508 5167 3704 5228 devo-

288 5269 487 5331 tione.

373 5369 530 5432 Tale
555 5378 988 5434 commentum
1048 5379 1268 5435 notare
1322 5378 1421 5436 sat
1474 5391 1630 5451 esse,
1691 5392 1804 5436 nec
1861 5373 2057 5436 ullam
2117 5372 2262 5434 huic
2321 5369 2668 5434 refellendo
2725 5387 2984 5451 operam
3047 5365 3550 5451 impendendam
3585 5359 3724 5432 urbi

383 5525 426 5559 “
465 5524 543 5585 III
577 5525 733 5603 Reg.
765 5544 895 5596 xxx.
929 5529 1022 5587 10.
1061 5530 1106 5563 ¹²
1133 5531 1266 5589 Act.
1303 5546 1406 5602 xx,
1436 5529 1536 5591 28.

381 5647 462 5724 (α)
494 5647 560 5709 In
594 5648 749 5707 notis
771 5651 844 5708 ad
876 5667 1155 5710 canonem
1187 5668 1221 5710 ν
1246 5655 1435 5727 apost.
