  <div class='ocr_page' id='page_1' title='image "/cluster/home/n/w/nwhite01/storage/ocr_20150623/35/hvd.32044054100326/029.png"; bbox 0 0 4122 6214; ppageno 0'>
   <div class='ocr_carea' id='block_1_1' title="bbox 452 366 2080 434">
    <p class='ocr_par' dir='ltr' id='par_1_1' title="bbox 452 367 2080 429">
     <span class='ocr_line' id='line_1_1' title="bbox 452 367 2080 429; baseline -0.001 -1"><span class='ocrx_word' id='word_1_1' title='bbox 452 372 529 428; x_wconf 77' lang='grc'>47</span> <span class='ocrx_word' id='word_1_2' title='bbox 1439 367 1856 429; x_wconf 68' lang='grc' dir='ltr'>ΡΗᾹΞΡΑΊἸΟ</span> <span class='ocrx_word' id='word_1_3' title='bbox 1907 369 2080 427; x_wconf 62' lang='lat' dir='ltr'>Gl&#39;iNl</span> 
     </span>
    </p>
   </div>
   <div class='ocr_carea' id='block_1_2' title="bbox 2228 366 3856 434">
    <p class='ocr_par' dir='ltr' id='par_1_2' title="bbox 2229 366 3856 434">
     <span class='ocr_line' id='line_1_2' title="bbox 2229 366 3856 434; baseline 0.003 -5"><span class='ocrx_word' id='word_1_4' title='bbox 2229 366 2371 429; x_wconf 84' lang='lat' dir='ltr'>LIS.</span> <span class='ocrx_word' id='word_1_5' title='bbox 2407 405 2482 412; x_wconf 96' lang='lat'><strong>—</strong></span> <span class='ocrx_word' id='word_1_6' title='bbox 2520 368 2716 430; x_wconf 81' lang='lat' dir='ltr'>PARS</span> <span class='ocrx_word' id='word_1_7' title='bbox 2761 367 2838 428; x_wconf 89' lang='grc' dir='ltr'>ΙΙ.</span> <span class='ocrx_word' id='word_1_8' title='bbox 3779 374 3856 434; x_wconf 76' lang='grc'>48</span> 
     </span>
    </p>
   </div>
   <div class='ocr_carea' id='block_1_3' title="bbox 439 500 3856 579">
    <p class='ocr_par' dir='ltr' id='par_1_3' title="bbox 439 500 3856 579">
     <span class='ocr_line' id='line_1_3' title="bbox 439 500 3856 579; baseline 0.001 -17"><span class='ocrx_word' id='word_1_9' title='bbox 439 509 658 576; x_wconf 83' lang='lat' dir='ltr'>trarer,</span> <span class='ocrx_word' id='word_1_10' title='bbox 721 502 841 561; x_wconf 85' lang='lat' dir='ltr'>nisi</span> <span class='ocrx_word' id='word_1_11' title='bbox 898 502 1132 561; x_wconf 89' lang='lat' dir='ltr'>malum</span> <span class='ocrx_word' id='word_1_12' title='bbox 1212 519 1460 579; x_wconf 82' lang='lat' dir='ltr'>serpere</span> <span class='ocrx_word' id='word_1_13' title='bbox 1525 500 1774 578; x_wconf 82' lang='lat' dir='ltr'>longius</span> <span class='ocrx_word' id='word_1_14' title='bbox 1810 545 1823 572; x_wconf 92' lang='lat'>,</span> <span class='ocrx_word' id='word_1_15' title='bbox 1877 506 1938 560; x_wconf 91' lang='lat' dir='ltr'>et</span> <span class='ocrx_word' id='word_1_16' title='bbox 1997 501 2195 559; x_wconf 89' lang='lat' dir='ltr'>virum</span> <span class='ocrx_word' id='word_1_17' title='bbox 2256 500 2670 561; x_wconf 90' lang='lat' dir='ltr'>clarissimum</span> <span class='ocrx_word' id='word_1_18' title='bbox 2710 547 2724 574; x_wconf 94' lang='lat'>,</span> <span class='ocrx_word' id='word_1_19' title='bbox 2784 520 2816 562; x_wconf 83' lang='grc' dir='ltr'>θ</span> <span class='ocrx_word' id='word_1_20' title='bbox 2875 500 3212 562; x_wconf 89' lang='lat' dir='ltr'>Catholicis</span> <span class='ocrx_word' id='word_1_21' title='bbox 3267 521 3461 563; x_wconf 89' lang='lat' dir='ltr'>unum</span> <span class='ocrx_word' id='word_1_22' title='bbox 3498 547 3513 578; x_wconf 89' lang='lat'>,</span> <span class='ocrx_word' id='word_1_23' title='bbox 3573 503 3856 565; x_wconf 86' lang='lat' dir='ltr'>Murato-</span> 
     </span>
    </p>
   </div>
   <div class='ocr_carea' id='block_1_4' title="bbox 434 597 3855 679">
    <p class='ocr_par' dir='ltr' id='par_1_4' title="bbox 434 597 3855 679">
     <span class='ocr_line' id='line_1_4' title="bbox 434 597 3855 679; baseline 0.001 -19"><span class='ocrx_word' id='word_1_24' title='bbox 434 599 599 660; x_wconf 84' lang='lat' dir='ltr'>rium</span> <span class='ocrx_word' id='word_1_25' title='bbox 654 598 757 679; x_wconf 86' lang='lat' dir='ltr'>(a),</span> <span class='ocrx_word' id='word_1_26' title='bbox 819 599 927 677; x_wconf 87' lang='lat' dir='ltr'>qui</span> <span class='ocrx_word' id='word_1_27' title='bbox 985 598 1335 658; x_wconf 82' lang='lat' dir='ltr'>mirabatur</span> <span class='ocrx_word' id='word_1_28' title='bbox 1394 597 1544 658; x_wconf 91' lang='lat' dir='ltr'>olim</span> <span class='ocrx_word' id='word_1_29' title='bbox 1601 597 2044 657; x_wconf 80' lang='lat' dir='ltr'>conﬁdentiam</span> <span class='ocrx_word' id='word_1_30' title='bbox 2103 598 2444 678; x_wconf 86' lang='lat' dir='ltr'>Beveregii,</span> <span class='ocrx_word' id='word_1_31' title='bbox 2482 604 2709 677; x_wconf 84' lang='lat' dir='ltr'>praeter</span> <span class='ocrx_word' id='word_1_32' title='bbox 2741 616 2926 677; x_wconf 88' lang='lat' dir='ltr'>quem</span> <span class='ocrx_word' id='word_1_33' title='bbox 2964 621 2990 651; x_wconf 77' lang='grc' dir='ltr'>α</span> <span class='ocrx_word' id='word_1_34' title='bbox 3056 599 3266 658; x_wconf 92' lang='lat' dir='ltr'>nullus</span> <span class='ocrx_word' id='word_1_35' title='bbox 3326 597 3534 660; x_wconf 87' lang='lat' dir='ltr'>adhuc</span> <span class='ocrx_word' id='word_1_36' title='bbox 3574 600 3855 662; x_wconf 86' lang='lat' dir='ltr'>afﬁrma-</span> 
     </span>
    </p>
   </div>
   <div class='ocr_carea' id='block_1_5' title="bbox 434 694 3852 775">
    <p class='ocr_par' dir='ltr' id='par_1_5' title="bbox 434 694 3852 775">
     <span class='ocr_line' id='line_1_5' title="bbox 434 694 3852 775; baseline 0.001 -20"><span class='ocrx_word' id='word_1_37' title='bbox 434 696 525 756; x_wconf 90' lang='lat' dir='ltr'>vit</span> <span class='ocrx_word' id='word_1_38' title='bbox 579 696 1036 757; x_wconf 88' lang='lat' dir='ltr'>Nazianzenum</span> <span class='ocrx_word' id='word_1_39' title='bbox 1097 695 1293 754; x_wconf 91' lang='lat' dir='ltr'>ﬁlium</span> <span class='ocrx_word' id='word_1_40' title='bbox 1355 713 1632 773; x_wconf 87' lang='lat' dir='ltr'>unquam</span> <span class='ocrx_word' id='word_1_41' title='bbox 1711 713 1843 754; x_wconf 91' lang='lat' dir='ltr'>sese</span> <span class='ocrx_word' id='word_1_42' title='bbox 1921 694 2322 755; x_wconf 91' lang='lat' dir='ltr'>matrimonio</span> <span class='ocrx_word' id='word_1_43' title='bbox 2399 695 2852 772; x_wconf 83' lang='lat' dir='ltr'>obstrinxisse,</span> <span class='ocrx_word' id='word_1_44' title='bbox 2911 718 2960 750; x_wconf 77' lang='lat' dir='ltr'>n—</span> <span class='ocrx_word' id='word_1_45' title='bbox 3005 695 3202 774; x_wconf 86' lang='lat' dir='ltr'>ipsius</span> <span class='ocrx_word' id='word_1_46' title='bbox 3279 702 3498 775; x_wconf 90' lang='lat' dir='ltr'>postea</span> <span class='ocrx_word' id='word_1_47' title='bbox 3573 716 3852 759; x_wconf 89' lang='lat' dir='ltr'>errorem</span> 
     </span>
    </p>
   </div>
   <div class='ocr_carea' id='block_1_6' title="bbox 436 791 3851 874">
    <p class='ocr_par' dir='ltr' id='par_1_6' title="bbox 436 791 3851 874">
     <span class='ocr_line' id='line_1_6' title="bbox 436 791 3851 874; baseline 0 -19"><span class='ocrx_word' id='word_1_48' title='bbox 436 794 799 873; x_wconf 86' lang='lat' dir='ltr'>amplexum</span> <span class='ocrx_word' id='word_1_49' title='bbox 857 794 1043 854; x_wconf 85' lang='lat' dir='ltr'>fuisse</span> <span class='ocrx_word' id='word_1_50' title='bbox 1101 810 1441 853; x_wconf 82' lang='lat' dir='ltr'>cernerem.</span> <span class='ocrx_word' id='word_1_51' title='bbox 1503 795 1638 852; x_wconf 91' lang='lat' dir='ltr'>Non</span> <span class='ocrx_word' id='word_1_52' title='bbox 1697 799 1907 852; x_wconf 90' lang='lat' dir='ltr'>tamen</span> <span class='ocrx_word' id='word_1_53' title='bbox 1965 791 2252 852; x_wconf 83' lang='lat' dir='ltr'>absolute</span> <span class='ocrx_word' id='word_1_54' title='bbox 2311 793 2638 872; x_wconf 86' lang='lat' dir='ltr'>amplexus</span> <span class='ocrx_word' id='word_1_55' title='bbox 2693 799 2808 865; x_wconf 91' lang='lat' dir='ltr'>est,</span> <span class='ocrx_word' id='word_1_56' title='bbox 2862 792 2968 852; x_wconf 91' lang='lat' dir='ltr'>sed</span> <span class='ocrx_word' id='word_1_57' title='bbox 3029 792 3380 872; x_wconf 81' lang='lat' dir='ltr'>suspicatus</span> <span class='ocrx_word' id='word_1_58' title='bbox 3445 817 3475 853; x_wconf 79' lang='grc' dir='ltr'>α</span> <span class='ocrx_word' id='word_1_59' title='bbox 3528 795 3851 874; x_wconf 89' lang='lat' dir='ltr'>Beveregii</span> 
     </span>
    </p>
   </div>
   <div class='ocr_carea' id='block_1_7' title="bbox 435 889 3845 959">
    <p class='ocr_par' dir='ltr' id='par_1_7' title="bbox 435 889 3845 959">
     <span class='ocr_line' id='line_1_7' title="bbox 435 889 3845 959; baseline 0.001 -7"><span class='ocrx_word' id='word_1_60' title='bbox 435 892 811 953; x_wconf 89' lang='lat' dir='ltr'>sententiam</span> <span class='ocrx_word' id='word_1_61' title='bbox 870 908 1012 951; x_wconf 92' lang='lat' dir='ltr'>cum</span> <span class='ocrx_word' id='word_1_62' title='bbox 1063 890 1326 951; x_wconf 83' lang='lat' dir='ltr'>veritate</span> <span class='ocrx_word' id='word_1_63' title='bbox 1385 890 1820 952; x_wconf 83' lang='lat' dir='ltr'>consentire.»</span> <span class='ocrx_word' id='word_1_64' title='bbox 1857 889 1972 959; x_wconf 90' lang='lat' dir='ltr'>Qui</span> <span class='ocrx_word' id='word_1_65' title='bbox 2029 890 2215 949; x_wconf 88' lang='lat' dir='ltr'>etiam</span> <span class='ocrx_word' id='word_1_66' title='bbox 2277 890 2352 950; x_wconf 93' lang='lat' dir='ltr'>de</span> <span class='ocrx_word' id='word_1_67' title='bbox 2382 890 2731 950; x_wconf 89' lang='lat' dir='ltr'>&#39;l‘heosebia</span> <span class='ocrx_word' id='word_1_68' title='bbox 2786 890 2918 950; x_wconf 64' lang='lat' dir='ltr'>haec</span> <span class='ocrx_word' id='word_1_69' title='bbox 2977 891 3065 949; x_wconf 95' lang='lat' dir='ltr'>ait</span> <span class='ocrx_word' id='word_1_70' title='bbox 3125 907 3137 949; x_wconf 87' lang='lat'><strong>:</strong></span> <span class='ocrx_word' id='word_1_71' title='bbox 3207 912 3235 948; x_wconf 86' lang='lat'>«</span> <span class='ocrx_word' id='word_1_72' title='bbox 3289 894 3412 951; x_wconf 84' lang='lat' dir='ltr'>Aut</span> <span class='ocrx_word' id='word_1_73' title='bbox 3458 892 3845 954; x_wconf 82' lang='lat' dir='ltr'>Nazianzeno</span> 
     </span>
    </p>
   </div>
   <div class='ocr_carea' id='block_1_8' title="bbox 434 987 3844 1069">
    <p class='ocr_par' dir='ltr' id='par_1_8' title="bbox 434 987 3844 1069">
     <span class='ocr_line' id='line_1_8' title="bbox 434 987 3844 1069; baseline 0.001 -20"><span class='ocrx_word' id='word_1_74' title='bbox 434 990 670 1068; x_wconf 87' lang='lat' dir='ltr'>nupsit,</span> <span class='ocrx_word' id='word_1_75' title='bbox 720 1013 750 1044; x_wconf 83' lang='lat'>»</span> <span class='ocrx_word' id='word_1_76' title='bbox 815 989 987 1068; x_wconf 92' lang='lat' dir='ltr'>quod</span> <span class='ocrx_word' id='word_1_77' title='bbox 1048 1012 1077 1044; x_wconf 87' lang='lat'>«</span> <span class='ocrx_word' id='word_1_78' title='bbox 1135 988 1520 1048; x_wconf 89' lang='lat' dir='ltr'>simillimum</span> <span class='ocrx_word' id='word_1_79' title='bbox 1580 1006 1727 1048; x_wconf 89' lang='lat' dir='ltr'>vero</span> <span class='ocrx_word' id='word_1_80' title='bbox 1779 987 2072 1048; x_wconf 86' lang='lat' dir='ltr'>arbitror.</span> <span class='ocrx_word' id='word_1_81' title='bbox 2136 1011 2166 1043; x_wconf 89' lang='lat'>»</span> <span class='ocrx_word' id='word_1_82' title='bbox 2229 989 2446 1066; x_wconf 86' lang='lat' dir='ltr'>Itaque</span> <span class='ocrx_word' id='word_1_83' title='bbox 2503 995 2929 1050; x_wconf 91' lang='lat' dir='ltr'>commentum</span> <span class='ocrx_word' id='word_1_84' title='bbox 2978 989 3299 1066; x_wconf 86' lang='lat' dir='ltr'>Beveregii</span> <span class='ocrx_word' id='word_1_85' title='bbox 3350 995 3412 1049; x_wconf 90' lang='lat' dir='ltr'>et</span> <span class='ocrx_word' id='word_1_86' title='bbox 3467 1009 3677 1069; x_wconf 55' lang='lat' dir='ltr'>pravae</span> <span class='ocrx_word' id='word_1_87' title='bbox 3708 992 3844 1054; x_wconf 86' lang='lat' dir='ltr'>Mu-</span> 
     </span>
    </p>
   </div>
   <div class='ocr_carea' id='block_1_9' title="bbox 430 1085 2382 1167">
    <p class='ocr_par' dir='ltr' id='par_1_9' title="bbox 430 1085 2382 1167">
     <span class='ocr_line' id='line_1_9' title="bbox 430 1085 2382 1167; baseline -0.001 -20"><span class='ocrx_word' id='word_1_88' title='bbox 430 1087 646 1148; x_wconf 88' lang='lat' dir='ltr'>ratorii</span> <span class='ocrx_word' id='word_1_89' title='bbox 704 1085 1074 1167; x_wconf 86' lang='lat' dir='ltr'>suspicionis</span> <span class='ocrx_word' id='word_1_90' title='bbox 1104 1086 1516 1147; x_wconf 88' lang='lat' dir='ltr'>fundamenta</span> <span class='ocrx_word' id='word_1_91' title='bbox 1547 1085 1732 1146; x_wconf 89' lang='lat' dir='ltr'>simul</span> <span class='ocrx_word' id='word_1_92' title='bbox 1765 1085 2183 1146; x_wconf 90' lang='lat' dir='ltr'>convellenda</span> <span class='ocrx_word' id='word_1_93' title='bbox 2212 1093 2382 1145; x_wconf 89' lang='lat' dir='ltr'>sunt.</span> 
     </span>
    </p>
   </div>
   <div class='ocr_carea' id='block_1_10' title="bbox 507 1181 3848 1264">
    <p class='ocr_par' dir='ltr' id='par_1_10' title="bbox 507 1181 3848 1264">
     <span class='ocr_line' id='line_1_10' title="bbox 507 1181 3848 1264; baseline -0 -19"><span class='ocrx_word' id='word_1_94' title='bbox 507 1185 589 1245; x_wconf 89' lang='lat' dir='ltr'>Ut</span> <span class='ocrx_word' id='word_1_95' title='bbox 639 1202 676 1243; x_wconf 90' lang='lat' dir='ltr'>a</span> <span class='ocrx_word' id='word_1_96' title='bbox 735 1183 1077 1244; x_wconf 87' lang='lat' dir='ltr'>Muratorio</span> <span class='ocrx_word' id='word_1_97' title='bbox 1136 1181 1531 1261; x_wconf 86' lang='lat' dir='ltr'>incipiamus,</span> <span class='ocrx_word' id='word_1_98' title='bbox 1615 1181 1828 1254; x_wconf 90' lang='lat' dir='ltr'>verba,</span> <span class='ocrx_word' id='word_1_99' title='bbox 1890 1200 2029 1259; x_wconf 66' lang='lat' dir='ltr'>quas</span> <span class='ocrx_word' id='word_1_100' title='bbox 2091 1181 2223 1241; x_wconf 92' lang='lat' dir='ltr'>viro</span> <span class='ocrx_word' id='word_1_101' title='bbox 2283 1181 2467 1241; x_wconf 88' lang='lat' dir='ltr'>docto</span> <span class='ocrx_word' id='word_1_102' title='bbox 2545 1183 2755 1242; x_wconf 85' lang='lat' dir='ltr'>fucum</span> <span class='ocrx_word' id='word_1_103' title='bbox 2816 1181 3146 1255; x_wconf 86' lang='lat' dir='ltr'>fecerunt,</span> <span class='ocrx_word' id='word_1_104' title='bbox 3201 1182 3336 1243; x_wconf 63' lang='lat' dir='ltr'>haec</span> <span class='ocrx_word' id='word_1_105' title='bbox 3389 1189 3534 1244; x_wconf 86' lang='lat' dir='ltr'>sunt</span> <span class='ocrx_word' id='word_1_106' title='bbox 3589 1184 3653 1244; x_wconf 93' lang='lat' dir='ltr'>in</span> <span class='ocrx_word' id='word_1_107' title='bbox 3712 1185 3848 1264; x_wconf 89' lang='lat' dir='ltr'>epi-</span> 
     </span>
    </p>
   </div>
   <div class='ocr_carea' id='block_1_11' title="bbox 425 1275 2053 1359">
    <p class='ocr_par' dir='ltr' id='par_1_11' title="bbox 425 1279 2022 1359">
     <span class='ocr_line' id='line_1_11' title="bbox 425 1279 2022 1359; baseline -0.003 -18"><span class='ocrx_word' id='word_1_108' title='bbox 425 1286 777 1359; x_wconf 88' lang='lat' dir='ltr'>grammate</span> <span class='ocrx_word' id='word_1_109' title='bbox 805 1279 1190 1353; x_wconf 65' lang='lat' dir='ltr'>Theosebiaa,</span> <span class='ocrx_word' id='word_1_110' title='bbox 1252 1279 1420 1358; x_wconf 90' lang='lat' dir='ltr'>quod</span> <span class='ocrx_word' id='word_1_111' title='bbox 1480 1279 1612 1358; x_wconf 91' lang='lat' dir='ltr'>ipse</span> <span class='ocrx_word' id='word_1_112' title='bbox 1671 1279 1953 1356; x_wconf 84' lang='lat' dir='ltr'>vulgavit</span> <span class='ocrx_word' id='word_1_113' title='bbox 2010 1297 2022 1337; x_wconf 95' lang='lat'>:</span> 
     </span>
    </p>
   </div>
   <div class='ocr_carea' id='block_1_12' title="bbox 2213 1275 3841 1359">
    <p class='ocr_par' dir='ltr' id='par_1_12' title="bbox 2213 1275 3841 1358">
     <span class='ocr_line' id='line_1_12' title="bbox 2213 1275 3841 1358; baseline -0.002 -28"><span class='ocrx_word' id='word_1_114' title='bbox 2213 1275 2394 1352; x_wconf 76' lang='grc' dir='ltr'>γορίου</span> <span class='ocrx_word' id='word_1_115' title='bbox 2429 1275 2669 1352; x_wconf 77' lang='grc' dir='ltr'>μεγάλου</span> <span class='ocrx_word' id='word_1_116' title='bbox 2700 1277 2896 1350; x_wconf 68' lang='grc' dir='ltr'>σύζυγε</span> <span class='ocrx_word' id='word_1_117' title='bbox 2921 1275 3211 1349; x_wconf 65' lang='grc' dir='ltr'>ἇτρεκὲωςυ</span> <span class='ocrx_word' id='word_1_118' title='bbox 3281 1302 3309 1338; x_wconf 79' lang='grc' dir='ltr'>α</span> <span class='ocrx_word' id='word_1_119' title='bbox 3368 1281 3650 1358; x_wconf 73' lang='lat' dir='ltr'>Gregorii</span> <span class='ocrx_word' id='word_1_120' title='bbox 3709 1281 3841 1342; x_wconf 75' lang='lat' dir='ltr'>Ma-</span> 
     </span>
    </p>
   </div>
   <div class='ocr_carea' id='block_1_13' title="bbox 427 1376 3843 1456">
    <p class='ocr_par' dir='ltr' id='par_1_13' title="bbox 427 1376 3843 1456">
     <span class='ocr_line' id='line_1_13' title="bbox 427 1376 3843 1456; baseline 0 -19"><span class='ocrx_word' id='word_1_121' title='bbox 427 1379 533 1456; x_wconf 92' lang='lat' dir='ltr'>gni</span> <span class='ocrx_word' id='word_1_122' title='bbox 589 1396 734 1438; x_wconf 89' lang='lat' dir='ltr'>vere</span> <span class='ocrx_word' id='word_1_123' title='bbox 791 1377 1048 1455; x_wconf 89' lang='lat' dir='ltr'>conjux.</span> <span class='ocrx_word' id='word_1_124' title='bbox 1108 1402 1137 1432; x_wconf 87' lang='lat'>»</span> <span class='ocrx_word' id='word_1_125' title='bbox 1200 1380 1290 1437; x_wconf 87' lang='lat' dir='ltr'>Ex</span> <span class='ocrx_word' id='word_1_126' title='bbox 1349 1376 1446 1436; x_wconf 91' lang='lat' dir='ltr'>his</span> <span class='ocrx_word' id='word_1_127' title='bbox 1503 1377 1778 1456; x_wconf 90' lang='lat' dir='ltr'>plurima</span> <span class='ocrx_word' id='word_1_128' title='bbox 1834 1376 2075 1454; x_wconf 84' lang='lat' dir='ltr'>colligit</span> <span class='ocrx_word' id='word_1_129' title='bbox 2133 1376 2509 1437; x_wconf 86' lang='lat' dir='ltr'>Muratorius</span> <span class='ocrx_word' id='word_1_130' title='bbox 2570 1396 2583 1435; x_wconf 93' lang='lat'><strong>:</strong></span> <span class='ocrx_word' id='word_1_131' title='bbox 2645 1377 2870 1454; x_wconf 80' lang='lat' dir='ltr'>primo,</span> <span class='ocrx_word' id='word_1_132' title='bbox 2933 1377 3212 1454; x_wconf 84' lang='lat' dir='ltr'>Gregorii</span> <span class='ocrx_word' id='word_1_133' title='bbox 3262 1378 3527 1455; x_wconf 89' lang='lat' dir='ltr'>Nysseni</span> <span class='ocrx_word' id='word_1_134' title='bbox 3580 1397 3843 1439; x_wconf 82' lang='lat' dir='ltr'>uxorem</span> 
     </span>
    </p>
   </div>
   <div class='ocr_carea' id='block_1_14' title="bbox 425 1474 3847 1554">
    <p class='ocr_par' dir='ltr' id='par_1_14' title="bbox 425 1474 3847 1554">
     <span class='ocr_line' id='line_1_14' title="bbox 425 1474 3847 1554; baseline 0 -20"><span class='ocrx_word' id='word_1_135' title='bbox 425 1494 551 1537; x_wconf 90' lang='lat' dir='ltr'>non</span> <span class='ocrx_word' id='word_1_136' title='bbox 606 1475 794 1535; x_wconf 84' lang='lat' dir='ltr'>fuisse</span> <span class='ocrx_word' id='word_1_137' title='bbox 850 1475 1264 1536; x_wconf 88' lang='lat' dir='ltr'>Theosebiam</span> <span class='ocrx_word' id='word_1_138' title='bbox 1330 1492 1342 1548; x_wconf 92' lang='lat'>;</span> <span class='ocrx_word' id='word_1_139' title='bbox 1404 1475 1468 1534; x_wconf 92' lang='lat' dir='ltr'>id</span> <span class='ocrx_word' id='word_1_140' title='bbox 1525 1475 1779 1554; x_wconf 88' lang='lat' dir='ltr'>quidem</span> <span class='ocrx_word' id='word_1_141' title='bbox 1840 1476 2080 1552; x_wconf 91' lang='lat' dir='ltr'>optime</span> <span class='ocrx_word' id='word_1_142' title='bbox 2128 1474 2351 1534; x_wconf 83' lang='lat' dir='ltr'>deinde</span> <span class='ocrx_word' id='word_1_143' title='bbox 2389 1493 2402 1547; x_wconf 92' lang='lat'>;</span> <span class='ocrx_word' id='word_1_144' title='bbox 2440 1476 2829 1552; x_wconf 87' lang='lat' dir='ltr'>Gregorium,</span> <span class='ocrx_word' id='word_1_145' title='bbox 2893 1476 3001 1552; x_wconf 91' lang='lat' dir='ltr'>qui</span> <span class='ocrx_word' id='word_1_146' title='bbox 3057 1499 3084 1529; x_wconf 90' lang='grc'>‹‹</span> <span class='ocrx_word' id='word_1_147' title='bbox 3140 1477 3406 1552; x_wconf 89' lang='lat' dir='ltr'>Magnus</span> <span class='ocrx_word' id='word_1_148' title='bbox 3439 1499 3467 1529; x_wconf 89' lang='lat'>»</span> <span class='ocrx_word' id='word_1_149' title='bbox 3510 1475 3596 1535; x_wconf 94' lang='lat' dir='ltr'>ibi</span> <span class='ocrx_word' id='word_1_150' title='bbox 3628 1475 3847 1554; x_wconf 88' lang='lat' dir='ltr'>appel-</span> 
     </span>
    </p>
   </div>
   <div class='ocr_carea' id='block_1_15' title="bbox 425 1571 3838 1651">
    <p class='ocr_par' dir='ltr' id='par_1_15' title="bbox 425 1571 3838 1651">
     <span class='ocr_line' id='line_1_15' title="bbox 425 1571 3838 1651; baseline -0 -18"><span class='ocrx_word' id='word_1_151' title='bbox 425 1573 612 1646; x_wconf 88' lang='lat' dir='ltr'>latur,</span> <span class='ocrx_word' id='word_1_152' title='bbox 671 1573 1065 1651; x_wconf 87' lang='lat' dir='ltr'>Theologum</span> <span class='ocrx_word' id='word_1_153' title='bbox 1124 1591 1278 1646; x_wconf 87' lang='lat' dir='ltr'>esse,</span> <span class='ocrx_word' id='word_1_154' title='bbox 1343 1572 1521 1650; x_wconf 88' lang='lat' dir='ltr'>cujus</span> <span class='ocrx_word' id='word_1_155' title='bbox 1579 1591 1761 1644; x_wconf 84' lang='lat' dir='ltr'>uxor,</span> <span class='ocrx_word' id='word_1_156' title='bbox 1821 1590 2020 1650; x_wconf 89' lang='lat' dir='ltr'>eaque</span> <span class='ocrx_word' id='word_1_157' title='bbox 2079 1590 2403 1650; x_wconf 88' lang='lat' dir='ltr'>germana,</span> <span class='ocrx_word' id='word_1_158' title='bbox 2459 1572 2809 1632; x_wconf 85' lang='lat' dir='ltr'>Theosebia</span> <span class='ocrx_word' id='word_1_159' title='bbox 2867 1571 3052 1631; x_wconf 87' lang='lat' dir='ltr'>fuerit</span> <span class='ocrx_word' id='word_1_160' title='bbox 3114 1590 3126 1645; x_wconf 92' lang='lat'>;</span> <span class='ocrx_word' id='word_1_161' title='bbox 3192 1572 3254 1630; x_wconf 90' lang='lat' dir='ltr'>id</span> <span class='ocrx_word' id='word_1_162' title='bbox 3315 1589 3461 1632; x_wconf 91' lang='lat' dir='ltr'>vero</span> <span class='ocrx_word' id='word_1_163' title='bbox 3519 1574 3838 1650; x_wconf 91' lang='lat' dir='ltr'>pessime:</span> 
     </span>
    </p>
   </div>
   <div class='ocr_carea' id='block_1_16' title="bbox 423 1669 3839 1750">
    <p class='ocr_par' dir='ltr' id='par_1_16' title="bbox 423 1669 3839 1750">
     <span class='ocr_line' id='line_1_16' title="bbox 423 1669 3839 1750; baseline -0 -20"><span class='ocrx_word' id='word_1_164' title='bbox 423 1669 694 1750; x_wconf 90' lang='lat' dir='ltr'>denique</span> <span class='ocrx_word' id='word_1_165' title='bbox 751 1670 896 1730; x_wconf 82' lang='lat' dir='ltr'>hinc</span> <span class='ocrx_word' id='word_1_166' title='bbox 969 1671 1360 1749; x_wconf 88' lang='lat' dir='ltr'>epigramma</span> <span class='ocrx_word' id='word_1_167' title='bbox 1415 1669 1724 1747; x_wconf 89' lang='lat' dir='ltr'>Theologi</span> <span class='ocrx_word' id='word_1_168' title='bbox 1781 1688 1913 1730; x_wconf 86' lang='lat' dir='ltr'>esse</span> <span class='ocrx_word' id='word_1_169' title='bbox 1971 1688 2097 1729; x_wconf 90' lang='lat' dir='ltr'>non</span> <span class='ocrx_word' id='word_1_170' title='bbox 2156 1687 2359 1747; x_wconf 89' lang='lat' dir='ltr'>posse.</span> <span class='ocrx_word' id='word_1_171' title='bbox 2422 1671 2570 1740; x_wconf 74' lang='lat' dir='ltr'>Quae</span> <span class='ocrx_word' id='word_1_172' title='bbox 2628 1669 2880 1746; x_wconf 89' lang='lat' dir='ltr'>quidem</span> <span class='ocrx_word' id='word_1_173' title='bbox 2952 1673 3018 1728; x_wconf 89' lang='lat' dir='ltr'>ut</span> <span class='ocrx_word' id='word_1_174' title='bbox 3075 1669 3323 1746; x_wconf 90' lang='lat' dir='ltr'>penitus</span> <span class='ocrx_word' id='word_1_175' title='bbox 3379 1669 3839 1742; x_wconf 86' lang='lat' dir='ltr'>convellamus,</span> 
     </span>
    </p>
   </div>
   <div class='ocr_carea' id='block_1_17' title="bbox 424 1766 3834 1847">
    <p class='ocr_par' dir='ltr' id='par_1_17' title="bbox 424 1766 3834 1847">
     <span class='ocr_line' id='line_1_17' title="bbox 424 1766 3834 1847; baseline 0 -21"><span class='ocrx_word' id='word_1_176' title='bbox 424 1768 628 1847; x_wconf 91' lang='lat' dir='ltr'>primo</span> <span class='ocrx_word' id='word_1_177' title='bbox 686 1767 1086 1829; x_wconf 89' lang='lat' dir='ltr'>statuendum</span> <span class='ocrx_word' id='word_1_178' title='bbox 1123 1814 1136 1840; x_wconf 94' lang='lat'>,</span> <span class='ocrx_word' id='word_1_179' title='bbox 1199 1769 1368 1845; x_wconf 91' lang='lat' dir='ltr'>quod</span> <span class='ocrx_word' id='word_1_180' title='bbox 1434 1774 1623 1846; x_wconf 87' lang='lat' dir='ltr'>caput</span> <span class='ocrx_word' id='word_1_181' title='bbox 1680 1773 1774 1827; x_wconf 89' lang='lat' dir='ltr'>est</span> <span class='ocrx_word' id='word_1_182' title='bbox 1808 1813 1821 1838; x_wconf 89' lang='lat'>,</span> <span class='ocrx_word' id='word_1_183' title='bbox 1881 1767 2113 1826; x_wconf 89' lang='lat' dir='ltr'>nullius</span> <span class='ocrx_word' id='word_1_184' title='bbox 2171 1785 2450 1844; x_wconf 87' lang='lat' dir='ltr'>unquam</span> <span class='ocrx_word' id='word_1_185' title='bbox 2526 1766 2804 1845; x_wconf 89' lang='lat' dir='ltr'>conjugii</span> <span class='ocrx_word' id='word_1_186' title='bbox 2872 1766 3135 1826; x_wconf 90' lang='lat' dir='ltr'>vinculis</span> <span class='ocrx_word' id='word_1_187' title='bbox 3182 1766 3573 1844; x_wconf 88' lang='lat' dir='ltr'>Theologum</span> <span class='ocrx_word' id='word_1_188' title='bbox 3631 1767 3834 1827; x_wconf 89' lang='lat' dir='ltr'>irreti-</span> 
     </span>
    </p>
   </div>
   <div class='ocr_carea' id='block_1_18' title="bbox 424 1855 3838 1943">
    <p class='ocr_par' dir='ltr' id='par_1_18' title="bbox 424 1855 3838 1943">
     <span class='ocr_line' id='line_1_18' title="bbox 424 1855 3838 1943; baseline 0 -19"><span class='ocrx_word' id='word_1_189' title='bbox 424 1871 582 1938; x_wconf 86' lang='lat' dir='ltr'>tum,</span> <span class='ocrx_word' id='word_1_190' title='bbox 643 1867 874 1925; x_wconf 89' lang='lat' dir='ltr'>nedum</span> <span class='ocrx_word' id='word_1_191' title='bbox 930 1864 1293 1927; x_wconf 70' lang='lat' dir='ltr'>Theosebize</span> <span class='ocrx_word' id='word_1_192' title='bbox 1350 1855 1769 1943; x_wconf 81' lang='lat' dir='ltr'>copulatum;</span> <span class='ocrx_word' id='word_1_193' title='bbox 1821 1868 1884 1924; x_wconf 79' lang='grc' dir='ltr'>2ο</span> <span class='ocrx_word' id='word_1_194' title='bbox 1943 1863 2167 1924; x_wconf 90' lang='lat' dir='ltr'>deinde</span> <span class='ocrx_word' id='word_1_195' title='bbox 2228 1864 2383 1922; x_wconf 91' lang='lat' dir='ltr'>nihil</span> <span class='ocrx_word' id='word_1_196' title='bbox 2442 1865 2600 1924; x_wconf 91' lang='lat' dir='ltr'>adeo</span> <span class='ocrx_word' id='word_1_197' title='bbox 2659 1864 2986 1942; x_wconf 89' lang='lat' dir='ltr'>impedire,</span> <span class='ocrx_word' id='word_1_198' title='bbox 3048 1861 3386 1941; x_wconf 83' lang='lat' dir='ltr'>quominus</span> <span class='ocrx_word' id='word_1_199' title='bbox 3445 1865 3838 1943; x_wconf 87' lang='lat' dir='ltr'>epigramma</span> 
     </span>
    </p>
   </div>
   <div class='ocr_carea' id='block_1_19' title="bbox 424 1959 3838 2039">
    <p class='ocr_par' dir='ltr' id='par_1_19' title="bbox 424 1959 3838 2039">
     <span class='ocr_line' id='line_1_19' title="bbox 424 1959 3838 2039; baseline 0 -19"><span class='ocrx_word' id='word_1_200' title='bbox 424 1961 739 2022; x_wconf 88' lang='lat' dir='ltr'>tribuatur</span> <span class='ocrx_word' id='word_1_201' title='bbox 795 1961 1094 2038; x_wconf 87' lang='lat' dir='ltr'>Gregorio</span> <span class='ocrx_word' id='word_1_202' title='bbox 1153 1961 1564 2034; x_wconf 88' lang='lat' dir='ltr'>Nazianzeno,</span> <span class='ocrx_word' id='word_1_203' title='bbox 1606 1968 1670 2021; x_wconf 85' lang='lat'>3°</span> <span class='ocrx_word' id='word_1_204' title='bbox 1729 1979 1934 2039; x_wconf 90' lang='lat' dir='ltr'>neque</span> <span class='ocrx_word' id='word_1_205' title='bbox 1990 1979 2064 2020; x_wconf 89' lang='lat' dir='ltr'>ex</span> <span class='ocrx_word' id='word_1_206' title='bbox 2134 1959 2480 2039; x_wconf 88' lang='lat' dir='ltr'>epitaphio,</span> <span class='ocrx_word' id='word_1_207' title='bbox 2544 1977 2748 2037; x_wconf 87' lang='lat' dir='ltr'>neque</span> <span class='ocrx_word' id='word_1_208' title='bbox 2807 1977 2882 2019; x_wconf 88' lang='lat' dir='ltr'>ex</span> <span class='ocrx_word' id='word_1_209' title='bbox 2940 1959 3207 2038; x_wconf 85' lang='lat' dir='ltr'>epistola</span> <span class='ocrx_word' id='word_1_210' title='bbox 3265 1960 3420 2020; x_wconf 90' lang='lat' dir='ltr'>alias</span> <span class='ocrx_word' id='word_1_211' title='bbox 3490 1977 3604 2021; x_wconf 85' lang='lat' dir='ltr'>xcv</span> <span class='ocrx_word' id='word_1_212' title='bbox 3660 1960 3838 2038; x_wconf 78' lang='lat' dir='ltr'>sequi</span> 
     </span>
    </p>
   </div>
   <div class='ocr_carea' id='block_1_20' title="bbox 422 2057 3830 2137">
    <p class='ocr_par' dir='ltr' id='par_1_20' title="bbox 422 2057 3830 2137">
     <span class='ocr_line' id='line_1_20' title="bbox 422 2057 3830 2137; baseline 0 -19"><span class='ocrx_word' id='word_1_213' title='bbox 422 2060 701 2137; x_wconf 87' lang='lat' dir='ltr'>Nysseno</span> <span class='ocrx_word' id='word_1_214' title='bbox 759 2058 1171 2120; x_wconf 89' lang='lat' dir='ltr'>Theosebiam</span> <span class='ocrx_word' id='word_1_215' title='bbox 1230 2058 1554 2136; x_wconf 85' lang='lat' dir='ltr'>nupsisse.</span> <span class='ocrx_word' id='word_1_216' title='bbox 1619 2059 1719 2119; x_wconf 89' lang='lat' dir='ltr'>Sic</span> <span class='ocrx_word' id='word_1_217' title='bbox 1801 2058 2170 2135; x_wconf 88' lang='lat' dir='ltr'>Gregorium</span> <span class='ocrx_word' id='word_1_218' title='bbox 2231 2063 2568 2135; x_wconf 88' lang='lat' dir='ltr'>utrumque</span> <span class='ocrx_word' id='word_1_219' title='bbox 2625 2075 2663 2116; x_wconf 89' lang='lat' dir='ltr'>a</span> <span class='ocrx_word' id='word_1_220' title='bbox 2718 2057 3014 2135; x_wconf 89' lang='lat' dir='ltr'>conjugio</span> <span class='ocrx_word' id='word_1_221' title='bbox 3084 2057 3374 2131; x_wconf 92' lang='lat' dir='ltr'>liberum,</span> <span class='ocrx_word' id='word_1_222' title='bbox 3429 2064 3490 2118; x_wconf 90' lang='lat' dir='ltr'>et</span> <span class='ocrx_word' id='word_1_223' title='bbox 3547 2057 3830 2119; x_wconf 82' lang='lat' dir='ltr'>caelibem</span> 
     </span>
    </p>
   </div>
   <div class='ocr_carea' id='block_1_21' title="bbox 421 2154 1262 2215">
    <p class='ocr_par' dir='ltr' id='par_1_21' title="bbox 421 2154 1262 2215">
     <span class='ocr_line' id='line_1_21' title="bbox 421 2154 1262 2215; baseline 0.001 -1"><span class='ocrx_word' id='word_1_224' title='bbox 421 2157 614 2214; x_wconf 90' lang='lat' dir='ltr'>vitam</span> <span class='ocrx_word' id='word_1_225' title='bbox 649 2155 900 2215; x_wconf 90' lang='lat' dir='ltr'>duxisse</span> <span class='ocrx_word' id='word_1_226' title='bbox 928 2154 1262 2215; x_wconf 90' lang='lat' dir='ltr'>constabit.</span> 
     </span>
    </p>
   </div>
   <div class='ocr_carea' id='block_1_22' title="bbox 500 2251 3835 2331">
    <p class='ocr_par' dir='ltr' id='par_1_22' title="bbox 500 2251 3835 2331">
     <span class='ocr_line' id='line_1_22' title="bbox 500 2251 3835 2331; baseline 0 -18"><span class='ocrx_word' id='word_1_227' title='bbox 500 2252 879 2313; x_wconf 88' lang='lat' dir='ltr'>Muratorius</span> <span class='ocrx_word' id='word_1_228' title='bbox 951 2253 1113 2312; x_wconf 89' lang='lat' dir='ltr'>inter</span> <span class='ocrx_word' id='word_1_229' title='bbox 1191 2252 1581 2331; x_wconf 90' lang='lat' dir='ltr'>Theologum</span> <span class='ocrx_word' id='word_1_230' title='bbox 1662 2259 1722 2313; x_wconf 87' lang='lat' dir='ltr'>et</span> <span class='ocrx_word' id='word_1_231' title='bbox 1796 2253 2212 2314; x_wconf 91' lang='lat' dir='ltr'>Theosebiam</span> <span class='ocrx_word' id='word_1_232' title='bbox 2291 2252 2762 2313; x_wconf 87' lang='lat' dir='ltr'>matrimonium</span> <span class='ocrx_word' id='word_1_233' title='bbox 2842 2252 3030 2312; x_wconf 90' lang='lat' dir='ltr'>fuisse</span> <span class='ocrx_word' id='word_1_234' title='bbox 3106 2253 3482 2331; x_wconf 89' lang='lat' dir='ltr'>suspicatus,</span> <span class='ocrx_word' id='word_1_235' title='bbox 3565 2251 3835 2314; x_wconf 89' lang='lat' dir='ltr'>Theose-</span> 
     </span>
    </p>
   </div>
   <div class='ocr_carea' id='block_1_23' title="bbox 422 2349 3832 2430">
    <p class='ocr_par' dir='ltr' id='par_1_23' title="bbox 422 2349 3832 2430">
     <span class='ocr_line' id='line_1_23' title="bbox 422 2349 3832 2430; baseline 0.001 -20"><span class='ocrx_word' id='word_1_236' title='bbox 422 2351 592 2410; x_wconf 88' lang='lat' dir='ltr'>biam</span> <span class='ocrx_word' id='word_1_237' title='bbox 655 2374 687 2406; x_wconf 88' lang='lat'><strong><em>«</em></strong></span> <span class='ocrx_word' id='word_1_238' title='bbox 745 2368 885 2410; x_wconf 91' lang='lat' dir='ltr'>cum</span> <span class='ocrx_word' id='word_1_239' title='bbox 945 2349 1077 2410; x_wconf 92' lang='lat' dir='ltr'>viro</span> <span class='ocrx_word' id='word_1_240' title='bbox 1135 2350 1522 2410; x_wconf 87' lang='lat' dir='ltr'>Nazianzeno</span> <span class='ocrx_word' id='word_1_241' title='bbox 1581 2351 1932 2411; x_wconf 87' lang='lat' dir='ltr'>castitatem</span> <span class='ocrx_word' id='word_1_242' title='bbox 2009 2351 2238 2429; x_wconf 90' lang='lat' dir='ltr'>potius,</span> <span class='ocrx_word' id='word_1_243' title='bbox 2319 2369 2509 2430; x_wconf 92' lang='lat' dir='ltr'>quam</span> <span class='ocrx_word' id='word_1_244' title='bbox 2586 2349 2754 2410; x_wconf 90' lang='lat' dir='ltr'>thori</span> <span class='ocrx_word' id='word_1_245' title='bbox 2829 2350 3333 2429; x_wconf 87' lang='lat' dir='ltr'>conjunctionem</span> <span class='ocrx_word' id='word_1_246' title='bbox 3414 2369 3661 2412; x_wconf 90' lang='lat' dir='ltr'>servare</span> <span class='ocrx_word' id='word_1_247' title='bbox 3719 2370 3832 2412; x_wconf 87' lang='lat' dir='ltr'>vo-</span> 
     </span>
    </p>
   </div>
   <div class='ocr_carea' id='block_1_24' title="bbox 426 2447 3829 2527">
    <p class='ocr_par' dir='ltr' id='par_1_24' title="bbox 426 2447 3829 2527">
     <span class='ocr_line' id='line_1_24' title="bbox 426 2447 3829 2527; baseline 0 -19"><span class='ocrx_word' id='word_1_248' title='bbox 426 2449 673 2508; x_wconf 86' lang='lat' dir='ltr'>luisse»</span> <span class='ocrx_word' id='word_1_249' title='bbox 719 2447 1140 2524; x_wconf 88' lang='lat' dir='ltr'>conjiciebat:</span> <span class='ocrx_word' id='word_1_250' title='bbox 1180 2467 1322 2508; x_wconf 90' lang='lat' dir='ltr'>mox</span> <span class='ocrx_word' id='word_1_251' title='bbox 1379 2449 1544 2508; x_wconf 89' lang='lat' dir='ltr'>idem</span> <span class='ocrx_word' id='word_1_252' title='bbox 1608 2473 1638 2504; x_wconf 93' lang='grc'>‹‹</span> <span class='ocrx_word' id='word_1_253' title='bbox 1694 2449 1857 2508; x_wconf 89' lang='lat' dir='ltr'>inter</span> <span class='ocrx_word' id='word_1_254' title='bbox 1911 2454 2248 2527; x_wconf 90' lang='lat' dir='ltr'>utrumque</span> <span class='ocrx_word' id='word_1_255' title='bbox 2307 2448 2508 2508; x_wconf 90' lang='lat' dir='ltr'>carnis</span> <span class='ocrx_word' id='word_1_256' title='bbox 2565 2448 3072 2508; x_wconf 89' lang='lat' dir='ltr'>communionem</span> <span class='ocrx_word' id='word_1_257' title='bbox 3127 2471 3157 2502; x_wconf 89' lang='lat'>»</span> <span class='ocrx_word' id='word_1_258' title='bbox 3222 2448 3524 2525; x_wconf 88' lang='lat' dir='ltr'>admittit,</span> <span class='ocrx_word' id='word_1_259' title='bbox 3583 2449 3690 2509; x_wconf 83' lang='lat' dir='ltr'>sed</span> <span class='ocrx_word' id='word_1_260' title='bbox 3747 2449 3829 2508; x_wconf 84' lang='lat' dir='ltr'>ad</span> 
     </span>
    </p>
   </div>
   <div class='ocr_carea' id='block_1_25' title="bbox 427 2543 3824 2622">
    <p class='ocr_par' dir='ltr' id='par_1_25' title="bbox 427 2543 3824 2622">
     <span class='ocr_line' id='line_1_25' title="bbox 427 2543 3824 2622; baseline 0 -17"><span class='ocrx_word' id='word_1_261' title='bbox 427 2546 616 2605; x_wconf 88' lang='lat' dir='ltr'>breve</span> <span class='ocrx_word' id='word_1_262' title='bbox 673 2549 944 2622; x_wconf 88' lang='lat' dir='ltr'>tempus,</span> <span class='ocrx_word' id='word_1_263' title='bbox 1002 2549 1064 2604; x_wconf 91' lang='lat' dir='ltr'>et</span> <span class='ocrx_word' id='word_1_264' title='bbox 1121 2544 1463 2604; x_wconf 86' lang='lat' dir='ltr'>arbitratur</span> <span class='ocrx_word' id='word_1_265' title='bbox 1515 2568 1544 2600; x_wconf 90' lang='lat'><strong>«</strong></span> <span class='ocrx_word' id='word_1_266' title='bbox 1601 2545 1838 2605; x_wconf 83' lang='lat' dir='ltr'>recenti</span> <span class='ocrx_word' id='word_1_267' title='bbox 1891 2545 2036 2604; x_wconf 88' lang='lat' dir='ltr'>huic</span> <span class='ocrx_word' id='word_1_268' title='bbox 2092 2544 2373 2622; x_wconf 92' lang='lat' dir='ltr'>opinioni</span> <span class='ocrx_word' id='word_1_269' title='bbox 2431 2544 2763 2622; x_wconf 71' lang='lat' dir='ltr'>suffragari</span> <span class='ocrx_word' id='word_1_270' title='bbox 2815 2563 2994 2622; x_wconf 90' lang='lat' dir='ltr'>posse</span> <span class='ocrx_word' id='word_1_271' title='bbox 3076 2562 3324 2603; x_wconf 92' lang='lat' dir='ltr'>versum</span> <span class='ocrx_word' id='word_1_272' title='bbox 3381 2543 3560 2603; x_wconf 91' lang='lat' dir='ltr'>illum</span> <span class='ocrx_word' id='word_1_273' title='bbox 3616 2544 3824 2605; x_wconf 88' lang='lat' dir='ltr'>Theo-</span> 
     </span>
    </p>
   </div>
   <div class='ocr_carea' id='block_1_26' title="bbox 431 2635 2059 2718">
    <p class='ocr_par' dir='ltr' id='par_1_26' title="bbox 431 2640 2059 2718">
     <span class='ocr_line' id='line_1_26' title="bbox 431 2640 2059 2718; baseline 0 -18"><span class='ocrx_word' id='word_1_274' title='bbox 431 2641 580 2718; x_wconf 91' lang='lat' dir='ltr'>logi,</span> <span class='ocrx_word' id='word_1_275' title='bbox 642 2641 730 2700; x_wconf 91' lang='lat' dir='ltr'>ita</span> <span class='ocrx_word' id='word_1_276' title='bbox 785 2640 1111 2701; x_wconf 90' lang='lat' dir='ltr'>scribentis</span> <span class='ocrx_word' id='word_1_277' title='bbox 1167 2641 1231 2700; x_wconf 90' lang='lat' dir='ltr'>in</span> <span class='ocrx_word' id='word_1_278' title='bbox 1305 2641 1581 2700; x_wconf 89' lang='lat' dir='ltr'>carmine</span> <span class='ocrx_word' id='word_1_279' title='bbox 1652 2646 1713 2702; x_wconf 92' lang='lat' dir='ltr'>iv</span> <span class='ocrx_word' id='word_1_280' title='bbox 1769 2642 1845 2701; x_wconf 86' lang='lat' dir='ltr'>de</span> <span class='ocrx_word' id='word_1_281' title='bbox 1903 2642 2059 2701; x_wconf 83' lang='lat' dir='ltr'>anim</span> 
     </span>
    </p>
   </div>
   <div class='ocr_carea' id='block_1_27' title="bbox 2191 2635 3819 2718">
    <p class='ocr_par' dir='ltr' id='par_1_27' title="bbox 2191 2635 3819 2715">
     <span class='ocr_line' id='line_1_27' title="bbox 2191 2635 3819 2715; baseline -0.004 -15"><span class='ocrx_word' id='word_1_282' title='bbox 2191 2659 2314 2700; x_wconf 61' lang='lat' dir='ltr'>suae</span> <span class='ocrx_word' id='word_1_283' title='bbox 2373 2639 3095 2714; x_wconf 62' lang='lat' dir='ltr'>calamitatibuszAé-ca‘zp</span> <span class='ocrx_word' id='word_1_284' title='bbox 3153 2635 3337 2693; x_wconf 69' lang='grc' dir='ltr'><strong>ἔπειτα</strong></span> <span class='ocrx_word' id='word_1_285' title='bbox 3393 2640 3593 2715; x_wconf 80' lang='grc' dir='ltr'>γάμοιο</span> <span class='ocrx_word' id='word_1_286' title='bbox 3657 2637 3819 2714; x_wconf 80' lang='grc' dir='ltr'>βαρὺν</span> 
     </span>
    </p>
   </div>
   <div class='ocr_carea' id='block_1_28' title="bbox 436 2732 2064 2817">
    <p class='ocr_par' dir='ltr' id='par_1_28' title="bbox 436 2732 2034 2816">
     <span class='ocr_line' id='line_1_28' title="bbox 436 2732 2034 2816; baseline 0.003 -23"><span class='ocrx_word' id='word_1_287' title='bbox 436 2736 589 2812; x_wconf 83' lang='grc' dir='ltr'>ζυγὸν</span> <span class='ocrx_word' id='word_1_288' title='bbox 620 2732 772 2795; x_wconf 68' lang='grc' dir='ltr'>ἕκτος</span> <span class='ocrx_word' id='word_1_289' title='bbox 805 2733 991 2804; x_wconf 76' lang='grc' dir='ltr'>ἔθηκα.</span> <span class='ocrx_word' id='word_1_290' title='bbox 1051 2737 1285 2797; x_wconf 89' lang='lat' dir='ltr'>Deinde</span> <span class='ocrx_word' id='word_1_291' title='bbox 1341 2757 1489 2799; x_wconf 89' lang='lat' dir='ltr'>vero</span> <span class='ocrx_word' id='word_1_292' title='bbox 1572 2757 1762 2815; x_wconf 88' lang='lat' dir='ltr'>grave</span> <span class='ocrx_word' id='word_1_293' title='bbox 1809 2737 2034 2816; x_wconf 92' lang='lat' dir='ltr'>jugum</span> 
     </span>
    </p>
   </div>
   <div class='ocr_carea' id='block_1_29' title="bbox 2197 2732 3825 2817">
    <p class='ocr_par' dir='ltr' id='par_1_29' title="bbox 2197 2737 3825 2817">
     <span class='ocr_line' id='line_1_29' title="bbox 2197 2737 3825 2817; baseline 0 -19"><span class='ocrx_word' id='word_1_294' title='bbox 2197 2739 2486 2798; x_wconf 72' lang='lat' dir='ltr'>Ltrimonii</span> <span class='ocrx_word' id='word_1_295' title='bbox 2563 2759 2600 2798; x_wconf 90' lang='lat' dir='ltr'>a</span> <span class='ocrx_word' id='word_1_296' title='bbox 2673 2757 2770 2799; x_wconf 93' lang='lat' dir='ltr'>me</span> <span class='ocrx_word' id='word_1_297' title='bbox 2827 2738 3096 2817; x_wconf 88' lang='lat' dir='ltr'>seposui.</span> <span class='ocrx_word' id='word_1_298' title='bbox 3159 2762 3186 2793; x_wconf 71' lang='grc' dir='ltr'>ι)</span> <span class='ocrx_word' id='word_1_299' title='bbox 3249 2737 3668 2799; x_wconf 88' lang='lat' dir='ltr'>Nihilominus</span> <span class='ocrx_word' id='word_1_300' title='bbox 3737 2743 3825 2798; x_wconf 89' lang='lat' dir='ltr'>ta-</span> 
     </span>
    </p>
   </div>
   <div class='ocr_carea' id='block_1_30' title="bbox 432 2833 3815 2914">
    <p class='ocr_par' dir='ltr' id='par_1_30' title="bbox 432 2833 3815 2914">
     <span class='ocr_line' id='line_1_30' title="bbox 432 2833 3815 2914; baseline -0 -18"><span class='ocrx_word' id='word_1_301' title='bbox 432 2854 574 2896; x_wconf 90' lang='lat' dir='ltr'>men</span> <span class='ocrx_word' id='word_1_302' title='bbox 630 2835 766 2894; x_wconf 63' lang='lat' dir='ltr'>hmc</span> <span class='ocrx_word' id='word_1_303' title='bbox 820 2834 910 2894; x_wconf 92' lang='lat' dir='ltr'>ita</span> <span class='ocrx_word' id='word_1_304' title='bbox 965 2853 1030 2895; x_wconf 87' lang='lat' dir='ltr'>se</span> <span class='ocrx_word' id='word_1_305' title='bbox 1085 2833 1316 2896; x_wconf 89' lang='lat' dir='ltr'>habere</span> <span class='ocrx_word' id='word_1_306' title='bbox 1369 2854 1644 2895; x_wconf 89' lang='lat' dir='ltr'>asserere</span> <span class='ocrx_word' id='word_1_307' title='bbox 1703 2855 1824 2896; x_wconf 91' lang='lat' dir='ltr'>non</span> <span class='ocrx_word' id='word_1_308' title='bbox 1879 2854 2068 2896; x_wconf 88' lang='lat' dir='ltr'>ausus</span> <span class='ocrx_word' id='word_1_309' title='bbox 2124 2841 2217 2896; x_wconf 90' lang='lat' dir='ltr'>est</span> <span class='ocrx_word' id='word_1_310' title='bbox 2271 2836 2668 2896; x_wconf 85' lang='lat' dir='ltr'>Muratorius.</span> <span class='ocrx_word' id='word_1_311' title='bbox 2742 2838 3042 2896; x_wconf 88' lang='lat' dir='ltr'>Amamus</span> <span class='ocrx_word' id='word_1_312' title='bbox 3099 2836 3299 2895; x_wconf 92' lang='lat' dir='ltr'>virum</span> <span class='ocrx_word' id='word_1_313' title='bbox 3359 2837 3612 2896; x_wconf 90' lang='lat' dir='ltr'>doctum</span> <span class='ocrx_word' id='word_1_314' title='bbox 3646 2835 3815 2914; x_wconf 91' lang='lat' dir='ltr'>quod</span> 
     </span>
    </p>
   </div>
   <div class='ocr_carea' id='block_1_31' title="bbox 427 2931 2491 3013">
    <p class='ocr_par' dir='ltr' id='par_1_31' title="bbox 427 2931 2491 3013">
     <span class='ocr_line' id='line_1_31' title="bbox 427 2931 2491 3013; baseline 0 -20"><span class='ocrx_word' id='word_1_315' title='bbox 427 2952 559 3013; x_wconf 70' lang='lat' dir='ltr'>praa</span> <span class='ocrx_word' id='word_1_316' title='bbox 589 2931 966 2993; x_wconf 87' lang='lat' dir='ltr'>verecundia</span> <span class='ocrx_word' id='word_1_317' title='bbox 994 2950 1124 2991; x_wconf 91' lang='lat' dir='ltr'>rem</span> <span class='ocrx_word' id='word_1_318' title='bbox 1154 2939 1284 2991; x_wconf 93' lang='lat' dir='ltr'>tam</span> <span class='ocrx_word' id='word_1_319' title='bbox 1316 2933 1661 2992; x_wconf 87' lang='lat' dir='ltr'>inauditam</span> <span class='ocrx_word' id='word_1_320' title='bbox 1696 2953 1809 3010; x_wconf 89' lang='lat' dir='ltr'>pro</span> <span class='ocrx_word' id='word_1_321' title='bbox 1842 2941 2007 2994; x_wconf 90' lang='lat' dir='ltr'>certe</span> <span class='ocrx_word' id='word_1_322' title='bbox 2039 2952 2162 2992; x_wconf 93' lang='lat' dir='ltr'>non</span> <span class='ocrx_word' id='word_1_323' title='bbox 2195 2933 2491 2993; x_wconf 86' lang='lat' dir='ltr'>afﬁrmat.</span> 
     </span>
    </p>
   </div>
   <div class='ocr_carea' id='block_1_32' title="bbox 505 3028 3823 3109">
    <p class='ocr_par' dir='ltr' id='par_1_32' title="bbox 505 3028 3823 3109">
     <span class='ocr_line' id='line_1_32' title="bbox 505 3028 3823 3109; baseline -0 -18"><span class='ocrx_word' id='word_1_324' title='bbox 505 3034 630 3091; x_wconf 88' lang='lat' dir='ltr'>Nos</span> <span class='ocrx_word' id='word_1_325' title='bbox 685 3048 831 3090; x_wconf 91' lang='lat' dir='ltr'>vero</span> <span class='ocrx_word' id='word_1_326' title='bbox 887 3048 1072 3089; x_wconf 91' lang='lat' dir='ltr'>omne</span> <span class='ocrx_word' id='word_1_327' title='bbox 1131 3049 1383 3107; x_wconf 87' lang='lat' dir='ltr'>prorsus</span> <span class='ocrx_word' id='word_1_328' title='bbox 1440 3032 1909 3091; x_wconf 88' lang='lat' dir='ltr'>matrimonium</span> <span class='ocrx_word' id='word_1_329' title='bbox 1968 3050 2005 3090; x_wconf 92' lang='lat' dir='ltr'>a</span> <span class='ocrx_word' id='word_1_330' title='bbox 2055 3031 2349 3108; x_wconf 89' lang='lat' dir='ltr'>Gregorio</span> <span class='ocrx_word' id='word_1_331' title='bbox 2407 3030 2871 3108; x_wconf 87' lang='lat' dir='ltr'>propulsamus.</span> <span class='ocrx_word' id='word_1_332' title='bbox 2936 3031 3071 3107; x_wconf 92' lang='lat' dir='ltr'>Ipse</span> <span class='ocrx_word' id='word_1_333' title='bbox 3130 3028 3507 3089; x_wconf 88' lang='lat' dir='ltr'>Muratorius</span> <span class='ocrx_word' id='word_1_334' title='bbox 3574 3029 3657 3109; x_wconf 81' lang='grc' dir='ltr'>(ὸ)</span> <span class='ocrx_word' id='word_1_335' title='bbox 3718 3049 3823 3090; x_wconf 88' lang='lat' dir='ltr'>ar-</span> 
     </span>
    </p>
   </div>
   <div class='ocr_carea' id='block_1_33' title="bbox 421 3126 3831 3207">
    <p class='ocr_par' dir='ltr' id='par_1_33' title="bbox 421 3126 3831 3207">
     <span class='ocr_line' id='line_1_33' title="bbox 421 3126 3831 3207; baseline -0 -19"><span class='ocrx_word' id='word_1_336' title='bbox 421 3134 723 3206; x_wconf 89' lang='lat' dir='ltr'>gumenta</span> <span class='ocrx_word' id='word_1_337' title='bbox 778 3127 1246 3205; x_wconf 87' lang='lat' dir='ltr'>suppeditabit:</span> <span class='ocrx_word' id='word_1_338' title='bbox 1317 3149 1345 3184; x_wconf 86' lang='grc'><em>‹‹</em></span> <span class='ocrx_word' id='word_1_339' title='bbox 1403 3129 1525 3188; x_wconf 86' lang='lat' dir='ltr'>Cur</span> <span class='ocrx_word' id='word_1_340' title='bbox 1599 3129 1763 3188; x_wconf 92' lang='lat' dir='ltr'>enim</span> <span class='ocrx_word' id='word_1_341' title='bbox 1842 3128 2195 3206; x_wconf 89' lang='lat' dir='ltr'>Gregorius,</span> <span class='ocrx_word' id='word_1_342' title='bbox 2255 3129 2476 3207; x_wconf 91' lang='lat' dir='ltr'>inquit,</span> <span class='ocrx_word' id='word_1_343' title='bbox 2514 3127 2621 3205; x_wconf 93' lang='lat' dir='ltr'>qui</span> <span class='ocrx_word' id='word_1_344' title='bbox 2658 3133 2787 3187; x_wconf 91' lang='lat' dir='ltr'>tam</span> <span class='ocrx_word' id='word_1_345' title='bbox 2819 3145 2983 3204; x_wconf 67' lang='lat' dir='ltr'>saepe</span> <span class='ocrx_word' id='word_1_346' title='bbox 3016 3145 3087 3186; x_wconf 90' lang='lat' dir='ltr'>ac</span> <span class='ocrx_word' id='word_1_347' title='bbox 3123 3133 3212 3185; x_wconf 91' lang='lat' dir='ltr'>tot</span> <span class='ocrx_word' id='word_1_348' title='bbox 3269 3126 3492 3198; x_wconf 89' lang='lat' dir='ltr'>verbis,</span> <span class='ocrx_word' id='word_1_349' title='bbox 3557 3127 3652 3185; x_wconf 92' lang='lat' dir='ltr'>vel</span> <span class='ocrx_word' id='word_1_350' title='bbox 3719 3128 3831 3187; x_wconf 88' lang='lat' dir='ltr'>mi-</span> 
     </span>
    </p>
   </div>
   <div class='ocr_carea' id='block_1_34' title="bbox 420 3222 3830 3301">
    <p class='ocr_par' dir='ltr' id='par_1_34' title="bbox 420 3222 3830 3301">
     <span class='ocr_line' id='line_1_34' title="bbox 420 3222 3830 3301; baseline -0.001 -14"><span class='ocrx_word' id='word_1_351' title='bbox 420 3233 576 3286; x_wconf 89' lang='lat' dir='ltr'>nuta</span> <span class='ocrx_word' id='word_1_352' title='bbox 624 3225 766 3284; x_wconf 62' lang='lat' dir='ltr'>vita</span> <span class='ocrx_word' id='word_1_353' title='bbox 824 3242 952 3284; x_wconf 77' lang='lat' dir='ltr'>suae</span> <span class='ocrx_word' id='word_1_354' title='bbox 1010 3225 1400 3285; x_wconf 89' lang='lat' dir='ltr'>monimenta</span> <span class='ocrx_word' id='word_1_355' title='bbox 1455 3226 1738 3286; x_wconf 90' lang='lat' dir='ltr'>versibus</span> <span class='ocrx_word' id='word_1_356' title='bbox 1794 3227 2040 3298; x_wconf 88' lang='lat' dir='ltr'>clausit,</span> <span class='ocrx_word' id='word_1_357' title='bbox 2100 3226 2220 3286; x_wconf 91' lang='lat' dir='ltr'>hoc</span> <span class='ocrx_word' id='word_1_358' title='bbox 2285 3243 2476 3285; x_wconf 90' lang='lat' dir='ltr'>unum</span> <span class='ocrx_word' id='word_1_359' title='bbox 2528 3242 2653 3284; x_wconf 93' lang='lat' dir='ltr'>non</span> <span class='ocrx_word' id='word_1_360' title='bbox 2712 3223 2862 3285; x_wconf 90' lang='lat' dir='ltr'>levis</span> <span class='ocrx_word' id='word_1_361' title='bbox 2923 3223 3223 3284; x_wconf 88' lang='lat' dir='ltr'>momenti</span> <span class='ocrx_word' id='word_1_362' title='bbox 3285 3222 3679 3301; x_wconf 68' lang='lat' dir='ltr'>praeterisset,</span> <span class='ocrx_word' id='word_1_363' title='bbox 3717 3230 3830 3282; x_wconf 91' lang='lat' dir='ltr'>aut</span> 
     </span>
    </p>
   </div>
   <div class='ocr_carea' id='block_1_35' title="bbox 423 3321 3822 3402">
    <p class='ocr_par' dir='ltr' id='par_1_35' title="bbox 423 3321 3822 3402">
     <span class='ocr_line' id='line_1_35' title="bbox 423 3321 3822 3402; baseline -0.001 -20"><span class='ocrx_word' id='word_1_364' title='bbox 423 3331 548 3382; x_wconf 89' lang='lat' dir='ltr'>tam</span> <span class='ocrx_word' id='word_1_365' title='bbox 599 3321 856 3400; x_wconf 85' lang='lat' dir='ltr'>jejunus</span> <span class='ocrx_word' id='word_1_366' title='bbox 902 3322 1500 3382; x_wconf 89' lang='lat' dir='ltr'>commemorasset?</span> <span class='ocrx_word' id='word_1_367' title='bbox 1561 3347 1587 3377; x_wconf 85' lang='lat'>»</span> <span class='ocrx_word' id='word_1_368' title='bbox 1649 3326 1860 3402; x_wconf 88' lang='lat' dir='ltr'>Neque</span> <span class='ocrx_word' id='word_1_369' title='bbox 1918 3341 2064 3383; x_wconf 89' lang='lat' dir='ltr'>vero</span> <span class='ocrx_word' id='word_1_370' title='bbox 2126 3323 2187 3381; x_wconf 88' lang='lat' dir='ltr'>id</span> <span class='ocrx_word' id='word_1_371' title='bbox 2237 3328 2483 3382; x_wconf 92' lang='lat' dir='ltr'>tantum</span> <span class='ocrx_word' id='word_1_372' title='bbox 2542 3322 2813 3398; x_wconf 89' lang='lat' dir='ltr'>silentio,</span> <span class='ocrx_word' id='word_1_373' title='bbox 2872 3327 2932 3381; x_wconf 91' lang='lat' dir='ltr'>et</span> <span class='ocrx_word' id='word_1_374' title='bbox 2990 3327 3384 3398; x_wconf 89' lang='lat' dir='ltr'>argumento,</span> <span class='ocrx_word' id='word_1_375' title='bbox 3446 3325 3513 3379; x_wconf 90' lang='lat' dir='ltr'>ut</span> <span class='ocrx_word' id='word_1_376' title='bbox 3568 3327 3822 3390; x_wconf 88' lang='lat' dir='ltr'>vocant,</span> 
     </span>
    </p>
   </div>
   <div class='ocr_carea' id='block_1_36' title="bbox 420 3419 3830 3499">
    <p class='ocr_par' dir='ltr' id='par_1_36' title="bbox 420 3419 3830 3499">
     <span class='ocr_line' id='line_1_36' title="bbox 420 3419 3830 3499; baseline 0 -19"><span class='ocrx_word' id='word_1_377' title='bbox 420 3426 738 3498; x_wconf 89' lang='lat' dir='ltr'>negante;</span> <span class='ocrx_word' id='word_1_378' title='bbox 796 3438 1159 3498; x_wconf 88' lang='lat' dir='ltr'>quanquam</span> <span class='ocrx_word' id='word_1_379' title='bbox 1218 3421 1281 3480; x_wconf 90' lang='lat' dir='ltr'>id</span> <span class='ocrx_word' id='word_1_380' title='bbox 1338 3440 1532 3498; x_wconf 91' lang='lat' dir='ltr'>genus</span> <span class='ocrx_word' id='word_1_381' title='bbox 1590 3421 1946 3498; x_wconf 90' lang='lat' dir='ltr'>argumenti</span> <span class='ocrx_word' id='word_1_382' title='bbox 2003 3421 2212 3480; x_wconf 88' lang='lat' dir='ltr'>valere</span> <span class='ocrx_word' id='word_1_383' title='bbox 2261 3422 2467 3494; x_wconf 88' lang='lat' dir='ltr'>debet,</span> <span class='ocrx_word' id='word_1_384' title='bbox 2529 3421 2637 3481; x_wconf 90' lang='lat' dir='ltr'>ubi</span> <span class='ocrx_word' id='word_1_385' title='bbox 2692 3421 2844 3499; x_wconf 90' lang='lat' dir='ltr'>quid</span> <span class='ocrx_word' id='word_1_386' title='bbox 2903 3419 3115 3492; x_wconf 90' lang='lat' dir='ltr'>habet,</span> <span class='ocrx_word' id='word_1_387' title='bbox 3177 3420 3346 3497; x_wconf 91' lang='lat' dir='ltr'>quod</span> <span class='ocrx_word' id='word_1_388' title='bbox 3405 3419 3554 3478; x_wconf 86' lang='lat' dir='ltr'>facti</span> <span class='ocrx_word' id='word_1_389' title='bbox 3609 3419 3736 3478; x_wconf 88' lang='lat' dir='ltr'>vim</span> <span class='ocrx_word' id='word_1_390' title='bbox 3767 3423 3830 3480; x_wconf 88' lang='lat' dir='ltr'>et</span> 
     </span>
    </p>
   </div>
   <div class='ocr_carea' id='block_1_37' title="bbox 421 3515 3819 3596">
    <p class='ocr_par' dir='ltr' id='par_1_37' title="bbox 421 3515 3819 3596">
     <span class='ocr_line' id='line_1_37' title="bbox 421 3515 3819 3596; baseline -0.001 -20"><span class='ocrx_word' id='word_1_391' title='bbox 421 3517 629 3576; x_wconf 92' lang='lat' dir='ltr'>locum</span> <span class='ocrx_word' id='word_1_392' title='bbox 687 3516 1000 3576; x_wconf 89' lang='lat' dir='ltr'>obtineat:</span> <span class='ocrx_word' id='word_1_393' title='bbox 1063 3517 1164 3576; x_wconf 91' lang='lat' dir='ltr'>hic</span> <span class='ocrx_word' id='word_1_394' title='bbox 1222 3524 1432 3578; x_wconf 90' lang='lat' dir='ltr'>autem</span> <span class='ocrx_word' id='word_1_395' title='bbox 1487 3519 1698 3592; x_wconf 85' lang='lat' dir='ltr'>habet,</span> <span class='ocrx_word' id='word_1_396' title='bbox 1761 3520 1813 3578; x_wconf 86' lang='lat' dir='ltr'>si</span> <span class='ocrx_word' id='word_1_397' title='bbox 1861 3537 2137 3596; x_wconf 90' lang='lat' dir='ltr'>unquam</span> <span class='ocrx_word' id='word_1_398' title='bbox 2199 3517 2465 3588; x_wconf 90' lang='lat' dir='ltr'>habuit;</span> <span class='ocrx_word' id='word_1_399' title='bbox 2526 3536 2667 3577; x_wconf 93' lang='lat' dir='ltr'>cum</span> <span class='ocrx_word' id='word_1_400' title='bbox 2726 3517 2834 3595; x_wconf 90' lang='lat' dir='ltr'>qui</span> <span class='ocrx_word' id='word_1_401' title='bbox 2890 3535 3096 3576; x_wconf 92' lang='lat' dir='ltr'>rerum</span> <span class='ocrx_word' id='word_1_402' title='bbox 3151 3535 3406 3576; x_wconf 89' lang='lat' dir='ltr'>suarum</span> <span class='ocrx_word' id='word_1_403' title='bbox 3468 3515 3819 3588; x_wconf 87' lang='lat' dir='ltr'>historiam,</span> 
     </span>
    </p>
   </div>
   <div class='ocr_carea' id='block_1_38' title="bbox 422 3614 3824 3693">
    <p class='ocr_par' dir='ltr' id='par_1_38' title="bbox 422 3614 3824 3693">
     <span class='ocr_line' id='line_1_38' title="bbox 422 3614 3824 3693; baseline 0 -21"><span class='ocrx_word' id='word_1_404' title='bbox 422 3633 548 3673; x_wconf 91' lang='lat' dir='ltr'>non</span> <span class='ocrx_word' id='word_1_405' title='bbox 605 3631 751 3686; x_wconf 91' lang='lat' dir='ltr'>uno,</span> <span class='ocrx_word' id='word_1_406' title='bbox 813 3614 920 3674; x_wconf 90' lang='lat' dir='ltr'>sed</span> <span class='ocrx_word' id='word_1_407' title='bbox 979 3615 1307 3693; x_wconf 87' lang='lat' dir='ltr'>multiplici</span> <span class='ocrx_word' id='word_1_408' title='bbox 1353 3622 1665 3693; x_wconf 89' lang='lat' dir='ltr'>poemate,</span> <span class='ocrx_word' id='word_1_409' title='bbox 1733 3635 1855 3675; x_wconf 95' lang='lat' dir='ltr'>non</span> <span class='ocrx_word' id='word_1_410' title='bbox 1913 3616 2135 3685; x_wconf 87' lang='lat' dir='ltr'>obiter,</span> <span class='ocrx_word' id='word_1_411' title='bbox 2202 3615 2308 3674; x_wconf 90' lang='lat' dir='ltr'>sed</span> <span class='ocrx_word' id='word_1_412' title='bbox 2358 3614 2570 3674; x_wconf 89' lang='lat' dir='ltr'>dedita</span> <span class='ocrx_word' id='word_1_413' title='bbox 2617 3633 2811 3693; x_wconf 89' lang='lat' dir='ltr'>opera</span> <span class='ocrx_word' id='word_1_414' title='bbox 2856 3619 3270 3690; x_wconf 87' lang='lat' dir='ltr'>accurateque</span> <span class='ocrx_word' id='word_1_415' title='bbox 3321 3619 3530 3672; x_wconf 88' lang='lat' dir='ltr'>texere</span> <span class='ocrx_word' id='word_1_416' title='bbox 3580 3631 3645 3672; x_wconf 90' lang='lat' dir='ltr'>se</span> <span class='ocrx_word' id='word_1_417' title='bbox 3678 3631 3824 3690; x_wconf 82' lang='lat' dir='ltr'>pro-</span> 
     </span>
    </p>
   </div>
   <div class='ocr_carea' id='block_1_39' title="bbox 423 3709 3824 3792">
    <p class='ocr_par' dir='ltr' id='par_1_39' title="bbox 423 3709 3824 3792">
     <span class='ocr_line' id='line_1_39' title="bbox 423 3709 3824 3792; baseline -0.001 -21"><span class='ocrx_word' id='word_1_418' title='bbox 423 3711 654 3783; x_wconf 89' lang='lat' dir='ltr'>ﬁtetur,</span> <span class='ocrx_word' id='word_1_419' title='bbox 719 3730 847 3771; x_wconf 87' lang='lat' dir='ltr'>rem</span> <span class='ocrx_word' id='word_1_420' title='bbox 904 3719 1111 3771; x_wconf 91' lang='lat' dir='ltr'>tamen</span> <span class='ocrx_word' id='word_1_421' title='bbox 1175 3731 1362 3772; x_wconf 91' lang='lat' dir='ltr'>unam</span> <span class='ocrx_word' id='word_1_422' title='bbox 1421 3733 1453 3773; x_wconf 89' lang='lat' dir='ltr'>e</span> <span class='ocrx_word' id='word_1_423' title='bbox 1503 3713 1856 3792; x_wconf 67' lang='lat' dir='ltr'>praecipuis,</span> <span class='ocrx_word' id='word_1_424' title='bbox 1917 3713 1966 3772; x_wconf 91' lang='lat' dir='ltr'>si</span> <span class='ocrx_word' id='word_1_425' title='bbox 2022 3731 2148 3772; x_wconf 90' lang='lat' dir='ltr'>non</span> <span class='ocrx_word' id='word_1_426' title='bbox 2207 3711 2393 3771; x_wconf 90' lang='lat' dir='ltr'>etiam</span> <span class='ocrx_word' id='word_1_427' title='bbox 2453 3731 2529 3772; x_wconf 88' lang='lat' dir='ltr'>ex</span> <span class='ocrx_word' id='word_1_428' title='bbox 2586 3712 2876 3773; x_wconf 90' lang='lat' dir='ltr'>omnibus</span> <span class='ocrx_word' id='word_1_429' title='bbox 2933 3710 3310 3790; x_wconf 68' lang='lat' dir='ltr'>praecipuam</span> <span class='ocrx_word' id='word_1_430' title='bbox 3370 3709 3532 3782; x_wconf 85' lang='lat' dir='ltr'>silet,</span> <span class='ocrx_word' id='word_1_431' title='bbox 3567 3728 3708 3786; x_wconf 60' lang='lat' dir='ltr'>qua</span> <span class='ocrx_word' id='word_1_432' title='bbox 3742 3709 3824 3769; x_wconf 89' lang='lat' dir='ltr'>ad</span> 
     </span>
    </p>
   </div>
   <div class='ocr_carea' id='block_1_40' title="bbox 421 3807 3823 3888">
    <p class='ocr_par' dir='ltr' id='par_1_40' title="bbox 421 3807 3823 3888">
     <span class='ocr_line' id='line_1_40' title="bbox 421 3807 3823 3888; baseline -0 -21"><span class='ocrx_word' id='word_1_433' title='bbox 421 3808 566 3867; x_wconf 72' lang='lat' dir='ltr'>vitae</span> <span class='ocrx_word' id='word_1_434' title='bbox 597 3807 952 3882; x_wconf 87' lang='lat' dir='ltr'>varietates,</span> <span class='ocrx_word' id='word_1_435' title='bbox 988 3827 1144 3886; x_wconf 88' lang='lat' dir='ltr'>quas</span> <span class='ocrx_word' id='word_1_436' title='bbox 1186 3810 1404 3870; x_wconf 87' lang='lat' dir='ltr'>litteris</span> <span class='ocrx_word' id='word_1_437' title='bbox 1466 3811 1722 3870; x_wconf 90' lang='lat' dir='ltr'>mandat</span> <span class='ocrx_word' id='word_1_438' title='bbox 1777 3829 1965 3888; x_wconf 90' lang='lat' dir='ltr'>quam</span> <span class='ocrx_word' id='word_1_439' title='bbox 2029 3809 2299 3869; x_wconf 84' lang='lat' dir='ltr'>maxime</span> <span class='ocrx_word' id='word_1_440' title='bbox 2355 3810 2523 3882; x_wconf 81' lang='lat' dir='ltr'>facit,</span> <span class='ocrx_word' id='word_1_441' title='bbox 2579 3810 2765 3887; x_wconf 91' lang='lat' dir='ltr'>quale</span> <span class='ocrx_word' id='word_1_442' title='bbox 2821 3809 3100 3888; x_wconf 87' lang='lat' dir='ltr'>profecto</span> <span class='ocrx_word' id='word_1_443' title='bbox 3158 3813 3249 3867; x_wconf 89' lang='lat' dir='ltr'>est</span> <span class='ocrx_word' id='word_1_444' title='bbox 3306 3807 3445 3866; x_wconf 79' lang='lat' dir='ltr'>vitae</span> <span class='ocrx_word' id='word_1_445' title='bbox 3503 3825 3700 3884; x_wconf 89' lang='lat' dir='ltr'>genus</span> <span class='ocrx_word' id='word_1_446' title='bbox 3760 3811 3823 3866; x_wconf 87' lang='lat' dir='ltr'>et</span> 
     </span>
    </p>
   </div>
   <div class='ocr_carea' id='block_1_41' title="bbox 422 3904 3820 3985">
    <p class='ocr_par' dir='ltr' id='par_1_41' title="bbox 422 3904 3820 3985">
     <span class='ocr_line' id='line_1_41' title="bbox 422 3904 3820 3985; baseline 0 -21"><span class='ocrx_word' id='word_1_447' title='bbox 422 3923 661 3980; x_wconf 90' lang='lat' dir='ltr'>cursus,</span> <span class='ocrx_word' id='word_1_448' title='bbox 695 3923 883 3982; x_wconf 89' lang='lat' dir='ltr'>quem</span> <span class='ocrx_word' id='word_1_449' title='bbox 933 3907 1265 3984; x_wconf 88' lang='lat' dir='ltr'>Gregorius</span> <span class='ocrx_word' id='word_1_450' title='bbox 1308 3914 1516 3967; x_wconf 86' lang='lat' dir='ltr'>tenere</span> <span class='ocrx_word' id='word_1_451' title='bbox 1572 3908 1952 3968; x_wconf 88' lang='lat' dir='ltr'>decreverat.</span> <span class='ocrx_word' id='word_1_452' title='bbox 2014 3907 2134 3970; x_wconf 90' lang='lat' dir='ltr'>Ubi</span> <span class='ocrx_word' id='word_1_453' title='bbox 2192 3906 2356 3966; x_wconf 90' lang='lat' dir='ltr'>enim</span> <span class='ocrx_word' id='word_1_454' title='bbox 2415 3908 2493 3967; x_wconf 91' lang='lat' dir='ltr'>de</span> <span class='ocrx_word' id='word_1_455' title='bbox 2544 3925 2769 3985; x_wconf 84' lang='lat' dir='ltr'>genere</span> <span class='ocrx_word' id='word_1_456' title='bbox 2825 3906 2968 3965; x_wconf 68' lang='lat' dir='ltr'>vitae</span> <span class='ocrx_word' id='word_1_457' title='bbox 3017 3905 3334 3982; x_wconf 90' lang='lat' dir='ltr'>diligendo</span> <span class='ocrx_word' id='word_1_458' title='bbox 3395 3904 3820 3964; x_wconf 85' lang='lat' dir='ltr'>Nazianzenus</span> 
     </span>
    </p>
   </div>
   <div class='ocr_carea' id='block_1_42' title="bbox 420 4001 3822 4083">
    <p class='ocr_par' dir='ltr' id='par_1_42' title="bbox 420 4001 3822 4083">
     <span class='ocr_line' id='line_1_42' title="bbox 420 4001 3822 4083; baseline -0 -20"><span class='ocrx_word' id='word_1_459' title='bbox 420 4003 669 4080; x_wconf 88' lang='lat' dir='ltr'>agebat,</span> <span class='ocrx_word' id='word_1_460' title='bbox 703 4003 790 4064; x_wconf 91' lang='lat' dir='ltr'>ibi</span> <span class='ocrx_word' id='word_1_461' title='bbox 846 4022 995 4064; x_wconf 89' lang='lat' dir='ltr'>sane</span> <span class='ocrx_word' id='word_1_462' title='bbox 1053 4005 1269 4065; x_wconf 90' lang='lat' dir='ltr'>debuit</span> <span class='ocrx_word' id='word_1_463' title='bbox 1325 4025 1510 4083; x_wconf 84' lang='lat' dir='ltr'>agere</span> <span class='ocrx_word' id='word_1_464' title='bbox 1567 4007 1640 4066; x_wconf 92' lang='lat' dir='ltr'>de</span> <span class='ocrx_word' id='word_1_465' title='bbox 1701 4005 2122 4077; x_wconf 89' lang='lat' dir='ltr'>matrimonio,</span> <span class='ocrx_word' id='word_1_466' title='bbox 2184 4004 2235 4063; x_wconf 91' lang='lat' dir='ltr'>si</span> <span class='ocrx_word' id='word_1_467' title='bbox 2286 4005 2652 4082; x_wconf 91' lang='lat' dir='ltr'>posthabita</span> <span class='ocrx_word' id='word_1_468' title='bbox 2710 4004 2925 4064; x_wconf 74' lang='lat' dir='ltr'>caelibe</span> <span class='ocrx_word' id='word_1_469' title='bbox 2983 4002 3110 4063; x_wconf 84' lang='lat' dir='ltr'>vita</span> <span class='ocrx_word' id='word_1_470' title='bbox 3179 4002 3259 4062; x_wconf 92' lang='lat' dir='ltr'>ad</span> <span class='ocrx_word' id='word_1_471' title='bbox 3315 4001 3568 4080; x_wconf 88' lang='lat' dir='ltr'>nuptias</span> <span class='ocrx_word' id='word_1_472' title='bbox 3597 4019 3822 4062; x_wconf 89' lang='lat' dir='ltr'>convo-</span> 
     </span>
    </p>
   </div>
   <div class='ocr_carea' id='block_1_43' title="bbox 417 4099 591 4159">
    <p class='ocr_par' dir='ltr' id='par_1_43' title="bbox 417 4099 591 4159">
     <span class='ocr_line' id='line_1_43' title="bbox 417 4099 591 4159; baseline -0.006 -1"><span class='ocrx_word' id='word_1_473' title='bbox 417 4099 591 4159; x_wconf 90' lang='lat' dir='ltr'>lavit.</span> 
     </span>
    </p>
   </div>
   <div class='ocr_carea' id='block_1_44' title="bbox 497 4195 3821 4278">
    <p class='ocr_par' dir='ltr' id='par_1_44' title="bbox 497 4195 3821 4278">
     <span class='ocr_line' id='line_1_44' title="bbox 497 4195 3821 4278; baseline 0.001 -24"><span class='ocrx_word' id='word_1_474' title='bbox 497 4199 710 4273; x_wconf 90' lang='lat' dir='ltr'>Neque</span> <span class='ocrx_word' id='word_1_475' title='bbox 768 4215 913 4258; x_wconf 90' lang='lat' dir='ltr'>vero</span> <span class='ocrx_word' id='word_1_476' title='bbox 962 4216 1086 4271; x_wconf 91' lang='lat' dir='ltr'>eos,</span> <span class='ocrx_word' id='word_1_477' title='bbox 1153 4201 1260 4278; x_wconf 92' lang='lat' dir='ltr'>qui</span> <span class='ocrx_word' id='word_1_478' title='bbox 1319 4201 1704 4261; x_wconf 90' lang='lat' dir='ltr'>matrimonii</span> <span class='ocrx_word' id='word_1_479' title='bbox 1761 4201 2025 4261; x_wconf 89' lang='lat' dir='ltr'>vinculis</span> <span class='ocrx_word' id='word_1_480' title='bbox 2085 4205 2407 4266; x_wconf 90' lang='lat' dir='ltr'>astrictum</span> <span class='ocrx_word' id='word_1_481' title='bbox 2466 4201 2655 4261; x_wconf 87' lang='lat' dir='ltr'>fuisse</span> <span class='ocrx_word' id='word_1_482' title='bbox 2713 4199 3074 4277; x_wconf 90' lang='lat' dir='ltr'>Gregorium</span> <span class='ocrx_word' id='word_1_483' title='bbox 3127 4203 3403 4269; x_wconf 89' lang='lat' dir='ltr'>censent,</span> <span class='ocrx_word' id='word_1_484' title='bbox 3467 4195 3633 4256; x_wconf 84' lang='lat' dir='ltr'>istud</span> <span class='ocrx_word' id='word_1_485' title='bbox 3689 4215 3821 4257; x_wconf 87' lang='lat' dir='ltr'>ma-</span> 
     </span>
    </p>
   </div>
   <div class='ocr_carea' id='block_1_45' title="bbox 419 4291 3818 4382">
    <p class='ocr_par' dir='ltr' id='par_1_45' title="bbox 419 4291 3818 4382">
     <span class='ocr_line' id='line_1_45' title="bbox 419 4291 3818 4382; baseline 0.001 -31"><span class='ocrx_word' id='word_1_486' title='bbox 419 4291 783 4351; x_wconf 84' lang='lat' dir='ltr'>trimonium</span> <span class='ocrx_word' id='word_1_487' title='bbox 840 4294 1255 4356; x_wconf 89' lang='lat' dir='ltr'>collocaturos</span> <span class='ocrx_word' id='word_1_488' title='bbox 1312 4316 1444 4356; x_wconf 91' lang='lat' dir='ltr'>esse</span> <span class='ocrx_word' id='word_1_489' title='bbox 1500 4299 1770 4358; x_wconf 82' lang='lat' dir='ltr'>arbitror</span> <span class='ocrx_word' id='word_1_490' title='bbox 1830 4306 2160 4378; x_wconf 89' lang='lat' dir='ltr'>postquam</span> <span class='ocrx_word' id='word_1_491' title='bbox 2221 4301 2545 4382; x_wconf 88' lang='lat' dir='ltr'>presbyter</span> <span class='ocrx_word' id='word_1_492' title='bbox 2603 4305 2848 4358; x_wconf 90' lang='lat' dir='ltr'>creatus</span> <span class='ocrx_word' id='word_1_493' title='bbox 2905 4302 3018 4357; x_wconf 89' lang='lat' dir='ltr'>est.</span> <span class='ocrx_word' id='word_1_494' title='bbox 3081 4294 3174 4356; x_wconf 88' lang='lat' dir='ltr'>Ad</span> <span class='ocrx_word' id='word_1_495' title='bbox 3233 4294 3554 4355; x_wconf 76' lang='lat' dir='ltr'>conﬂictus</span> <span class='ocrx_word' id='word_1_496' title='bbox 3603 4295 3818 4372; x_wconf 91' lang='lat' dir='ltr'>itaque</span> 
     </span>
    </p>
   </div>
   <div class='ocr_carea' id='block_1_46' title="bbox 416 4387 3820 4476">
    <p class='ocr_par' dir='ltr' id='par_1_46' title="bbox 416 4387 3820 4476">
     <span class='ocr_line' id='line_1_46' title="bbox 416 4387 3820 4476; baseline 0.001 -28"><span class='ocrx_word' id='word_1_497' title='bbox 416 4387 722 4466; x_wconf 89' lang='lat' dir='ltr'>Theologi</span> <span class='ocrx_word' id='word_1_498' title='bbox 770 4390 1023 4469; x_wconf 90' lang='lat' dir='ltr'>nuptias</span> <span class='ocrx_word' id='word_1_499' title='bbox 1076 4397 1323 4471; x_wconf 90' lang='lat' dir='ltr'>tempus</span> <span class='ocrx_word' id='word_1_500' title='bbox 1375 4395 1436 4452; x_wconf 83' lang='lat' dir='ltr'>id</span> <span class='ocrx_word' id='word_1_501' title='bbox 1495 4414 1690 4454; x_wconf 92' lang='lat' dir='ltr'>unum</span> <span class='ocrx_word' id='word_1_502' title='bbox 1751 4405 2055 4474; x_wconf 89' lang='lat' dir='ltr'>superest,</span> <span class='ocrx_word' id='word_1_503' title='bbox 2116 4401 2285 4476; x_wconf 91' lang='lat' dir='ltr'>quod</span> <span class='ocrx_word' id='word_1_504' title='bbox 2345 4405 2488 4459; x_wconf 89' lang='lat' dir='ltr'>ante</span> <span class='ocrx_word' id='word_1_505' title='bbox 2537 4395 2951 4457; x_wconf 89' lang='lat' dir='ltr'>sacerdotium</span> <span class='ocrx_word' id='word_1_506' title='bbox 3003 4395 3136 4471; x_wconf 88' lang='lat' dir='ltr'>ejus</span> <span class='ocrx_word' id='word_1_507' title='bbox 3194 4393 3483 4452; x_wconf 88' lang='lat' dir='ltr'>efﬂuxit.</span> <span class='ocrx_word' id='word_1_508' title='bbox 3548 4393 3820 4452; x_wconf 89' lang='lat' dir='ltr'>Consen-</span> 
     </span>
    </p>
   </div>
   <div class='ocr_carea' id='block_1_47' title="bbox 421 4485 3816 4568">
    <p class='ocr_par' dir='ltr' id='par_1_47' title="bbox 421 4485 3816 4568">
     <span class='ocr_line' id='line_1_47' title="bbox 421 4485 3816 4568; baseline 0 -22"><span class='ocrx_word' id='word_1_509' title='bbox 421 4485 496 4546; x_wconf 89' lang='lat' dir='ltr'>tit</span> <span class='ocrx_word' id='word_1_510' title='bbox 543 4487 921 4547; x_wconf 88' lang='lat' dir='ltr'>Muratorius</span> <span class='ocrx_word' id='word_1_511' title='bbox 977 4493 1039 4548; x_wconf 90' lang='lat' dir='ltr'>et</span> <span class='ocrx_word' id='word_1_512' title='bbox 1093 4490 1180 4548; x_wconf 91' lang='lat' dir='ltr'>ait</span> <span class='ocrx_word' id='word_1_513' title='bbox 1239 4490 1315 4568; x_wconf 79' lang='grc' dir='ltr'>(ε)</span> <span class='ocrx_word' id='word_1_514' title='bbox 1381 4508 1394 4548; x_wconf 91' lang='lat'>:</span> <span class='ocrx_word' id='word_1_515' title='bbox 1464 4512 1490 4547; x_wconf 80' lang='grc' dir='ltr'>α</span> <span class='ocrx_word' id='word_1_516' title='bbox 1550 4494 1682 4551; x_wconf 82' lang='grc' dir='ltr'>Νοη</span> <span class='ocrx_word' id='word_1_517' title='bbox 1744 4492 1846 4552; x_wconf 91' lang='lat' dir='ltr'>diu</span> <span class='ocrx_word' id='word_1_518' title='bbox 1907 4492 2274 4556; x_wconf 72' lang='lat' dir='ltr'>constitisse</span> <span class='ocrx_word' id='word_1_519' title='bbox 2313 4495 2514 4556; x_wconf 88' lang='lat' dir='ltr'>carnis</span> <span class='ocrx_word' id='word_1_520' title='bbox 2573 4491 3077 4554; x_wconf 89' lang='lat' dir='ltr'>communionem</span> <span class='ocrx_word' id='word_1_521' title='bbox 3135 4490 3298 4549; x_wconf 85' lang='lat' dir='ltr'>inter</span> <span class='ocrx_word' id='word_1_522' title='bbox 3355 4488 3816 4548; x_wconf 87' lang='lat' dir='ltr'>Nazianzenum</span> 
     </span>
    </p>
   </div>
   <div class='ocr_carea' id='block_1_48' title="bbox 420 4581 3812 4670">
    <p class='ocr_par' dir='ltr' id='par_1_48' title="bbox 420 4581 3812 4670">
     <span class='ocr_line' id='line_1_48' title="bbox 420 4581 3812 4670; baseline 0 -29"><span class='ocrx_word' id='word_1_523' title='bbox 420 4585 484 4641; x_wconf 87' lang='lat' dir='ltr'>et</span> <span class='ocrx_word' id='word_1_524' title='bbox 525 4581 936 4643; x_wconf 88' lang='lat' dir='ltr'>Theosebiam</span> <span class='ocrx_word' id='word_1_525' title='bbox 993 4603 1007 4657; x_wconf 94' lang='lat'>;</span> <span class='ocrx_word' id='word_1_526' title='bbox 1069 4585 1175 4644; x_wconf 91' lang='lat' dir='ltr'>sed</span> <span class='ocrx_word' id='word_1_527' title='bbox 1234 4593 1573 4664; x_wconf 88' lang='lat' dir='ltr'>utrumque</span> <span class='ocrx_word' id='word_1_528' title='bbox 1630 4589 1979 4648; x_wconf 90' lang='lat' dir='ltr'>castitatem</span> <span class='ocrx_word' id='word_1_529' title='bbox 2037 4591 2165 4668; x_wconf 88' lang='lat' dir='ltr'>jam</span> <span class='ocrx_word' id='word_1_530' title='bbox 2224 4592 2470 4670; x_wconf 90' lang='lat' dir='ltr'>pridem</span> <span class='ocrx_word' id='word_1_531' title='bbox 2523 4590 2803 4668; x_wconf 89' lang='lat' dir='ltr'>elegisse,</span> <span class='ocrx_word' id='word_1_532' title='bbox 2860 4593 2928 4647; x_wconf 91' lang='lat' dir='ltr'>ut</span> <span class='ocrx_word' id='word_1_533' title='bbox 2982 4586 3400 4646; x_wconf 87' lang='lat' dir='ltr'>sacerdotium</span> <span class='ocrx_word' id='word_1_534' title='bbox 3461 4583 3567 4643; x_wconf 90' lang='lat' dir='ltr'>ille</span> <span class='ocrx_word' id='word_1_535' title='bbox 3607 4583 3812 4657; x_wconf 89' lang='lat' dir='ltr'>iniret,</span> 
     </span>
    </p>
   </div>
   <div class='ocr_carea' id='block_1_49' title="bbox 419 4680 3816 4768">
    <p class='ocr_par' dir='ltr' id='par_1_49' title="bbox 419 4680 3816 4768">
     <span class='ocr_line' id='line_1_49' title="bbox 419 4680 3816 4768; baseline 0.001 -30"><span class='ocrx_word' id='word_1_536' title='bbox 419 4684 490 4739; x_wconf 90' lang='lat' dir='ltr'>ut</span> <span class='ocrx_word' id='word_1_537' title='bbox 545 4680 707 4740; x_wconf 91' lang='lat' dir='ltr'>inter</span> <span class='ocrx_word' id='word_1_538' title='bbox 761 4680 1141 4742; x_wconf 90' lang='lat' dir='ltr'>diaconissas</span> <span class='ocrx_word' id='word_1_539' title='bbox 1200 4684 1318 4743; x_wconf 77' lang='lat' dir='ltr'>ista</span> <span class='ocrx_word' id='word_1_540' title='bbox 1370 4691 1791 4764; x_wconf 88' lang='lat' dir='ltr'>c00ptaretur.</span> <span class='ocrx_word' id='word_1_541' title='bbox 1852 4709 1880 4740; x_wconf 91' lang='grc'><strong>››</strong></span> <span class='ocrx_word' id='word_1_542' title='bbox 1946 4689 2171 4748; x_wconf 88' lang='lat' dir='ltr'>Verum</span> <span class='ocrx_word' id='word_1_543' title='bbox 2230 4695 2478 4768; x_wconf 89' lang='lat' dir='ltr'>tempus</span> <span class='ocrx_word' id='word_1_544' title='bbox 2547 4688 2703 4747; x_wconf 89' lang='lat' dir='ltr'>illud</span> <span class='ocrx_word' id='word_1_545' title='bbox 2763 4687 2970 4764; x_wconf 87' lang='lat' dir='ltr'>ipsum</span> <span class='ocrx_word' id='word_1_546' title='bbox 3039 4689 3150 4755; x_wconf 91' lang='lat' dir='ltr'>est,</span> <span class='ocrx_word' id='word_1_547' title='bbox 3212 4683 3276 4741; x_wconf 91' lang='lat' dir='ltr'>in</span> <span class='ocrx_word' id='word_1_548' title='bbox 3337 4700 3462 4759; x_wconf 93' lang='lat' dir='ltr'>quo</span> <span class='ocrx_word' id='word_1_549' title='bbox 3521 4686 3816 4741; x_wconf 88' lang='lat' dir='ltr'>accurata</span> 
     </span>
    </p>
   </div>
   <div class='ocr_carea' id='block_1_50' title="bbox 419 4779 3820 4863">
    <p class='ocr_par' dir='ltr' id='par_1_50' title="bbox 419 4779 3820 4863">
     <span class='ocr_line' id='line_1_50' title="bbox 419 4779 3820 4863; baseline 0 -26"><span class='ocrx_word' id='word_1_550' title='bbox 419 4779 699 4855; x_wconf 89' lang='lat' dir='ltr'>Gregorii</span> <span class='ocrx_word' id='word_1_551' title='bbox 755 4780 1033 4840; x_wconf 89' lang='lat' dir='ltr'>narratio</span> <span class='ocrx_word' id='word_1_552' title='bbox 1105 4781 1347 4841; x_wconf 91' lang='lat' dir='ltr'>nullum</span> <span class='ocrx_word' id='word_1_553' title='bbox 1423 4782 1552 4843; x_wconf 92' lang='lat' dir='ltr'>ullo</span> <span class='ocrx_word' id='word_1_554' title='bbox 1623 4783 1764 4843; x_wconf 68' lang='lat' dir='ltr'>vitae</span> <span class='ocrx_word' id='word_1_555' title='bbox 1835 4783 2030 4863; x_wconf 91' lang='lat' dir='ltr'>ipsius</span> <span class='ocrx_word' id='word_1_556' title='bbox 2099 4794 2414 4847; x_wconf 90' lang='lat' dir='ltr'>momento</span> <span class='ocrx_word' id='word_1_557' title='bbox 2491 4785 2829 4846; x_wconf 90' lang='lat' dir='ltr'>consistere</span> <span class='ocrx_word' id='word_1_558' title='bbox 2889 4779 3356 4841; x_wconf 89' lang='lat' dir='ltr'>matrimonium</span> <span class='ocrx_word' id='word_1_559' title='bbox 3416 4779 3672 4856; x_wconf 90' lang='lat' dir='ltr'>patitur.</span> <span class='ocrx_word' id='word_1_560' title='bbox 3737 4779 3820 4840; x_wconf 89' lang='lat' dir='ltr'>Ut</span> 
     </span>
    </p>
   </div>
   <div class='ocr_carea' id='block_1_51' title="bbox 419 4875 3819 4962">
    <p class='ocr_par' dir='ltr' id='par_1_51' title="bbox 419 4875 3819 4962">
     <span class='ocr_line' id='line_1_51' title="bbox 419 4875 3819 4962; baseline -0.001 -26"><span class='ocrx_word' id='word_1_561' title='bbox 419 4875 582 4936; x_wconf 90' lang='lat' dir='ltr'>enim</span> <span class='ocrx_word' id='word_1_562' title='bbox 653 4876 852 4954; x_wconf 86' lang='lat' dir='ltr'>ﬁngas</span> <span class='ocrx_word' id='word_1_563' title='bbox 928 4878 1388 4953; x_wconf 89' lang='lat' dir='ltr'>Theosebiam,</span> <span class='ocrx_word' id='word_1_564' title='bbox 1453 4881 1717 4941; x_wconf 89' lang='lat' dir='ltr'>aliamve</span> <span class='ocrx_word' id='word_1_565' title='bbox 1784 4883 2132 4960; x_wconf 89' lang='lat' dir='ltr'>quamlibet</span> <span class='ocrx_word' id='word_1_566' title='bbox 2203 4884 2570 4962; x_wconf 89' lang='lat' dir='ltr'>Gregorium</span> <span class='ocrx_word' id='word_1_567' title='bbox 2649 4899 2908 4941; x_wconf 86' lang='lat' dir='ltr'>uxorem</span> <span class='ocrx_word' id='word_1_568' title='bbox 2994 4878 3294 4948; x_wconf 89' lang='lat' dir='ltr'>duxisse,</span> <span class='ocrx_word' id='word_1_569' title='bbox 3373 4875 3681 4953; x_wconf 92' lang='lat' dir='ltr'>quidquid</span> <span class='ocrx_word' id='word_1_570' title='bbox 3758 4880 3819 4934; x_wconf 91' lang='lat' dir='ltr'>et</span> 
     </span>
    </p>
   </div>
   <div class='ocr_carea' id='block_1_52' title="bbox 417 4972 3813 5060">
    <p class='ocr_par' dir='ltr' id='par_1_52' title="bbox 417 4972 3813 5060">
     <span class='ocr_line' id='line_1_52' title="bbox 417 4972 3813 5060; baseline -0.001 -27"><span class='ocrx_word' id='word_1_571' title='bbox 417 4994 672 5052; x_wconf 87' lang='lat' dir='ltr'>quoquo</span> <span class='ocrx_word' id='word_1_572' title='bbox 736 4975 920 5036; x_wconf 89' lang='lat' dir='ltr'>modo</span> <span class='ocrx_word' id='word_1_573' title='bbox 979 4977 1229 5037; x_wconf 84' lang='lat' dir='ltr'>ﬁnxeris</span> <span class='ocrx_word' id='word_1_574' title='bbox 1264 5025 1277 5050; x_wconf 95' lang='lat'>,</span> <span class='ocrx_word' id='word_1_575' title='bbox 1329 4979 1393 5038; x_wconf 91' lang='lat' dir='ltr'>id</span> <span class='ocrx_word' id='word_1_576' title='bbox 1470 4998 1652 5039; x_wconf 90' lang='lat' dir='ltr'>omne</span> <span class='ocrx_word' id='word_1_577' title='bbox 1707 4980 1831 5039; x_wconf 91' lang='lat' dir='ltr'>ruit</span> <span class='ocrx_word' id='word_1_578' title='bbox 1887 4987 1946 5040; x_wconf 88' lang='lat' dir='ltr'>et</span> <span class='ocrx_word' id='word_1_579' title='bbox 2023 4983 2270 5060; x_wconf 88' lang='lat' dir='ltr'>penitus</span> <span class='ocrx_word' id='word_1_580' title='bbox 2331 4981 2713 5042; x_wconf 88' lang='lat' dir='ltr'>subvertitur</span> <span class='ocrx_word' id='word_1_581' title='bbox 2773 4976 3195 5038; x_wconf 89' lang='lat' dir='ltr'>disertissimis</span> <span class='ocrx_word' id='word_1_582' title='bbox 3256 4972 3536 5051; x_wconf 87' lang='lat' dir='ltr'>Gregorii</span> <span class='ocrx_word' id='word_1_583' title='bbox 3586 4972 3813 5044; x_wconf 89' lang='lat' dir='ltr'>verbis,</span> 
     </span>
    </p>
   </div>
   <div class='ocr_carea' id='block_1_53' title="bbox 414 5073 3246 5157">
    <p class='ocr_par' dir='ltr' id='par_1_53' title="bbox 414 5073 3246 5157">
     <span class='ocr_line' id='line_1_53' title="bbox 414 5073 3246 5157; baseline 0 -27"><span class='ocrx_word' id='word_1_584' title='bbox 414 5074 604 5132; x_wconf 76' lang='lat' dir='ltr'>vitam</span> <span class='ocrx_word' id='word_1_585' title='bbox 664 5092 839 5134; x_wconf 88' lang='lat' dir='ltr'>suam</span> <span class='ocrx_word' id='word_1_586' title='bbox 897 5075 1324 5152; x_wconf 83' lang='lat' dir='ltr'>describentis,</span> <span class='ocrx_word' id='word_1_587' title='bbox 1380 5077 1591 5156; x_wconf 90' lang='lat' dir='ltr'>ibique</span> <span class='ocrx_word' id='word_1_588' title='bbox 1641 5080 2104 5140; x_wconf 86' lang='lat' dir='ltr'>accuratissime</span> <span class='ocrx_word' id='word_1_589' title='bbox 2164 5082 2267 5140; x_wconf 89' lang='lat' dir='ltr'>ubi</span> <span class='ocrx_word' id='word_1_590' title='bbox 2325 5081 2401 5140; x_wconf 92' lang='lat' dir='ltr'>de</span> <span class='ocrx_word' id='word_1_591' title='bbox 2461 5080 2602 5140; x_wconf 86' lang='lat' dir='ltr'>vitae</span> <span class='ocrx_word' id='word_1_592' title='bbox 2635 5096 2860 5157; x_wconf 86' lang='lat' dir='ltr'>genere</span> <span class='ocrx_word' id='word_1_593' title='bbox 2891 5073 3246 5153; x_wconf 90' lang='lat' dir='ltr'>deligendo.</span> 
     </span>
    </p>
   </div>
   <div class='ocr_carea' id='block_1_54' title="bbox 494 5169 3817 5255">
    <p class='ocr_par' dir='ltr' id='par_1_54' title="bbox 494 5169 3817 5255">
     <span class='ocr_line' id='line_1_54' title="bbox 494 5169 3817 5255; baseline -0.001 -26"><span class='ocrx_word' id='word_1_594' title='bbox 494 5172 772 5249; x_wconf 86' lang='lat' dir='ltr'>Gregorii</span> <span class='ocrx_word' id='word_1_595' title='bbox 832 5179 1122 5251; x_wconf 83' lang='lat' dir='ltr'>parentes</span> <span class='ocrx_word' id='word_1_596' title='bbox 1178 5193 1304 5235; x_wconf 85' lang='lat' dir='ltr'>non</span> <span class='ocrx_word' id='word_1_597' title='bbox 1353 5176 1474 5255; x_wconf 90' lang='lat' dir='ltr'>ipsi</span> <span class='ocrx_word' id='word_1_598' title='bbox 1530 5182 1817 5239; x_wconf 90' lang='lat' dir='ltr'>auctores</span> <span class='ocrx_word' id='word_1_599' title='bbox 1861 5178 2115 5238; x_wconf 88' lang='lat' dir='ltr'>fuerunt</span> <span class='ocrx_word' id='word_1_600' title='bbox 2173 5183 2240 5239; x_wconf 89' lang='lat' dir='ltr'>ut</span> <span class='ocrx_word' id='word_1_601' title='bbox 2287 5178 2567 5238; x_wconf 90' lang='lat' dir='ltr'>animum</span> <span class='ocrx_word' id='word_1_602' title='bbox 2627 5177 2707 5237; x_wconf 90' lang='lat' dir='ltr'>ad</span> <span class='ocrx_word' id='word_1_603' title='bbox 2761 5192 3020 5236; x_wconf 88' lang='lat' dir='ltr'>uxorem</span> <span class='ocrx_word' id='word_1_604' title='bbox 3079 5169 3463 5251; x_wconf 83' lang='lat' dir='ltr'>appelleret;</span> <span class='ocrx_word' id='word_1_605' title='bbox 3498 5173 3817 5248; x_wconf 85' lang='lat' dir='ltr'>parentes,</span> 
     </span>
    </p>
   </div>
   <div class='ocr_carea' id='block_1_55' title="bbox 410 5265 3820 5358">
    <p class='ocr_par' dir='ltr' id='par_1_55' title="bbox 410 5265 3820 5358">
     <span class='ocr_line' id='line_1_55' title="bbox 410 5265 3820 5358; baseline -0 -30"><span class='ocrx_word' id='word_1_606' title='bbox 410 5266 692 5348; x_wconf 80' lang='lat' dir='ltr'>inquam,</span> <span class='ocrx_word' id='word_1_607' title='bbox 765 5271 872 5350; x_wconf 91' lang='lat' dir='ltr'>qui</span> <span class='ocrx_word' id='word_1_608' title='bbox 924 5292 1049 5334; x_wconf 90' lang='lat' dir='ltr'>non</span> <span class='ocrx_word' id='word_1_609' title='bbox 1099 5274 1288 5336; x_wconf 90' lang='lat' dir='ltr'>modo</span> <span class='ocrx_word' id='word_1_610' title='bbox 1341 5274 1454 5336; x_wconf 88' lang='lat' dir='ltr'>ﬁlii</span> <span class='ocrx_word' id='word_1_611' title='bbox 1509 5281 1724 5338; x_wconf 91' lang='lat' dir='ltr'>votum</span> <span class='ocrx_word' id='word_1_612' title='bbox 1773 5276 2076 5340; x_wconf 86' lang='lat' dir='ltr'>castitatis</span> <span class='ocrx_word' id='word_1_613' title='bbox 2133 5295 2204 5338; x_wconf 92' lang='lat' dir='ltr'>ac</span> <span class='ocrx_word' id='word_1_614' title='bbox 2261 5275 2657 5358; x_wconf 87' lang='lat' dir='ltr'>propositum</span> <span class='ocrx_word' id='word_1_615' title='bbox 2716 5277 2968 5349; x_wconf 87' lang='lat' dir='ltr'>norant,</span> <span class='ocrx_word' id='word_1_616' title='bbox 3030 5270 3137 5335; x_wconf 88' lang='lat' dir='ltr'>sed</span> <span class='ocrx_word' id='word_1_617' title='bbox 3189 5286 3332 5330; x_wconf 91' lang='lat' dir='ltr'>eum</span> <span class='ocrx_word' id='word_1_618' title='bbox 3390 5267 3551 5348; x_wconf 90' lang='lat' dir='ltr'>ipsi,</span> <span class='ocrx_word' id='word_1_619' title='bbox 3609 5265 3820 5348; x_wconf 83' lang='lat' dir='ltr'>prius-</span> 
     </span>
    </p>
   </div>
   <div class='ocr_carea' id='block_1_56' title="bbox 437 5588 2489 5699">
    <p class='ocr_par' dir='ltr' id='par_1_56' title="bbox 437 5588 2489 5699">
     <span class='ocr_line' id='line_1_56' title="bbox 437 5588 2489 5699; baseline 0.01 -37"><span class='ocrx_word' id='word_1_620' title='bbox 437 5673 450 5699; x_wconf 28' lang='grc' dir='ltr'>ἢ</span> <span class='ocrx_word' id='word_1_621' title='bbox 486 5588 968 5699; x_wconf 41' lang='lat' dir='ltr'>(21.)1‘3‘lgggtppltae</span> <span class='ocrx_word' id='word_1_622' title='bbox 1000 5593 1060 5663; x_wconf 84' lang='lat' dir='ltr'>in</span> <span class='ocrx_word' id='word_1_623' title='bbox 1093 5595 1275 5684; x_wconf 78' lang='lat' dir='ltr'>epigr.</span> <span class='ocrx_word' id='word_1_624' title='bbox 1298 5609 1368 5672; x_wconf 86' lang='lat'>32</span> <span class='ocrx_word' id='word_1_625' title='bbox 1389 5595 1639 5676; x_wconf 65' lang='lat' dir='ltr'>Theoseb.</span> <span class='ocrx_word' id='word_1_626' title='bbox 1665 5633 1699 5676; x_wconf 83' lang='lat' dir='ltr'>a</span> <span class='ocrx_word' id='word_1_627' title='bbox 1719 5635 1782 5677; x_wconf 86' lang='lat' dir='ltr'>se</span> <span class='ocrx_word' id='word_1_628' title='bbox 1812 5597 2055 5699; x_wconf 75' lang='lat' dir='ltr'>editum,</span> <span class='ocrx_word' id='word_1_629' title='bbox 2238 5625 2314 5699; x_wconf 84' lang='lat' dir='ltr'>(b)</span> <span class='ocrx_word' id='word_1_630' title='bbox 2345 5609 2489 5683; x_wconf 79' lang='lat' dir='ltr'>Ibid.</span> 
     </span>
    </p>
   </div>
   <div class='ocr_carea' id='block_1_57' title="bbox 413 5664 2041 5773">
    <p class='ocr_par' dir='ltr' id='par_1_57' title="bbox 413 5664 2041 5752">
     <span class='ocr_line' id='line_1_57' title="bbox 413 5664 2041 5752; baseline -0.001 -69"><span class='ocrx_word' id='word_1_631' title='bbox 413 5673 469 5752; x_wconf 30' lang='grc' dir='ltr'>Ρ.</span> <span class='ocrx_word' id='word_1_632' title='bbox 505 5664 622 5740; x_wconf 40' lang='grc'>431,</span> <span class='ocrx_word' id='word_1_633' title='bbox 660 5670 779 5747; x_wconf 46' lang='lat'>132’</span> <span class='ocrx_word' id='word_1_634' title='bbox 814 5673 936 5736; x_wconf 43' lang='grc'><strong>134.</strong></span> <span class='ocrx_word' id='word_1_635' title='bbox 1299 5664 1365 5672; x_wconf 55' lang='grc' dir='ltr'>η</span> <span class='ocrx_word' id='word_1_636' title='bbox 1665 5664 1781 5677; x_wconf 50' lang='grc' dir='ltr'>κ--</span> <span class='ocrx_word' id='word_1_637' title='bbox 1812 5664 2041 5700; x_wconf 42' lang='grc' dir='ltr'>-..ηυμη</span> 
     </span>
    </p>
   </div>
   <div class='ocr_carea' id='block_1_58' title="bbox 847 5664 2475 5773">
    <p class='ocr_par' dir='ltr' id='par_1_58' title="bbox 848 5664 2475 5773">
     <span class='ocr_line' id='line_1_58' title="bbox 848 5664 2475 5773; baseline 0.001 -91"><span class='ocrx_word' id='word_1_638' title='bbox 848 5674 936 5736; x_wconf 43' lang='grc'>34.</span> <span class='ocrx_word' id='word_1_639' title='bbox 1105 5664 2055 5700; x_wconf 74' lang='lat'>-....-...,</span> <span class='ocrx_word' id='word_1_640' title='bbox 2231 5664 2475 5773; x_wconf 37' lang='lat'>(6,133..</span> 
     </span>
    </p>
   </div>
  </div>
