4122 6214
248 340 310 402 19
1022 388 1027 391 μ
1230 338 1653 405 PRJEFATIO
1701 342 2160 406 GENEBALIS.
2198 374 2271 388 —
2317 340 2518 404 PARS
2568 342 2645 406 Il.
3569 342 3647 408 εςο

245 490 410 555 quam
471 478 859 552 nasceretur,
920 474 1048 538 Deo
1105 474 1491 554 dicaverant,
1549 482 1613 541 et
1667 483 1890 541 natum
1951 477 2330 552 obtulerant,
2395 478 2554 540 adeo
2611 484 2682 540 ut
2748 475 2885 540 aab
2920 480 3096 540 utero
3146 474 3363 540 matris
3390 478 3517 540 Deo
3549 494 3647 541 sa-

244 577 355 644 cer,
404 590 477 634 ac
537 592 702 653 puer
756 574 1005 636 oblatus
1034 598 1065 631 »
1118 575 1329 651 fuerit,
1389 583 1451 638 et
1499 576 1753 658 quidem
1812 577 1895 639 ad
1941 577 2163 649 altare,
2222 576 2492 638 solemni
2539 577 2664 639 ritu
2711 576 3018 657 tactisque
3066 594 3259 638 sacrae
3306 575 3644 657 Scriptura;

240 670 435 731 libris:
497 672 673 750 quod
726 673 858 750 ipse
915 672 1131 733 scribit
1187 674 1521 752 Gregorius
1578 675 1685 756 (a),
1747 676 1855 755 qui
1914 676 2259 754 «parentis
2315 681 2532 736 votum
2584 694 2656 736 ac
2688 675 3063 737 desiderium
3095 681 3297 736 ratum
3333 674 3640 749 habuit,»

240 774 291 827 et
343 775 655 848 praestare
705 770 929 847 quovis
987 776 1276 850 tempore
1324 772 1581 845 studuit,
1652 779 1844 853 atque
1898 774 2087 835 etiam
2153 774 2461 853 praestitit.
2528 797 2556 829 ‹‹
2621 773 2703 854 (ὂ)
2775 775 3062 834 Devinxit
3121 791 3220 833 me
3273 772 3388 832 sibi
3446 773 3651 833 amica

244 867 505 940 castitas,
564 867 792 946 inquit,
857 874 919 929 et
966 871 1141 929 carni
1188 870 1439 930 vincula
1495 870 1732 949 injecit,
1783 873 2097 952 simulque
2156 872 2479 932 ardentem
2538 872 2764 931 divinae
2817 872 3139 950 sapientiae
3196 889 3268 931 ac
3324 871 3465 931 vitae
3526 889 3653 932 rno-

239 965 479 1025 nasticse
540 984 820 1027 amorem
873 966 1127 1044 injecit;
1192 969 1339 1028 vita
1373 1014 1387 1040 ,
1450 988 1591 1047 quae
1653 969 1773 1029 dici
1820 976 2033 1049 potest
2089 970 2315 1030 futurae
2375 970 2714 1049 primitiae;
2791 970 3023 1049 quippe
3081 988 3222 1048 quae
3296 974 3468 1029 costa
3525 987 3648 1029 non

240 1063 485 1140 indiget,
546 1082 694 1141 qua:
750 1083 981 1144 corpus
1055 1066 1607 1145 circumplectatur
1661 1086 1883 1139 suum,
1948 1067 2282 1146 verbisque
2341 1067 2672 1147 deceptum
2732 1067 2978 1127 blandis
3035 1067 3115 1127 ad
3174 1084 3391 1127 amara
3446 1066 3647 1144 degu-

238 1159 447 1220 standa
504 1160 839 1222 adducat:
906 1186 935 1217 »
999 1163 1134 1223 haec
1191 1171 1337 1225 sunt
1391 1164 1667 1243 conjugii
1725 1165 1974 1226 vincula
2011 1212 2025 1237 ,
2095 1166 2323 1244 quibus
2392 1166 2724 1243 Gregorius
2782 1184 2816 1225 a
2879 1184 3072 1243 puero
3122 1164 3454 1245 copulatus
3499 1170 3594 1226 est
3628 1188 3648 1212 ο

237 1256 465 1335 Conjnx
524 1257 761 1337 ipsius,
826 1277 951 1320 non
1013 1260 1404 1334 Theosebia,
1465 1263 1573 1323 sed
1632 1268 1937 1342 perpetua
1994 1264 2279 1336 castitas;
2345 1263 2574 1342 conjux
2630 1263 2939 1342 sapientia
2996 1263 3133 1345 fuit,
3191 1281 3263 1323 ac
3321 1262 3644 1341 utriusque

235 1353 384 1415 socia
445 1360 509 1414 et
566 1356 845 1435 adjutrix
910 1358 1268 1419 «monachi
1324 1361 1478 1438 vita,
1531 1360 1712 1441 cujus
1772 1378 2049 1422 amorem
2108 1361 2229 1441 ipsi
2286 1382 2315 1418 ι)
2380 1361 2595 1439 injecit
2649 1361 2923 1433 castitas,
2988 1379 3178 1439 quam
3236 1360 3300 1419 in
3331 1360 3643 1438 naufragii

236 1451 499 1531 periculo
560 1454 753 1528 vovit,
816 1460 879 1516 et
935 1475 1127 1535 quam
1187 1463 1319 1519 toto
1365 1459 1505 1519 vitae
1569 1464 1873 1538 tempore,
1934 1465 2242 1539 quantum
2301 1459 2476 1519 licuit
2524 1478 2596 1519 ac
2648 1476 2839 1538 penes
2882 1458 3089 1538 ipsum
3138 1458 3275 1533 fuit,
3331 1458 3648 1537 professus

238 1557 336 1610 est.

311 1651 670 1711 Immunera
727 1668 804 1711 ex
863 1653 1145 1731 Gregorii
1202 1656 1449 1735 scriptis
1508 1655 1634 1717 alia
1708 1657 1987 1735 proferre
2036 1655 2400 1717 testimonia
2456 1654 2826 1715 facillimum
2894 1660 3091 1728 esset,
3180 1654 3408 1735 quibus
3465 1653 3645 1717 illum

246 1746 404 1806 nullo
461 1767 748 1826 unquam
802 1750 1205 1813 matrimonio
1265 1753 1673 1814 constrictum
1734 1753 1963 1826 fuisse,
2017 1754 2120 1814 sed
2182 1753 2357 1831 ejus,
2412 1771 2601 1831 quam
2659 1752 2915 1812 amabat
2972 1751 3192 1827 unice,
3254 1774 3285 1808 «
3344 1752 3649 1813 castitatis

244 1843 385 1921 jugo
431 1846 597 1906 colla
655 1856 964 1926 perpetuo
1021 1850 1411 1929 ﬁrmiterque
1466 1852 1823 1912 submisisse
1872 1876 1901 1906 »
1966 1851 2363 1911 manifestum
2422 1851 2599 1910 ﬁeret
2658 1849 2773 1929 (c).
2826 1853 3098 1928 Legatur
3154 1849 3432 1910 narratio
3492 1869 3651 1911 som-

253 1941 329 1999 nii
356 1944 520 2020 quod
580 1945 1015 2006 sanctissimus
1068 1948 1289 2007 doctor
1346 1950 1478 2009 fuse
1530 1949 1827 2008 describit
1854 1948 1962 2027 (d),
2026 1954 2088 2008 et
2143 1949 2205 2007 in
2268 1966 2395 2026 quo
2453 1947 2661 2007 adhuc
2723 1969 2752 2005 (ι
2800 1965 2977 2025 puer,
3035 1965 3148 2008 nec
3189 1952 3399 2008 tamen
3430 1946 3649 2008 admo-

262 2042 395 2100 dum
426 2061 606 2120 pner,
672 2062 891 2104 verum
953 2063 1026 2106 ea
1080 2052 1263 2107 aetate
1320 2066 1445 2125 qua
1498 2047 1647 2107 boni
1705 2053 1768 2107 et
1828 2047 1975 2107 mali
2034 2047 2411 2124 imaginibus
2467 2046 2713 2106 animus
2758 2046 3156 2119 informatur,
3215 2067 3244 2104 »
3310 2046 3565 2107 castitas
3593 2052 3656 2106 et

257 2139 549 2218 sapientia
605 2141 729 2201 sibi
785 2143 933 2203 visae
963 2149 1108 2203 sunt
1164 2145 1443 2205 humana
1489 2146 1716 2224 specie,
1787 2151 2088 2224 tantaque
2136 2164 2211 2205 ex
2260 2145 2538 2223 ipsarum
2595 2144 2812 2205 afﬂatu
2873 2149 2935 2205 et
2990 2143 3305 2223 colloquio
3366 2144 3656 2223 puritatis

259 2235 492 2296 dilectio
545 2238 610 2297 in
674 2257 783 2298 cor
838 2241 1156 2300 emanavit
1223 2241 1466 2321 ipsique
1537 2260 1786 2322 semper
1834 2242 2131 2318 inhaesit,
2187 2248 2254 2300 ut
2310 2243 2652 2312 vecordes,
2713 2259 2789 2300 ne
2847 2241 2999 2319 quid
3055 2240 3260 2301 dicam
3331 2240 3603 2319 amplius
3636 2287 3651 2310 ,

260 2333 468 2393 merito
521 2334 881 2409 videantur,
936 2338 1045 2415 qui
1101 2339 1177 2398 de
1234 2339 1517 2418 Gregorii
1589 2345 1891 2419 perpetuo
1956 2340 2251 2400 ccelibatu
2309 2339 2406 2399 vel
2459 2338 2763 2417 tantisper
2818 2337 3241 2399 dubitaverint
3299 2335 3416 2418 (ρ).
3479 2338 3657 2401 Unde

258 2429 343 2488 vir
392 2431 583 2492 factus
646 2435 1017 2511 Gregorius,
1082 2442 1142 2495 et
1198 2456 1341 2497 cum
1390 2437 1649 2497 Athenis
1696 2456 1980 2498 reversus
2036 2437 2464 2510 deliberaret,
2516 2455 2640 2497 non
2698 2436 2774 2495 de
2829 2435 2973 2495 vitae
3044 2453 3250 2510 cursu,
3303 2453 3520 2496 verum
3580 2435 3658 2495 de

258 2526 365 2600 via,
422 2548 544 2607 qua
590 2531 924 2608 expeditus
980 2532 1059 2592 ad
1120 2534 1509 2613 propositum
1561 2535 1749 2597 ﬁnem
1810 2536 2037 2595 certius
2094 2535 2465 2613 perveniret,
2530 2534 2649 2594 hoc
2712 2533 2984 2612 primum
3040 2532 3257 2611 ponit:
3325 2530 3459 2611 «(1)
3517 2533 3654 2593 Jam

264 2622 390 2682 olim
443 2625 597 2686 mihi
628 2632 869 2688 certum
926 2634 1080 2703 erat,
1138 2649 1210 2690 ac
1267 2632 1459 2692 veluti
1517 2632 1653 2714 lege
1711 2633 2045 2707 sancitum,
2105 2652 2247 2711 quae
2306 2632 2509 2692 carnis
2560 2636 2706 2692 sunt
2760 2630 2824 2691 in
2874 2630 3258 2711 profundum
3290 2648 3365 2691 ea
3394 2628 3658 2710 projice-

264 2736 349 2796 re;
381 2720 566 2801 idque
601 2729 735 2784 tum
770 2725 971 2805 magis
1000 2745 1074 2787 ac
1106 2728 1306 2806 magis
1336 2728 1676 2789 arridebat.
1704 2752 1735 2783 ι)

333 2818 477 2889 Quid
508 2821 711 2899 igitur
736 2823 855 2884 sibi
897 2824 1032 2884 vult
1080 2826 1414 2904 Gregorius
1472 2826 1567 2886 his
1618 2827 1821 2887 verbis
1852 2826 1960 2907 (g),
2026 2845 2277 2905 «grave
2327 2826 2553 2906 jugum
2604 2825 2988 2887 matrimonii
3041 2844 3079 2887 a
3127 2843 3226 2885 me
3275 2824 3573 2905 seposui?
3624 2845 3653 2881 ι)

269 2916 383 2974 Non
411 2916 780 2997 impositum
838 2920 958 2982 hoc
988 2940 1148 2982 onus
1178 2923 1425 3001 abjecit,
1488 2926 1595 2983 sed
1656 2925 1734 2984 ab
1792 2944 1864 2986 eo
1922 2944 2170 3003 semper
2227 2925 2581 2996 declinavit,
2644 2943 2680 2984 a
2736 2942 2801 2983 se
2858 2923 3113 2991 amovit,
3180 2923 3259 2983 ab
3316 2940 3389 2982 eo
3420 2921 3661 2982 abhor-

272 3012 420 3088 ruit,
478 3035 700 3078 amore
756 3019 1059 3080 castitatis
1115 3026 1177 3081 et
1230 3021 1375 3081 vitae
1433 3023 1814 3083 monasticae.
1878 3023 1978 3083 Sic
2036 3041 2228 3099 grave
2285 3041 2445 3082 onus
2504 3021 2887 3082 matrimonii
2943 3021 3235 3093 excussit,
3302 3020 3473 3080 haud
3529 3018 3667 3098 qui-

274 3109 392 3170 dem
446 3112 817 3193 impositum
878 3136 1198 3196 unquam;
1258 3120 1363 3179 sed
1426 3138 1463 3180 a
1517 3139 1582 3180 se
1638 3121 1989 3181 amovendo
2046 3140 2123 3180 ne
2180 3121 2630 3200 imponeretur.
2692 3122 2827 3179 Non
2874 3119 3057 3179 aliter
3087 3117 3420 3197 Gregorius
3447 3133 3663 3178 excus-

270 3207 336 3266 sit
385 3228 537 3270 onus
585 3213 1027 3288 matrimonii,
1096 3235 1284 3295 quam
1337 3223 1517 3277 caute
1568 3218 1868 3295 fugiendo
1918 3217 2227 3297 quidquid
2275 3218 2395 3278 hoc
2451 3217 2593 3277 vitae
2651 3235 2847 3296 genus
2903 3220 3163 3295 spectat,
3227 3220 3443 3295 utpote
3506 3232 3660 3275 con-

269 3306 504 3367 trarium
560 3312 893 3389 proposito
953 3314 1275 3374 servanda
1334 3315 1709 3394 virginitatis
1765 3322 1827 3375 et
1882 3321 2028 3376 voto
2088 3316 2454 3376 monasticae
2510 3315 2693 3375 vitae.
2752 3316 2927 3375 Certe
2985 3312 3342 3391 Gregorius,
3401 3311 3509 3391 qui
3565 3312 3660 3373 vi-

272 3414 375 3469 tam
424 3412 840 3473 monasticam
896 3411 1121 3472 iterato
1179 3417 1325 3472 voto
1382 3432 1447 3473 se
1504 3414 1946 3491 amplexurum
2004 3412 2400 3492 promiserat,
2462 3430 2722 3473 uxorem
2782 3411 2899 3471 sibi
2955 3410 3303 3489 adjungere
3356 3428 3484 3470 non
3542 3428 3661 3489 po-

271 3511 426 3581 terat,
478 3510 636 3588 quin
685 3508 900 3569 datam
940 3510 1068 3570 Deo
1117 3508 1306 3570 fidem
1369 3509 1637 3582 falleret,
1697 3510 2025 3588 scelusque
2072 3509 2419 3569 maximum
2468 3509 2532 3568 in
2580 3526 2644 3568 se
2694 3507 3075 3568 admitteret.
3126 3506 3303 3567 Absit
3355 3506 3548 3585 igitur
3589 3512 3667 3568 ut

274 3603 450 3665 virum
507 3612 643 3669 tam
696 3610 1008 3681 sanctum,
1065 3606 1301 3686 pietate
1358 3606 1693 3686 insignem,
1746 3614 1993 3668 tantum
2043 3608 2246 3668 scelus
2305 3612 2730 3687 perpetrasse;
2792 3605 2974 3678 absit,
3038 3604 3322 3684 inquam,
3382 3609 3453 3665 ut
3511 3608 3663 3666 Gre-

276 3702 485 3778 gorium
540 3711 757 3785 spreto
814 3704 1135 3764 servandae
1192 3703 1570 3782 virginitatis
1624 3710 1792 3777 voto,
1856 3724 1982 3784 quo
2039 3704 2375 3765 obstrictus
2431 3709 2604 3777 erat,
2665 3703 2774 3782 qui
2838 3724 2865 3760 ‹‹
2921 3702 3001 3761 ab
3057 3706 3236 3762 utero
3294 3702 3512 3761 matris
3569 3720 3665 3761 sa-

279 3816 361 3858 cer
410 3806 577 3876 erat,
662 3802 770 3881 qni
828 3801 1045 3861 matris
1104 3807 1321 3862 votum
1392 3820 1465 3862 ac
1543 3802 1919 3863 desiderium
1997 3808 2207 3862 ratum
2268 3801 2614 3874 habuerat,
2676 3823 2706 3855 »
2772 3818 3029 3859 uxorem
3098 3797 3348 3858 duxisse
3396 3798 3662 3858 arbitre-

280 3913 414 3971 mur,
465 3905 571 3960 aut
631 3898 1050 3979 suspicemur.
1155 3899 1324 3960 Talis
1382 3901 1655 3979 suspicio
1714 3906 1841 3960 tam
1914 3901 1980 3960 in
2056 3899 2424 3978 Gregorium
2497 3898 2805 3976 injuriosa
2839 3943 2852 3968 ,
2934 3914 3126 3974 quam
3186 3894 3503 3955 contraria
3554 3914 3661 3955 ve-

285 3993 444 4055 ritati.

344 4093 626 4156 Constare
682 4095 863 4156 debet
913 4113 991 4155 ex
1051 4094 1231 4156 dictis
1288 4095 1657 4174 Gregorium
1716 4095 1905 4155 nullis
1948 4114 2227 4173 unquam
2292 4093 2549 4173 nuptiis,
2612 4111 2728 4153 nec
2784 4109 2925 4151 cum
2957 4088 3332 4163 Theosebia,
3365 4107 3477 4150 nec
3516 4107 3661 4150 cum

285 4189 384 4251 alia
432 4193 710 4271 qualibet
766 4192 1000 4254 femina
1048 4194 1376 4271 alligatum
1429 4194 1636 4254 fuisse.
1695 4197 1830 4266 Quo
1886 4192 2327 4273 disputationis
2384 4192 2590 4270 capite
2652 4190 2876 4270 posito,
2937 4207 3011 4250 ac
3063 4207 3311 4260 eorum,
3374 4207 3514 4266 quae
3572 4206 3663 4247 se-

285 4298 563 4364 quuntur,
619 4291 1070 4365 fundamento,
1126 4291 1260 4370 jam
1318 4298 1543 4371 sponte
1596 4312 1711 4353 sua
1764 4292 2047 4370 sequitur
2086 4290 2480 4369 Theologum
2539 4307 2664 4350 non
2723 4307 2856 4349 esse
2913 4306 3097 4357 eum,
3167 4287 3276 4366 qui
3331 4286 3397 4346 in
3455 4285 3657 4365 epita—

286 4384 409 4460 phio
458 4389 821 4450 Theosebia:
882 4390 1267 4467 «Magnus»
1331 4389 1579 4462 dicitur,
1636 4395 1696 4449 et
1753 4390 1932 4467 cujus
1985 4388 2336 4450 Theosebia
2369 4412 2399 4444 «
2447 4405 2592 4447 vere
2649 4385 2883 4465 conjux
2918 4410 2945 4441 ιι
3008 4403 3345 4463 comparve
3374 4383 3655 4462 appella-

286 4482 401 4541 tur.
454 4484 608 4546 Hinc
659 4486 969 4560 efﬁcitur,
1019 4487 1177 4547 nihil
1232 4487 1485 4548 obstare
1542 4487 1878 4567 quominus
1936 4486 2056 4547 hoc
2114 4485 2504 4566 epitaphium
2564 4504 2602 4545 a
2660 4484 2959 4563 Gregorio
3018 4482 3330 4544 elaborari
3385 4480 3659 4561 potuisse

288 4581 558 4644 credatur.
620 4586 751 4646 Imo
808 4604 936 4645 non
986 4590 1230 4645 tantum
1292 4586 1517 4665 potuit,
1575 4586 1683 4646 sed
1741 4586 1944 4664 reipsa
2000 4585 2080 4646 ab
2136 4585 2271 4663 ipso
2327 4583 2720 4643 elaboratum
2777 4599 2911 4642 esse
2967 4600 3045 4641 ex
3093 4579 3359 4659 epistola
3416 4578 3495 4639 al.
3538 4595 3657 4640 xcv

292 4680 649 4743 manifestum
683 4688 816 4756 est;
877 4700 1018 4762 qum
1049 4684 1301 4762 quidem
1334 4684 1598 4763 epistola
1631 4703 1771 4745 cum
1821 4683 2140 4762 epitaphio
2202 4682 2388 4743 rebus
2441 4688 2502 4743 et
2548 4681 2752 4741 verbis
2800 4680 2891 4740 ita
2938 4682 3261 4751 consonat,
3312 4681 3381 4736 ut
3437 4676 3662 4737 utrius-

291 4791 407 4852 QHe,
464 4780 557 4841 vel
612 4780 933 4853 neutrius,
997 4786 1219 4842 auctor
1281 4783 1717 4861 agnoscendus
1792 4782 1870 4843 sit
1921 4781 2255 4859 Gregorius
2288 4824 2302 4839 .
2381 4781 2682 4840 Fatentur
2738 4785 2949 4839 autem
3007 4794 3225 4837 omnes
3274 4774 3603 4855 epistolam
3640 4822 3653 4848 ,

299 4889 624 4948 germanum
679 4897 811 4940 esse
874 4878 1182 4957 Theologi
1235 4880 1431 4940 fetum
1485 4880 1565 4940 ad
1626 4879 1992 4958 Gregorium
2052 4881 2398 4957 Nyssenum
2457 4876 2818 4937 scribentis.
2870 4876 2992 4935 Pro
3050 4878 3220 4935 certo
3274 4873 3489 4950 itaque
3542 4871 3655 4933 ha-

294 4967 552 5049 bendum,
600 4975 991 5056 Theologum
1048 4996 1164 5039 nec
1214 4977 1603 5047 Theosebiae,
1659 4996 1774 5038 nec
1830 4977 1948 5037 ulli
2001 4977 2105 5038 alii
2159 4993 2440 5055 unquam
2500 4973 2813 5035 connubio
2864 4973 3179 5052 junctum,
3241 4970 3657 5048 eumdemque

296 5081 405 5128 esse
452 5079 762 5135 auctorem
819 5073 1145 5154 epitaphii.
1214 5076 1525 5135 Praeterea
1580 5074 1935 5147 Muratorii,
2007 5075 2114 5153 qui
2169 5073 2495 5152 epitaphio
2535 5118 2548 5144 ,
2603 5078 2673 5132 ut
2721 5077 2783 5131 et
2838 5069 3105 5150 epistola
3151 5069 3232 5130 ad
3290 5067 3655 5147 Gregorium

297 5162 599 5242 Nyssenum
635 5217 650 5245 ,
727 5177 1098 5252 perpetuam
1171 5171 1477 5251 Theologi
1545 5172 1975 5252 virginitatem
2035 5170 2401 5233 labefactari
2465 5170 2818 5249 suspicatus
2875 5172 3015 5242 est,
3095 5167 3371 5229 rationes
3426 5183 3653 5227 evane-

298 5270 444 5326 scunt
468 5273 523 5329 et
549 5268 828 5330 funditus
860 5276 1182 5332 corruunt.

371 5433 600 5511 qlqarm.
636 5438 775 5504 a12,
807 5455 860 5495 v.
887 5439 1009 5509 426,
1042 5440 1166 5511 433,
1198 5438 1323 5506 448,
1356 5439 1477 5495 449.

1382 5439 1477 5495 ι49.
2071 5439 2143 5511 (e)
2166 5440 2355 5496 Carm.
2390 5437 2466 5493 al.
2501 5438 2552 5505 1,
2584 5453 2636 5511 v.
2669 5437 2776 5511 280
2805 5438 2863 5494 et
2892 5451 3010 5508 seq.

378 5504 423 5584 ᾳ)
437 5507 603 5584 lbid.,
630 5528 687 5584 γ.
721 5511 861 5584 456,Δ
879 5504 1006 5566 etc;
1149 5504 1163 5511 '
1308 5504 1315 5506 ‘

1149 5504 1163 5511 '
1308 5504 1315 5506 ‘
2070 5504 2141 5584 (ί)
2165 5510 2333 5584 1pm.,
2363 5528 2414 5566 v.
2432 5504 2566 5584 A284,
2596 5510 2720 5584 28:3.

358 5575 601 5655 (.le9311;
627 5582 682 5652 ⁵ο
716 5599 773 5655 νον
804 5575 929 5638 “0—
1258 5653 1273 5655 Α
1368 5653 1381 5655 _
1417 5652 1434 5655 Α
1459 5654 1499 5655 η
2172 5575 2362 5640 Carm.
2397 5581 2469 5639 al.
2501 5575 2562 5649 5,
2592 5599 2644 5636 v.
2674 5579 2800 5635 283.

361 5645 601 5722 (d)1bid.,
632 5645 685 5710 νζ
717 5654 845 5727 205,
876 5655 1003 5723 206,
1025 5655 1149 5725 207,
1177 5653 1282 5711 208
1316 5653 1386 5709 ad
1408 5652 1532 5709 313.
