4122 6214
344 329 411 389 5’
1356 324 1771 387 PREFATIO
1819 326 2286 386 GENEIlALlS.
2323 357 2392 369 —
2423 323 2623 385 PARS
2669 321 2747 383 Il.
3673 324 3750 383 52

415 460 556 524 Jam
611 479 760 524 vero
817 457 868 523 si
923 481 1190 544 quaeras,
1253 461 1392 541 quis
1438 460 1543 524 ille
1592 461 1670 524 sit
1724 463 2094 540 Gregorius,
2144 459 2251 541 qui
2293 459 2358 521 in
2401 457 2724 539 epitaphio
2778 483 2808 514 «
2860 458 3125 538 Magnus
3180 483 3206 515 »
3269 455 3519 532 dicitur,
3584 457 3750 520 ultro

338 559 883 640 respondebimus,
948 562 1192 622 nullum
1251 561 1444 621 alium
1503 580 1636 622 esse
1692 579 1882 639 quam
1947 563 2318 639 Nyssenum.
2380 557 2558 630 Quod
2615 564 2825 618 autem
2879 557 3294 619 Theosebiam
3355 564 3630 636 spectat:
3691 558 3755 618 in

344 659 612 738 epistola
672 683 701 715 «
761 660 1102 720 sacerdotis
1158 658 1391 738 conjux
1454 685 1481 714 ι)
1542 678 1878 737 comparve
1937 657 2298 737 appellatur
2344 675 2356 729 ;
2409 657 2472 716 in
2530 656 2852 734 epitaphio
2903 657 3245 717 sacerdotis
3301 656 3468 715 illius
3527 675 3758 716 nomen

348 756 745 829 declaratur;
815 776 1152 835 rursusque
1223 759 1404 834 cujus
1458 757 1798 817 sacerdotis
1867 762 1928 816 et
1984 756 2164 834 cujus
2221 753 2502 832 Gregorii
2558 753 2746 813 fuerit
2797 777 2824 807 α
2860 772 3181 832 compar»
3243 754 3594 816 Theosebia
3651 754 3762 814 de-

350 853 715 915 nuntiatur.
777 855 1069 934 Quisquis
1123 855 1264 915 illas
1314 855 1554 915 litteras
1602 855 1867 932 legerit,
1927 873 2052 913 non
2103 851 2415 912 dubitabit
2463 851 2604 929 quis
2661 851 2764 911 ille
2822 851 2901 911 sit
2959 852 3324 930 Gregorius.
3387 852 3534 931 Ejus
3595 851 3759 912 enim

351 952 547 1032 ipsius
594 953 957 1025 sacerdotis,
1025 958 1091 1012 ut
1138 959 1231 1013 est
1280 953 1342 1012 in
1408 952 1694 1031 epistola,
1763 952 1898 1028 ejus
1956 950 2258 1030 Gregorii,
2311 954 2381 1009 ut
2434 949 2725 1010 disertius
2772 949 2965 1010 habet
3012 950 3433 1028 epitaphium,
3490 949 3766 1010 Theose—

349 1050 455 1110 bia
515 1069 925 1128 «compar,»
979 1051 1074 1111 vel
1131 1051 1183 1110 si
1241 1050 1459 1122 mavis,
1525 1075 1554 1105 «
1613 1049 1870 1128 conjux,
1931 1073 1960 1105 »
2023 1068 2062 1109 a
2113 1067 2238 1127 quo
2287 1047 2463 1108 illam
2511 1047 2573 1106 in
2630 1047 2898 1125 epistola
2956 1048 3359 1108 cemmendat
3415 1046 3766 1126 laudatque

353 1148 751 1226 Theologus;
805 1149 940 1226 ejus
991 1149 1219 1208 iterum
1275 1149 1637 1220 sacerdotis,
1699 1149 1798 1207 cui
1857 1154 1918 1208 et
1972 1147 2205 1207 virtute
2270 1164 2504 1224 «par»
2567 1151 2627 1204 et
2683 1145 2923 1204 honore
2971 1145 3320 1206 Theosebia
3364 1145 3768 1224 praedicatur,

354 1245 615 1324 ejusque
674 1247 831 1306 adeo
891 1247 1231 1307 sacerdotis
1266 1293 1279 1318 ,
1345 1245 1478 1324 ejus
1537 1246 1818 1324 Gregorii
1873 1269 1904 1302 «
1960 1263 2220 1324 compar
2256 1290 2269 1317 ,
2328 1268 2358 1299 »
2440 1243 2518 1302 ad
2577 1261 2764 1321 quem
2818 1243 3130 1321 pertinent
3183 1243 3309 1303 illa:
3368 1243 3587 1303 laudes
3622 1289 3635 1313 ,
3690 1244 3773 1302 ad

357 1359 544 1417 quem
603 1340 764 1400 datae
823 1348 968 1401 sunt
1023 1342 1246 1402 littera
1282 1386 1295 1400 .
1367 1342 1516 1411 Quae
1566 1359 1709 1400 cum
1776 1341 1900 1401 sint
1960 1340 2039 1400 ad
2096 1343 2445 1419 Nyssenum
2503 1336 2750 1415 scriptm
2788 1384 2802 1410 ,
2863 1338 3210 1416 ipsissimus
3274 1338 3377 1398 ille
3437 1339 3776 1415 Gregorius

357 1436 686 1497 habendus
744 1444 859 1507 est,
920 1439 1099 1517 cujus
1155 1445 1216 1498 et
1266 1463 1290 1493 ι
1347 1457 1524 1498 soror
1577 1462 1604 1493 »
1665 1443 1727 1498 et
1785 1462 1813 1490 ‹‹
1876 1438 2132 1516 conjux,
2190 1461 2219 1493 »
2285 1455 2391 1496 seu
2449 1435 2650 1512 magis
2709 1458 2738 1489 ‹‹
2799 1454 3082 1514 compar,
3133 1459 3163 1490 »
3228 1441 3297 1495 ut
3353 1435 3416 1494 in
3449 1434 3774 1514 epitaphio

357 1534 708 1594 Theosebia
764 1535 1167 1613 designatur.
1233 1539 1306 1596 Et
1362 1542 1528 1596 certe
1588 1554 1731 1596 cum
1790 1536 2087 1614 Nysseni,
2147 1541 2209 1595 et
2266 1553 2390 1594 non
2448 1532 2787 1594 sacerdotis
2844 1533 3101 1593 alterius
3158 1539 3381 1614 σύζυγον
3443 1533 3773 1604 Baronius,

361 1633 831 1693 continuatores
887 1634 1213 1706 Bollandi,
1279 1633 1530 1693 Rivetus
1589 1639 1650 1692 et
1717 1633 1822 1693 alii
1875 1633 2179 1693 senserint
2233 1629 2646 1692 Theosebiam
2722 1630 2784 1689 in
2843 1631 3108 1709 epistola
3165 1631 3395 1691 dictam
3454 1629 3776 1690 eamdem-

362 1748 485 1807 que
519 1749 798 1791 sororem
826 1751 843 1807 ;
886 1731 1037 1810 quid
1072 1731 1457 1792 incommodi
1486 1749 1619 1791 esse
1647 1736 1852 1808 potest
1890 1731 2052 1790 idem
2090 1730 2425 1790 admittere
2471 1726 2537 1787 in
2567 1727 2912 1806 epitaphio,
2968 1729 3139 1808 quod
3169 1729 3232 1789 in
3265 1729 3527 1808 epistola
3560 1728 3789 1788 admit-

365 1826 518 1888 titur
539 1828 568 1888 ?

447 1959 768 2032 Superest,
831 1960 900 2014 ut
957 1973 1082 2033 quo
1141 1972 1327 2036 sensu
1386 1955 1646 2034 Nysseni
1707 1978 1737 2010 «
1792 1972 1970 2014 soror
2027 1960 2087 2014 et
2118 1954 2436 2032 conjux,»
2500 1956 2751 2031 σύζυγος,
2803 1953 3154 2016 Theosebia
3208 1953 3471 2025 dicatur,
3509 1970 3785 2030 expona-

367 2070 525 2110 mus.
590 2052 797 2111 Primo
849 2052 1105 2130 quidem
1140 2099 1154 2125 ,
1217 2052 1676 2130 signiﬁcatione
1735 2053 1991 2130 propria
2043 2058 2377 2132 utrumque
2435 2056 2557 2116 dici
2617 2074 2740 2114 non
2799 2053 3051 2133 potuit;
3117 2051 3195 2110 ab
3246 2050 3431 2110 obvio
3472 2049 3664 2126 igitur
3723 2055 3787 2108 et

369 2148 622 2226 proprio
681 2166 865 2208 sensu
924 2167 1046 2208 vox
1094 2149 1480 2221 deducenda,
1535 2158 1595 2209 et
1644 2149 1983 2227 quaerenda
2038 2150 2508 2228 interpretatio.
2568 2152 2919 2212 Theosebia
2975 2150 3036 2208 in
3094 2146 3418 2226 epitaphio
3479 2153 3630 2213 τέκος
3666 2159 3783 2223 Εμ-

369 2250 609 2325 μελίοιο,
673 2248 994 2307 ΕΠΠῙΙΘῙῘὶΒ
1049 2246 1177 2306 ﬁlia
1233 2247 1494 2306 dicitur:
1557 2247 1727 2325 quod
1778 2249 1827 2306 si
1892 2271 1922 2301 «
1958 2266 2244 2307 nurum»
2312 2250 2760 2328 interpreteris,
2812 2249 2890 2308 ad
2951 2246 3224 2320 Barouii,
3288 2243 3662 2303 Henschenii
3719 2252 3785 2302 et

366 2342 821 2420 Papebrochii,
882 2345 1081 2404 ltiveti
1138 2345 1570 2421 aliorumque,
1641 2344 1748 2422 qui
1804 2346 2151 2422 Nyssenum
2232 2347 2548 2406 connubio
2618 2345 2910 2423 junctum
2985 2362 3126 2402 cum
3187 2341 3535 2402 Theosebia
3593 2341 3783 2400 fuisse

367 2441 608 2508 volunt,
673 2443 1050 2502 sententiam
1107 2444 1407 2514 accedes;
1461 2461 1576 2502 nec
1622 2461 1660 2501 a
1717 2443 2189 2514 consuetudine,
2255 2461 2382 2519 qua
2440 2461 2635 2502 nurus
2699 2442 2900 2501 «ﬁlim
2945 2462 2973 2497 ι)
3033 2441 3401 2518 plerumque
3459 2438 3788 2516 appellan-

371 2543 474 2596 tur
530 2538 610 2597 ab
659 2539 774 2611 iis,
835 2558 992 2616 quas
1049 2558 1264 2599 socrus
1326 2540 1602 2611 habent,
1664 2539 1909 2616 penitus
1966 2538 2336 2611 recesseris,
2396 2557 2433 2598 a
2479 2540 2739 2598 veritate
2787 2545 2996 2598 autem
3051 2554 3306 2615 prorsus
3363 2536 3783 2595 abscesseris.

372 2637 588 2711 Neque
632 2635 797 2693 enim
856 2636 1003 2696 sinit
1057 2637 1343 2714 epistola,
1404 2640 1481 2694 de
1529 2654 1653 2713 qua
1712 2637 1917 2707 toties,
1971 2635 2146 2694 illam
2204 2637 2508 2714 epitaphii
2569 2656 2786 2697 vocem
2844 2637 2969 2696 ullo
3031 2637 3220 2694 modo
3269 2633 3629 2706 sollicitare,
3691 2638 3788 2692 at—

374 2749 498 2807 que
529 2732 718 2790 etiam
755 2733 875 2790 huc
937 2740 998 2791 et
1028 2752 1217 2810 quam
1253 2733 1526 2792 maxime
1558 2751 1698 2791 cum
1754 2733 2077 2810 epitaphio
2127 2733 2392 2811 epistola
2448 2735 2784 2804 concurrit,
2822 2741 2891 2793 ut
2942 2756 2972 2788 «
3012 2731 3222 2793 Basilii
3275 2750 3474 2802 soror,
3529 2754 3557 2785 »
3620 2729 3790 2808 quod

379 2845 508 2903 prae
539 2846 602 2886 se
636 2834 752 2887 t'ert
798 2828 1103 2906 epitaphii
1159 2831 1398 2899 titulus,
1458 2837 1520 2889 et
1577 2830 1899 2889 Emmeliae
1958 2830 2108 2901 tilia,
2173 2848 2300 2907 quo
2357 2831 2420 2890 in
2467 2832 2603 2908 ipso
2657 2836 2750 2890 est
2797 2829 3140 2908 epitaphio,
3177 2845 3605 2905 germanaque
3636 2826 3793 2886 adeo

380 2941 453 2983 ac
484 2924 738 3002 proprie
782 2926 1037 3003 Nysseni
1089 2944 1267 2985 soror
1317 2927 1666 2987 Theosebia
1715 2932 2054 2986 astruatur.
2121 2928 2415 3005 Epistolas
2465 2929 2657 2988 verba
2705 2933 2887 2987 sunt:
2951 2951 2980 2981 ‹‹
3039 2928 3124 2986 Te
3182 2925 3462 2984 admiror
3517 2925 3598 2984 ob
3656 2941 3792 2983 eam

385 3021 782 3082 tolerantiam
843 3041 914 3081 ac
965 3023 1426 3102 philosophiam
1467 3070 1482 3096 ,
1562 3043 1753 3102 quam
1828 3024 2100 3084 discessu
2160 3025 2361 3086 beatae
2418 3031 2776 3103 sanctasque
2824 3023 3054 3085 sororis
3110 3028 3333 3081 vestrae
3381 3027 3681 3099 praestare
3738 3027 3800 3081 te

385 3119 609 3179 audio:
673 3144 705 3174 »
765 3138 905 3197 quae
965 3122 1216 3198 quidem
1277 3122 1469 3182 verba
1522 3122 1681 3183 illud
1732 3122 2127 3201 epitaphium
2187 3123 2310 3182 alio
2368 3122 2664 3201 prohibet
2714 3120 3096 3200 detorqueri.
3161 3124 3236 3180 Et
3285 3121 3479 3179 Paulo
3537 3119 3797 3178 inferius

380 3218 686 3293 praedicat
733 3217 1189 3289 Theosebiam,
1257 3239 1285 3275 (ι
1345 3221 1635 3280 Ecclesia
1692 3221 1912 3291 decus,
1973 3220 2201 3280 Christi
2256 3227 2718 3291 ornamentum,
2781 3220 2984 3279 aetatis
3040 3218 3207 3278 illius
3262 3217 3492 3277 bonum
3533 3263 3546 3289 ,
3611 3216 3793 3275 femi-

376 3332 605 3374 narum
658 3315 949 3375 ﬁduciam
990 3362 1003 3389 ,
1079 3317 1495 3377 Theosebiam
1554 3319 1617 3377 in
1673 3325 1852 3378 tanta
1921 3320 2186 3378 fratrum
2262 3318 2730 3395 pulchritudine
2804 3317 3316 3377 formosissimam
3375 3321 3436 3372 et
3511 3311 3792 3372 clarissi-

377 3428 585 3484 mam;
621 3434 652 3465 »
716 3412 1004 3486 fratrum,
1064 3416 1346 3492 inquam,
1407 3415 1707 3493 quinque,
1760 3422 1822 3474 et
1869 3433 2156 3474 sororum
2219 3414 2501 3474 totidem.
2565 3414 2801 3484 Quibus
2853 3413 3100 3490 egregie
3141 3411 3407 3472 concinit
3437 3409 3498 3468 in
3534 3411 3788 3470 Emme-

372 3507 520 3567 liam
581 3509 974 3586 epitaphium
1031 3528 1192 3570 cxxx
1241 3513 1410 3588 apud
1467 3513 1905 3572 Muratorium.
1970 3512 2146 3571 Mitto
2205 3530 2347 3588 quae
2405 3529 2483 3570 ex
2539 3510 2613 3570 iis
2665 3510 2958 3570 laudibus
3014 3528 3128 3587 pro
3176 3505 3536 3568 ’l‘heosebiee
3571 3524 3795 3584 perpe-

373 3614 490 3666 tua
544 3605 904 3683 virginitate
962 3608 1173 3686 colligi
1246 3609 1525 3686 possint,
1602 3627 1790 3685 quam
1851 3608 2106 3685 quidem
2168 3610 2218 3667 si
2276 3614 2559 3685 professa
2627 3627 2754 3667 non
2812 3613 3016 3681 esset,
3077 3607 3267 3682 digna
3323 3605 3603 3682 profecto
3665 3623 3794 3664 non

372 3709 534 3760 esset
564 3721 705 3780 qua:
762 3710 856 3764 tot
897 3704 1060 3765 inter
1104 3707 1328 3766 fratres
1381 3725 1454 3765 ac
1508 3725 1752 3765 sorores
1809 3707 2078 3783 virgines
2133 3707 2562 3778 «clarissima,
2623 3715 2685 3765 et
2740 3705 2969 3764 Christi
3025 3722 3098 3763 ac
3156 3703 3444 3763 Ecclesia:
3503 3701 3694 3761 decus
3728 3706 3794 3762 et

371 3817 592 3860 ornam
608 3810 824 3862 entum
854 3825 886 3858 »
922 3803 1253 3864 diceretur.

451 3932 515 3992 ln
573 3934 841 4013 epistola
895 3935 1202 4016 Theologi
1260 3938 1340 3997 ad
1398 3940 1746 4018 Nyssenum
1810 3937 1946 3998 haec
1996 3937 2388 3998 observanda
2447 3937 2719 3997 maxime
2788 3941 2933 3996 sunt
2991 3934 3221 3994 verba:
3291 3957 3320 3985 ‹‹
3379 3932 3793 3994 Theosebiam

373 4049 618 4102 meam;
672 4051 874 4093 meam
937 4034 1101 4094 enim
1167 4054 1318 4097 voco
1353 4085 1368 4113 ,
1456 4057 1598 4117 quae
1657 4043 1725 4096 ut
1807 4036 1917 4096 Dei
1977 4035 2219 4114 legibus
2285 4043 2777 4096 consentaneum
2833 4040 2967 4095 erat
3022 4032 3214 4104 vixit;
3271 4031 3786 4109 quandoquidem

367 4129 665 4205 spiritalis
722 4131 1013 4207 cognatio
1083 4151 1449 4212 corpoream
1508 4135 1848 4196 antecellit.
1912 4158 1940 4190 »
2002 4141 2267 4198 Tantam
2328 4135 2463 4194 haec
2520 4135 2711 4194 verba
2768 4134 2890 4193 vim
2953 4133 3187 4191 habent
3247 4130 3325 4189 ad
3387 4129 3785 4208 probandum

367 4225 778 4285 Theosebiam
830 4245 1107 4288 sororem
1170 4249 1301 4289 esse
1361 4250 1724 4307 germanam
1788 4235 2090 4311 Nysseni,
2165 4239 2226 4293 et
2281 4233 2356 4292 ad
2418 4232 2758 4291 arcendum
2817 4230 3065 4310 penitus
3124 4246 3264 4288 cum
3325 4227 3404 4286 ab
3465 4246 3538 4286 eo
3576 4272 3589 4298 ,
3656 4231 3788 4284 tum

369 4340 402 4379 a
464 4320 848 4380 Nazianzeno
905 4323 1294 4403 conjugium,
1358 4335 1426 4387 ut
1479 4329 1705 4388 mirum
1767 4330 1946 4390 valde
2005 4331 2084 4390 sit
2140 4331 2307 4390 viros
2362 4330 2580 4390 doctos
2636 4348 2711 4390 ex
2771 4328 2868 4388 his
2925 4327 3130 4388 verbis
3188 4343 3405 4386 ansam
3450 4323 3793 4402 arripuisse

367 4417 652 4477 alterutri
708 4418 1006 4497 Gregorio
1065 4437 1206 4480 cum
1265 4422 1618 4484 Theosebia
1679 4424 2147 4484 matrimonium
2207 4426 2589 4504 afﬁngendi,
2643 4445 2720 4485 ex
2777 4424 3005 4503 quibus
3065 4421 3452 4484 contrarium
3513 4425 3792 4480 statuere

368 4514 744 4575 debuerant.

448 4639 627 4700 Certe
678 4640 1060 4720 Gregorius,
1132 4661 1273 4704 cum
1361 4667 1386 4702 ‹‹
1447 4645 1791 4724 cognitioni
1866 4664 2229 4726 corporeae,
2296 4669 2327 4702 »
2391 4666 2516 4725 qua
2569 4650 2915 4726 Nyssenum
2975 4642 3324 4706 Theosebia
3382 4641 3785 4719 attingebat,

373 4764 399 4793 «
434 4737 776 4816 spiritalem
808 4762 837 4798 υ
903 4741 1167 4820 opponit
1199 4761 1325 4822 qua
1366 4743 1446 4804 ad
1477 4762 1543 4805 se
1598 4743 1805 4823 ipsum
1867 4744 2257 4823 pertinebat;
2321 4764 2460 4804 cum
2530 4745 2943 4823 «spiritalis»
3009 4743 3201 4822 hujus
3267 4765 3295 4801 α
3326 4739 3720 4817 cognationis
3761 4763 3787 4794 ι

366 4855 588 4896 causas
643 4856 716 4898 ac
789 4837 1062 4900 rationes
1119 4841 1368 4914 reddit,
1433 4843 1603 4921 quod
1667 4843 1960 4904 nimirum
2019 4844 2366 4904 Theosebia
2431 4866 2460 4900 (ι
2521 4843 2625 4903 Dei
2694 4843 2936 4922 legibus
3007 4847 3424 4902 conscntance
3483 4837 3687 4912 vixit,
3753 4860 3782 4891 »

363 4952 614 4995 omnem
688 4954 945 5013 prorsus
1024 4957 1061 4997 a
1131 4958 1196 4999 se
1267 4946 1327 5000 et
1389 4960 1426 4999 a
1482 4943 1760 5020 Nysseno
1840 4942 2225 5001 matrimonii
2282 4940 2696 5020 suspicionem
2761 4941 3132 5020 propulsat.
3196 4935 3547 4999 Theosebia
3603 4953 3787 4994 soror

362 5038 498 5090 erat
554 5033 839 5111 Nysseni,
901 5036 1273 5113 cognatione
1334 5040 1680 5117 corporali;
1734 5059 1911 5099 soror
1968 5059 2114 5099 vero
2166 5039 2551 5111 Nazianzeni,
2620 5063 2647 5092 α
2712 5039 3086 5116 cognatione
3145 5034 3496 5115 spirituali;
3561 5057 3587 5087 ι)
3632 5051 3788 5091 neu-

366 5130 521 5189 trius
579 5137 787 5191 autem
851 5151 1030 5194 uxor.
1093 5137 1214 5195 Nec
1268 5155 1517 5197 movero
1576 5138 1763 5198 debet
1823 5157 1942 5196 vox
2000 5139 2121 5198 ista
2175 5144 2424 5219 σύζυγος,
2489 5157 2615 5215 qua
2673 5157 2819 5196 usus
2877 5144 2970 5197 est
3000 5143 3223 5196 auctor
3251 5131 3580 5213 epitaphii.
3617 5129 3785 5189 Idem

363 5227 527 5286 cnim
587 5227 703 5288 huc
765 5249 912 5290 voce
967 5231 1324 5308 signiﬁcare
1407 5235 1604 5294 voluit
1681 5236 2064 5313 Gregorius,
2139 5236 2309 5313 quod
2382 5233 2444 5294 in
2527 5233 2848 5311 rpitaphio
2934 5251 3030 5293 XLI
3124 5232 3292 5310 apud
3374 5225 3786 5289 illuratorium

366 5345 425 5401 ι).
498 5326 601 5384 102
639 5334 926 5410 Καρτὲριον
983 5342 1083 5404 τῆς
1142 5339 1241 5405 σῆς
1299 5337 1526 5413 σύζυγον
1590 5335 1859 5410 esseet“-
1931 5355 1958 5390 α(

2156 5333 2320 5406 uisti,
2378 5334 2606 5411 inquit,
2670 5332 3056 5404 Nicomedes,
3110 5329 3458 5391 Carterium
3492 5331 3617 5386 tuae
3649 5323 3784 5402 pie-

368 5422 513 5480 talis
569 5424 847 5485 socium.
907 5449 937 5481 »
996 5416 1385 5490 Nazianzeno
1446 5437 1613 5491 certe
1659 5432 1836 5492 licuit
1891 5432 2061 5512 quod
2117 5432 2343 5509 cuique
2401 5432 2592 5502 licet,
2655 5429 2912 5489 vocibus
2967 5430 3042 5490 iis
3099 5429 3324 5505 abuti,
3382 5424 3614 5504 quibus
3671 5439 3782 5481 vo-

372 5519 553 5579 luerit
589 5569 602 5593 ,
680 5523 861 5584 modo
919 5523 1224 5600 deﬁniat,
1302 5546 1655 5606 novamque
1712 5548 1905 5607 quam
1979 5529 2055 5589 iis
2119 5529 2368 5608 afﬁngit
2422 5527 2941 5607 signiﬁcationem
3005 5532 3327 5608 exponat.
3401 5521 3580 5595 Quod
3629 5535 3781 5580 sane

373 5616 772 5681 disertissime
857 5621 1190 5700 praastitit,
1265 5623 1678 5686 Theosebiam
1765 5644 2042 5688 sororem
2128 5627 2387 5706 Nysseni
2471 5645 2836 5705 germanam
2899 5644 3032 5688 esse
3090 5625 3515 5695 conﬁrmans,
3602 5618 3771 5697 ejus-
