4122 6214
290 365 347 426 53
1252 360 1665 424 PR/EFATIO
1713 362 2178 425 GENEBALIS.
2212 394 2290 408 —
2323 361 2517 424 PARS
2564 359 2643 423 II.
3566 352 3649 420 54

284 499 513 578 demque
568 494 983 560 diaconissam
1040 496 1141 560 his
1199 497 1403 560 verbis
1462 502 1768 572 astruens,
1831 498 2057 579 quibus
2113 497 2361 578 aptiora
2417 516 2542 560 non
2624 501 2770 559 sunt
2842 493 2923 559 ad
2982 491 3371 575 designanda
3427 492 3642 557 diaco-

281 596 432 657 nissze
486 594 702 657 merita
758 601 821 657 et
895 596 1151 657 munia:
1219 619 1247 654 α
1298 596 1715 658 Theosebiam
1770 615 1913 659 vere
1968 616 2232 670 sacram,
2298 602 2489 677 atque
2545 594 2701 658 adeo
2781 593 3092 657 sacerdoti
3165 611 3527 675 comparem
3586 597 3648 654 et

277 712 461 773 parem
491 693 727 754 honore
758 699 820 755 et
851 694 1440 779 magnismysteriis
1470 696 1751 774 dignam.
1776 716 1805 752 υ

338 791 628 852 Praeterea
682 810 800 851 vox
861 793 1077 852 Graeca
1128 789 1354 865 σύζυγος
1415 811 1537 853 non
1596 792 1851 871 proprie
1906 792 2218 871 significat
2271 810 2397 865 eos,
2465 811 2623 871 quos
2695 790 2908 853 Latine
2962 790 3260 870 conjuges
3322 808 3644 864 vocamus,

274 888 535 948 maritum
588 894 649 948 et
704 906 1007 962 uxorem;
1071 890 1177 949 sed
1236 908 1340 950 eos
1415 891 1785 968 generatim,
1848 891 1955 969 qui
2024 890 2230 969 operis
2305 889 2587 967 ejusdem
2665 890 2837 962 socii,
2914 888 3078 949 idem
3160 887 3349 948 veluti
3417 888 3645 967 jugum

273 984 488 1045 trahere
543 993 899 1047 causentur.
964 989 1057 1048 lta
1115 988 1359 1048 consilii
1415 989 1781 1067 participem
1842 993 2026 1049 vocat
2082 985 2303 1062 σύζυγον
2340 987 2786 1065 Aristophanes
2844 988 2903 1047 in
2963 987 3187 1047 Pluto:
3247 986 3335 1046 ita
3392 1005 3645 1065 quoque

270 1083 442 1142 Plato.
522 1084 621 1143 Sic
697 1092 760 1145 et
835 1086 1084 1160 nostris,
1164 1086 1472 1146 Macarius
1536 1086 1867 1165 ngyptius
1945 1087 2288 1147 monachus
2363 1082 2624 1158 συζ·3γους
2677 1085 2966 1145 nominat
3050 1083 3413 1163 discipulos,
3488 1103 3648 1162 quos

268 1180 421 1240 binos
490 1182 790 1241 Dominus
875 1183 1061 1253 misit,
1141 1188 1445 1262 tanquam
1524 1184 1912 1263 conjugales.
2000 1188 2088 1244 Eo
2163 1184 2349 1244 etiam
2432 1203 2615 1244 sensu
2691 1182 3042 1243 Tlieosebia
3102 1178 3332 1253 σύζυγος
3365 1182 3647 1259 Gregorii

269 1282 499 1357 Nysseni
554 1281 671 1340 fuit
730 1286 792 1341 et
848 1282 971 1341 dici
1028 1282 1255 1360 potuit,
1289 1283 1457 1361 quod
1512 1282 1601 1343 illi
1635 1308 1661 1339 ι
1701 1303 1816 1361 par
1874 1283 2199 1356 honore,»
2234 1275 2526 1353 ὁμότιμον,
2588 1282 2753 1361 quod
2795 1281 3098 1359 «magnis
3167 1280 3356 1359 digna
3415 1285 3644 1360 myste-

266 1375 377 1453 riis,
449 1398 476 1433 ι)
551 1379 657 1427 τῶν
694 1372 948 1449 μεγάλων
988 1374 1299 1451 μυστηρίων
1356 1376 1522 1446 ἆξξαν,
1600 1379 1800 1458 iisque
1879 1400 1894 1439 ι

2014 1379 2304 1440 istrandis
2376 1380 2635 1441 fratrem
2709 1397 2906 1451 soror,
2961 1377 3349 1437 sacerdotem
3425 1377 3642 1437 diaco-

269 1473 411 1533 nissa
463 1473 829 1552 adjuvahat,
884 1483 946 1535 et
1002 1476 1340 1554 conjuncta
1400 1496 1592 1555 Opera
1647 1477 2099 1538 collaborabat.
2162 1480 2307 1538 Haec
2366 1484 2579 1539 autem
2650 1477 2726 1537 de
2803 1496 2952 1537 voce
3015 1473 3243 1547 σύζυγος
3300 1474 3645 1555 disputavi—

268 1590 403 1643 mus,
451 1571 621 1633 salvo
679 1572 891 1633 Basilii
949 1574 1145 1653 patris
1202 1574 1612 1653 ejusdemque
1670 1575 1942 1654 episcopi
2004 1576 2317 1635 connubio
2395 1594 2534 1635 cum
2610 1576 2934 1647 Emmelia,
2999 1580 3061 1635 et
3116 1572 3395 1651 Gregorii
3451 1573 3648 1652 patris

267 1692 385 1731 cum
440 1675 683 1733 Nonna.
750 1675 1052 1734 Emmelia
1109 1675 1271 1735 enim
1334 1683 1395 1735 ct
1448 1678 1692 1749 Nonna,
1756 1676 2165 1736 sanctissimae
2241 1676 2512 1749 feminae,
2572 1695 2715 1736 vere
2791 1674 3109 1753 conjugcs,
3172 1674 3372 1734 altera
3435 1673 3643 1734 Basilii

268 1771 457 1849 patris,
506 1772 705 1832 altera
768 1774 1045 1850 Gregorii
1123 1774 1314 1850 patris
1395 1774 1585 1845 fuere,
1649 1775 1817 1852 quod
1892 1774 2028 1833 aliis
2118 1781 2179 1834 et
2250 1774 2536 1853 plurimis
2614 1773 3001 1853 argumentis
3079 1777 3344 1833 constat.
3408 1774 3643 1833 Neutra

266 1887 385 1927 cum
440 1870 663 1929 marito
722 1870 1282 1948 consanguinitatis
1340 1871 1467 1931 ullo
1521 1872 1720 1949 gradu
1778 1877 1913 1931 erat
1970 1871 2326 1951 conjuncta,
2392 1878 2458 1931 ut
2513 1890 2729 1931 vocem
2805 1890 2843 1931 a
2917 1870 3129 1931 nativa
3185 1868 3643 1949 significatione

264 1965 539 2026 deducam
568 1984 731 2044 Opus
763 1968 861 2026 sit.

332 2066 510 2124 Nemo
555 2064 694 2142 jam
753 2085 878 2125 non
930 2066 1223 2143 intelligit
1282 2085 1406 2145 quo
1464 2067 1682 2127 ordine
1742 2066 2032 2127 habenda
2088 2065 2167 2126 sit
2223 2086 2383 2127 vana
2449 2066 2771 2127 Muratorii
2828 2066 2903 2127 de
2981 2066 3381 2127 matrimonio
3437 2064 3643 2127 Theo-

264 2160 373 2239 logi
428 2163 723 2241 suspicio,
785 2169 846 2222 et
903 2170 1142 2241 quanto
1200 2164 1258 2222 in
1318 2183 1526 2225 errore
1586 2170 1867 2224 versatus
1922 2165 2003 2225 sit
2055 2164 2448 2242 Beveregius,
2511 2165 2619 2241 qui
2694 2164 3079 2225 confidenter
3148 2164 3368 2225 asserit
3442 2164 3641 2223 uerni-

265 2276 391 2316 nem
472 2258 532 2317 in
626 2259 1009 2337 antiquitate
1085 2267 1397 2320 versatum
1489 2262 1727 2321 nescire
1813 2262 2185 2339 GrOgorium
2276 2261 2666 2339 Theologum
2764 2260 3163 2321 matrimonio
3274 2260 3638 2339 copulatum

260 2354 448 2415 fuisse.
503 2356 633 2416 lmo
695 2375 882 2417 nemo
936 2358 999 2416 in
1060 2359 1433 2436 antiquitate
1496 2365 1773 2419 versatus
1847 2360 1909 2419 id
1987 2378 2263 2438 unquam
2337 2358 2683 2436 cogitavit:
2746 2378 2906 2419 unus
2979 2359 3350 2437 Beveregius
3419 2363 3635 2417 natum

258 2469 321 2509 ex
373 2470 432 2511 se
499 2460 621 2513 tam
682 2454 1037 2514 inauditum
1097 2465 1520 2516 commentum
1580 2456 1859 2535 protulit.
1921 2458 2171 2517 Certum
2229 2456 2421 2534 igitur
2479 2461 2538 2515 et
2607 2456 3047 2516 inconcussum
3126 2460 3372 2515 maneat
3451 2454 3638 2513 nullis

257 2548 552 2627 alligatum
612 2570 896 2630 unquam
953 2554 1187 2631 nuptiis
1247 2554 1431 2613 fuisse
1489 2554 1903 2632 Theologum,
1966 2554 2092 2632 qui,
2159 2561 2226 2613 ut
2282 2554 2369 2614 ait
2444 2552 2807 2614 Theodulus
2858 2551 3203 2613 monachus
3278 2551 3341 2611 in
3399 2552 3633 2629 Grego-

259 2646 319 2705 rii
366 2648 668 2727 Theologi
726 2649 1092 2711 laudatione
1172 2652 1254 2731 (p.
1319 2651 1475 2729 153),
1543 2676 1571 2707 «
1646 2652 1901 2731 nuptias
1984 2671 2109 2713 non
2190 2651 2418 2729 attigit,
2480 2669 2693 2711 verum
2772 2650 2832 2709 in
2908 2654 3212 2729 perpetua
3281 2648 3639 2728 virginitate

259 2744 405 2804 vixit.
463 2770 492 2800 »
552 2750 813 2809 Certum
871 2768 1123 2828 quoque
1181 2756 1241 2809 et
1298 2750 1736 2809 inconcussum
1802 2756 2052 2810 maneat
2110 2750 2477 2827 Gregorium
2554 2751 2898 2826 Nyssenum
2964 2746 3280 2809 connubio
3347 2747 3639 2825 junctum

260 2861 363 2901 non
416 2845 601 2905 fuisse
664 2863 807 2905 cum
860 2846 1229 2919 'l‘hcosehia,
1292 2866 1432 2925 qua:
1490 2847 1742 2924 quidem
1815 2866 1993 2907 soror
2050 2847 2243 2925 ipsius
2317 2854 2474 2919 erat,
2536 2866 2661 2905 non
2738 2851 2947 2906 autem
3026 2846 3296 2923 conjux;
3359 2844 3643 2921 adeoque

263 2946 313 2999 et
357 2940 577 3020 ipsum,
644 2943 696 3002 si
753 2943 877 3003 alio
936 2964 1061 3005 non
1115 2944 1300 3004 fuerit
1365 2945 1657 3023 conjugio
1731 2944 2112 3024 implicatus,
2174 2945 2442 3005 liberum
2518 2949 2579 3003 et
2658 2943 2939 3003 caelibem
3016 2949 3320 3021 perpetuo
3395 2940 3643 3001 vixisse.

262 3038 399 3098 Sane
450 3041 554 3119 qui
615 3059 761 3101 eum
829 3042 1081 3121 nuptias
1158 3043 1437 3120 attigisse
1499 3043 1868 3116 voluerunt,
1947 3062 2074 3103 non
2139 3042 2326 3102 aliam
2408 3061 2595 3120 quam
2676 3040 3090 3102 Theosebiam
3163 3059 3307 3100 eum
3386 3057 3646 3100 uxorem

258 3134 517 3199 habuisse
579 3144 967 3211 statuerunt,
1031 3159 1145 3200 nec
1206 3140 1330 3200 alio
1389 3140 1519 3199 nixi
1574 3140 1986 3200 fundamento
2044 3158 2232 3218 quam
2321 3139 2587 3218 epistola
2644 3138 2725 3198 al.
2786 3156 2958 3211 xcv;
3022 3156 3163 3216 quae
3240 3154 3383 3197 cum
3457 3136 3647 3197 aliam

258 3252 364 3310 pra
419 3254 479 3294 se
538 3236 704 3296 ferat
762 3237 1155 3310 sententiam,
1217 3238 1343 3298 ruit
1399 3237 1654 3297 omnino
1712 3237 2075 3315 nuptiarum
2135 3236 2397 3316 Nysseni
2443 3236 2946 3310 fundamentum,
3006 3234 3225 3295 victrix
3285 3240 3378 3294 est
3432 3233 3645 3313 opinio

255 3332 733 3393 Centuriatorum
798 3332 904 3411 (α),
966 3336 1075 3412 qui
1125 3352 1267 3394 eum
1347 3342 1651 3415 perpetuo
1710 3335 1991 3396 caelibem
2070 3335 2293 3395 vixisse
2345 3334 2587 3407 volunt,
2648 3339 2711 3394 et
2766 3333 3027 3393 laudant
3083 3332 3431 3393 orationem
3492 3333 3644 3394 Gre-

250 3429 384 3503 gorii
412 3429 490 3489 al.
524 3450 611 3491 xx
643 3431 704 3490 in
736 3432 1035 3492 Basilium
1071 3434 1390 3510 Magnum.

316 3527 555 3588 Dibrum
620 3527 709 3589 De
779 3530 1125 3608 virginitate
1200 3531 1448 3610 SCI‘ipSll.
1526 3534 1841 3610 Nyssenus
1898 3533 1985 3610 (p.
2054 3530 2217 3610 H7),
2280 3530 2341 3589 in
2417 3549 2541 3608 quo
2616 3529 2753 3590 haec
2830 3535 2976 3590 sunt
3043 3529 3279 3589 verba:
3348 3552 3377 3584 ‹‹
3434 3525 3644 3589 Veluti

251 3624 489 3699 quodam
549 3632 738 3686 terrae
822 3626 995 3687 hiatu
1071 3628 1501 3707 prohibemur,
1584 3629 1919 3707 quominus
1994 3628 2073 3689 ad
2149 3628 2313 3688 hanc
2388 3627 2811 3707 virginitatem
2892 3627 3265 3687 accedamus
3317 3674 3330 3701 ,
3397 3652 3425 3681 »
3501 3644 3643 3706 quae

251 3720 409 3782 verba
469 3724 722 3783 amissae
804 3725 1178 3802 virginitatis
1255 3727 1592 3804 quamdam
1676 3728 2090 3807 suspicionem
2172 3727 2463 3786 videntur
2545 3724 2825 3803 injicere.
2908 3726 3134 3785 Verum
3216 3724 3351 3784 hinc
3452 3725 3644 3785 verba

252 3817 382 3893 ipsa,
431 3826 491 3880 et
550 3823 1071 3899 comparationes
1145 3842 1302 3901 quas
1367 3824 1625 3884 adhibet
1681 3824 1731 3883 si
1800 3838 2173 3902 perpenuas,
2234 3823 2503 3901 suspicio
2578 3829 2928 3883 evanescet.
2990 3825 3124 3882 Non
3200 3822 3363 3881 enim
3450 3821 3643 3898 virgi-

259 3915 482 3978 nitatem
558 3920 797 3998 ipsam,
877 3922 983 3981 sed
1058 3920 1227 3981 illius
1300 3922 1445 3981 vitze
1541 3921 1898 3996 commoda,
1980 3922 2303 3993 utilitates,
2381 3922 2655 3999 quietem
2727 3919 3036 3997 deplorat.
3118 3920 3279 3991 Non,
3356 3917 3642 3994 inquam,

259 4015 456 4074 nudam
511 4034 591 4077 ac
645 4017 993 4096 simplicem
1054 4018 1480 4097 virginitatem
1539 4020 1602 4078 in
1662 4038 1735 4079 eo
1793 4025 2061 4079 tractatu
2125 4018 2422 4097 proponit
2474 4020 2841 4096 Nyssenus;
2904 4015 3011 4075 sed
3080 4016 3273 4075 vitam
3348 4017 3475 4075 Deo
3533 4012 3643 4073 de-

258 4117 459 4185 votam,
519 4114 788 4174 liberam
844 4114 1009 4175 curis
1065 4134 1138 4177 ac
1197 4116 1535 4190 caelestem,
1599 4116 1777 4195 cujus
1852 4115 2125 4194 adjutrix
2182 4116 2244 4174 in
2324 4114 2539 4193 primis
2598 4120 2659 4174 et
2732 4113 2898 4174 socia
2959 4112 3305 4191 virginitas.
3367 4110 3646 4189 Negotiis

255 4216 435 4270 autem
510 4211 923 4273 saecularibus
1003 4213 1303 4273 distracta
1392 4214 1688 4292 primum,
1753 4214 1896 4273 dein
1987 4212 2330 4292 episcopali
2423 4211 2845 4272 sollicitudine
2922 4209 3185 4291 Nysseni
3276 4209 3405 4269 vita
3497 4227 3638 4269 cum

252 4304 429 4379 fuerit,
462 4309 623 4369 nihil
674 4310 899 4370 mirum
961 4312 1040 4371 ab
1100 4331 1198 4383 eo,
1262 4311 1369 4389 qui
1455 4313 1642 4371 tantis
1701 4312 1880 4373 bonis
1936 4312 2211 4384 carebat,
2246 4316 2477 4371 sortem
2536 4328 2715 4371 suam
2773 4309 3109 4389 deplorari.
3171 4308 3287 4380 Qui
3338 4307 3433 4369 vel
3490 4325 3639 4387 pro-

255 4400 439 4482 legum
471 4406 717 4485 legerit,
754 4408 858 4468 ubi
886 4414 1251 4470 accuratum
1287 4410 1475 4470 totius
1504 4410 1648 4470 libri
1680 4415 2146 4487 argumentum,
2181 4427 2308 4469 rem
2342 4408 2671 4485 intelliget.

936 4552 1101 4626 §Il1.
1136 4569 1210 4611 ns
1258 4568 1401 4613 VITA
1448 4568 1793 4612 HONASTICA
1835 4567 2002 4619 eum
2045 4566 2374 4612 rnorsssus
2419 4567 2525 4611 ss'r
2574 4566 2927 4612 GRBGORIUS.

320 4658 667 4723 Monasticee
724 4664 868 4726 vitae
949 4666 1335 4745 professione
1411 4668 1735 4727 astrictum
1814 4666 2001 4726 fuisse
2079 4666 2468 4745 Gregorium,
2529 4684 2642 4725 nec
2700 4683 2821 4724 non
2882 4663 3204 4731 Basiliam,
3257 4661 3629 4739 Ghrysosto-

254 4772 400 4816 mum
479 4767 774 4821 constans
855 4769 949 4825 est
1029 4764 1311 4825 omnium
1398 4772 1561 4825 retro
1650 4765 2019 4825 saeculorum
2078 4764 2407 4824 sententia.
2496 4765 2649 4824 Cum
2718 4763 2778 4822 id
2838 4761 3053 4840 negari
3137 4758 3422 4820 absolute
3505 4776 3630 4819 non

255 4855 443 4927 possit,
504 4877 729 4919 novam
792 4862 1133 4939 quamdam
1189 4862 1574 4941 opinionem,
1638 4862 1803 4940 apud
1884 4862 2177 4940 antiquos
2252 4860 2599 4920 inauditam
2685 4877 2963 4938 prorsus,
3021 4857 3243 4917 doctus
3319 4854 3632 4916 Thomas-

253 4947 402 5008 sinus
467 4952 728 5028 invenit,
790 4962 857 5016 ut
911 4956 1293 5017 moncahum
1350 4976 1472 5018 non
1548 4958 1737 5017 fuisse
1802 4958 2191 5035 Gregorium,
2254 4973 2366 5015 nec
2441 4954 2739 5015 Basilium
2820 4952 3199 5013 ostenderet.
3260 4948 3633 5027 Hujusmodi

253 5042 593 5123 figmentum
650 5054 858 5114 arrisit
917 5055 1325 5115 celeberrimo
1394 5055 1604 5115 abbati
1684 5055 2013 5133 Trapensi,
2074 5054 2530 5114 monachorum
2608 5051 2815 5112 studia
2899 5049 3296 5128 impugnanti
3352 5047 3474 5125 (6);
3527 5066 3626 5114 ne,

256 5141 297 5199 Si
374 5147 758 5225 Gregorium,
852 5151 1176 5224 Basilium,
1254 5153 1793 5231 Chrysostomum,
1885 5158 2030 5225 etc.,
2113 5150 2456 5211 monachos
2557 5149 2744 5209 fuisse
2840 5151 3232 5224 agnosceret,
3310 5143 3635 5204 monachis

258 5236 332 5295 fas
382 5259 508 5303 esse
562 5247 768 5306 studio
817 5247 1198 5321 incumbere,
1264 5268 1605 5328 agnoscere
1678 5255 2025 5328 cogeretur.
2080 5250 2224 5309 Haec
2302 5247 2667 5326 Hieronymi
2740 5244 3021 5325 epistolae
3093 5243 3173 5304 ad
3246 5242 3626 5321 Principiam

258 5338 441 5413 verba,
503 5342 692 5422 hujus
759 5364 938 5408 novae
995 5347 1313 5427 opinionis
1373 5348 1853 5409 fundamentum
1924 5348 2142 5409 statuit
2185 5346 2635 5407 Thomassinus
2693 5344 2808 5425 (c):
2872 5368 2899 5398 ι
2963 5341 3378 5404 Suburbanus
3452 5339 3630 5401 vobis

260 5448 385 5511 ager
436 5458 547 5517 pro
604 5444 982 5506 monasterio
1044 5445 1176 5520 fuit,
1240 5451 1302 5506 et
1358 5464 1464 5506 rus
1530 5446 1798 5507 electum
1876 5464 1989 5525 pro
2065 5444 2478 5506 solitudine...
2547 5442 2693 5515 Quis
2768 5441 2887 5502 hoc
2963 5439 3264 5513 crederet,
3330 5442 3400 5498 ut
3476 5456 3627 5498 con-

320 5583 572 5677 (gLCent.
631 5608 707 5659 1v,
750 5608 799 5647 c.
851 5594 934 5660 10,
993 5594 1166 5651 verbo
1214 5595 1367 5667 Greg.
1428 5596 1586 5665 Nyss.
1636 5597 1859 5651 centur.
2043 5593 2429 5677 (l1)‘R_ep._aux
2461 5591 2931 5677 etud..mona_st,,
2964 5589 3194 5677 p.7t78'.

268 5665 312 5719 Ρ·
340 5655 453 5713 322.
693 5655 701 5659 ⁷
920 5655 929 5660 ’
1315 5655 1338 5667 ⁷
1477 5655 1500 5665 “

2050 5655 2133 5737 ’(έ)
2166 5655 2362 5738 Dz'scip.
2396 5680 2497 5732 θα,
2528 5666 2674 5735 part.
2702 5678 2764 5729 ιι,
2796 5655 2899 5717 lib.
2920 5655 3122 5733 1,-cap.
3157 5662 3241 5716 46.

4060 3300 4061 3345 1

4057 3386 4059 3425 1

4052 3514 4055 3593 1

4052 3608 4053 3661 1

4034 4330 4035 4371 1

4030 4486 4031 4529 1

4018 4572 4029 4615 ³

4022 4704 4025 4765 1

4018 4780 4023 4843 1

4014 4870 4021 4923 1

4016 4954 4019 5021 1

4014 5028 4017 5089 1

4013 5092 4015 5159 1

3994 5272 4011 5317 “1

4008 5358 4009 5395 1

4002 5500 4005 5553 1

3996 5580 4003 5749 Jl

3996 5756 3999 5791 1

3992 5996 3993 6027 1
