4122 6214
374 273 451 340 υδ
1385 274 1799 335 PREFATIO
1847 240 2318 334 amemus.
2357 308 2429 318 -
2463 273 2660 334 pass
2707 272 2784 333 Il.
3708 276 3788 335 se

371 407 579 470 sulum
666 424 980 489 pronepos
1067 408 1550 490 (Pammachius,
1614 427 1800 488 quem
1905 410 2340 488 Hieronymus,
2430 405 2708 488 appellat
2790 402 3224 480 ἀρχιστράτηγον
3309 407 3796 504 monachorum)

375 530 408 564 «
465 508 627 568 inter
684 525 999 587 purpuras
1056 515 1416 569 senatorum
1479 508 1660 568 furva
1715 507 1929 568 tunica
1986 506 2264 585 pullatus
2322 505 2691 567 incederet?
2756 529 2783 559 »
2843 505 2974 564 Hoc
3053 511 3254 565 totum
3325 513 3436 580 est,
3499 508 3551 568 si
3635 510 3791 572 ﬁdes

371 606 788 667 Thomassino
864 605 969 684 (a),
1051 608 1416 684 mysterium
1494 605 1858 666 monasticae
1936 604 2338 684 professionis
2410 603 2710 682 Gregorii,
2792 603 3026 674 Basilii,
3108 603 3556 682 Chrysostomi,
3637 615 3781 682 etc.,

371 704 669 764 nimirum
746 704 927 763 furva
999 704 1210 765 tunica
1280 705 1592 783 pullatum
1664 703 1970 775 incedere,
2033 721 2178 762 rure
2251 702 2508 764 versari.
2571 704 2706 761 Non
2783 701 2971 760 aliam
3050 701 3110 759 in
3168 701 3266 761 his
3343 704 3572 763 sanctis
3643 706 3787 767 vitae

375 802 742 863 monasticae
794 802 1246 879 professionem
1321 801 1603 878 agnoscit
1676 800 2148 871 Thomassinus,
2216 800 2525 878 simulque
2601 805 2791 876 negat
2860 821 2890 853 «
2949 817 3090 858 vere
3167 800 3548 860 monachum
3628 821 3780 875 esse,

370 900 490 960 nisi
548 899 657 979 qui
727 917 792 959 se
837 899 916 959 ad
988 903 1194 960 totum
1271 900 1413 959 vita:
1486 905 1732 976 tempus
1808 897 2134 975 astringat,
2198 916 2387 975 seque
2479 897 2770 956 omnibus
2846 896 3339 974 professionibus
3413 899 3640 977 spoliet
3713 920 3785 960 ac

370 996 583 1058 nudet.
649 1018 677 1055 »
751 1031 829 1040 —
906 1019 939 1054 α
983 998 1209 1057 Verum
1270 995 1524 1056 difficile
1583 1014 1706 1055 non
1766 995 1905 1066 erit,
1965 995 2169 1073 inquit
2225 1001 2437 1055 noster
2487 993 2865 1054 Prudentius
2921 995 3237 1068 Maranus,
3292 994 3781 1057 Thomassinum

371 1094 683 1166 refellens,
745 1099 1084 1172 utrumque
1143 1093 1220 1152 de
1272 1093 1501 1153 Basilio
1558 1097 1840 1151 astruere
1894 1109 1907 1162 ;
1968 1097 2030 1151 et
2085 1091 2285 1168 quod'
2331 1091 2610 1150 eruditus
2684 1090 3133 1150 Thomassinus
3212 1092 3457 1163 statuit,
3517 1099 3585 1152 ut
3645 1112 3785 1154 eum

371 1192 753 1252 monachum
813 1210 938 1250 non
1000 1191 1187 1250 fuisse
1241 1191 1501 1268 probet,
1561 1189 1624 1248 id
1681 1194 2043 1250 convertere
2097 1189 2162 1248 in
2219 1194 2660 1267 argumentum
2720 1206 2882 1248 verae
2953 1189 3119 1248 illius
3196 1190 3564 1250 monasticm
3644 1210 3791 1269 pro-

375 1289 744 1350 fessionis.»
800 1289 977 1360 Quod
1026 1289 1102 1349 de
1158 1289 1385 1350 Basilio
1447 1287 1700 1347 difﬁcile
1759 1305 1883 1348 non
1930 1291 2044 1358 est,
2079 1287 2155 1347 de
2213 1286 2512 1365 Gregorio
2573 1285 2891 1346 difficilius
2947 1304 3071 1346 non
3122 1285 3260 1359 erit,
3321 1286 3501 1366 cujus
3561 1289 3797 1368 scripta

376 1387 654 1464 amplam
679 1393 951 1464 segetem
984 1386 1412 1464 suppeditant.

457 1487 692 1545 Vereor
753 1503 832 1545 ne
889 1491 1099 1545 actum
1161 1501 1348 1561 agere
1404 1483 1638 1556 videar,
1702 1488 1764 1543 et
1831 1500 2299 1561 supervacaneo
2378 1480 2742 1541 incumbere
2810 1479 3036 1554 labori,
3095 1480 3148 1541 si
3229 1482 3306 1541 de
3381 1483 3681 1561 Gregorio
3739 1484 3802 1543 id

375 1582 644 1662 probare
717 1582 1070 1659 aggrediar,
1133 1581 1303 1659 quod
1374 1580 1450 1640 de
1525 1580 1752 1640 Basilio
1823 1579 2116 1658 probavit
2189 1577 2324 1658 ejus
2390 1578 2800 1657 epistolarum
2895 1578 3120 1639 editor.
3187 1578 3303 1648 Qui
3375 1579 3542 1639 enim
3617 1581 3802 1641 unius

377 1679 522 1739 vitae
601 1677 961 1739 monasticae
1039 1677 1488 1756 professionem
1570 1677 1818 1756 probat,
1897 1683 2236 1755 utrumque
2332 1676 2707 1736 monachum
2807 1676 2996 1735 fuisse
3073 1677 3368 1736 ostendit.
3453 1678 3800 1755 Aggrediar

378 1783 613 1850 tamen,
677 1777 727 1835 si
787 1776 1040 1856 quidem
1100 1775 1263 1834 hanc
1320 1775 1706 1853 provinciam
1767 1781 1977 1835 noster
2037 1774 2408 1833 Prudentius
2468 1797 2496 1828 (ι
2558 1773 2757 1833 sodali
2817 1791 3059 1851 operun
3118 1774 3398 1850 Gregorii
3458 1775 3796 1835 editionem

386 1874 801 1936 elaboranti»
862 1873 1139 1952 reliquit,
1172 1872 1328 1933 nihil
1357 1873 1490 1951 ipse
1535 1896 1564 1926 «
1623 1873 1686 1931 in
1748 1871 1844 1931 his
1893 1891 2032 1951 quae
2091 1872 2170 1932 ad
2228 1877 2514 1932 sanctum
2575 1871 2939 1949 Gregorium
2998 1870 3453 1931 Nazianzenum
3514 1878 3801 1951 spectant

381 1971 773 2032 immoratus.
810 1992 839 2030 ι)

464 2071 544 2130 Ut
600 2069 739 2147 quis
795 2088 939 2129 vere
995 2075 1057 2129 et
1130 2067 1382 2147 proprie
1441 2065 1789 2127 monachus
1859 2067 1960 2141 sit,
2020 2066 2281 2145 requirit
2353 2066 2804 2126 Thomassinus
2864 2072 2932 2126 ut
2989 2091 3017 2120 «
3078 2085 3141 2127 se
3211 2067 3291 2126 ad
3369 2072 3569 2128 totum
3653 2068 3797 2129 vita:

384 2175 634 2248 tempus
714 2169 1040 2247 astringat,
1096 2186 1285 2247 seque
1375 2167 1669 2226 omnibus
1736 2167 2229 2245 possessionibus
2307 2167 2536 2245 spoliet
2610 2185 2682 2226 ac
2755 2167 2969 2226 nudet.
3045 2190 3076 2221 »
3140 2169 3487 2245 Utrumque
3561 2171 3803 2246 praesti-

386 2269 531 2328 tisse
615 2257 1007 2344 Gregorium,
1091 2264 1424 2344 Gregorius
1498 2264 1845 2343 presbyter,
1906 2264 2040 2341 ejus
2109 2265 2266 2326 Vitae
2340 2265 2627 2342 scriptor,
2703 2264 2950 2324 disertis
3025 2264 3232 2323 verbis
3309 2270 3574 2325 testatur
3620 2265 3708 2345 (p.
3769 2268 3806 2325 8

381 2371 445 2426 et
502 2365 592 2445 9).
656 2387 684 2419 α
747 2367 884 2444 lpse
943 2364 1060 2424 sibi
1117 2362 1485 2424 consulebat
1541 2368 1631 2435 ut,
1692 2362 2227 2440 quemadmodum
2285 2362 2347 2421 in
2404 2362 2548 2421 vitae
2619 2361 2953 2422 discrimen
3035 2361 3344 2421 adductus
3401 2363 3800 2440 promiserat,

380 2465 509 2523 Deo
567 2480 701 2522 sese
766 2461 1042 2535 oﬁerret,
1101 2466 1160 2521 et
1218 2479 1255 2520 a
1314 2459 1549 2520 mundo
1606 2458 1946 2538 sejunctus,
1997 2477 2139 2519 eum
2192 2476 2265 2518 eo
2342 2458 2451 2537 qui
2509 2458 2680 2519 solus
2735 2459 3105 2537 purissimus
3159 2465 3273 2531 est,
3335 2459 3479 2519 vitae
3542 2478 3804 2522 consue-

381 2557 597 2617 tudine
622 2557 1017 2636 jungeretur,
1052 2563 1243 2635 atque
1277 2574 1352 2615 ex
1384 2555 1686 2616 librorum
1720 2573 2040 2615 sacrorum
2074 2554 2340 2616 lectione
2372 2555 2650 2615 veritatis
2681 2555 3078 2634 splendorem
3113 2555 3415 2616 hauriret.
3453 2580 3482 2611 ιι

464 2677 492 2709 α
528 2654 724 2732 quue
753 2655 941 2716 etiam
1001 2673 1114 2728 per
1155 2671 1406 2713 omnem
1464 2652 1654 2712 vitam
1723 2653 1927 2713 facere
1983 2671 2106 2713 non
2164 2652 2419 2724 destitit,
2454 2652 2802 2712 monachus
2859 2671 2990 2713 esse
3043 2653 3251 2732 potius
3307 2653 3547 2714 habens
3603 2673 3792 2733 quam

383 2751 764 2822 mundanus,
804 2756 864 2810 et
920 2769 1162 2829 pauper
1217 2768 1409 2829 quam
1468 2749 1926 2828 quaestuarius:
1967 2769 2006 2819 μ

2171 2748 2235 2816 ἡς
2296 2747 2414 2801 ἀντὶ
2471 2752 2763 2821 κοσμικοῦ.
2799 2774 2828 2804 ››
2867 2751 3183 2829 Quidquid
3239 2750 3432 2830 igitur
3485 2751 3793 2812 Thomas-

383 2847 557 2908 sinus
613 2847 894 2926 requirit,
959 2853 1027 2908 ut
1076 2848 1216 2926 quis
1269 2846 1523 2927 proprie
1579 2847 1825 2908 dicatur
1879 2852 1942 2907 et
1995 2866 2140 2908 vere
2197 2847 2276 2907 sit
2344 2847 2712 2922 monachus,
2771 2847 2836 2906 id
2905 2866 3092 2908 omne
3150 2849 3486 2927 Gregorius
3543 2850 3788 2929 praesti-

381 2944 498 3019 tit;
535 2944 663 3006 imo
695 2945 877 3024 plura
906 2964 1096 3024 quam
1130 2946 1430 3024 postulat.

468 3043 783 3122 Quidquid
841 3043 1136 3121 objicitur
1191 3061 1229 3103 a
1284 3042 1720 3116 Thomassino,
1773 3042 2113 3103 adductum
2174 3042 2458 3102 crederes
2514 3042 2596 3103 ad
2650 3042 3047 3121 probandum
3117 3043 3528 3105 monasticam
3603 3046 3799 3106 vitam

389 3141 738 3219 professum
801 3141 990 3202 fuisse
1045 3141 1439 3218 Gregorium.
1497 3140 1774 3220 Opponit
1826 3146 2035 3201 tamen
2095 3140 2188 3200 vir
2242 3141 2483 3214 doctus,
2532 3141 2830 3219 Gregorio
2888 3142 3125 3202 fontem
3157 3148 3219 3202 et
3273 3142 3526 3202 hortum
3583 3143 3801 3212 fuisse,

391 3238 677 3317 adeoque
706 3238 914 3318 ipsum
948 3257 1202 3298 suorum
1237 3237 1355 3296 sibi
1397 3255 1745 3298 reservasse
1776 3243 2017 3317 partem
2074 3237 2386 3298 bonorum
2441 3243 2501 3298 et
2557 3245 2892 3317 propterea
2947 3257 3091 3300 vere
3149 3244 3209 3300 et
3265 3240 3517 3318 proprie
3575 3258 3802 3301 mona-

397 3334 587 3395 chum
621 3353 746 3395 non
795 3333 1006 3394 fuisse.
1041 3336 1185 3394 Ηωο
1245 3332 1528 3411 Gregorii
1583 3334 1776 3394 verba
1828 3335 2067 3394 suntin
2125 3334 2400 3395 carmine
2431 3340 2574 3413 post
2629 3335 2987 3396 abdicatam
3044 3335 3808 3416 Constantinopolitanam

393 3431 602 3492 sedem
653 3431 905 3492 condito
961 3431 1151 3511 (quod
1208 3430 1463 3510 quidam
1524 3430 1855 3491 observare
1911 3431 2252 3510 plurimum
2301 3432 2605 3513 interest),
2639 3433 2703 3492 in
2763 3450 2888 3511 quo
2940 3450 3004 3493 se
3062 3432 3442 3493 monachum
3502 3433 3808 3512 appellat,

389 3528 560 3606 quod
621 3528 976 3589 dissimulat
1031 3527 1483 3589 Thomassinus
1538 3527 1660 3608 (12):
1709 3552 1739 3584 «
1797 3531 2009 3607 Nuper
2067 3529 2347 3607 quidam,
2407 3530 2634 3608 inquit,
2697 3531 2946 3606 stultus,
3009 3530 3247 3592 deliciis
3277 3530 3579 3610 perditus,
3635 3530 3816 3592 dives

310 3625 312 3628 ’
391 3631 581 3704 atque
638 3625 939 3699 insolens,
1006 3625 1262 3686 delicias
1321 3625 1476 3686 mihi
1527 3626 1799 3703 vitmque
1857 3625 2186 3686 mollitiem
2261 3626 2644 3704 objectabat,
2704 3647 2845 3688 cum
2907 3628 3031 3688 alia
3105 3629 3304 3688 multa
3376 3627 3611 3698 dicens,
3672 3633 3812 3689 tum

393 3724 584 3783 etiam
620 3723 799 3798 illud,
835 3742 936 3784 me
994 3723 1249 3784 divitem
1308 3729 1368 3784 et
1426 3723 1750 3803 copiosum
1810 3742 1963 3798 esse,
1999 3730 2068 3784 ut
2119 3724 2228 3802 qui
2284 3731 2346 3785 et
2399 3725 2677 3802 hortum,
2714 3731 2775 3786 et
2843 3726 3039 3787 otium
3074 3772 3087 3798 ,
3125 3732 3186 3785 et
3244 3726 3622 3786 mediocrem
3679 3727 3817 3787 fon-

393 3827 520 3881 tem
579 3820 950 3882 habeam.»
1011 3821 1168 3880 Hinc
1225 3821 1546 3882 concludit
1608 3820 2082 3893 Thomassinus,
2145 3821 2509 3901 Gregorium
2562 3843 2686 3884 non
2744 3824 2959 3884 omnia
3027 3824 3192 3884 bona
3250 3823 3577 3897 abjecisse,
3618 3824 3815 3885 adeo-

395 3938 514 3997 que
547 3938 671 3980 non
729 3919 984 3999 proprie
1043 3919 1426 3980 monachum
1489 3920 1702 3980 fuisse.
1736 3924 1834 3979 An
1890 3920 2072 3993 serio,
2104 3938 2180 3979 an
2232 3920 2449 3999 jocose
2507 3928 2567 3981 et
2616 3921 2818 3982 ridere
2867 3921 3083 3981 volens
3144 3921 3268 3982 hoc
3299 3921 3528 3981 dixerit
3587 3921 3681 3981 vir
3712 3923 3817 3983 do-

395 4025 551 4090 ctus,
616 4017 892 4079 dubitari
943 4023 1191 4096 posset:
1247 4017 1476 4077 mirum
1535 4018 1699 4078 enim
1751 4017 1952 4077 virum
2002 4018 2257 4078 doctum
2318 4018 2548 4079 talibus
2603 4019 2957 4091 momentis,
3011 4019 3062 4078 si
3119 4024 3440 4079 momenta
3496 4017 3642 4078 licet
3698 4038 3813 4097 ap-

395 4114 654 4192 pellare,
691 4133 820 4174 rem
855 4121 982 4174 tam
1042 4121 1328 4193 apertam
1392 4116 1785 4194 impugnare.
1819 4116 2153 4194 Gregorius
2209 4116 2462 4178 hortum
2522 4116 2744 4177 habuit
2772 4122 2835 4177 et
2865 4135 3129 4194 parvum
3189 4117 3427 4176 fontem
3456 4138 3470 4193 ;
3498 4135 3640 4194 quae
3671 4118 3812 4196 qui-

391 4212 564 4282 libet,
622 4218 690 4272 ut
737 4213 1018 4291 quotidie
1075 4214 1387 4285 videmus,
1455 4213 1644 4274 habet
1701 4215 1998 4275 eremita:
2053 4215 2192 4293 quis
2244 4215 2389 4275 inde
2445 4215 2605 4276 serio
2651 4215 2930 4293 colligat,
2963 4215 3332 4292 Gregorium
3381 4234 3641 4275 suorum
3699 4214 3817 4275 sibi

391 4315 632 4386 partem
690 4308 999 4369 bonorum
1063 4311 1469 4369 reservasse?
1527 4312 1698 4371 Idem
1757 4312 1945 4371 etiam
2005 4317 2211 4391 posset
2267 4313 2471 4373 dicere
2526 4331 2668 4372 cum
2730 4336 2761 4368 «
2812 4313 3002 4373 stulto
3055 4312 3417 4392 deliciisque
3475 4313 3808 4392 perdito,»

397 4404 764 4481 Gregorium
820 4405 1077 4466 divitem
1138 4411 1199 4466 et
1257 4406 1580 4484 copiosum
1639 4408 1850 4468 fuisse.
1911 4409 2105 4478 Quem
2167 4411 2500 4487 Gregorius
2554 4411 2641 4469 sic
2699 4409 2926 4470 refellit
2981 4409 3053 4489 (ο)
3105 4427 3117 4468 :
3187 4434 3215 4465 «
3275 4410 3342 4471 Si
3385 4411 3648 4483 fontem,
3717 4410 3816 4469 vel

399 4503 718 4564 hortulum
754 4550 767 4576 ,
828 4503 926 4563 vel
986 4503 1350 4563 umbrosum
1411 4505 1924 4565 nemusculum...
1987 4506 2463 4584 possideamus,
2524 4508 2585 4567 id
2643 4507 2898 4568 delicias
2963 4508 3512 4587 interpretamini,
3569 4531 3598 4562 ››
3676 4525 3812 4568 ma-

394 4621 584 4678 gnam
643 4606 1002 4662 nostrorum
1063 4599 1243 4661 nobis
1301 4605 1541 4679 partem
1611 4600 1920 4661 bonorum
1979 4621 2327 4664 reservasse
2397 4605 2820 4665 arbitramini.
2888 4629 2917 4661 «
2975 4605 3136 4676 Quid
3195 4623 3367 4682 vero,
3427 4605 3710 4683 inquam,
3774 4624 3810 4665 o

398 4700 602 4773 miser,
666 4699 1062 4779 lacrymasne
1117 4703 1306 4772 taces,
1363 4704 1425 4760 et
1478 4699 1711 4760 ventris
1767 4700 2037 4774 frenum,
2099 4707 2161 4761 et
2216 4721 2489 4780 genuum
2552 4703 2836 4776 vulnera,
2896 4709 3237 4782 noctesque
3293 4702 3633 4776 insomnes,
3667 4703 3810 4781 qui-

395 4798 511 4859 bus
561 4797 858 4860 monachi
914 4817 1028 4858 sua
1085 4817 1354 4876 corpora
1410 4798 1810 4858 conficientes
1869 4800 2181 4859 enecant?
2240 4823 2269 4855 »
2324 4801 2469 4859 Haec
2528 4801 2904 4879 Gregorius:
2965 4818 3153 4878 quem
3213 4800 3428 4860 omnia
3478 4799 3802 4878 abjecisse,

395 4914 587 4973 seque
638 4895 930 4956 omnibus
985 4895 1484 4975 possessionibus
1541 4896 1841 4973 spoliasse
1917 4914 1990 4956 ac
2057 4898 2348 4968 nudasse,
2410 4899 2576 4974 quod
2661 4897 2923 4976 requirit
3007 4897 3460 4960 Thomassinus
3517 4903 3586 4956 ut
3668 4897 3810 4975 quis

393 5011 536 5053 vere
587 4992 936 5054 monachus
995 4993 1118 5054 dici
1167 4999 1229 5053 et
1285 5011 1417 5054 esse
1474 4993 1689 5072 possit,
1751 4999 1990 5054 certum
2045 5001 2137 5054 est
2193 4994 2519 5072 ipsiusmet
2577 4995 2802 5054 verbis.
2865 4994 3094 5057 Omnia
3161 4994 3417 5067 dimisit,
3466 4994 3623 5054 nihil
3690 4994 3811 5054 sibi

393 5109 670 5164 servans,
734 5091 922 5151 etiam
979 5091 1288 5152 facundiae
1349 5092 1648 5151 labores:
1704 5115 1732 5147 η
1791 5093 2014 5154 Omnia
2072 5093 2128 5150 ei
2171 5093 2280 5170 qui
2342 5111 2439 5150 me
2488 5092 2549 5150 in
2610 5099 2841 5152 sortem
2903 5093 3146 5172 accepit
3203 5099 3265 5153 et
3322 5093 3596 5152 servavit
3644 5093 3810 5152 dono

394 5189 557 5260 dedi,
594 5188 1037 5268 possessiones,
1071 5193 1285 5256 κτῆσιν,
1325 5212 1348 5247 ι
1385 5195 1546 5250 etc.:
1609 5189 1826 5250 eadem
1888 5189 2119 5269 passim
2179 5190 2405 5269 repetit
2461 5191 2797 5268 Gregorius
2853 5191 2917 5250 in
2975 5191 3374 5253 orationibus
3431 5197 3493 5252 et
3548 5191 3612 5250 in
3670 5209 3808 5251 car-

395 5286 690 5347 minibus.

472 5507 642 5584 ((1)1:1.
679 5508 859 5584 13,11.
893 5510 1056 5584 etis,
1089 5527 1144 5584 p_.
1181 5510 1301 5584 t65.

1289 5552 1301 5565 .
2227 5511 2294 5582 (c)
2319 5510 2490 5583 Ibid.,
2525 5527 2576 5567 ν.
2612 5509 2677 5566 15
2698 5513 2755 5566 et
2786 5527 2914 5584 secy

471 5580 545 5651 (ὁ)
575 5581 765 5639 Carm.
800 5579 872 5638 al.
903 5582 996 5653 59,
1025 5579 1232 5639 th-li.
