4122 6214
262 409 327 470 57
1246 408 1662 471 PR/EFATIO
1708 410 2172 471 GENERALlS.
2210 442 2286 455 —
2334 410 2528 471 PARS
2578 409 2651 470 ll.
3578 408 3655 470 58

326 542 495 614 Quod
551 546 762 605 autem
820 540 1101 622 Gregorii
1155 546 1601 605 testamentum
1658 548 1921 623 spectat,
1981 543 2139 605 nihil
2200 543 2265 605 in
2322 562 2396 606 eo
2454 542 2753 624 reperias,
2823 542 2994 624 quod
3034 548 3262 607 nostra:
3295 542 3659 606 adversetur

258 641 586 713 sententias,
620 642 746 701 imo
779 640 938 703 nihil
995 642 1161 721 quod
1215 660 1338 703 non
1398 642 1625 703 faveat.
1690 646 1773 705 Ut
1827 643 1992 703 enim
2051 643 2338 703 omittam
2395 650 2543 702 tunc
2598 642 2901 721 temporis
2962 662 3087 703 non
3140 647 3382 703 tantum
3417 640 3652 728 testari,

258 739 348 799 sed
401 739 590 798 etiam
648 738 1049 800 hasreditates
1104 740 1277 800 adire
1336 740 1664 801 monachis
1720 740 1959 801 licitum
2018 740 2229 810 fuisse,
2290 740 2657 818 legibusque
2718 758 3123 800 concessum:
3184 740 3518 811 bonorum,
3578 741 3656 801 de

260 835 466 915 quibus
520 835 584 895 in
640 841 1018 896 testamento
1077 836 1337 908 statuit,
1414 855 1536 897 non
1598 836 1932 910 dominus,
2002 837 2108 898 sed
2185 842 2558 916 procurator
2617 842 2863 896 tantum
2936 842 2997 897 et
3053 836 3421 897 administer
3494 837 3653 898 fuit.

262 936 392 993 Haec
436 933 604 993 enim
660 934 877 994 omnia
925 934 1058 1012 jam
1114 934 1351 994 dudum
1413 934 1731 1013 abjecerat
1777 952 1791 994 :
1856 960 1886 991 «
1947 938 2337 1013 Omnemque
2397 951 2602 993 meam
2675 933 3089 994 substantiam
3147 934 3471 995 catholicae
3527 936 3650 995 Na-

258 1031 436 1089 zianzi
491 1032 896 1105 consecravi,
957 1031 1209 1110 inquit,
1266 1033 1345 1092 ad
1403 1051 1753 1112 pauperum
1787 1079 1801 1106 ,
1875 1033 1984 1111 qui
2043 1032 2158 1093 sub
2216 1032 2436 1093 eadem
2489 1037 2635 1092 sunt
2694 1030 2988 1104 Ecclesia,
3069 1030 3485 1091 ministerium
3539 1048 3554 1104 ;
3618 1054 3649 1089 »

256 1134 428 1205 atque
484 1128 574 1187 ita
629 1129 846 1188 omnia
899 1129 1150 1206 abjccit,
1211 1136 1279 1190 ut
1345 1153 1373 1187 α
1421 1149 1494 1191 ea
1550 1130 1627 1191 de
1682 1148 1872 1191 causa
1918 1136 2043 1191 tres
2102 1130 2344 1190 alendis
2400 1129 2788 1208 pauperibus
2836 1132 3156 1189 curatores
3213 1128 3570 1189 instituerit.
3613 1148 3643 1186 ι

256 1226 375 1285 Non
404 1225 480 1285 de
538 1226 726 1286 rebus
782 1226 931 1299 suis,
994 1247 1132 1306 quas
1188 1228 1379 1288 nullas
1439 1233 1639 1301 erant,
1697 1229 1931 1308 quippe
1989 1228 2202 1289 omnia
2258 1228 2594 1307 abjecerat,
2657 1232 3032 1288 testamento
3089 1244 3203 1288 suo
3260 1226 3501 1299 statuit,
3543 1226 3651 1287 sed

192 1314 199 1320 ’
253 1321 617 1399 conﬁrmat,
695 1324 866 1402 quod
916 1324 1299 1403 jampridem
1371 1326 1842 1401 destinaverat,
1905 1332 2391 1406 sanctorumque
2467 1331 2800 1405 parentum
2864 1324 3176 1385 voluntati
3230 1324 3597 1403 obsequitur
3632 1369 3649 1385 .

250 1420 489 1480 Veniam
552 1421 673 1481 sibi
730 1422 869 1483 dari
923 1424 1250 1502 postulat,
1324 1426 1494 1503 quod
1551 1424 1708 1485 nihil
1797 1425 1993 1505 possit
2068 1425 2219 1485 dare
2268 1424 2593 1503 Alypianaa
2652 1423 3028 1485 dulcissima;
3098 1422 3282 1496 ﬁliae;
3344 1423 3650 1484 rationem

251 1516 405 1577 hanc
434 1518 650 1580 addit:
708 1521 1013 1602 «Quippe
1062 1522 1169 1601 qui
1212 1523 1424 1583 omnia
1469 1522 1603 1601 jam
1653 1523 2039 1602 pauperibus
2086 1522 2416 1598 destinavi,
2465 1527 2575 1583 aut
2605 1522 2813 1602 potius
2854 1520 3229 1583 beatissimis
3259 1520 3648 1599 parentibus,

253 1615 347 1694 qui
374 1614 457 1675 ita
492 1617 756 1696 polliciti
788 1624 990 1692 erant,
1022 1619 1357 1681 obsecutus
1386 1638 1546 1693 sum,
1585 1639 1857 1699 quorum
1887 1620 2278 1681 voluntatem
2320 1619 2560 1680 irritam
2592 1619 2872 1691 reddere,
2909 1625 3025 1680 nec‘
3054 1623 3368 1692 sanctum,
3416 1636 3530 1678 nec
3561 1623 3651 1679 tu-

254 1717 370 1772 tum
402 1713 696 1775 arbitror.
728 1740 758 1770 »
2311 1775 2319 1781 .

326 1810 643 1871 Haredem
675 1831 857 1872 suum
916 1813 1037 1874 hoc
1094 1818 1466 1875 testamento
1523 1814 1792 1876 instituit
1848 1814 2214 1893 Gregorium
2272 1814 2693 1875 monachum:
2755 1835 2786 1868 «
2842 1814 3052 1873 Haeres
3108 1830 3283 1873 meus
3323 1816 3453 1873 esto
3498 1814 3650 1875 Gre-

258 1908 450 1983 gorius
478 1909 870 1970 monachus:
905 1935 934 1966 ν)
999 1911 1299 1990 additque
1356 1918 1613 1991 postea:
1682 1913 1828 1973 «ita
1885 1912 2139 1991 quidem
2199 1917 2267 1972 ut
2322 1912 2454 1991 ipse
2514 1930 2717 1972 meam
2768 1929 3019 1972 omnem
3049 1909 3486 1985 substantiam,
3521 1929 3650 1971 mo-

255 2002 423 2064 bilem
482 2013 543 2065 et
599 2007 1031 2081 immobilem,
1090 2015 1321 2070 sanctas
1371 2010 1699 2071 catholicae
1758 2010 2047 2071 Nazianzi
2102 2010 2393 2070 Ecclesiae
2451 2009 2840 2070 restituat....
2901 2009 3327 2086 sciensque....
3390 2008 3453 2067 in
3508 2025 3648 2069 eam

256 2121 371 2162 rem
410 2122 471 2163 se
524 2086 884 2166 institutum
945 2106 1285 2182 haeredem,
1340 2114 1409 2168 ut
1469 2126 1582 2187 per
1632 2108 1839 2187 ipsum
1896 2107 2190 2169 Ecclesiae
2247 2108 2463 2169 omnia
2519 2108 2650 2168 sine
2710 2106 2930 2168 fraude
2988 2105 3576 2187 conserventur(a).
3611 2130 3643 2163 »

255 2199 487 2261 Poterat
539 2220 693 2280 ergo
753 2204 1114 2282 Gregorius,
1171 2205 1457 2284 quamvis
1514 2206 1860 2267 monachus
1916 2211 2095 2279 esset,
2158 2212 2220 2266 et
2268 2206 2481 2267 omnia
2538 2204 2890 2283 abjecisset,
2950 2205 3187 2265 fontem
3236 2208 3298 2264 et
3350 2204 3647 2281 exiguum

254 2296 488 2357 hortum
546 2299 787 2362 habere
821 2348 835 2361 .
898 2303 999 2363 Sic
1057 2302 1336 2379 Gregorii
1392 2308 1839 2364 testamentum
1898 2305 2233 2365 confirmat
2287 2322 2429 2364 eum
2495 2303 2638 2363 vitae
2698 2301 3059 2363 monasticae
3114 2301 3486 2381 professioni
3542 2300 3651 2360 ad-

254 2393 469 2456 dictum
525 2398 717 2459 fuisse
756 2446 770 2473 ,
828 2399 1371 2490 difﬁcultatesque.
1409 2419 1627 2463 omnes
1681 2402 2012 2478 dissolvit,
2090 2402 2322 2462 nedum
2380 2401 2829 2481 impedimento
2904 2418 3037 2461 esse
3092 2404 3156 2461 et
3209 2398 3643 2460 difﬁcultatem
3696 2408 3701 2409 ’

251 2493 429 2571 possit
458 2494 737 2574 aliquam
773 2515 1016 2577 parere.

317 2607 683 2670 Achillaeum
714 2610 1116 2673 Thomassini
1157 2618 1619 2692 argumentum,
1684 2614 1764 2675 ad
1821 2614 2309 2694 expugnandam
2358 2613 2637 2693 Gregorii
2689 2612 3101 2674 monasticam
3157 2608 3639 2691 professionem,

253 2713 377 2765 sunt
417 2706 551 2769 haec
582 2710 867 2788 Gregorii
898 2710 1090 2772 verba
1118 2710 1196 2791 (b)
1223 2728 1237 2771 :

911 2838 1089 2918 Μέσην
1109 2840 1422 2918 ’τινξῆλβον
1454 2840 1663 2917 ἀζύγων
1692 2843 1780 2918 ita?
1815 2840 2080 2918 μιγάδων,

917 2916 1036 2965 Τῶν
1070 2913 1163 2984 μὲν
1194 2912 1254 2967 τὸ
1286 2912 1530 2981 σύννουν,
1560 2910 1668 2968 ’ἰῶν
1702 2910 1759 2968 δὶ
1788 2910 1849 2968 τ’ὸ
1889 2910 2127 2990 χρηστὸν
2163 2914 2362 2991 φέρων.

916 3010 1103 3084 Media
1132 3012 1282 3067 inter
1310 3012 1439 3068 illos
1474 3012 1697 3084 hosque
1727 3014 1974 3084 procedo
2006 3009 2128 3081 via,

918 3083 1202 3140 Meditans
1233 3089 1298 3140 ut
1325 3084 1443 3152 isti,
1476 3083 1848 3141 commodum
1878 3084 2112 3141 illorum
2142 3084 2445 3141 aamulans.
2794 3152 2802 3161 .

264 3193 391 3265 Quae
421 3198 639 3271 verba,
676 3197 727 3258 si
758 3198 890 3260 viro
919 3198 1107 3261 docto
1155 3200 1329 3275 ﬁdes,
1393 3201 1751 3279 signiﬁcant
1806 3203 2196 3281 Gregorium,
2257 3220 2397 3263 cum
2456 3200 2860 3262 deliberasset
2890 3199 3208 3279 quodnam
3266 3197 3415 3259 vitae
3447 3213 3649 3277 genus

258 3290 399 3353 inter
424 3296 837 3357 solitudinem
870 3297 1326 3359 monachorum
1360 3305 1421 3360 et
1459 3299 1652 3359 vitam
1701 3299 1765 3359 in
1815 3299 2022 3360 media
2078 3299 2401 3361 civitatum
2449 3298 2636 3359 turba
2691 3302 3081 3376 sequeretur.
3133 3295 3405 3357 mediam
3437 3293 3648 3354 iniisse

250 3389 421 3463 Niam,
455 3400 525 3455 ut
552 3393 701 3455 aliis
729 3395 1074 3475 prodesset,
1111 3415 1226 3458 nec
1274 3397 1392 3458 sibi
1421 3396 1761 3475 perniciem
1798 3397 2125 3471 inveniret,
2175 3397 2227 3458 si
2264 3397 2354 3458 ita
2393 3396 2673 3475 Gregorii
2701 3396 2892 3457 verba
2920 3395 3065 3456 licet
3094 3391 3515 3474 interpretari,
3553 3390 3646 3451 fas

254 3487 318 3547 sit
342 3490 537 3554 dicere
569 3511 719 3554 cum
749 3502 939 3573 poeta
962 3511 976 3554 :

906 3608 998 3665 Nil
1026 3608 1180 3664 intra
1209 3613 1299 3666 est
1328 3607 1537 3677 oleam,
1570 3608 1653 3665 nil
1683 3613 1845 3667 extra
1875 3614 1963 3668 est
1985 3610 2044 3666 in
2076 3622 2222 3667 nuce
2252 3610 2381 3666 duri
2413 3610 2503 3682 (ε).

255 3712 425 3783 Quam
457 3714 829 3795 longissime
858 3715 1309 3778 Thomassinus
1338 3718 1591 3779 aberrat
1620 3736 1658 3778 a
1687 3722 1894 3779 mente
1926 3718 2247 3799 Gregorii!
2300 3736 2491 3797 quam
2536 3716 2587 3778 si
2618 3716 2883 3779 velimus
2931 3714 3202 3796 assequi,
3235 3712 3426 3795 paulo
3456 3732 3642 3794 supe-

256 3811 395 3873 riora
423 3814 771 3895 repetenda
800 3822 945 3875 sunt
971 3815 1163 3875 verba
1193 3815 1275 3896 (d)
1301 3833 1314 3875 :

909 3942 1133 4016 Πρῷτον
1170 3934 1227 4016 δῄὶ
1254 3940 1431 4016 109.10”
1442 3936 1811 4016 δοξλοσοφῇσᾳι
1843 3937 2176 4016 προοθρμην,

907 4008 1081 4085 Ῥῖψαρ
1110 4009 1341 4085 Θεῷμκαὶ
1370 4008 1573 4085 τᾶλᾈα,
1604 4008 1695 4085 iuit
1726 4008 1927 4085 “novom;
1946 4008 2164 4085 λογων,

907 4080 1008 4156 ξῼᾷξ
1028 4082 1079 4134 ot
1110 4080 1366 4156 πᾳρέντις
1391 4081 1749 4156 ᾑμηλοοότους
1768 4082 1875 4156 *τὰς
1905 4080 2114 4156 οὐσᾼίᾴς,

909 4153 978 4210 ἸΙ
1009 4152 1210 4228 χρυσὸν
1243 4152 1588 4230 ἀθροίσαντες
1623 4154 1697 4217 εἷς
1732 4152 1916 4227 ἅλμης
1950 4153 2166 4228 βύθους.

907 4260 1167 4334 Primum
1200 4260 1436 4333 quidem
1471 4261 1871 4334 philosophari
1904 4265 2249 4330 statueram,

910 4331 1122 4405 [[th90
1153 4331 1496 4405 projicerem
1528 4338 1585 4389 et
1613 4331 1727 4389 alia
1757 4334 1977 4398 omnia,
2009 4338 2066 4389 et
2096 4332 2378 4405 facundia;
2410 4332 2660 4403 labores,

899 4402 1075 4477 Velut
1104 4402 1205 4475 qui
1238 4402 1408 4477 agros
1441 4405 1761 4475 pecudibus
1791 4405 2115 4477 pascendos
2138 4404 2526 4477 reliquerunt,

901 4474 1003 4529 Vel
1035 4474 1243 4531 aurum
1278 4474 1697 4549 congesserunt
1725 4474 1997 4532 in_maris
2028 4474 2406 4549 profundum.

256 4584 556 4665 Gregorius
604 4588 702 4649 his
757 4596 922 4651 certe
972 4592 1173 4653 verbis
1231 4592 1531 4667 declarat,
1588 4612 1654 4653 se
1702 4592 2081 4672 jamdudum
2131 4594 2341 4654 omnia
2392 4593 2695 4672 abjecisse
2752 4592 2816 4651 in
2871 4596 3264 4670 perpetuum,
3328 4585 3636 4647 desiderio

258 4680 668 4765 philosophiae,
728 4687 792 4747 id
848 4694 962 4765 est,
1021 4696 1092 4749 ut
1149 4690 1445 4751 monachi
1500 4690 1694 4751 vitam
1752 4698 2107 4764 exerceret;
2167 4692 2337 4770 quod
2396 4692 2475 4751 ad
2534 4691 2727 4751 vitam
2790 4688 3198 4749 monasticam
3259 4683 3520 4763 requirit
3576 4686 3638 4743 et

260 4780 511 4844 sufﬁcere
542 4784 775 4845 fatetur
816 4786 950 4865 ipse
998 4787 1487 4849 Thomassinus:
1550 4806 1755 4868 neque
1814 4789 1979 4849 enim
2036 4788 2220 4868 plura
2278 4790 2368 4849 fas
2426 4796 2518 4849 est
2576 4787 2913 4867 requirere.
2966 4785 3031 4847 ld
3081 4789 3290 4846 autem
3338 4784 3637 4844 decreve-

261 4882 341 4935 rat
363 4880 685 4959 Gregorius
706 4882 1107 4961 jamdudum,
1140 4884 1204 4944 id
1235 4885 1429 4946 ﬁxum
1462 4891 1895 4965 statutumque
1918 4892 2053 4947 erat
2082 4885 2153 4967 (e)
2181 4904 2195 4946 :

903 5005 1101 5097 ’ξὸδμὲν
1132 5027 1198 5093 ita
1228 5008 1425 5097 σαρκὲς
1454 5007 1505 5069 ἇς
1537 5007 1736 5097 βόθρος
1766 5004 1941 5097 ῥίψαι,
1974 5006 2142 5097 πᾴξαι

914 5075 1242 5151 Δεδόγμὲνον
1271 5075 1317 5134 *ξ’
1350 5080 1439 5152 ἦν,
1472 5075 1559 5135 καὶ
1589 5080 1700 5135 τότ’
1756 5075 1952 5157 ἤρέσκὲ
1978 5077 2170 5136 πλέον.

895 5185 976 5261 Ea
994 5186 1238 5261 quidem
1269 5204 1395 5258 quae
1427 5188 1618 5243 carnis
1648 5192 1808 5255 sunt,
1842 5188 1900 5242 in
1933 5188 2290 5261 profundum
2324 5188 2605 5261 projicere

884 5256 1117 5313 Dudum
1150 5256 1439 5315 statutum
1470 5264 1613 5331 erat,
1644 5264 1901 5331 tuncque
1930 5256 2196 5332 placebat
2228 5256 2434 5333 magis.

268 5360 369 5425 Hoc
416 5366 604 5430 ﬁxum
682 5364 894 5433 animo
972 5375 1252 5453 Gregorii
1324 5376 1603 5453 sedebat,
1664 5382 1939 5457 votoque
1995 5377 2426 5439 sanctissimus
2502 5379 2732 5460 praesul
2789 5377 3081 5441 astrictus
3138 5375 3470 5439 tenebatur
3526 5372 3633 5461 (ί),

332 5570 399 5657 (gl
421 5570 569 5657 Qrat.
599 5574 740 5657 ZLp.
1115 5650 1210 5657 Δ.-
1273 5651 1363 5657 Δ.-

2056 5583 2132 5657 (d)
2160 5582 2351 5657 Garm'
2385 5587 2470 5657 De
2496 5583 2618 5640 vita.
2645 5600 2768 5653 sua,
2788 5600 2843 5641 v.
2872 5583 2978 5640 270
3017 5585 3072 5640 et
3092 5598 3213 5657 seq.

333 5639 607 5726 ψέξαι-[ξι.
629 5639 704 5726 De:
729 5649 847 5726 vita
874 5664 994 5718 sua,
1028 5666 1079 5706 v.
1112 5650 1239 5726 310,
1270 5651 1395 5708 311.

1112 5650 1239 5726 310,
1270 5651 1395 5708 311.
2054 5639 2128 5726 (ei
2159 5655 2334 5725 Ibid.,
2360 5671 2414 5712 v.
2444 5656 2573 5726 282,
2603 5639 2728 5713 283;

337 5658 402 5709 ιο)
428 5658 607 5702 carm.
629 5658 702 5703 De
729 5658 847 5703 vita
874 5664 994 5718 sua,
1028 5666 1079 5706 v.
1112 5658 1239 5720 310,
1270 5658 1395 5708 311.

337 5712 389 5781 (ε)
416 5712 623 5788 Horat.,
653 5722 754 5791 Ep.
780 5719 884 5776 lib.
918 5738 979 5790 ιι,
1002 5735 1094 5794 ep.
1129 5724 1181 5779 1.

956 5665 994 5718 ι,
1028 5666 1079 5706 v.
1112 5658 1239 5720 310,
1270 5658 1395 5708 311.
2077 5660 2128 5723 ε)
2159 5658 2334 5725 Ibid.,
2360 5671 2414 5712 v.
2444 5658 2573 5726 282,

956 5738 979 5790 :,
1002 5735 1094 5794 ep.
1129 5724 1181 5779 1.
2054 5658 2123 5800 ἓν)
2150 5727 2309 5797 Orat,
2339 5727 2397 5799 2,
2428 5726 2504 5786 al.
2534 5732 2584 5785 1.
