4122 6214
390 355 467 416 59
1388 363 1807 429 PRIEFATIO
1852 369 2315 447 GENERALIS.
2350 404 2423 415 —-
2462 369 2667 431 PARS
2713 367 2787 431 lI.
3592 384 3599 387 ‘
3713 371 3796 433 60

393 492 561 570 quod
596 516 625 551 «
658 494 719 555 in
756 495 1046 558 maximis
1077 498 1587 581 gravissimisque
1617 504 1933 583 periculis,
1968 528 1996 564 »
2032 525 2173 567 cum
2205 506 2482 569 Athenas
2511 506 2672 568 mari
2704 511 2959 586 peteret,
3002 529 3033 565 «
3060 508 3189 570 Deo
3218 506 3498 570 voverat.
3526 530 3557 566 »
3612 507 3799 570 Nulla

382 591 514 672 jam
551 594 626 654 de
656 613 729 657 eo
760 596 1151 660 deliberatio.

470 693 630 763 Quid
661 695 853 775 igitur
881 696 1039 759 illud
1068 704 1221 772 erat,
1258 701 1335 761 de
1376 718 1499 780 quo
1531 702 1865 781 Gregorius
1894 704 2063 765 intus
2093 705 2328 767 amicos
2359 705 2442 787 (a)
2470 705 2550 767 ad
2575 705 2904 769 consilium
2935 707 3161 769 vocat?

1065 821 1257 904 :E‘lvdﬂov
1290 823 1627 904 gaBZchﬁw
1661 825 1834 904 φίλῳν
1866 830 2168 904 κριτήριον,

1068 895 1246 965 Ἐμῶν
1290 892 1595 971 lamas»,
1629 892 1870 973 γίδησίων
1901 892 2256 974 ἧταρᾶινεέῶν.

1073 1003 1235 1079 intus
1266 1004 1488 1079 amicos
1517 1006 1573 1059 in
1610 1006 1921 1063 consilium
1952 1026 2111 1079 voco,

1067 1074 1226 1129 Meas
1259 1077 1661 1148 cogitationes,
1698 1096 1824 1150 quas
1857 1074 2105 1136 sincerae
2126 1086 2264 1137 sunt
2296 1082 2639 1138 hortatores.

392 1192 643 1255 Scilicet
702 1198 1037 1273 Gregorius
1074 1222 1100 1255 «
1153 1202 1235 1281 (Ιι)
1288 1203 1452 1263 inter
1501 1224 1573 1265 ea
1623 1226 1762 1284 quae
1820 1206 2261 1285 praestantiora
2311 1212 2478 1278 sunt,
2530 1206 2589 1265 id
2643 1206 2811 1284 quod
2862 1206 3267 1285 praestantius
3297 1211 3389 1266 est
3437 1202 3806 1283 quaerebat;

391 1309 538 1351 nam
600 1312 739 1371 quae
798 1296 1003 1354 carnis
1056 1305 1201 1357 sunt
1257 1300 1317 1358 in
1371 1302 1750 1379 profundum
1811 1302 2080 1380 ahjicere
2139 1302 2375 1363 dudum
2427 1310 2731 1363 statutum
2790 1311 2945 1373 erat,
3010 1311 3285 1383 tuncque
3342 1302 3637 1382 placebat
3681 1319 3809 1360 ma-

393 1388 508 1464 gis.
570 1389 1005 1453 Consideranti
1064 1402 1269 1454 autem
1306 1397 1436 1456 vias
1494 1417 1634 1476 qum
1694 1399 1773 1458 ad
1832 1402 2025 1460 Deum
2068 1399 2326 1470 ducunt,
2387 1419 2677 1479 quanam
2739 1402 2961 1461 melior
2991 1407 3170 1470 esset,
3223 1400 3503 1460 invenire
3534 1418 3658 1458 non
3710 1398 3805 1457 fa-

394 1485 508 1546 cile
565 1493 720 1548 erat.
780 1490 967 1551 Aliud
1024 1492 1212 1567 enim,
1266 1494 1532 1555 aliorum
1597 1497 1809 1556 habita
1855 1498 2114 1569 ratione,
2182 1498 2416 1559 bonum
2478 1504 2586 1559 aut
2645 1500 2875 1559 malum
2937 1499 3288 1573 videbatur,
3351 1503 3420 1557 ut
3477 1515 3643 1576 saepe
3711 1496 3803 1567 ﬁt,

391 1584 502 1643 ubi
560 1587 709 1663 quid
768 1590 1078 1666 agendum
1144 1598 1258 1652 est.
1323 1596 1599 1673 Longam
1653 1596 1848 1655 veluti
1905 1597 2245 1675 quamdam
2308 1598 2873 1676 peregrinationem
2934 1598 3391 1659 meditabatur.
3450 1594 3808 1673 Navigatio-

392 1701 534 1741 nem
568 1685 819 1763 quidem
853 1688 1179 1768 cftugerat,
1224 1697 1287 1751 et
1343 1694 1530 1753 maris
1585 1695 1854 1769 labores,
1916 1697 2024 1755 sed
2067 1696 2490 1774 investigabat
2545 1715 2836 1775 quasnam
2896 1697 3245 1777 expeditior
3296 1701 3457 1756 esset
3513 1694 3634 1753 via.
3668 1694 3806 1754 Ma-

395 1781 776 1857 gnifaciebat
831 1786 1028 1846 Eliam
1090 1787 1464 1862 Thesbiten,
1523 1792 1875 1853 Carmelum
1912 1838 1927 1865 ,
1986 1793 2299 1854 desertum
2358 1794 2617 1855 Joannis
2673 1794 3078 1871 praecursoris
3114 1840 3127 1865 ,
3187 1793 3462 1853 ﬁliorum
3523 1789 3811 1852 Ionadab

398 1881 589 1938 vitam
649 1881 780 1941 sine
838 1891 1184 1962 apparatu:
1252 1904 1465 1949 verum
1524 1908 1740 1949 rursus
1796 1908 1937 1951 eum
1997 1890 2252 1951 tenebat
2303 1910 2624 1952 sacrorum
2657 1892 2984 1952 Librorum
3016 1910 3216 1961 amor,
3280 1910 3377 1950 res
3426 1908 3568 1950 cum
3600 1889 3812 1949 deser-

399 1980 464 2035 to
496 1983 557 2036 et
605 1980 813 2057 quiete
870 2000 994 2042 non
1046 1984 1385 2062 quadrans.
1447 1989 1514 2047 In
1573 1992 1907 2067 utramque
1962 1995 2206 2067 partem
2267 2008 2432 2069 saepe
2489 1990 2757 2062 delatus,
2820 1990 3071 2050 tandem
3124 1990 3285 2049 inter
3334 2006 3447 2048 sua
3502 1984 3816 2046 desideria

400 2074 487 2132 sic
518 2074 691 2136 litem
748 2078 1020 2153 diremit,
1077 2083 1427 2163 mentisque
1481 2084 1888 2163 agitationem
1948 2085 2265 2146 cohibuit:
2327 2087 2545 2148 videns
2609 2088 2773 2147 enim
2828 2106 2958 2159 eos,
3018 2105 3177 2165 quos
3234 2091 3493 2146 actuosa
3548 2084 3816 2143 delecta'

400 2172 509 2232 bat
537 2174 687 2248 vita,
725 2176 862 2237 aliis
892 2179 1146 2257 quidem
1181 2181 1382 2249 utiles,
1419 2180 1533 2241 sibi
1565 2188 1775 2243 autem
1824 2182 2079 2244 inutiles
2136 2202 2208 2245 ac
2267 2185 2446 2245 malis
2504 2185 2777 2263 agitari;
2843 2204 2948 2245 eos
3004 2190 3214 2245 autem
3272 2182 3381 2263 qui
3434 2181 3574 2241 vale
3622 2196 3816 2239 saecu-

397 2270 462 2331 lo
520 2272 859 2349 dixerunt,
920 2276 1273 2337 stabiliores
1320 2279 1572 2357 quidem
1631 2298 1763 2340 esse
1800 2328 1815 2355 ,
1876 2299 1949 2340 ac
2004 2281 2065 2340 in
2125 2283 2318 2342 Deum
2378 2282 2625 2360 placida
2677 2289 2881 2342 mente
2940 2282 3245 2361 respicere
3280 2329 3293 2355 ,
3374 2284 3440 2339 at
3487 2278 3606 2338 sibi
3661 2275 3809 2335 solis

407 2375 750 2453 prodesse,
824 2381 1088 2455 angusta
1146 2377 1453 2439 charitate
1489 2425 1502 2450 ,
1580 2379 1901 2458 vitamque
1975 2380 2287 2440 insolitam
2349 2386 2411 2441 et
2495 2399 2782 2460 asperam
2844 2381 3235 2440 traducere:
3316 2377 3585 2438 mediam
3645 2374 3811 2434 inter

412 2478 710 2552 utrosque
739 2473 903 2533 viam
936 2475 1097 2543 iniit,
1159 2476 1445 2537 meditari
1506 2482 1574 2537 ut
1632 2477 1718 2547 hi,
1780 2477 2075 2556 prodesse
2126 2483 2192 2536 ut
2244 2478 2333 2537 illi
2388 2483 2689 2538 statuens.
2740 2498 2768 2533 ι)
2836 2477 2992 2537 Hinc
3051 2475 3348 2555 Gregorio
3398 2473 3806 2541 ,eremitarum

409 2575 597 2648 atque
628 2572 815 2631 etiam
878 2573 1400 2633 anachoretarum
1457 2574 1705 2634 vivendi
1761 2594 1956 2653 genus
2013 2574 2350 2647 arridebat,
2414 2575 2558 2634 hinc
2604 2574 3084 2636 coenobitarum.
3138 2573 3261 2635 Sed
3317 2572 3381 2632 in
3438 2571 3585 2643 illis,
3640 2568 3813 2647 quod

409 2669 526 2729 sibi
556 2670 704 2731 solis
729 2671 907 2729 utiles
936 2679 1160 2745 essent,
1213 2672 1270 2731 in
1327 2673 1400 2731 iis
1446 2692 1592 2733 vero
1651 2676 1816 2752 quod
1877 2674 2015 2734 aliis
2073 2674 2327 2752 quidem
2385 2674 2589 2747 utiles,
2651 2674 2768 2733 sibi
2828 2692 2972 2733 vero
3005 2678 3212 2733 essent
3265 2670 3539 2743 inutiles,
3590 2668 3813 2747 displi—

409 2767 612 2828 cebat.
647 2771 861 2846 Itaque
897 2770 1160 2829 mediam
1195 2771 1333 2830 iniit
1362 2770 1525 2830 viam
1557 2771 1722 2831 inter
1751 2772 2040 2831 eremitas
2089 2779 2151 2832 et
2183 2771 2481 2850 miga'les,
2540 2771 2599 2831 id
2663 2779 2757 2831 est
2803 2772 2964 2831 inter
2994 2770 3285 2830 eremitas
3332 2774 3395 2829 et
3441 2766 3810 2838 cmnobitas,

406 2864 655 2924 illorum
690 2866 766 2925 ad
799 2865 1077 2927 cmlestia
1108 2868 1599 2941 conversionem,
1651 2875 1711 2927 et
1757 2870 2015 2929 istorum
2061 2868 2431 2929 cbaritatem
2484 2868 2775 2942 retinens,
2817 2874 2881 2927 ut
2910 2868 3027 2927 sibi
3056 2872 3118 2928 et
3149 2866 3285 2926 aliis
3315 2864 3505 2937 utilis,
3544 2862 3816 2923 maxime

407 2963 795 3041 parentibus,
830 2969 1011 3024 esset.

491 3061 576 3120 Ea
631 3060 823 3140 igitur
878 3062 995 3122 fuit
1063 3062 1435 3123 deliberatio
1496 3064 1817 3143 Gregorii,
1900 3070 2103 3125 utram
2161 3083 2239 3125 ex
2296 3064 2543 3125 duobus
2595 3062 3045 3125 monachorum
3097 3060 3472 3141 generibus,
3530 3056 3823 3118 eremita—

411 3176 632 3219 rumne
661 3179 739 3220 an
774 3160 1226 3221 ceenobitarum
1278 3162 1470 3221 vitam
1524 3168 1908 3240 sequeretur.
1958 3166 2044 3223 Ac
2092 3162 2285 3222 veluti
2334 3162 2441 3240 qui
2490 3163 2548 3222 in
2602 3162 2815 3240 aliquo
2863 3161 3142 3240 periculo
3187 3158 3365 3238 gravi
3414 3155 3818 3227 constitutus,

407 3275 471 3317 se
528 3257 719 3318 vitam
781 3258 1137 3337 religiosam
1202 3261 1623 3338 professurum
1685 3263 1812 3321 Deo
1871 3260 2225 3339 pollicitus,
2303 3261 2491 3321 etiam
2565 3265 2711 3322 voto
2770 3279 2832 3319 se
2902 3258 3375 3327 obstrinxisset;
3436 3251 3657 3313 deinde
3715 3267 3816 3308 se-

406 3374 548 3415 cum
610 3362 958 3435 reputans,
1030 3358 1351 3436 quomodo
1408 3358 1782 3437 promissum
1845 3358 2080 3431 faciat,
2151 3359 2327 3418 varia
2383 3357 2571 3437 hujus
2644 3357 2944 3436 temporis
3019 3356 3295 3417 virorum
3372 3350 3815 3457 religiosorum

404 3452 688 3514 instituta
739 3459 802 3515 et
858 3454 1049 3533 leges.
1108 3456 1586 3534 'l‘rappistarum
1635 3457 1891 3531 scilicet,
1953 3456 2439 3517 Mendieantium
2478 3502 2492 3531 ,
2553 3462 2649 3516 etc
2686 3502 2699 3516 .
2737 3503 2751 3528 ,
2814 3455 3184 3535 perpendit;
3242 3453 3492 3513 demum
3529 3446 3817 3554 {habito

404 3568 613 3610 secum
674 3551 977 3625 consilio,
1039 3552 1231 3612 vitam
1291 3552 1721 3631 trappisticam
1781 3562 1848 3615 ut
1916 3554 2298 3633 asperiorem
2360 3553 2637 3633 refugit,
2707 3552 3199 3614 Mendicantium
3251 3555 3461 3612 autem
3508 3550 3581 3607 ut.
3636 3543 3825 3603 nimis

406 3646 849 3711 actuosam'et
906 3650 1019 3709 sil.i
1078 3651 1280 3709 minus
1340 3651 1553 3709 utilem
1614 3653 1871 3730 respuit,
1935 3655 2062 3712 Deo
2125 3653 2392 3713 militare
2450 3652 2564 3712 sub
2620 3652 2840 3731 regula
2897 3650 3095 3711 sancti
3154 3647 3473 3711 Benedicti
3538 3642 3821 3704 mavult:

406 3746 540 3806 isne
592 3747 939 3807 monachus
996 3748 1296 3807 dicendus
1331 3795 1344 3816 ,
1408 3755 1469 3807 et
1539 3749 1729 3807 vitam
1793 3750 2199 3809 monasticam
2263 3751 2594 3827 amplexus
2652 3750 2848 3809 \ideri
2907 3748 3166 3827 posset?
3224 3746 3424 3808 Credo
3481 3743 3821 3823 equidem.

407 3846 595 3923 Atqui
656 3845 775 3905 hoc
835 3846 1037 3923 ipsum
1117 3852 1210 3905 est
1284 3848 1452 3925 quod
1521 3847 1809 3925 praestitit
1868 3848 2200 3926 Gregorius
2238 3894 2251 3919 ,
2332 3865 2470 3906 cum
2554 3847 2772 3906 habita
2829 3865 3041 3906 secum
3103 3843 3555 3905 deliberatione
3611 3849 3825 3902 utrum

410 3943 657 4005 vivendi
706 3964 923 4022 genus,
984 3964 1060 4004 an
1122 3945 1572 4018 eremitarum,
1636 3966 1716 4006 an
1775 3946 2095 4024 migadum
2155 3951 2569 4024 sequeretur,
2649 3964 2838 4004 unum
2914 3965 2989 4004 ex
3069 3950 3342 4023 utroque
3404 3945 3826 4020 temperatum

414 4043 741 4121 amplexus
798 4051 891 4103 est
948 4062 1090 4104 cum
1139 4044 1406 4119 Basilio;
1469 4045 1577 4123 qui
1639 4045 1827 4105 vitam
1887 4044 2232 4104 solitariam
2292 4050 2354 4104 et
2412 4043 2853 4104 ccenobiticam
2915 4043 3215 4122 paseclare
3274 4041 3435 4101 inter
3491 4057 3555 4099 se
3607 4055 3826 4097 recon-

415 4140 734 4199 ciliaverat
766 4148 827 4200 et
868 4141 1335 4219 permiscuerat,
1371 4143 1703 4203 exstructis
1735 4142 2127 4203 monasteriis
2159 4159 2297 4220 qua
2329 4144 2565 4203 sociata
2597 4141 2738 4202 vitae
2774 4142 3095 4219 utriusque
3128 4136 3477 4209 commoda,
3513 4134 3688 4196 nulla
3712 4153 3827 4194 au-

417 4241 539 4295 tem
574 4237 869 4313 permista
900 4237 1219 4298 habebant
1247 4239 1669 4301 incommoda.

498 4334 628 4392 Hoc
685 4334 736 4392 si
795 4352 915 4393 non
978 4335 1186 4394 statim
1243 4342 1432 4413 atque
1489 4344 1815 4415 optasset,
1875 4343 2042 4399 certe
2098 4357 2288 4417 quam
2353 4338 2625 4416 primum
2687 4336 2910 4411 licuit,
2972 4337 3114 4397 vitae
3172 4353 3368 4415 genus
3419 4336 3671 4394 secutus
3739 4340 3834 4395 est

422 4430 797 4509 Gregorius;
873 4440 933 4490 et
1008 4432 1257 4491 secessit
1339 4433 1417 4491 ad
1506 4435 1853 4509 Basilium,
1942 4455 2192 4514 unaque
2275 4454 2416 4496 cum
2503 4455 2576 4497 eo
2639 4435 2957 4496 Ponticam
3043 4432 3441 4494 solitudinem
3524 4431 3832 4493 incoluit:

424 4552 453 4585 «
488 4529 813 4607 Degcbant
854 4534 1062 4588 tamen
1110 4530 1427 4608 singuli,»
1484 4532 1689 4610 inquit
1750 4533 2075 4595 Annalium
2126 4534 2647 4595 ecclesiasticarum
2698 4552 2925 4613 parens
2981 4552 3058 4592 ex
3118 4531 3341 4592 Ruﬁno
3399 4529 3499 4611 (ο),
3556 4530 3679 4591 «in
3713 4530 3842 4591 sin—

416 4627 582 4706 gulis
640 4628 881 4689 cellulis
934 4629 1240 4707 scparatis
1297 4676 1310 4702 ,
1374 4629 1463 4690 ita
1519 4636 1730 4690 tamen
1787 4631 1949 4692 inter
2006 4650 2070 4692 se
2140 4632 2445 4692 distantes
2481 4677 2494 4704 ,
2557 4637 2628 4692 ut
2674 4652 2797 4693 non
2857 4629 3260 4692 incommoda
3316 4628 3545 4708 saepius
3602 4648 3831 4690 conve-

416 4726 627 4787 niendi
684 4727 941 4787 daretur
991 4727 1308 4788 facultas.
1372 4730 1435 4788 ld
1499 4730 1727 4789 etenim
1787 4748 1864 4789 ex
1918 4729 2197 4806 Gregorii
2257 4728 2522 4807 epistola
2579 4729 2711 4810 (cl),
2772 4748 2958 4810 quam
3021 4734 3171 4789 tunc
3233 4728 3298 4788 in
3355 4745 3565 4788 eremo
3634 4746 3833 4806 agens

416 4824 495 4885 ad
578 4823 1140 4904 Amphilochium,
1228 4826 1293 4885 in
1369 4826 1589 4887 eadem
1648 4826 1986 4889 solitudine
2069 4827 2671 4908 phiIOSOphantem,
2760 4827 3056 4907 scripsit,
3139 4825 3322 4887 facile
3378 4832 3583 4904 potest
3640 4824 3829 4886 intel-

416 4921 548 5000 ligi.

505 5045 533 5076 «
594 5021 805 5093 Qualis
854 5028 1063 5083 autem
1125 5024 1311 5085 fuerit
1360 5024 1495 5103 ejus
1554 5025 1859 5087 habitatio
1918 5030 1980 5085 et
2035 5024 2281 5097 victus,
2344 5024 2552 5104 pergit
2610 5023 2918 5085 Baronius
2954 5068 2969 5096 ,
3038 5042 3115 5083 ex
3162 5021 3261 5082 his
3316 5021 3506 5082 etiam
3560 5019 3835 5099 assequi-

418 5136 580 5192 mur,
617 5140 756 5199 quas
804 5121 970 5182 idem
1028 5122 1107 5183 ad
1154 5123 1481 5195 Basilium,
1551 5131 1885 5201 postquam
1944 5123 2088 5183 inde
2144 5130 2505 5196 recesserat,
2567 5122 2789 5182 ludens
2846 5121 3061 5182 scribit
3120 5119 3219 5180 his
3277 5118 3522 5179 verbis:
3591 5140 3621 5177 α
3674 5118 3834 5189 QuO'

422 5218 651 5279 «niam
684 5220 1122 5298 quaejocando
1180 5219 1260 5279 ad
1314 5226 1371 5279 te
1428 5220 1814 5298 scripsimus,
1876 5239 2056 5299 aquo
2116 5220 2328 5280 animo
2384 5220 2527 5293 fers,
2592 5238 2666 5279 ea
2712 5237 2967 5298 quoque
3024 5236 3165 5297 quas
3221 5216 3517 5294 deinceps
3566 5234 3836 5293 sequun-

424 5326 583 5377 atur
641 5316 1056 5395 adjiciemus,
1122 5335 1195 5376 ex
1256 5318 1524 5377 Homero
1576 5322 1783 5377 autem
1845 5316 2091 5377 initium
2150 5317 2473 5377 ducetur:
2556 5319 2733 5377 Nunc
2804 5334 2920 5395 age
2956 5361 2970 5389 ,
3052 5314 3461 5396 progrediens
3513 5312 3833 5373 internum

495 5568 567 5642 (rt)
594 5566 761 5642 ista,
792 5583 845 5621 ν.
876 5565 1002 5637 278,
1032 5565 1159 5621 279.
2084 5526 2085 5531 Ν
2181 5588 2236 5642 p.
2270 5571 2394 5642 887.

520 5638 765 5713 b_)lbid.‘
904 5707 940 5713 __
1030 5709 1049 5713 A
1088 5709 1139 5713 __
1182 5707 1215 5713 __
1278 5710 1287 5713 _
1538 5708 1561 5713 Α
1741 5710 1773 5713 μ
1910 5712 1936 5713 η
2183 5638 2199 5642 ’
2251 5641 2327 5712 (ά)
2350 5643 2453 5713 Ep.
2486 5640 2559 5697 a1.
2596 5640 2683 5695 12.

491 5643 569 5780 ὦ)
593 5643 792 5780 liga.
822 5707 989 5780 Boll.,
1022 5709 1056 5765 9
1086 5707 1240 5779 Maii,
1273 5710 1332 5766 in
1372 5711 1493 5770 Vita
1522 5708 1795 5782 Gregorii,
1826 5728 1875 5782 ο,
1905 5712 1961 5778 5,

2251 5643 2327 5712 (d)
2350 5643 2453 5713 Ep.
2486 5643 2537 5697 al

910 5707 989 5780 ll.,
1022 5709 1056 5765 9
1086 5707 1240 5779 Maii,
1273 5710 1332 5766 in
1372 5711 1493 5770 Vita
1522 5708 1795 5782 Gregorii,
1826 5728 1875 5782 ο,
1905 5712 1961 5778 5,
2533 5734 2538 5739 ·
