4122 6214
240 418 294 478 6|
1211 411 1631 475 PRIEFATIO
1680 407 2143 470 GENERALIS.
2177 440 2252 452 —
2285 406 2485 466 PARS
2532 404 2610 465 ll.
3541 404 3620 465 62

242 548 561 626 ιοοηείιιθ,
627 567 863 629 quaeso,
923 550 1257 621 ornatum;
1321 546 1642 628 tugurium
1700 542 1990 605 videlicet
2045 547 2107 603 et
2164 546 2325 602 tecto
2383 547 2445 601 et
2514 537 2725 617 januis
2777 555 3022 612 carens,
3073 537 3281 600 focum
3339 536 3506 619 ignis
3572 553 3638 608 et

244 648 437 709 «fumi
492 653 839 729 expertem,
902 647 1172 728 parietes
1226 646 1371 725 igne
1421 645 1787 718 exsiccatos,
1845 661 1924 703 ne
1981 641 2096 702 luti
2153 640 2347 719 guttis
2403 638 2805 716 impetamur,
2868 638 3149 699 Tantalis
3204 638 3461 709 similes,
3512 657 3617 699 ea-

242 749 548 828 tdemque
606 767 794 828 poena
855 748 1124 825 multati,
1191 748 1486 808 nimirum
1545 746 1606 805 in
1668 743 1849 823 aquis
1906 743 2202 815 sitientes,
2254 742 2638 803 miserandas
2716 740 2858 802 illas
2932 741 3151 820 epulas
3219 746 3281 802 et
3346 740 3624 821 jejunas,

240 847 359 906 «ad
388 864 547 927 quas
606 865 638 907 θ
692 845 1119 926 Cappadocia,
1155 865 1281 907 non
1335 851 1635 924 tanquam
1695 843 1776 905 ad
1833 842 2349 921 Lotophagorum
2408 846 2873 921 paupertatem,
2907 841 3013 902 sed
3076 840 3264 900 veluti
3322 840 3402 901 ad
3456 840 3634 900 Alci-

238 945 387 1005 unoi
441 962 747 1018 mensam,
782 964 899 1006 nos
950 944 1094 1006 vovi
1149 950 1211 1006 et
1272 943 1609 1005 aerumnosi
1665 942 1954 1020 naufragi
2027 940 2232 1000 vocati
2289 958 2525 1000 sumus.
2583 939 2829 1000 Nemini
2889 939 3057 999 enim
3114 957 3310 1017 panes
3364 938 3506 1000 illos
3566 944 3633 999 et

236 1040 538 1120 «juscula,
604 1041 689 1103 sic
746 1042 911 1103 enim
991 1042 1506 1115 nominabantur,
1567 1058 1939 1120 semperque
1988 1038 2353 1111 meminero,
2416 1037 2711 1097 dentibus
2783 1037 2948 1097 circa
3019 1037 3372 1115 fragmenta
3429 1036 3625 1097 colla-

234 1124 703 1210 «bescen‘tibus,
762 1159 834 1201 ac
895 1146 1111 1219 postea
1166 1140 1405 1213 erectis,
1471 1140 1767 1219 velutque
1823 1157 1855 1199 e
1904 1155 2084 1198 coeno
2144 1135 2472 1209 retractis;
2524 1154 2664 1214 qua:
2744 1134 3073 1194 sublimius
3130 1138 3195 1193 tu
3274 1134 3633 1212 amplifica-

232 1236 391 1309 «bis,
445 1237 719 1317 propriis
795 1238 1259 1298 calamitatibus
1340 1237 1629 1298 videlicet
1706 1235 2007 1297 orationis
2079 1234 2579 1313 magnitudinem
2656 1232 2770 1293 tibi
2845 1231 3412 1312 suppeditantibus.
3475 1232 3625 1303 Qui-

234 1332 395 1393 «bus
422 1334 539 1393 nisi
566 1334 677 1394 illa
723 1353 976 1407 manna,
1008 1340 1071 1395 et
1116 1353 1464 1414 pauperum
1522 1352 1666 1395 vere
1723 1334 2021 1405 studiosa,
2060 1337 2259 1392 mater
2314 1336 2422 1391 tua
2477 1349 2590 1390 nos
2649 1348 2841 1409 quam
2894 1329 3218 1390 celerrime
3281 1328 3624 1402 liberasset,

236 1431 581 1511 «nobisque
641 1438 1014 1511 tempestate
1062 1432 1320 1512 jactatis
1376 1433 1543 1493 velut
1601 1437 1819 1511 portus
1877 1430 2250 1501 exstitisset;
2288 1428 2672 1508 jampridem
2747 1428 2913 1508 apud
2972 1428 3147 1489 vivos
3203 1445 3335 1487 esse
3415 1427 3632 1488 desiis-

233 1548 496 1603 csemus,
556 1530 704 1591 ﬁdei
757 1531 1033 1592 Pontica:
1120 1532 1377 1592 nomine
1448 1549 1573 1592 non
1658 1529 1963 1608 majorem
2035 1528 2286 1588 laudem
2352 1531 2832 1607 consequentes,
2895 1544 3085 1605 quam
3164 1525 3630 1586 miserationem

235 1652 259 1681 «
286 1632 599 1688 moventes
631 1627 735 1708 (a).
770 1649 799 1683 υ

300 1730 430 1787 Haec
486 1718 639 1788 licet
700 1726 851 1806 joco
928 1727 1283 1806 Gregorius,
1350 1727 1513 1790 seria
1578 1733 1788 1788 tamen
1862 1724 2180 1787 describit.
2240 1724 2486 1795 Quanta
2560 1723 2726 1783 enim
2800 1722 2945 1783 vitae
3025 1722 3413 1796 austeritate,
3472 1740 3617 1784 cum

228 1822 363 1903 ipse,
421 1830 552 1885 tum
603 1826 815 1885 caeteri
877 1826 1163 1887 monachi
1224 1827 1509 1887 eamdem
1568 1824 1969 1885 solitudinem
2045 1823 2386 1883 incolentes
2460 1821 2746 1894 vixerint,
2809 1839 2885 1881 ex
2944 1820 3062 1891 his,
3130 1840 3269 1900 quae
3346 1821 3422 1881 de
3498 1820 3617 1881 sibi

231 1922 501 1999 subjectis
559 1923 888 1983 monachis
943 1924 1022 1984 ad
1080 1924 1431 1984 Hellenium
1490 1923 1726 1995 scribit,
1788 1922 1938 1983 satis
1996 1926 2261 2001 apparet
2314 1920 2431 1999 (b):
2470 1945 2499 1976 «
2540 1919 2667 1999 Ipsi
2725 1919 2913 1992 enim,
2975 1918 3201 1998 inquit,
3264 1919 3491 1999 partim
3551 1919 3616 1979 in

234 2019 403 2080 antris
476 2020 924 2099 solitariisque,
988 2027 1049 2081 et
1126 2022 1204 2081 ad
1282 2027 1512 2082 terram
1585 2021 1795 2081 stratis
1868 2019 2255 2098 rudibusque
2330 2017 2642 2079 cubilibus
2721 2016 3153 2090 delectantur;
3216 2036 3254 2077 a
3323 2016 3615 2077 domibus

235 2116 572 2190 abhorrent,
635 2124 1100 2198 eognatamque
1155 2118 1426 2179 caelestis
1484 2118 1805 2198 sapientiae
1862 2117 2138 2197 quietem
2196 2116 2663 2195 amplectuntur
2712 2136 2725 2175 :
2790 2114 3019 2193 partim
3089 2114 3305 2175 ferreis
3361 2132 3617 2192 compe-

235 2213 399 2274 dibus
451 2234 579 2275 sese
640 2216 1028 2290 excruciant,
1092 2222 1162 2277 ut
1218 2217 1438 2278 vitium
1500 2236 1625 2277 una
1682 2236 1824 2277 cum
1878 2234 2141 2295 corpore
2212 2214 2565 2275 conficiant.
2628 2212 2750 2274 Alii
2824 2231 3073 2281 rursum
3144 2213 3419 2273 ferarum
3492 2212 3618 2271 ritu

236 2311 429 2388 parvis
474 2313 878 2392 angustisque
909 2313 1201 2374 domibus
1256 2314 1499 2389 inclusi,
1565 2334 1642 2375 ne
1693 2314 1976 2375 mortalis
2051 2312 2304 2392 quidem
2383 2310 2734 2389 cujuspiam
2813 2310 3057 2370 vultum
3133 2310 3479 2390 aspiciunt,
3542 2327 3616 2369 ac

236 2426 389 2486 sape
442 2409 617 2470 etiam
677 2416 849 2472 totos
905 2411 1126 2489 viginti
1177 2411 1332 2486 dies,
1396 2412 1782 2492 totidemque
1840 2418 2073 2483 noctes,
2132 2429 2169 2470 a
2224 2410 2362 2470 cibo
2429 2408 2765 2481 abstinent,
2826 2407 3212 2486 dimidiaque
3288 2425 3360 2469 ex
3437 2412 3617 2486 parte

235 2504 439 2565 Christi
483 2506 799 2585 jejunium
854 2508 1245 2582 imitantur;
1311 2515 1507 2589 utque
1564 2509 1853 2571 nonnihil
1907 2509 2040 2588 ipse
2115 2506 2370 2585 gloriosi
2445 2505 2806 2585 praedicem,
2867 2504 3125 2585 quidam
3182 2503 3436 2564 illorum
3492 2503 3618 2564 mei

235 2602 415 2679 gregis
444 2604 575 2663 ovis
615 2611 776 2679 erat,
836 2606 981 2665 hinc
1039 2626 1234 2686 parvo
1292 2607 1566 2686 quodam
1621 2607 1855 2686 oppido
1905 2623 2211 2684 egressus.
2263 2605 2421 2665 Sunt
2475 2603 2731 2681 insuper
2786 2600 2896 2679 qui
2952 2602 3270 2679 garrulam
3332 2601 3612 2679 linguam

236 2700 389 2775 quasi
469 2701 737 2761 vinculis
839 2702 1218 2780 quibusdam
1315 2705 1691 2782 astringunt,
1773 2700 2067 2782 labiaque
2172 2701 2418 2762 silentio
2514 2698 2959 2778 comprimunt,
3040 2717 3429 2777 summaeque
3522 2697 3622 2758 illi

239 2796 402 2855 Menti
456 2797 647 2858 lautis
724 2800 1099 2860 sacrificium
1180 2801 1314 2862 sola
1371 2809 1578 2863 mente
1652 2801 1936 2861 offerent.
2001 2803 2109 2861 Est
2183 2799 2371 2860 etiam
2430 2798 2539 2877 qui
2615 2816 2813 2857 annos
2883 2797 3161 2874 integros
3233 2796 3297 2857 in
3384 2796 3620 2874 templo

238 2898 401 2962 stans,
464 2913 659 2972 puras
715 2896 794 2955 ad
853 2899 1051 2957 Deum
1110 2916 1333 2957 manus
1388 2898 1778 2977 expanderit,
1817 2916 1952 2967 nec,
2009 2897 2178 2976 quod
2232 2897 2335 2956 vix
2392 2897 2686 2975 cuiquam
2736 2894 2925 2955 fidem
2983 2895 3297 2955 facturum
3357 2898 3472 2967 est,
3522 2893 3626 2955 vel

245 2990 528 3051 tantillum
589 2993 1023 3066 obdormierit,
1086 2995 1192 3056 sed
1250 2996 1373 3055 vivi
1431 2996 1657 3075 lapidis
1711 2997 1910 3056 instar
1965 2996 2212 3057 Christo
2270 2995 2512 3055 deﬁxus
2567 2994 2843 3067 steterit,
2902 3011 2975 3054 ac
3028 2993 3203 3053 velut
3247 2992 3619 3071 obriguerit,

244 3087 375 3148 Huic
426 3108 623 3168 porro
681 3091 889 3170 exigui
946 3093 1069 3154 cibi
1128 3094 1424 3173 reliquias
1490 3095 1728 3156 vicinus
1802 3114 2026 3155 corvus
2081 3093 2502 3171 impertiebat,
2564 3110 2922 3171 panemque
2984 3090 3324 3169 integrum,
3385 3091 3437 3151 si
3493 3090 3618 3151 duo

242 3183 374 3247 forte
426 3195 661 3262 essent,
725 3190 1048 3251 afferebat.
1111 3192 1270 3263 Quin
1329 3193 1517 3253 etiam
1593 3212 1719 3272 quo
1795 3200 2078 3272 tempore
2153 3192 2431 3252 Christus
2506 3190 2827 3251 salutifero
2901 3189 3010 3249 illo
3084 3188 3393 3269 supplicio
3468 3207 3613 3267 per-

243 3281 464 3343 functus
516 3285 827 3345 mortales
882 3286 1158 3367 reliquit,
1220 3288 1513 3349 inventus
1572 3295 1667 3350 est
1724 3289 2004 3369 quidam,
2052 3288 2161 3367 qui
2218 3287 2364 3348 hinc
2425 3287 2502 3347 ad
2562 3286 2841 3347 divinum
2899 3291 3173 3346 montem
3234 3285 3620 3360 ascenderet,

239 3374 422 3457 ibique
479 3387 541 3442 et
620 3400 936 3457 sermone,
996 3390 1057 3445 et
1130 3391 1363 3458 mente,
1422 3392 1484 3448 et
1550 3387 1826 3448 menbris
1899 3388 2199 3448 immotus
2255 3393 2448 3455 stans,
2509 3384 2711 3445 ventis
2779 3383 3154 3461 nivibusque
3220 3383 3618 3463 jactaretur;

234 3493 341 3546 nec,
388 3497 760 3559 quanquam
821 3480 1060 3562 alioqui
1114 3483 1327 3563 plures
1385 3485 1500 3545 viri
1558 3485 1646 3564 pii
1702 3504 1847 3545 eum
1906 3484 2404 3556 circumstarent,
2459 3489 2521 3543 et
2575 3481 2656 3543 ab
2713 3481 2933 3543 eodem
2989 3481 3218 3543 obnixe
3276 3482 3617 3542 contende-

237 3578 368 3647 rent,
421 3582 487 3637 ut
540 3577 827 3656 aliquam
885 3580 978 3640 sui
1035 3582 1317 3660 corporis
1391 3582 1698 3642 rationem
1774 3581 2069 3651 haberet,
2135 3580 2422 3659 precibus
2500 3587 2707 3640 tamen
2792 3578 2981 3640 nullis
3062 3583 3457 3653 moveretur;
3509 3578 3617 3639 sed

237 3669 511 3733 Christum
540 3694 763 3752 regem
803 3677 1139 3738 fortissime
1170 3679 1495 3753 consertis,
1531 3686 1602 3739 ut
1630 3679 1782 3739 dicit
1812 3678 1990 3751 solet,
2025 3679 2317 3739 manibus
2346 3677 2666 3739 retineret.
2701 3700 2731 3732 »

239 3770 441 3857 .Alihi
496 3773 575 3834 de
642 3774 919 3835 Ponticis
977 3777 1301 3837 monachis
1358 3778 1496 3837 haec
1565 3777 1759 3838 habet
1814 3778 2149 3855 Gregorius
2206 3776 2279 3857 (ε)
2334 3793 2347 3835 :
2419 3797 2447 3834 ‹‹
2514 3775 2796 3854 Plerique
2869 3775 2984 3834 sub
3054 3775 3270 3835 ferreis
3354 3775 3619 3837 vinculis

236 3864 662 3943 lngemiscunt:
698 3871 806 3933 alii
850 3893 1069 3936 rursus
1126 3895 1243 3954 pro
1302 3877 1442 3937 cibo
1499 3877 1739 3937 cineres
1798 3876 2072 3945 habent;
2108 3880 2254 3935 sunt
2310 3874 2538 3953 quibus
2592 3879 2778 3952 potus
2835 3873 3131 3951 lacrymis
3188 3879 3617 3950 temperatur;

240 3963 323 4023 alii
364 3965 639 4029 hibernis
694 3970 943 4031 nivibus
996 3972 1289 4052 impetiti,
1355 3974 1777 4052 quadraginta
1834 3973 1987 4045 dies,
2025 3973 2411 4048 totidemque
2482 3976 2719 4040 noctes,
2780 3970 2951 4029 velut
3010 3968 3267 4028 arbores
3325 3970 3616 4047 quaedam

239 4069 503 4138 perstant,
539 4067 735 4127 corde
788 4087 1015 4148 nempe
1071 4088 1102 4129 e
1162 4076 1329 4131 terra
1386 4071 1749 4149 migrantes,
1812 4073 2137 4149 Deumque
2189 4069 2392 4129 solum
2449 4068 2512 4128 in
2572 4072 2779 4127 mente
2847 4066 3224 4127 habentes...
3288 4066 3447 4138 Quid
3503 4068 3613 4127 de-

240 4157 393 4238 nique
453 4182 559 4225 eos
639 4183 1151 4241 commemorem,
1230 4169 1349 4248 qui
1409 4169 1624 4230 oculos
1701 4168 2027 4244 claudunt,
2077 4172 2139 4228 et
2214 4181 2397 4227 aures
2471 4164 2643 4225 velut
2689 4164 2937 4244 pessulo
3012 4163 3288 4242 quodam
3347 4163 3611 4238 obdnnt,

240 4270 301 4314 ne
351 4261 595 4321 aculeus
656 4263 969 4342 quispiam
1029 4254 1246 4326 mertis
1304 4266 1517 4327 furtim
1590 4266 1895 4346 irrepat?
1954 4268 2033 4326 At
2089 4263 2226 4325 haec
2283 4262 2743 4324 medicamenta
2816 4262 2988 4322 carni
3044 4261 3212 4323 hosti
3270 4280 3409 4323 meo
3470 4282 3617 4341 pro-

237 4350 432 4428 pino.»
493 4360 647 4419 Haec
711 4361 1067 4439 Gregorius,
1115 4364 1222 4440 qui
1278 4363 1415 4424 haec
1480 4364 1670 4424 etiam
1731 4363 1881 4423 alibi
1937 4362 2133 4422 fusius
2182 4360 2307 4441 (d):
2376 4385 2405 4416 «
2462 4361 2723 4421 Carnem
2782 4377 2987 4419 meam
3048 4360 3247 4419 aetatis
3304 4359 3456 4420 ﬂore
3514 4362 3614 4422 la-

243 4450 570 4516 scivientem
634 4463 695 4517 et
750 4464 1116 4519 aestuantem
1179 4461 1393 4520 multis
1453 4479 1527 4521 ac
1584 4461 1817 4521 crebris
1866 4460 2188 4520 laboribus
2246 4456 2476 4529 attrivi,
2513 4457 2753 4517 veneris
2809 4456 3162 4518 satietatem
3220 4458 3621 4537 vicinzmque

242 4546 442 4610 rabiem
503 4554 754 4623 sustuli,
817 4557 1035 4616 oculos
1094 4558 1529 4636 temperantiae
1585 4558 1954 4633 adiumento
2011 4556 2332 4636 palpebris
2399 4555 2596 4623 inﬁxi,
2657 4554 2816 4614 iram
2877 4553 3123 4632 abrupi,
3164 4555 3445 4614 membra
3500 4555 3611 4615 de-

240 4644 403 4719 vinxi,
460 4651 657 4712 risum
716 4653 1098 4733 deploravi;
1153 4656 1368 4715 omnia
1427 4656 1675 4717 Christo
1752 4660 2090 4727 cesserunt,
2153 4654 2367 4733 priora
2440 4653 2651 4713 omnia
2720 4652 3149 4712 conciderunt.
3209 4655 3402 4711 Terra
3457 4652 3613 4712 mihi

247 4738 412 4803 lectus
462 4748 601 4820 fuit,
674 4752 1020 4830 asperrima
1076 4753 1265 4812 vestis
1347 4754 1634 4813 membra
1708 4752 1986 4812 contexit
2035 4769 2050 4823 ;
2111 4750 2443 4829 pervigilia
2524 4751 2711 4809 etiam
2790 4755 2851 4808 et
2905 4750 3326 4827 lacrymarum
3381 4749 3614 4810 imbres

242 4838 516 4903 adhibui:
580 4847 852 4907 interdiu
912 4848 1110 4909 labori
1171 4850 1473 4911 humeros
1530 4851 1830 4928 subjunxi
1884 4867 1898 4909 :
1957 4849 2207 4928 hymnis
2284 4854 2417 4908 tota
2493 4854 2675 4907 nocte
2755 4846 3155 4906 concinendis
3223 4864 3451 4925 corpus
3515 4848 3613 4906 in-

246 4939 347 4995 star
388 4946 601 5003 statuae
659 4944 1162 5015 deﬁxi;nullam
1223 4947 1481 5007 omnino
1537 4947 1881 5007 humanam
1939 4945 2328 5023 voluptatem
2388 4940 2501 5004 nec
2559 4943 2621 5002 in
2681 4943 2961 5002 animum
3020 4943 3126 5022 qui
3157 4944 3273 5002 tem
3332 4949 3395 5004 et
3441 4944 3614 5022 cogi-

244 5033 501 5097 tationem
528 5041 889 5103 admittens.
922 5045 1129 5121 Atque
1162 5044 1280 5103 hoc
1314 5043 1593 5121 qundam
1631 5043 1783 5103 mihi
1807 5044 1954 5103 vitae
1986 5043 2338 5102 institutum
2372 5047 2527 5103 erat.
2561 5064 2592 5096 »

307 5130 392 5192 Sic
441 5138 710 5199 mediam
783 5140 948 5200 viam
1007 5141 1146 5199 iniit
1203 5141 1542 5217 Gregorius
1598 5141 1761 5201 inter
1816 5140 2218 5201 eremitarum
2279 5144 2339 5198 et
2396 5138 2717 5215 migadum
2767 5138 3017 5199 vivendi
3086 5139 3415 5211 rationem,
3478 5156 3606 5200 coe-

248 5226 533 5294 nobiticam
592 5237 919 5315 amplexus
981 5256 1055 5297 ex
1118 5243 1383 5318 utraque
1440 5245 1859 5318 temperatam
1919 5257 1955 5298 a
2038 5238 2287 5298 Basilio.
2344 5238 2398 5295 ls
2477 5237 2718 5313 primus
2770 5237 3051 5297 omnium
3138 5236 3485 5297 crenlibitas
3540 5237 3604 5296 in

252 5321 453 5388 Oriente
503 5331 791 5403 instituit,
856 5335 1150 5413 legesque
1228 5336 1527 5409 condidit,
1579 5355 1738 5415 quas
1808 5337 1996 5396 etiam
2056 5335 2345 5411 exemplo
2429 5334 2645 5394 docuit
2726 5354 2848 5394 una
2908 5353 3051 5395 cum
3120 5334 3440 5413 Gregirio,
3501 5334 3611 5411 qui

253 5416 432 5485 Basilio
495 5429 559 5489 in
613 5433 954 5494 condendis
1009 5432 1466 5495 emnobitarum
1522 5434 1757 5514 regulis
1816 5439 2006 5515 atque
2089 5433 2281 5494 etiam
2339 5433 2660 5495 servandis
2730 5434 2937 5496 socius
3011 5434 3149 5509 fuit,
3210 5440 3278 5494 ut
3335 5439 3605 5499 constat.

312 5651 474 5726 (alEp.
507 5660 577 5717 al.
608 5664 661 5718 8.

316 5722 555 5791 (blCarm.
577 5734 649 5790 al.
685 5735 773 5790 47.

2022 5668 2096 5794 (3)
2126 5670 2316 5723 Carm.
2350 5664 2424 5723 al.
2463 5667 2515 5721 4.

2022 5742 2043 5794 (
2086 5742 2102 5794 l
2132 5742 2320 5794 Carm.
2353 5738 2428 5794 al.
2459 5738 2515 5794 54

323 5734 555 5791 .Dltlarm.
577 5734 649 5790 al.
685 5735 773 5790 47.

2022 5734 2102 5812 ((1)
2132 5742 2320 5795 Carm.
2353 5738 2428 5795 al.
2459 5738 2550 5795 54.
