4122 6214
423 380 501 445 63
1429 391 1842 456 ΡΒᾸΞΡΑΤΙΟ
1889 395 2040 456 GEN

2201 395 2347 457 .LIS.
2383 428 2459 439 —
2489 394 2693 457 PARS
2741 393 2820 458 ΙΙ.
3747 393 3829 454 δι

423 516 643 598 Itaque
699 518 884 582 ambo
935 519 1077 602 jure
1132 540 1203 585 ac
1265 525 1483 588 merito
1539 527 1993 589 coenobitarum
2076 526 2450 608 patriarcha
2508 526 2783 590 habendi
2859 531 3028 602 sunt,
3087 523 3195 607 qui
3258 523 3429 605 leges
3505 526 3836 590 monachis

424 617 781 693 condidere,
845 622 1222 684 monasteria
1298 631 1659 687 exstruxere
1747 633 1804 688 et
1873 627 2066 688 vitam
2159 627 2452 688 monachi
2531 645 2884 701 exercuere,
2942 631 3009 686 ut
3077 625 3456 687 Benedictus
3530 623 3593 685 iu
3654 627 3835 688 Occi-

422 713 632 776 dente.

504 815 738 876 Prwter
787 817 1062 895 privatas
1122 820 1424 900 cujusque
1481 823 1987 896 exercitationes,
2022 842 2179 901 quas
2235 842 2311 882 ex
2367 823 2591 883 Ruﬁno
2653 823 2735 901 (a)
2794 823 3090 883 describit
3139 820 3454 881 Baronius
3512 820 3618 900 (ὁ),
3653 829 3836 884 erant

425 914 786 973 communia
845 916 1092 993 utrique
1150 919 1443 979 exercitia
1498 914 1514 991 ξ
1573 939 1609 980 a
1667 921 1895 998 quibus
1951 939 2092 980 cum
2155 921 2495 998 aliquando
2549 921 2901 980 abstractus
2977 919 3194 979 fuisset
3272 918 3633 994 Gregorius,
3696 920 3834 980 haec

425 1008 840 1086 ingemiscens
883 1014 1192 1091 scripsit:
1260 1039 1286 1072 α
1348 1017 1494 1088 Quis
1580 1018 1732 1077 mihi
1801 1017 1977 1078 dabit
2055 1025 2122 1078 ut
2196 1019 2602 1095 pristinorum
2680 1019 2921 1077 dierum
2991 1016 3399 1086 afﬂctionem,
3465 1014 3526 1074 in
3605 1018 3836 1093 quibus

425 1109 629 1166 tecum
685 1108 1135 1186 jucundissime
1192 1114 1335 1185 vixi,
1374 1115 1467 1174 vel
1530 1133 1806 1175 mensem
1865 1134 2058 1175 unum
2119 1117 2279 1174 fcrre
2337 1116 2905 1193 liceat?quoniam
2969 1133 3066 1174 res
3123 1113 3354 1185 tristes,
3406 1129 3549 1190 quae
3607 1123 3834 1192 sponte

427 1204 739 1281 feruntur,
807 1209 1038 1268 coactis
1096 1210 1333 1270 deliciis
1387 1213 1663 1290 potiores
1724 1213 2056 1272 habentur.
2119 1212 2265 1283 Quis
2324 1213 2499 1272 dabit
2553 1213 2705 1272 mihi
2776 1211 3160 1291 psalmodias
3216 1210 3378 1281 illas,
3441 1214 3504 1268 et
3558 1210 3832 1288 vigilias,

428 1306 491 1360 et
547 1302 624 1360 ad
677 1305 1062 1380 precandum
1124 1325 1420 1379 recessus,
1483 1309 1802 1387 vitamque
1847 1310 2020 1369 illam
2080 1309 2264 1388 quasi
2330 1310 2718 1386 spiritualem
2778 1314 2840 1369 et
2911 1310 3350 1386 incorpoream
3399 1306 3428 1363 τ
3484 1307 3631 1375 Quis
3705 1310 3842 1370 fra-

427 1402 614 1472 trum,
680 1401 786 1477 qui
842 1420 878 1460 a
949 1409 1008 1462 te
1063 1403 1124 1462 in
1185 1405 1415 1482 pietate
1478 1405 1891 1465 instituuntur
1970 1407 2140 1466 etin
2225 1406 2493 1466 sublime
2560 1407 2909 1483 eriguntur,
2969 1405 3452 1466 unauimitatem
3528 1403 3705 1466 dabit
3779 1414 3844 1469 et

427 1496 827 1557 concordiam
875 1499 903 1557 ?
961 1500 1109 1571 Quis
1167 1502 1413 1562 virtutis
1496 1509 1812 1563 certamen
1891 1509 1952 1564 et
2027 1522 2318 1575 acumen,
2407 1504 2573 1581 quod
2647 1504 3025 1582 praescriptis
3102 1503 3302 1563 modis
3359 1505 3421 1560 et
3494 1504 3843 1566 canonibus

426 1592 895 1655 stabiliebamus
941 1597 970 1656 ?
1029 1599 1176 1669 Quis
1232 1598 1584 1660 divinorum
1657 1601 2057 1661 oraculorum
2119 1601 2506 1673 exercitium,
2567 1601 2755 1680 inque
2804 1601 2927 1660 illis
3007 1620 3148 1660 cum
3227 1601 3484 1679 spiritus
3545 1603 3839 1664 modera-

425 1688 592 1748 mine
647 1690 964 1752 inventam
1024 1694 1227 1754 lucem
1268 1698 1296 1755 ?
1355 1702 1484 1770 aut,
1544 1701 1613 1755 ut
1670 1697 1919 1757 minora
1986 1715 2058 1757 ac
2113 1697 2347 1757 leviora
2397 1697 2625 1772 dicam,
2690 1698 2829 1777 quis
2887 1697 3064 1758 dabit
3120 1699 3522 1777 quotidianas
3575 1700 3718 1760 illas
3777 1705 3839 1761 et

424 1789 784 1849 manuarias
867 1809 1090 1870 operas
1138 1793 1166 1850 ?
1219 1794 1365 1865 Quis
1447 1795 1760 1872 lignorum
1844 1795 2304 1867 ﬁndendorum,
2395 1797 3017 1874 comportandorum,
3100 1815 3173 1856 ac
3248 1798 3832 1875 componendorum

423 1883 703 1946 laborem
763 1893 824 1947 et
880 1889 1246 1968 lapidicinas
1291 1893 1320 1950 ?
1374 1893 1521 1964 Quis
1575 1892 1950 1953 consitiones
2007 1900 2069 1952 et
2124 1893 2519 1970 irrigationes
2577 1895 2936 1972 plantarum
2969 1895 2998 1955 ?
3057 1894 3206 1965 Quis
3263 1895 3590 1972 platanum
3651 1897 3830 1955 illam

425 1998 702 2057 auream,
739 1986 948 2045 Xercis
995 1988 1251 2065 platano
1311 1989 1829 2067 praestantiorem,
1891 1989 1953 2048 in
2012 2008 2137 2067 qua
2194 2008 2316 2049 non
2377 2008 2485 2048 rex
2545 1991 2750 2050 mollis
2808 1997 2869 2050 et
2926 1998 3278 2062 enervatus,
3311 1993 3418 2051 sed
3479 1993 3831 2053 monachus

425 2079 698 2140 afﬂictus
755 2087 816 2142 et
873 2084 1284 2146 debilitatus?
1341 2105 1529 2165 quam
1615 2106 1730 2164 ego
1810 2087 2112 2167 plantavi,
2148 2087 2371 2166 Apollo
2431 2087 2676 2165 rigavit,
2740 2088 2858 2148 hoc
2917 2096 3009 2148 est
3068 2089 3439 2150 excellentia
3483 2096 3611 2150 tua.
3664 2093 3830 2150 Deus

425 2183 633 2236 autem
666 2178 725 2237 in
754 2179 1056 2242 honorem
1091 2184 1288 2243 nostri
1321 2185 1680 2263 provexit.»

505 2275 637 2344 Quo
687 2281 970 2356 tempore
1029 2281 1365 2359 Gregorius
1420 2283 1482 2342 in
1540 2283 1876 2344 solitudine
1933 2283 2320 2357 versabatur,
2385 2289 2446 2343 et
2479 2283 2770 2343 monachi
2821 2283 3010 2342 vitam
3086 2302 3227 2342 cum
3285 2283 3516 2344 Basilio
3573 2302 3828 2346 exerce-

424 2369 556 2444 bat,
616 2374 848 2434 crebris
909 2396 1166 2439 suorum
1224 2380 1446 2441 litteris
1518 2399 1660 2442 cum
1738 2381 2006 2442 Basilius
2075 2382 2417 2442 Caesaream
2499 2387 2917 2449 revocaretur,
2978 2381 3302 2458 respondit
3373 2379 3504 2461 (c):
3563 2406 3594 2436 «
3653 2385 3831 2443 Nunc

424 2471 724 2547 quoniam
783 2493 896 2552 per
951 2477 1216 2554 gratiam
1275 2479 1384 2539 Dei
1441 2479 1570 2540 voti
1626 2479 1822 2540 nostri
1883 2498 1997 2559 pro
2056 2479 2291 2538 viribus
2350 2485 2672 2557 compotes
2731 2478 2877 2537 facti
2962 2496 3202 2552 sumus,
3261 2497 3571 2556 organum
3648 2480 3834 2542 bene-

424 2566 656 2628 dictum
716 2578 1102 2652 puteumque
1154 2577 1534 2653 profundum
1590 2577 1825 2656 adepti.
1881 2577 2271 2654 Gregorium,
2332 2595 2401 2637 os
2452 2575 2608 2635 illud
2666 2575 2803 2635 dico
2882 2575 3157 2648 Christi;
3223 2594 3566 2655 parumper
3623 2578 3828 2648 nobis,

425 2663 707 2738 obsecro,
767 2687 1108 2749 parumper
1164 2673 1328 2734 hanc
1387 2674 1693 2734 morulam
1753 2674 2097 2752 indulgete,
2130 2693 2320 2753 quam
2381 2693 2506 2734 non
2552 2673 2630 2733 ad
2690 2674 2808 2733 hoc
2865 2673 3156 2750 petimus,
3192 2679 3263 2734 ut
3318 2673 3571 2734 urbium
3629 2681 3834 2736 secte-

425 2777 568 2820 mur
596 2761 873 2840 delicias,
906 2767 1010 2826 sed
1063 2775 1130 2828 ut
1183 2769 1466 2830 fruamur
1520 2776 1880 2832 sanctorum
1940 2771 2251 2831 convictu.
2317 2796 2343 2826 ρ
2405 2771 2772 2848 Gregorium
2829 2789 3081 2848 quoque
3129 2770 3330 2848 pietas
3387 2789 3540 2849 erga
3597 2791 3831 2851 paren-

425 2862 518 2917 tes
575 2860 973 2922 solitudinem
1036 2865 1387 2944 relinquere
1448 2873 1509 2928 et
1565 2869 1941 2928 Nazianzum
1991 2869 2217 2929 reverti
2273 2869 2631 2946 compulit;
2685 2887 2798 2928 nec
2855 2874 3065 2927 tamen
3103 2862 3362 2929 interea
3420 2872 3591 2948 quod
3649 2889 3838 2932 vove-

424 2960 543 3031 rat,
576 2955 640 3016 id
672 2963 785 3030 est,
823 2961 1111 3020 monachi
1140 2963 1355 3035 vitam,
1391 2965 1450 3023 in
1503 2973 1766 3043 paterna
1819 2965 2006 3025 domo
2057 2983 2239 3043 agere
2299 2967 2601 3026 cessavit:
2666 2989 2693 3019 «
2755 2964 2924 3024 Adeo
2977 2970 3066 3036 ut,
3121 2965 3325 3044 inquit
3381 2965 3489 3048 (al),
3550 2968 3834 3046 philoso-

421 3050 638 3130 phiam
672 3073 925 3134 quoque
983 3057 1206 3136 ipsam,
1245 3079 1370 3138 qua
1402 3080 1513 3123 nec
1571 3063 1877 3140 possessio
1938 3063 2088 3137 ulla,
2148 3081 2264 3123 uec
2320 3081 2548 3122 nomen
2621 3061 2819 3122 ullum
2881 3061 3033 3120 mihi
3086 3061 3339 3123 charius
3395 3070 3508 3139 est,
3547 3071 3834 3127 contem-

422 3152 840 3229 pserim;vel,
877 3160 943 3214 ut
999 3157 1204 3217 verius
1246 3159 1491 3237 loquar,
1541 3159 1660 3221 hoc
1719 3161 1989 3239 primum
2049 3161 2419 3234 studuerim,
2472 3167 2538 3220 ut
2597 3179 2673 3220 ne
2723 3160 3230 3240 philosophantis
3282 3163 3548 3240 speciem
3580 3165 3831 3241 praebe-

420 3267 574 3310 rem.
638 3276 666 3307 »
727 3253 904 3324 Quod
962 3261 1287 3315 externum
1350 3265 1441 3318 est
1497 3259 1558 3317 in
1621 3259 1749 3318 vita
1808 3260 2123 3332 monachi,
2185 3259 2316 3332 vel,
2380 3266 2445 3320 ut
2502 3259 2696 3338 ipsius
2752 3259 2957 3319 verbis
3008 3265 3171 3334 utar,
3227 3283 3258 3315 «
3323 3261 3832 3341 philosophantis

419 3349 714 3425 speciem,
750 3371 778 3407 »
815 3370 1027 3412 amore
1061 3360 1392 3430 parentum
1429 3357 1729 3435 despexit,
1765 3354 1839 3416 ὡς
1897 3357 1984 3409 καὶ

2197 3355 2384 3433 σοφίας
2447 3351 2714 3429 ὑπεριδεῖν
2778 3354 2966 3423 αὐτῆς
3038 3357 3147 3417 sed
3194 3357 3358 3418 intus
3404 3376 3550 3420 vere
3601 3376 3825 3420 mona-

418 3445 519 3504 chi
573 3447 765 3508 vitam
819 3450 1098 3527 agebat:
1160 3456 1228 3512 ut
1278 3453 1444 3514 enim
1501 3454 1589 3515 ait
1643 3454 1775 3533 ipse
1833 3455 2166 3533 Gregorius
2221 3455 2335 3535 (e):
2375 3480 2404 3511 (ι
2462 3457 2707 3517 Morum
2765 3461 2879 3528 est,
2915 3473 3041 3514 non
3097 3473 3455 3536 corporum,
3509 3455 3642 3517 vita
3697 3475 3835 3517 mo-

419 3544 659 3606 uastica
683 3564 696 3605 :
730 3567 759 3603 υ

1019 3659 1241 3734 Τρόπων
1275 3684 1377 3738 γαρ
1412 3666 1542 3721 εἶναι
1573 3669 1669 3736 τήν
1709 3671 1901 3742 μονὴν,
1936 3667 1996 3723 οὐ
2031 3667 2318 3741 σωμάτων.

499 3827 843 3890 Observare
893 3831 1078 3908 juvat
1135 3832 1501 3911 Gregorium
1562 3853 1598 3893 a
1655 3833 1990 3894 solitudine
2047 3832 2388 3891 abductum
2449 3831 2527 3908 (f)
2585 3837 2752 3890 metu
2817 3857 2844 3886 «
2907 3852 2984 3892 ne
3061 3833 3566 3894 benedictionem
3624 3840 3833 3913 pater-

419 3943 565 3986 nam
599 3928 952 3990 amitteret:
993 3955 1020 3984 »
1055 3928 1154 3984 οὐκ
1210 3927 1500 4005 ἤνεγχα....
1558 3929 1924 3998 καταλυθῆναι
1980 3929 2047 3996 τὴ

2207 3927 2400 4003 λογίανο
2464 3948 2588 4007 quo
2623 3935 2838 4007 postea
2879 3937 3047 3990 metu
3098 3930 3382 4010 depulso,
3421 3949 3646 4010 nempe
3695 3939 3835 4011 post

420 4031 780 4087 sanctorum
842 4038 1106 4093 mortem
1159 4036 1490 4112 parentum
1549 4035 1610 4090 et
1666 4029 2023 4089 abdicatam
2083 4028 2293 4089 sedem
2353 4028 3138 4106 Couslautinopolitauam,
3199 4033 3396 4089 totam
3465 4052 3495 4083 «
3552 4028 3836 4109 philoso-

420 4119 813 4201 phiam,qua
856 4147 969 4189 nec
1020 4129 1331 4210 possessio
1391 4128 1685 4201 ulla,ucc
1743 4146 1971 4188 nomen
2033 4127 2224 4186 ullum
2285 4125 2404 4204 ipsi
2462 4126 2712 4185 charius
2769 4131 2927 4198 erat,
2961 4149 2990 4180 »
3029 4126 3091 4184 id
3150 4131 3262 4198 est,
3295 4125 3496 4204 ipsam
3560 4125 3836 4185 «Philo-

421 4218 751 4295 sophantis
808 4227 1076 4302 speciem
1112 4251 1140 4283 »
1203 4234 1263 4287 et
1319 4246 1568 4288 nomem
1626 4227 1954 4305 amplexus
2010 4230 2141 4299 est;
2193 4231 2255 4286 et
2312 4233 2437 4284 tam
2498 4224 2769 4285 exterius
2827 4243 3016 4302 quam
3075 4224 3356 4297 interius,
3395 4248 3424 4279 «
3484 4224 3633 4299 ruri,
3683 4247 3714 4280 »
3768 4231 3841 4286 ut

425 4316 640 4376 scribit
670 4320 1109 4402 Hieronymus,
1142 4325 1332 4385 vitam
1371 4325 1663 4385 monachi
1692 4324 1989 4385 exercuit.
2026 4347 2056 4379 »

505 4414 872 4494 Priusquam
933 4421 1076 4482 hinc
1146 4421 1562 4494 discedamus,
1624 4428 1684 4482 et
1737 4422 2022 4500 Gregorii
2102 4421 2336 4492 locum,
2389 4421 2498 4498 qui
2575 4419 2874 4497 objicitur
2929 4439 3004 4480 ex
3090 4419 3366 4481 carmine
3449 4420 3679 4499 primo,
3737 4438 3836 4480 re-

426 4510 847 4591 linquamus;
935 4537 1118 4579 voces
1203 4519 1494 4598 quaedam
1585 4519 2001 4598 explananda:
2077 4524 2270 4590 sunt,
2331 4524 2398 4577 ut
2509 4518 3049 4596 vitilitigatoribus
3132 4523 3488 4579 occuratur.
3577 4515 3838 4590 Ἀζύγων,

431 4603 645 4682 ὁὶξυγος,
709 4612 1111 4692 «injugatus,
1173 4615 1420 4687 czrlebs,
1455 4639 1483 4670 ››
1522 4614 1710 4693 vulgo
1767 4614 2088 4676 redditur:
2123 4633 2336 4675 verum
2379 4614 2548 4692 apud
2610 4613 3001 4692 Gregorium,
3058 4615 3165 4692 qui
3195 4614 3359 4674 hanc
3415 4632 3633 4674 vocem
3692 4614 3841 4674 huic

424 4708 563 4767 voci
623 4705 861 4783 μιγάδων
923 4715 1210 4792 opponit,
1285 4714 1486 4791 accipi
1569 4714 1754 4774 debet
1839 4714 1915 4772 de
2001 4713 2281 4783 eremila,
2345 4713 2748 4786 anachoreta,
2811 4711 2906 4772 vel
2965 4711 3246 4790 quolibet
3308 4711 3644 4784 monacho,
3727 4712 3839 4790 qui

425 4806 686 4868 omnino
740 4810 910 4869 solus
967 4818 1082 4886 est,
1142 4831 1254 4871 nec
1309 4811 1507 4870 ullum
1599 4810 1791 4872 habet
1867 4811 2128 4871 socium.
2191 4811 2335 4870 Ideo
2421 4811 2824 4870 Bollaudistze
2909 4810 3404 4888 interpretantur
3483 4809 3835 4870 Solz'tarios:

422 4905 881 4966 Leuvenklaius
939 4908 1039 4966 ad.
1101 4927 1298 4986 marg.
1335 4906 1876 4981 γρ.κπιὶέρημικῶν.
1937 4908 2134 4966 Aliter
2190 4907 2588 4985 interpretari
2646 4926 2859 4967 vocem
2947 4907 3110 4967 hanc
3180 4925 3307 4967 non
3395 4907 3630 4979 sinunt,
3693 4923 3841 4984 quae

426 5001 795 5079 praecedunt
850 5007 910 5062 et
962 5021 1102 5082 quae
1159 5010 1505 5083 sequuntur
1558 5004 1621 5063 in
1682 5004 2003 5081 Gregorio.
2069 5003 2318 5074 Vereor,
2381 5022 2457 5062 ne
2535 5003 2756 5063 doctus
2829 5003 3200 5063 Sirmundus
3273 5003 3336 5061 in
3425 5003 3568 5063 Vita
3639 5002 3843 5062 sancti

425 5097 741 5158 Theodori
797 5100 1082 5171 Studitae,
1119 5119 1292 5160 uum.
1326 5106 1385 5170 5,
1422 5121 1480 5179 p.
1519 5105 1576 5171 '7,
1641 5101 1844 5160 minus
1902 5107 2053 5161 recte

2215 5100 2372 5160 'terit
2429 5099 2563 5160 ha};
2619 5101 2848 5160 verba:
2903 5103 3005 5151 Τοῦ
3039 5101 3362 5152 κοινωνικοῦ
3391 5097 3512 5173 βίου
3543 5097 3635 5152 τὸν
3671 5097 3843 5172 ἀξυγᾶ

427 5197 892 5270 προτιμήσαντας,
953 5224 982 5255 ‹‹
1033 5200 1312 5260 caelibem
1373 5201 1564 5260 vitam
1625 5199 1918 5277 conjugio
1969 5219 2047 5260 an

2217 5206 2462 5260 nentes:
2498 5222 2527 5254 »
2567 5197 2889 5259 Κοινωνικὸς
2926 5197 3040 5272 βίος
3097 5217 3376 5279 namque
3428 5199 3491 5260 in
3545 5198 3845 5278 Gregorio

431 5301 591 5357 orat.
625 5299 722 5372 21,
757 5317 796 5356 u
830 5300 925 5371 19,
959 5298 1036 5357 de
1066 5298 1194 5358 vita
1223 5298 1596 5360 coeuobitica
1626 5303 1771 5358 sunt
1798 5298 2182 5376 accipienda.

529 5553 583 5624 α)
618 5553 750 5607 Ruf.
783 5552 881 5608 lib.
915 5561 980 5621 tl,
1012 5570 1058 5608 ο.
1092 5553 1147 5607 9.
1350 5623 1358 5632 .
2269 5556 2324 5626 (d
2377 5554 2472 5609 Or.
2503 5556 2557 5625 2,
2681 5554 2769 5636 59.

504 5555 584 5696 ib)
616 5625 767 5696 Bar.,
793 5643 947 5695 apup
981 5623 1212 5696 Boll.,79
1252 5624 1406 5688 Maii,
1440 5641 1494 5696 p.
1557 5625 1682 5682 388.
1713 5624 1892 5696 Epist.
1923 5624 1998 5682 al.
2030 5627 2083 5694 9,
2268 5556 2345 5696 (ei
2370 5631 2558 5682 Carm.
2638 5642 2667 5681 θ
2700 5631 2769 5680 vit

532 5556 583 5624 a)
618 5556 750 5607 Ruf.
783 5556 881 5608 lib.
915 5561 1058 5633 11,0.
1092 5556 1147 5607 9.
1350 5623 1381 5634 η
1804 5625 1813 5634 ⁸
2269 5556 2345 5770 (άὲ
2377 5556 2472 5609 Or.
2503 5556 2557 5625 2,
2681 5556 2769 5636 59.

532 5627 584 5695 b)
616 5625 767 5696 Bar.,
793 5643 947 5695 apup
981 5623 1147 5689 Boll.,
1178 5623 1212 5677 9
1252 5624 1406 5688 Man,
1440 5641 1494 5696 p.
1557 5625 1682 5682 388.
1713 5624 1892 5696 Epist.
1923 5624 1998 5682 al.
2030 5627 2083 5694 9,
2290 5643 2317 5682 θ
2370 5631 2558 5682 Carm.
2638 5642 2667 5681 θ
2700 5630 2810 5680 vita
2831 5643 2932 5682 sua

532 5701 576 5766 ε)
597 5697 766 5770 Apud
795 5696 938 5755 Boll.
965 5697 1000 5752 9
1030 5695 1186 5763 Maii,
1229 5713 1286 5767 p.
1321 5696 1446 5752 388.
2268 5631 2311 5769 ἓν
2365 5698 2458 5753 0r.
2490 5702 2546 5769 2,
2577 5715 2632 5770 p.
2669 5698 2760 5752 59.

507 5701 576 5766 (ε)
597 5697 766 5770 Apud
795 5696 938 5755 Boll.
965 5697 1000 5752 9
1030 5696 1186 5763 Maii,
1229 5713 1286 5767 p.
1321 5696 1446 5752 388.
2268 5696 2332 5770 (ι)
2365 5698 2458 5753 0r.
2490 5702 2546 5769 2,
2577 5715 2632 5770 p.
2669 5698 2760 5752 59.
