4122 6214
277 340 334 405 65
1222 326 1639 399 PREFATIO
1686 332 2141 398 GENERALIS.
2176 371 2253 383 -
2289 330 2488 398 PARS
2536 330 2611 397 ll.
2760 396 2761 399 η
3460 336 3465 341 ’
3534 336 3612 404 66

326 472 570 551 Μιγάδων,
643 473 769 536 alia
847 490 968 534 vox
1051 471 1424 551 exponenda
1506 476 1636 546 est,
1716 470 1767 530 si
1853 469 2106 549 quidem
2216 471 2383 532 viros
2492 470 2711 532 doctos
2820 471 2881 531 in
2977 488 3250 533 errorem
3334 472 3612 555 impulit.

267 574 456 652 Μεγάδες
507 573 728 653 accipit
774 570 1108 649 Gregorius
1168 587 1282 649 pro
1335 569 1704 643 cmuobitis;
1765 588 1892 647 quo
1950 588 2134 629 sensu
2190 588 2307 630 vox
2356 568 2465 629 illa
2522 587 2559 628 a
2618 568 2901 647 pluribus
2955 570 3279 648 accipitur,
3330 571 3393 631 in
3454 590 3614 651 quo-
3660 582 3661 585 ‘

265 695 373 737 rum
421 689 666 733 numero
719 673 867 728 sunt
922 671 1174 726 sanctus
1230 665 1735 745 Chrysostomus,
1798 665 1972 725 hom.
2023 666 2087 726 in
2138 664 2291 745 falso
2342 664 2700 745 prop/telas;
2760 665 3272 744 ’l‘heophylactus
3330 668 3391 727 in
3436 669 3610 729 Mar-

263 790 434 834 cumc_
480 763 780 831 ιν,”Αλλοι
817 762 912 835 μέν
945 760 1045 815 εἰσι
1103 760 1359 836 παρθένοι
1389 758 1478 815 καί
1536 759 1811 835 ἐρημικοί·
1873 758 2035 815 ἄλλοι
2097 758 2315 835 μιγάδες
2370 759 2457 813 καὶ
2516 758 2566 813 ἐν
2625 754 3114 837 κοινοῦἱῳ’ἓτεροι
3174 759 3354 816 λαϊκοὶ
3411 763 3500 818 καὶ
3558 765 3611 821 ἐν

262 867 409 943 γάμῳ’
461 868 517 928 id
548 870 660 939 est,
698 863 880 924 «Alii
936 860 1191 940 quidem
1235 860 1505 939 virgines
1563 866 1709 921 sunt
1756 866 1819 921 et
1873 861 2172 921 solitarii:
2228 861 2334 920 alii
2389 860 2556 920 misti
2612 866 2673 920 et
2728 860 2791 920 in
2850 861 3175 935 coenobio;
3240 881 3454 924 rursus
3504 866 3621 932 alii

261 966 374 1027 laici
422 970 475 1026 et
525 965 587 1023 in
644 960 937 1039 conjugio
997 958 1295 1019 viventes.
1365 982 1394 1013 »
1456 960 1685 1019 Verum
1740 977 1778 1019 a
1833 958 2007 1019 nullo
2065 958 2189 1018 alio
2273 959 2501 1018 certius
2555 976 2629 1017 ac
2707 959 2928 1018 melius
2984 959 3223 1024 discere
3283 980 3619 1039 possumus

261 1082 412 1143 quam
464 1062 537 1123 ab
581 1063 718 1140 ipso
791 1057 1091 1135 Gregorio
1145 1056 1297 1135 quid
1357 1055 1710 1134 significare
1754 1056 2021 1116 voluerit
2075 1074 2226 1115 voce
2260 1050 2525 1128 μιγάδων.
2584 1056 2855 1115 Primum
2915 1057 3169 1134 quidem
3224 1059 3285 1118 in
3336 1063 3621 1124 oratione

258 1159 488 1221 secunda
536 1178 595 1231 n,
656 1160 754 1231 29,
816 1154 1191 1232 conjugatos
1249 1172 1287 1213 a
1341 1153 1804 1213 continentibus
1863 1153 2152 1224 secernit,
2209 1152 2447 1231 hosque
2487 1151 2680 1235 _inter
2750 1154 3041 1213 eremitas
3125 1156 3453 1218 cmnobitis
3509 1164 3622 1220 aut

257 1259 419 1319 mistis
470 1254 725 1335 Opponit
777 1270 790 1312 :
860 1277 889 1307 ‹‹
947 1252 1284 1326 Quantum,
1359 1249 1587 1329 inquit,
1640 1250 2043 1310 intervallum
2120 1250 2280 1310 inter
2358 1249 2731 1328 conjugatos
2786 1257 2849 1310 et
2904 1251 3253 1313 caelibes...
3311 1261 3619 1332 quantum

256 1377 312 1418 ex
338 1358 421 1416 his
472 1373 678 1416 rursus
729 1354 895 1412 inter
953 1350 1244 1411 eremitas
1297 1354 1359 1410 et
1419 1349 1790 1422 coenobilas,
1823 1350 1930 1427 qui
1990 1349 2273 1427 permisti
2315 1350 2735 1410 communiter
2790 1350 3052 1429 degunt,
3089 1375 3117 1407 »
3151 1351 3215 1411 id
3277 1360 3388 1429 est,
3416 1356 3619 1435 miga-
3682 1352 3683 1355 “

254 1454 360 1514 des.
415 1453 475 1513 In
522 1450 805 1511 oratione
864 1464 971 1507 xxr
1029 1445 1253 1505 eadam
1311 1444 1510 1505 utitur
1583 1445 2006 1515 distinctione,
2070 1444 2179 1504 sed
2259 1445 2517 1504 mutatis
2583 1445 2810 1519 verbis,
2876 1451 2947 1506 ut
3020 1448 3220 1525 magis
3300 1449 3624 1513 illucescat

254 1549 558 1629 oppositio:
620 1545 684 1597 Οἳ
712 1550 813 1612 τῆς
844 1539 1167 1617 ἐρημίας....
1202 1541 1251 1593 οἱ
1284 1540 1381 1609 τῆς
1414 1538 1707 1612 ἐπιμιξίας.
1764 1543 1830 1601 In

1995 1542 2108 1601 lem
2166 1542 2450 1601 oratione
2507 1542 2799 1603 eremitas
2882 1561 2988 1603 eos
3044 1562 3177 1604 esse
3234 1545 3341 1620 ait,
3410 1571 3440 1604 «
3513 1549 3623 1627 qui

254 1649 410 1708 vitam
458 1663 712 1725 prorsus
768 1641 1141 1714 solitariam,
1199 1647 1260 1700 et
1317 1639 1396 1699 ab
1455 1639 1780 1699 hominum
1816 1638 2119 1699 societate
2148 1647 2455 1699 remotam
2516 1646 2733 1717 agunt,
2770 1641 2865 1700 sui
2922 1641 3202 1721 ipsorum
3263 1650 3504 1705 tantum
3564 1651 3627 1708 et

254 1745 343 1805 Dei
392 1742 693 1821 colloquio
750 1741 1029 1799 fruentes
1082 1756 1097 1811 ;
1164 1762 1192 1793 »
1253 1736 1481 1815 quibus
1538 1736 1803 1815 opponit
1853 1736 2201 1797 coenobitas
2254 1754 2267 1795 :
2334 1760 2365 1792 «
2422 1736 2531 1796 alii
2614 1742 2827 1797 autem
2920 1738 3196 1800 Charitas
3252 1741 3453 1819 legem
3512 1763 3627 1822 per

254 1842 718 1902 communionem
776 1842 839 1897 et
886 1836 1246 1896 societatem
1309 1834 1608 1907 colentes,
1670 1833 1933 1894 solitarii
1980 1834 2168 1894 simul
2211 1840 2273 1894 et
2330 1834 2661 1894 ccenobitm
2721 1841 2887 1908 sunt,
2950 1858 2981 1891 »
3041 1842 3160 1897 etc.
3209 1856 3223 1910 ;
3284 1835 3626 1911 ἐρημικοίτε

253 1938 364 2008 ὁμοῦ
389 1936 468 1991 καὶ
502 1931 747 2010 μιγάδες.
791 1934 1018 2012 Ecquis
1068 1932 1201 2011 jam
1260 1932 1399 2005 erit,
1442 1932 1551 2010 qui
1610 1932 1881 1992 coenobit

2015 1932 2201 1992 fuisse
2261 1928 2504 2003 μιγάδες,
2565 1938 2627 1992 et
2686 1933 3054 2012 Gregorium
3114 1937 3219 2014 qni
3279 1937 3442 1997 inter
3488 1957 3623 1999 ere-

252 2037 401 2096 mitas
460 2042 517 2095 et
572 2033 857 2111 migades
917 2032 1187 2091 mediam
1237 2030 1375 2089 iniit
1432 2029 1622 2103 viam,
1683 2029 1873 2089 vitam
1937 2030 2343 2089 monasticam
2394 2030 2744 2090 exercuisse
2823 2033 3143 2110 negaverit
3190 2034 3218 2092 ?
3276 2036 3403 2095 Nisi
3463 2037 3624 2098 forte

249 2134 336 2211 qui
380 2132 517 2193 velit
570 2128 919 2191 monachos
996 2146 1123 2187 non
1180 2128 1370 2186 fuisse
1437 2126 1731 2186 eremitas
1788 2132 1851 2185 et
1908 2126 2279 2199 coenobitas,
2339 2145 2495 2203 quos
2570 2144 2713 2186 cum
2792 2128 3173 2188 Athanasius
3250 2132 3430 2191 exsul
3488 2152 3629 2210 per.

246 2234 464 2309 agraret
516 2231 835 2307 ngptum,
891 2224 1314 2296 consociavit;
1373 2241 1487 2283 nec
1539 2222 1754 2282 Basilii
1811 2222 2169 2302 discipulus,
2234 2242 2416 2301 quos,
2471 2241 2549 2282 ex
2604 2225 2879 2285 eremitis
2929 2232 2991 2285 et
3047 2226 3402 2305 migadibus
3458 2248 3620 2309 prae-

251 2328 396 2387 clare
444 2326 592 2387 inter
648 2344 712 2386 se
745 2322 1186 2397 reconciliatis,
1247 2321 1653 2400 congregavit
1705 2338 1720 2394 ;
1782 2320 2009 2400 quibus
2078 2320 2265 2383 etiam
2340 2319 2507 2399 leges
2562 2321 2866 2396 condidit,
2926 2323 3230 2384 asceteria
3278 2330 3341 2385 et
3406 2344 3624 2389 mona-

249 2424 413 2485 steria
440 2422 755 2485 exstruxit.

419 2600 453 2679 ἓ
492 2601 588 2663 IV.
639 2614 950 2661 CUIUSNAI
996 2612 1293 2659 RCCLESIE
1339 2611 1654 2657 EPISCOPUS
1697 2611 2023 2656 HABENDUS
2084 2611 2509 2664 DICENDUSQUE
2549 2611 2641 2656 SIT
2690 2610 3046 2672 GREGORIUS,
3092 2613 3192 2667 QUI
3236 2613 3423 2661 VULGO

640 2712 643 2715 ν
1250 2693 1669 2738 NAZIANZBNUS
1712 2692 2119 2750 APPELLATUR,
2166 2691 2626 2737 INVESTIGATUB.

316 2831 509 2892 Primo
579 2829 836 2910 quidem
900 2828 1265 2889 Sasimensis
1320 2831 1636 2905 Ecclesiae,
1695 2850 1837 2910 quas
1890 2849 2106 2891 recens
2171 2849 2209 2891 a
2263 2829 2489 2891 Basilio
2546 2830 2725 2891 sedes
2797 2836 3006 2891 erecta
3079 2839 3236 2906 erat,
3278 2817 3627 2916 episcopus

257 2936 617 2990 consecratus
676 2928 791 2987 fuit
851 2927 1183 3005 Gregorius
1239 2927 1320 2987 ab
1371 2928 1510 3007 ipso
1567 2929 1795 2990 Basilio
1852 2935 1914 2989 et
1970 2935 2146 3008 patre
2206 2928 2504 3006 Gregorio
2561 2928 3105 3006 compellentibus.
3166 2931 3322 2992 Huic
3378 2933 3629 2995 ordina-

254 3028 397 3100 tioni,
427 3029 477 3087 si
527 3025 741 3086 minus
797 3024 1104 3097 animum,
1163 3025 1385 3086 saltem
1442 3027 1744 3087 cervicem
1803 3027 2085 3087 inﬂexit:
2130 3026 2236 3086 sed
2294 3044 2438 3086 cum
2494 3026 2575 3087 ad
2644 3026 3089 3105 capessendam
3148 3029 3356 3089 sedem
3416 3030 3625 3092 nullus

254 3132 463 3205 paserat
529 3124 779 3197 aditus,
842 3141 1031 3201 quam
1104 3123 1340 3183 scilicet
1420 3124 1753 3185 Anthimus
1802 3126 2060 3185 armatis
2144 3124 2446 3184 militibus
2531 3130 2906 3201 occupatam
2984 3126 3297 3199 tuebatur,
3361 3128 3624 3207 abjectis

255 3224 498 3299 Sasimis,
555 3223 626 3283 in
685 3221 1087 3282 solitudinem
1163 3239 1229 3281 se
1303 3223 1633 3297 contulit;
1698 3242 1811 3283 nec
1885 3222 2294 3293 oblationem,
2360 3240 2473 3282 nec
2544 3222 3027 3295 ordinationem,
3082 3242 3196 3284 nec
3271 3226 3624 3305 quidquam

252 3340 427 3382 eorum
486 3339 633 3400 quae
703 3318 876 3399 apud
930 3318 1258 3399 episcopos
1315 3319 1380 3380 in
1431 3339 1603 3382 more
1659 3327 1721 3381 et
1778 3321 2063 3381 instituto
2123 3325 2289 3393 sunt,
2349 3319 2609 3381 Sasimis
2668 3320 2932 3399 peregit,
2994 3325 3064 3381 ut
3119 3321 3256 3401 ipse
3317 3328 3624 3401 testatur;

251 3420 331 3480 sed
358 3419 534 3479 simul
561 3426 756 3497 atque
786 3421 1188 3478 consecratus
1218 3424 1309 3477 est
1341 3417 1696 3496 episcopus,
1732 3418 1946 3499 fugam
1978 3437 2167 3497 quam
2196 3419 2406 3479 animo
2440 3424 2833 3498 conceperat,
2870 3419 3157 3499 arripuit.

315 3517 528 3577 Deinde
572 3522 909 3576 revocatus
964 3531 998 3574 θ
1046 3514 1405 3587 solitudine,
1466 3516 1745 3593 regimen
1823 3516 2112 3576 Ecclesiae
2171 3515 2598 3589 Nazianzenee,
2661 3515 2930 3593 jubente
2986 3517 3211 3577 iterum
3269 3524 3469 3597 patre,
3522 3520 3633 3599 qui

255 3633 356 3690 pra
385 3618 559 3675 estate
592 3611 745 3671 huic
801 3609 1312 3671 administrandae
1372 3611 1577 3689 impar
1633 3617 1790 3685 erat,
1824 3630 2040 3672 verum
2098 3630 2173 3672 ea
2230 3611 2610 3689 conditione,
2648 3618 2715 3673 ut
2764 3621 3011 3674 mortuo
3055 3622 3228 3693 patre
3286 3616 3443 3675 liber
3471 3622 3633 3678 esset

257 3710 400 3772 abire
462 3728 588 3790 quo
651 3708 864 3781 vellet,
923 3708 1218 3788 suscepit.
1285 3729 1314 3766 ‹‹
1372 3708 1467 3769 Ad
1524 3708 1712 3770 breve
1769 3715 2040 3789 tempus,
2099 3730 2127 3764 ι)
2193 3709 2400 3787 inquit
2451 3710 2585 3788 ipse
2642 3710 2976 3787 Gregorius
3052 3712 3157 3789 (α),
3224 3735 3253 3766 ‹‹
3309 3718 3371 3772 et
3454 3713 3635 3791 quasi

257 3808 518 3886 hospites,
552 3806 999 3887 praefecturam
1031 3805 1418 3884 suscepimus
1449 3822 1463 3864 :
1507 3827 1535 3863 α
1568 3806 1814 3885 accepit
1843 3806 2120 3885 quidem,
2151 3807 2259 3866 sed
2287 3813 2535 3867 mortuo
2568 3811 2744 3886 patre
2773 3825 2909 3867 eam
2944 3808 3193 3885 abjecit.

319 3906 579 3985 Denique
639 3903 1251 3982 Constantinopolim
1326 3903 1664 3964 accersitus
1720 3904 1799 3964 ab
1886 3904 2195 3983 episcopis
2261 3903 2545 3964 Thraciae
2630 3909 2691 3963 et
2774 3904 3161 3978 orthodoxis,
3230 3911 3296 3965 ut
3380 3923 3634 3965 causam

260 4000 378 4063 ﬁdei
404 4010 622 4065 contra
671 4006 1029 4080 grassantes
1078 4001 1330 4079 lateque
1387 4002 1786 4062 dominantes
1844 4002 1906 4061 in
1966 4002 2138 4080 regia
2191 4000 2443 4061 civitate
2493 4000 2783 4073 Arianos,
2818 4002 3299 4062 Macedonianos
3356 4003 3637 4081 aliasque

262 4100 500 4161 veritatis
576 4105 787 4180 pestes
862 4103 1165 4172 tueretur,
1227 4117 1369 4159 cum
1447 4099 1821 4172 advenisset,
1896 4100 2165 4177 fideique
2238 4116 2489 4159 causam
2563 4099 2961 4170 defendisset,
3023 4100 3351 4161 haereticos
3419 4100 3634 4179 proﬂi-

258 4205 449 4273 gasset,
486 4216 734 4260 errores
794 4197 1091 4275 fugasset,
1150 4196 1495 4275 collapsam
1556 4197 1742 4257 ﬁdem
1806 4197 2195 4269 restituisset,
2255 4202 2317 4256 et
2376 4195 2653 4256 omnium
2727 4196 2970 4256 animos
3025 4196 3142 4256 sibi
3200 4197 3637 4272 conciliasset;

258 4295 418 4355 totius
492 4295 718 4376 populi
793 4294 1069 4374 clerique
1152 4311 1480 4368 consensu,
1533 4301 1848 4356 annuente
1931 4293 2284 4355 Theodosio
2370 4292 2772 4373 imperatore,
2834 4293 2897 4353 in
2977 4293 3121 4355 sede
3197 4294 3639 4356 Constantino-

258 4392 528 4470 politana,
562 4392 748 4473 pulso
799 4390 1198 4471 DemOphilo,
1243 4391 1424 4471 pulso
1474 4392 1663 4453 etiam
1720 4392 2015 4463 Maximo,
2052 4412 2178 4453 non
2237 4397 2448 4452 tamen
2517 4408 2877 4470 repugnans
2936 4400 3001 4452 ut
3058 4397 3263 4464 antea,
3300 4392 3644 4454 collocatus

260 4496 334 4551 est
399 4510 435 4552 a
504 4497 727 4553 sancto
801 4490 1072 4561 Meletio,
1135 4490 1382 4551 concilii
1446 4491 1774 4569 generalis,
1838 4491 2007 4570 quod
2082 4496 2215 4550 tum
2293 4488 2749 4564 celebrabatur,
2830 4490 3117 4568 praeside.
3187 4492 3349 4551 Orlis
3421 4491 3645 4551 deinde

260 4590 498 4665 querelis
555 4592 721 4652 inter
775 4590 1124 4669 episcopos,
1186 4596 1439 4669 arrepta
1495 4591 1845 4663 occasione,
1904 4590 2236 4668 Gregorius
2292 4589 2543 4650 abdicat
2600 4608 2664 4650 se
2720 4589 3104 4669 episcopatu,
3167 4589 3445 4669 effringit
3501 4589 3641 4650 vin-

264 4687 400 4759 cula,
432 4695 491 4748 et
520 4690 755 4768 gaudio
786 4688 1059 4767 gestiens
1089 4687 1359 4766 patriam
1392 4688 1636 4767 repetit,
1671 4694 1891 4767 optata
1913 4688 2250 4749 solitudine
2279 4706 2343 4747 se
2370 4688 2705 4747 fruiturum
2745 4705 3022 4765 sperans.

327 4785 450 4857 Quo
503 4795 809 4866 tempore,
871 4785 1416 4865 Constantinopoli
1458 4786 1697 4856 relicta,
1754 4786 1817 4845 in
1876 4785 2142 4864 patriam
2203 4804 2485 4846 reversus
2562 4791 2653 4845 est
2712 4785 3065 4864 Gregorius,
3128 4784 3336 4846 adhuc
3392 4791 3645 4864 pastore

267 4880 537 4945 destituta
612 4890 748 4944 erat
795 4884 1183 4944 Nazianzena
1265 4883 1563 4956 Ecclesia,
1623 4883 2209 4962 Apollinaristarum
2294 4881 2535 4941 insidiis
2612 4890 2851 4959 pa’ens.
2914 4882 3113 4961 Hujus
3174 4882 3450 4962 periculo
3506 4900 3648 4960 per-

270 4988 446 5042 motus
502 4984 861 5061 Gregorius,
920 4983 1289 5061 rogantibus
1345 4982 1654 5061 episcopis
1710 4988 1772 5042 et
1830 4982 2118 5042 universo
2176 4981 2433 5060 populo,
2488 4980 2656 5041 illius
2721 4999 2958 5055 curam,
3021 4982 3220 5042 donec
3291 4981 3645 5060 praeficere-

271 5080 351 5137 tur
374 5080 722 5159 episcopus,
754 5099 821 5141 se
841 5085 1276 5161 suscepturum
1300 5080 1634 5159 promisit?
1662 5098 1788 5158 quo
1818 5080 2137 5158 praefecto,
2169 5080 2331 5157 fugit
2358 5080 2586 5140 iterum
2616 5077 2681 5137 in
2713 5079 3138 5138 solitudinem.

332 5176 461 5239 Esto
514 5196 685 5239 nunc
734 5178 1041 5258 judicium
1095 5178 1367 5252 lectoris,
1420 5176 1748 5257 cujusnam
1810 5176 2101 5242 Ecclesiae
2160 5176 2493 5255 Gregorius
2556 5175 2886 5237 habendus
2938 5180 3000 5237 et
3079 5175 3498 5255 appellandus
3572 5173 3652 5239 sit

270 5272 604 5357 episcOpus,
663 5282 726 5336 et
804 5295 887 5338 an
960 5276 1358 5358 episcOpatus
1441 5274 1754 5336 habuerit.
1841 5276 2062 5349 Nomo,
2122 5274 2368 5354 Opinor,
2457 5273 2738 5335 dicturus
2826 5279 2919 5335 est
3002 5292 3147 5335 eum
3236 5274 3427 5336 fuisse
3486 5274 3651 5335 Sasi—

276 5374 470 5436 mensis
522 5374 819 5437 Ecclesia
873 5375 1233 5455 praesulem.
1293 5375 1469 5437 Certe
1520 5372 1814 5453 nuspiam
1870 5370 2120 5451 scripsit
2177 5371 2513 5450 Gregorius
2566 5390 2630 5433 se
2688 5370 2879 5451 hujus
2932 5371 3225 5434 Ecclesiae
3285 5372 3650 5453 episcopum

278 5472 670 5537 renuntiatum
724 5472 936 5550 fuisse,
991 5478 1062 5540 ut
1116 5474 1251 5557 ipse
1307 5471 1610 5564 loquitur.
1642 5465 2007 5554 κηρυχθέντα,
2057 5468 2179 5538 hoc
2236 5473 2350 5559 est,
2412 5466 2542 5559 ullo
2610 5468 2913 5567 praeconii
2981 5488 3209 5559 genere
3256 5470 3651 5537 declaratum

340 5653 404 5739 (α)
429 5656 531 5739 Ep.
552 5656 632 5722 sl.
666 5660 757 5723 ιε.
