4122 6214
441 363 516 418 67
1443 353 1860 412 PllAiFATlO
1909 351 2371 410 GENERALIS.
2406 386 2476 395 —-
2513 353 2712 413 PARS
2760 351 2835 412 ll.
3767 356 3847 416 68

440 494 849 572 Designatum
909 489 1184 569 quidem,
1247 487 1662 568 propositum,
1723 485 2170 563 inauguratum
2238 485 2421 546 etiam
2484 486 2675 565 hujus
2760 487 3058 548 Ecclesiae
3143 488 3507 568 episcopum
3568 508 3633 550 se
3690 491 3850 552 fate-

441 598 544 652 tur
599 593 662 651 in
719 590 1002 650 oratione
1063 605 1228 646 nona
1289 585 1744 661 undecimaque
1803 583 2035 661 passim
2097 588 2158 643 et
2211 583 2276 642 in
2332 585 2600 662 epistola
2656 586 2736 645 al.
2787 589 2888 646 44.
2956 608 2985 644 α
3039 589 3176 647 Non
3244 587 3556 661 Nazianzi,
3617 588 3848 665 inquit,

445 691 553 750 sed
597 690 980 750 Sasimorum
1035 682 1408 764 (episcopus)
1463 681 1857 758 designati,»
1918 699 2025 740 seu
2085 681 2302 755 mavis,
2364 705 2394 735 ς(
2454 683 2755 762 propositi
2805 703 3059 744 sumus:
3100 709 3127 740 ι)
3163 681 3415 754 Σασὶμων
3453 679 3510 736 δὲ
3565 678 3851 756 «9056M-

446 785 740 857 θημεν.1(1
771 785 933 844 enim
972 784 1089 843 hoc
1121 781 1381 841 verbum
1439 798 1511 839 eo
1568 779 1689 838 loci
1747 784 1950 849 sonat,
2011 797 2196 837 sensu
2253 779 2480 858 saepius
2539 799 2577 840 a
2636 800 2786 842 voce
2844 806 2871 836 α
2933 783 3263 860 praedicari
3320 789 3382 843 et
3416 783 3777 844 renuntiari
3814 808 3842 838 »

443 887 728 956 diverso;
792 881 960 960 quod
1021 879 1116 940 vel
1174 898 1250 938 ex
1298 881 1642 938 Sozomeno
1692 882 1888 954 patet,
1920 875 2083 935 Hist.
2115 875 2225 935 lib.
2263 897 2320 952 v,
2372 895 2508 957 cap.
2544 879 2604 937 8.
2653 885 2713 938 et
2760 882 3018 940 Socrate
3070 879 3178 938 lib.
3215 900 3273 952 v,
3316 897 3368 940 c.
3429 880 3489 953 8,
3549 898 3662 940 nec
3721 900 3848 940 non

446 993 510 1047 et
538 992 698 1063 Cyro
728 982 1065 1052 Prodomo,
1102 979 1165 1037 in
1199 977 1380 1037 titulo
1412 977 1938 1054 epigrammatum
1971 994 2228 1035 suorum
2260 976 2323 1036 in
2356 977 2518 1038 hanc
2551 978 3010 1039 ordinationem
3044 980 3322 1058 Gregorii
3350 999 3363 1040 :

1147 1089 1237 1150 Εἰς
1272 1087 1567 1163 Γρηγὸριον
1594 1082 2040 1162 προϐαλλόμενον
2072 1088 2145 1148 εἷς
2177 1087 2408 1161 Σάσιμα.

438 1221 743 1290 Atneque
789 1211 910 1282 hic,
971 1226 1175 1285 neque
1223 1225 1489 1284 usquam
1540 1206 1690 1265 alibi
1747 1207 2108 1284 episcopum
2167 1207 2586 1268 Sasimensem
2644 1211 3072 1272 renuntiatum
3135 1229 3200 1271 se
3260 1211 3594 1289 Gregorius
3647 1213 3845 1287 dixit;

438 1315 567 1374 imo
624 1307 972 1372 attendenti
1031 1314 1200 1365 certo
1253 1323 1512 1381 negasse
1565 1304 1831 1363 videtur.
1895 1304 2437 1374 Quemadmodum
2497 1307 2662 1367 enim
2721 1309 3009 1368 Nazianzi
3044 1332 3074 1363 «
3132 1309 3550 1385 designatum,
3603 1335 3633 1364 »
3697 1330 3846 1388 pro-

435 1413 789 1491 positumve
845 1406 1210 1484 episcOpum
1269 1403 1371 1461 hic
1429 1420 1494 1461 se
1525 1407 1731 1478 negat.
1793 1420 1866 1461 ac
1927 1404 2309 1462 Sasimorum
2370 1405 2601 1465 fatetur
2655 1424 2668 1478 ;
2731 1407 2817 1466 sic
2874 1406 2980 1468 ille
3037 1408 3341 1467 Nazianzo
3400 1427 3465 1468 se
3523 1411 3843 1469 renuntia-

437 1518 573 1570 tum
605 1506 870 1586 epistola
919 1504 1001 1562 al.
1027 1503 1142 1561 225
1211 1501 1466 1571 fatetur,
1527 1518 1599 1558 ac
1655 1501 1732 1558 de
1789 1499 2049 1559 Sasimis
2103 1509 2312 1577 negat,
2374 1521 2641 1579 quorum
2705 1528 2732 1556 «
2797 1504 3188 1581 designatum
3249 1506 3767 1584 propositumque
3807 1530 3839 1561 ››

437 1609 800 1686 episcopum
860 1601 1047 1660 fuisse
1100 1615 1231 1658 sese
1289 1605 1700 1657 concesserat.
1768 1619 1798 1650 «
1857 1600 1987 1674 Ego
2045 1606 2231 1668 certe,
2268 1598 2524 1675 inquit,
2576 1602 2626 1658 si
2683 1619 2947 1679 corpore
3002 1601 3255 1679 quidem
3331 1603 3421 1662 ita
3494 1621 3590 1663 me
3647 1603 3845 1664 habe-

438 1724 618 1777 rem,
681 1710 753 1762 ut
807 1699 1083 1760 ecclesia:
1141 1713 1383 1774 possem
1446 1696 1852 1753 Nazianzenae
1909 1714 2222 1772 praeesse,
2285 1697 2463 1774 cujus
2520 1698 2598 1756 ab
2658 1699 2834 1758 initio
2894 1699 3123 1777 praesul
3184 1718 3321 1758 sum
3398 1701 3789 1761 renuntiatus
3825 1750 3840 1775 ,

435 1804 641 1862 minus
696 1805 905 1858 autem
967 1794 1376 1862 Sasimorum,
1438 1797 1505 1849 ut
1561 1791 1734 1849 vobis
1808 1791 1978 1849 haud
2060 1799 2227 1852 recte
2298 1792 2586 1852 nonnulli
2669 1796 2954 1854 suadent.
3021 1819 3048 1848 »
3111 1797 3256 1854 Haec
3337 1803 3482 1855 sunt
3563 1798 3846 1875 Gregorii

435 1900 647 1968 verba,
684 1913 824 1974 quac
857 1911 981 1952 non
1013 1891 1170 1950 bene
1203 1896 1378 1948 vetus
1407 1887 1716 1964 interpres
1746 1888 2037 1947 reddidit.

513 2001 707 2057 Porro
767 1992 923 2052 nihil
979 1991 1176 2060 obest,
1212 1989 1339 2047 imo
1385 1987 1727 2065 plurimum
1777 1985 1980 2062 juvat,
2037 1987 2563 2048 renuntiationem
2622 1990 2797 2050 illam
2859 2015 2887 2046 «
2947 1991 3026 2051 ab
3087 1991 3287 2064 initio,
3317 2010 3425 2051 seu
3482 1993 3749 2072 primam
3807 2014 3846 2056 a

436 2094 734 2172 Gregorio
792 2090 1026 2160 vocari,
1088 2105 1231 2146 cum
1292 2086 1718 2155 Sasimorum,
1776 2083 1858 2143 ob
1919 2102 2060 2161 quae
2119 2085 2390 2161 primum
2453 2087 2530 2146 ad
2603 2089 3033 2165 episcopatum
3110 2096 3488 2167 assumptus,
3550 2091 3842 2168 designa-

431 2199 532 2252 tus
592 2196 736 2250 ante
789 2188 1006 2246 fuisset
1065 2202 1256 2262 quam
1318 2182 1624 2241 Nazianzo
1684 2181 2076 2239 renuntiatus
2127 2197 2140 2238 :
2206 2183 2407 2242 multo
2465 2184 2630 2243 obsit
2690 2185 2894 2244 minus
2959 2186 3035 2245 de
3112 2186 3576 2247 renuntiatione
3653 2189 3844 2250 tacita

428 2296 675 2351 tantum
734 2292 844 2344 aut
900 2302 1024 2343 non
1085 2281 1337 2360 publica
1389 2296 1402 2351 ;
1466 2280 1527 2338 id
1585 2298 1623 2338 a
1681 2278 1978 2355 Gregorio
2043 2277 2182 2337 aliis
2237 2279 2301 2338 in
2370 2279 2523 2340 locis
2607 2283 3012 2360 explicatum.
3065 2284 3226 2354 Quin
3305 2284 3452 2344 inde
3529 2285 3787 2363 colligas
3824 2339 3837 2362 ,

429 2388 604 2448 nullo
663 2383 941 2454 Sasimis,
1004 2397 1118 2439 nec
1177 2377 1350 2438 taciti
1405 2377 1682 2454 quidem,
1742 2377 1974 2434 nedum
2030 2375 2325 2436 solemnis
2379 2396 2606 2454 genere
2683 2382 2981 2458 praeconii
3054 2383 3482 2441 renuntiatum
3532 2400 3544 2440 :
3607 2385 3840 2462 quippe

430 2489 506 2545 de
537 2481 843 2543 Nazianzo
873 2476 1162 2539 concedit
1194 2475 1550 2553 Gregorius,
1585 2473 1662 2534 de
1710 2472 1966 2533 Sasimis
2021 2492 2311 2551 expresse
2369 2481 2558 2553 negat
2611 2493 2626 2550 ;
2685 2477 2762 2536 de
2818 2477 2939 2536 illis
2997 2476 3265 2537 vicissim
3323 2478 3494 2556 quod
3540 2479 3832 2551 affirmat,

429 2587 620 2660 negat
648 2581 725 2638 de
756 2578 1087 2637 Nazianzo.

512 2683 704 2739 Erant
762 2676 976 2751 itaque
1034 2670 1262 2730 diversi
1319 2668 1562 2747 generis
1618 2667 2114 2727 renuntiationes
2172 2668 2636 2748 episcoporum,
2670 2670 2936 2749 publicae
2990 2678 3052 2732 et
3106 2673 3422 2732 canonicaa
3481 2673 3644 2745 aliae,
3697 2674 3837 2734 alia:

427 2796 553 2838 non
586 2776 696 2834 ita.
728 2773 1000 2848 Vulgata
1029 2788 1126 2828 res
1157 2774 1268 2838 est,
1308 2768 1578 2826 maxime
1634 2766 1698 2824 in
1756 2765 2027 2836 Uricnte,

2205 2766 2349 2842 lpuli
2402 2767 2592 2827 totius
2649 2769 2984 2845 suffragiis,
3029 2792 3058 2823 υ
3090 2768 3258 2840 ψήφῳ
3288 2772 3384 2820 τοῦ
3441 2770 3578 2821 λαοῦ
3608 2770 3833 2840 παντὸς,

424 2883 574 2935 tunc
631 2870 929 2948 temporis
987 2868 1216 2926 electos
1270 2883 1400 2923 esse
1458 2865 1807 2941 episcopos,
1844 2863 1932 2920 uti
1990 2862 2066 2921 de
2123 2862 2467 2922 Athanasio
2524 2865 2740 2922 scribit
2794 2865 3126 2940 Gregorius
3185 2865 3306 2944 (a);
3363 2867 3459 2924 vel
3520 2873 3589 2926 ut
3642 2867 3837 2927 habet

425 2969 757 3033 concilium
808 2965 1342 3033 Chalcedonense,
1380 2963 1627 3019 actione
1687 2964 1782 3028 16,
1847 2982 1875 3013 ‹‹
1937 2960 2396 3036 pascendorum
2455 2960 2735 3019 omnium
2794 2961 3072 3020 calculis.
3134 2986 3164 3016 »
3234 2962 3535 3040 Exempla
3591 2963 3839 3041 longius

425 3067 697 3148 petenda
755 3082 877 3124 non
936 3067 1080 3121 sunt
1131 3077 1145 3118 :
1213 3059 1539 3118 Nectarius
1596 3059 1659 3116 in
1717 3058 1859 3115 sede
1917 3056 2612 3134 Constantinopolitana
2667 3057 2964 3134 Gregorio
3023 3057 3400 3134 subrogatus
3440 3065 3550 3131 est,
3602 3083 3632 3115 «
3665 3078 3840 3120 com-

434 3166 745 3235 munibus,
813 3187 842 3216 »
902 3160 1108 3237 inquit
1163 3159 1547 3218 Sozomenus
1600 3155 1700 3233 (ὁ),
1768 3178 1797 3208 ‹‹
1854 3153 2078 3231 synodi
2135 3154 2449 3231 suffragiis
2495 3174 2510 3227 ;
2571 3177 2599 3211 υ
2676 3155 2918 3232 ipsique
2993 3155 3667 3233 Constantinopolitani
3725 3161 3841 3218 Pa-

431 3273 555 3324 tres
586 3263 658 3341 (ρ)
718 3259 858 3319 «ad
913 3257 1239 3334 episcopos
1299 3256 1512 3313 Romae
1584 3261 1996 3330 congregatos
2044 3274 2072 3306 ››
2145 3251 2434 3311 eumdem
2491 3269 2527 3310 a
2583 3269 2647 3309 se
2706 3252 2987 3310 scribunt
3043 3252 3397 3311 ordinatum
3462 3276 3490 3306 ‹‹
3557 3255 3836 3313 universi

433 3363 578 3421 cleri
641 3359 953 3433 totiusque
984 3354 1296 3429 suffragiis
1345 3351 1698 3422 civitatis,»
1753 3345 1950 3407 παντὸς
2003 3366 2060 3399 τε

2200 3371 2205 3395 ι
2265 3343 2497 3420 κλήρου,
2554 3346 2642 3399 καὶ
2699 3347 2878 3415 πάσης
2931 3345 3393 3423 ἐπιψηφιζομὲνης
3435 3353 3532 3414 τῆς
3591 3345 3828 3409 πόλεως.

432 3462 701 3534 ΜΟΧίιιτϐ
733 3456 810 3513 de
865 3453 1164 3512 Flaviano
1221 3447 1649 3509 Antiocheno:
1694 3471 1722 3501 «
1781 3446 2112 3516 Canonice,
2148 3469 2178 3501 »
2239 3449 2359 3520 vel,
2397 3471 2426 3501 «
2460 3447 2550 3506 uti
2608 3466 2880 3506 canones
2929 3447 3179 3524 jubent,
3213 3453 3343 3506 tota
3397 3446 3507 3506 illa
3554 3447 3834 3508 Ecclesia

429 3556 863 3631 svtlragante,
931 3551 1303 3609 ordinarunt
1387 3545 1662 3624 episcopi
1747 3546 1913 3604 illius
1995 3543 2332 3621 provinciae
2412 3552 2472 3604 et
2552 3545 2893 3605 dimceseos
2976 3545 3351 3606 Orientalis.
3415 3568 3444 3599 »
3503 3542 3566 3595 Οἳ
3623 3564 3679 3596 τε
3734 3551 3833 3612 τῆς

429 3651 694 3724 ἐμοιργύῖας
760 3648 848 3700 καὶ
902 3651 1001 3712 τῆς
1063 3640 1389 3709 ἀνατολικῆς
1451 3638 1862 3709 διοικήσεως....
1911 3643 2204 3700 κοινωνικῶς
2259 3638 2670 3714 ἐχειροτόνησαν
2730 3639 2905 3708 πάσης
2963 3642 3257 3717 συμψήφου
3323 3647 3422 3708 τῆς
3492 3639 3831 3709 Ἐκκλησίας.

425 3747 492 3804 1η
552 3743 815 3802 co.:cilio
873 3738 1162 3798 Chalced.
1225 3741 1347 3794 act.
1407 3737 1503 3802 ll,
1569 3731 1924 3808 Stephanus
1956 3731 2303 3808 Ephesinus
2361 3750 2424 3790 se
2481 3732 2780 3791 canonice
2835 3732 3101 3791 electum
3153 3731 3399 3810 probat,
3450 3732 3547 3790 his
3603 3731 3828 3790 verbis.

425 3845 596 3920 quia,
664 3861 692 3896 ‹‹
753 3844 810 3897 (ί
870 3835 1160 3914 populus,
1213 3831 1462 3908 inquit,
1527 3841 1589 3889 et
1643 3829 1891 3899 clerus,
1955 3835 2016 3887 et
2073 3829 2399 3907 episcopi,
2464 3853 2490 3883 ιο
2553 3830 2917 3907 episcopum
2981 3847 3074 3888 me
3125 3829 3604 3887 constituerunt.
3662 3830 3830 3887 Idem

423 3939 780 4009 concilium,
816 3957 872 3994 :t.
895 3941 935 3992 θ..
975 3937 1069 4003 16,
1098 3949 1220 3990 non
1253 3931 1408 3988 alios
1466 3927 1748 4004 agnoscit
1807 3927 2154 4004 episcopos,
2216 3931 2443 4003 prater
2497 3944 2622 3997 eos,
2693 3949 2722 3984 α
2780 3927 2888 4004 qui
2945 3927 3190 3985 decreto
3240 3926 3404 3984 facto
3480 3945 3514 3984 a
3593 3925 3830 3984 clericis

427 4034 916 4112 uniuscujusque
976 4029 1338 4106 metropolis
1391 4032 1454 4085 et
1509 4025 1969 4102 possessoribus
2005 4069 2018 4095 ,
2077 4020 2380 4095 κτητόρων,
2441 4029 2503 4082 et
2561 4023 2922 4082 clarissunis
2980 4022 3124 4081 viris
3158 4069 3171 4096 ,
3233 4041 3423 4100 super
3473 4023 3612 4082 haec
3668 4030 3728 4081 et
3797 4040 3836 4082 a

358 4173 377 4194 ι
423 4130 955 4192 reverendissin.is
1004 4127 1312 4204 episcopis
1393 4121 1731 4200 provincia:
1816 4121 2106 4179 omnibus
2203 4126 2314 4179 aut
2397 4120 2755 4197 pluribus»
2845 4119 3112 4178 instituti
3199 4125 3364 4178 sunt.
3427 4121 3492 4179 S.
3550 4119 3834 4178 Athana-

425 4230 549 4288 sius
610 4228 693 4304 (d)
749 4225 1115 4301 Gregorium
1187 4227 1375 4297 neget
1453 4239 1584 4278 esse
1664 4220 2024 4297 episcopum
2095 4217 2619 4289 Alexandrinum,
2681 4217 2830 4295 quia
2890 4241 2918 4269 «
2980 4235 3182 4294 neque
3270 4217 3435 4294 plebi
3519 4215 3833 4294 cognitus,

423 4339 627 4399 neque
679 4325 1099 4397 postulatusa
1156 4316 1534 4394 presbyteris
1591 4315 1814 4372 fuerat.
1882 4338 1909 4368 η
1968 4312 2350 4371 Manifestius
2413 4312 2489 4372 de
2537 4313 2728 4372 Lucio
2786 4311 3216 4371 'l‘heodoretus
3271 4312 3359 4370 ait
3411 4309 3536 4389 (e):
3604 4335 3635 4365 «
3696 4313 3833 4370 Non

420 4422 482 4479 in
543 4418 1039 4478 orthodoxorum
1100 4413 1541 4491 episcoporum
1600 4411 1865 4488 synodo,
1917 4429 2045 4469 non
2105 4409 2404 4486 suffragio
2478 4409 2900 4486 legitimorum
2959 4408 3353 4480 clericorum,
3414 4427 3539 4466 non
3612 4413 3830 4486 postu-

421 4518 655 4578 latione
689 4513 908 4594 plebis,
942 4519 1012 4571 ut
1039 4509 1328 4570 Ecclesiae
1358 4509 1526 4584 leges
1558 4509 1953 4586 praecipiunt,
1988 4507 2315 4566 ordinatus
2347 4513 2460 4578 est,
2494 4530 2524 4560 »

501 4618 676 4675 Nunc
735 4630 883 4673 vero
943 4611 1018 4669 de
1067 4605 1517 4669 constituendis
1573 4605 1963 4682 erigendisve
2022 4605 2198 4664 novis
2257 4602 2743 4681 episcopalibus,
2809 4603 3001 4663 veluti
3079 4602 3443 4674 Sasimensi,
3504 4603 3583 4662 ad
3647 4619 3833 4680 quem

419 4713 812 4793 potissimum
872 4708 1152 4769 collimat
1209 4705 1344 4764 hac
1402 4703 1623 4777 oratio,
1689 4703 1840 4780 quid
1910 4705 2126 4762 Patres
2203 4702 2559 4761 delinieriut
2618 4707 2682 4760 ut
2767 4705 3032 4773 constet,
3081 4718 3224 4760 ecce
3297 4699 3545 4760 concilii
3629 4698 3838 4759 Sardi-

420 4812 618 4872 censis
679 4827 880 4869 canon
939 4813 1189 4866 sextus:
1227 4827 1254 4859 α
1318 4802 1658 4863 Provinciae
1718 4801 1996 4880 episc0pi
2051 4799 2280 4860 debent
2327 4800 2389 4858 in
2445 4799 2518 4858 iis
2578 4798 2838 4858 urbibus
2894 4799 3221 4877 episcopos
3278 4797 3677 4869 constituere,
3729 4795 3838 4855 ubi

416 4915 601 4972 etiam
662 4911 834 4989 prius
895 4907 1170 4986 episcopi
1211 4909 1483 4964 fuerunt.
1533 4905 1595 4964 Si
1655 4910 1862 4961 autem
1929 4901 2074 4959 urbs
2130 4900 2342 4973 alilua
2396 4899 2750 4958 inveniatur
2808 4905 2933 4957 tam
2995 4899 3322 4975 populosa,
3360 4904 3426 4956 ut
3484 4897 3630 4973 ipsa
3697 4895 3833 4974 epi-

418 5016 679 5089 scopatu
731 5009 921 5085 digna
970 5006 1314 5084 judicetur,
1375 5002 1663 5080 accipiat,
1716 5026 1745 5054 ››
1809 5000 2026 5058 iisdem
2091 5004 2367 5076 profecto
2424 4997 2688 5073 legibus,
2745 5004 2807 5055 et
2861 5016 2898 5055 a
2946 4995 3282 5073 provinciae
3341 4993 3836 5071 suffragantibus

415 5109 722 5188 episcopis
776 5127 790 5180 ;
856 5108 1023 5184 quod
1072 5104 1169 5162 vel
1225 5101 1502 5161 conciliis
1550 5098 1898 5159 definitum.
1966 5099 2030 5157 ln
2091 5095 2566 5172 Carthaginensi
2619 5093 2917 5167 secundo,
2977 5112 3114 5152 can.
3177 5093 3237 5162 5,
3297 5091 3373 5151 de
3431 5092 3606 5150 novis
3665 5089 3834 5149 sedi-

417 5187 532 5269 bus
589 5205 901 5285 erigendis
957 5202 1403 5281 praescribitur,
1467 5206 1536 5258 ut
1598 5221 1627 5254 α
1687 5197 1958 5277 populus
2015 5196 2125 5254 Dei
2181 5193 2638 5270 multiplicatus
2691 5192 2806 5265 sit;
2850 5213 2879 5248 u
2945 5190 3168 5250 deinde
3231 5214 3262 5244 «
3319 5197 3386 5248 ut
3443 5187 3836 5248 desideraveo

417 5309 516 5380 rit,
572 5330 601 5362 »
665 5323 772 5365 seu
832 5301 1244 5382 postulaverit
1303 5299 1708 5378 episcOpum;
1745 5302 1878 5356 tum
1941 5300 2010 5354 ut
2066 5295 2175 5354 fiat
2209 5316 2236 5345 «
2272 5309 2414 5350 cum
2470 5289 2606 5367 ejus
2650 5289 2973 5350 voluntate
3027 5289 3090 5347 in
3140 5287 3319 5366 cujus
3377 5291 3685 5366 potestate
3739 5287 3836 5345 est

486 5532 564 5603 (α)
597 5530 753 5585 Orat.
777 5532 866 5597 21,
893 5547 948 5600 p.
983 5528 1105 5582 390.

983 5528 1105 5582 390°
2258 5516 2336 5603 ζα.)
2367 5511 2603 5603 ῧρφλέῖῖ

588 5584 725 5658 llist.
763 5584 928 5666 1.61:,
959 5617 1009 5653 c.
1042 5603 1121 5676 7._
1219 5668 1250 5676 _
1416 5671 1424 5676 _
1493 5667 1536 5676 η
1598 5668 1630 5676 Λ
1874 5663 1976 5676 ΛΜ

1416 5671 1424 5676 .
1493 5667 1536 5676 -.
1598 5668 1630 5676 Α
1874 5663 1976 5676 Μ,
2257 5584 2330 5662 (ρ)
2361 5584 2496 5644 Hist.
2528 5584 2628 5641 lib.
2663 5599 2735 5655 ιν,
2762 5601 2811 5640 «τ,
2845 5587 2931 5641 22.

580 5679 751 5733 Cone.
784 5663 977 5733 Const.
1013 5687 1053 5744 ι,
1083 5669 1183 5745 Ep,
1216 5668 1379 5743 Syn.,
1411 5671 1453 5724 t.
1492 5667 1556 5724 Il.
1589 5668 1750 5724 Conc.
1785 5680 1838 5739 p.
1873 5663 1998 5723 966.
