4122 6214
349 345 439 414 ,71
1389 344 1801 409 l’ll/EFA'I‘IO
1850 339 2306 408 GENERALIS.
2349 381 2422 390 —
2457 343 2655 406 PARS
2703 341 2751 404 ll
3697 341 3771 407 72

373 484 472 544 his
515 483 702 542 etiam
735 478 995 559 positis:
1030 485 1268 559 quanto
1301 479 1498 559 magis
1529 480 1579 540 si
1610 479 1767 541 falsa
1797 480 1939 554 sint,
1977 477 2266 540 ordiuato
2299 479 2362 539 in
2394 477 2528 557 ejus
2569 476 2775 540 locum
2853 477 3241 556 sull‘ectoque
3301 477 3617 558 episcopo,
3678 480 3775 540 vel

371 600 535 643 novo
567 583 731 640 certe
763 577 1127 657 episcopatu
1160 579 1462 640 exstincto
1489 579 1517 637 Ἰ

453 679 710 740 Constat
765 675 931 736 enim
1002 675 1238 754 alioqui
1289 695 1430 737 cum
1488 676 1785 737 Anthimo
1839 675 2136 736 Basilium
2221 675 2285 735 in
2361 674 2757 736 concordiam
2836 680 3056 754 postea
3136 673 3414 735 rediisse.
3477 677 3553 735 Et
3621 693 3769 753 qua,

373 794 606 856 quaeso,
657 773 1036 846 conditione,
1071 780 1292 852 pacato
1350 774 1633 834 Anthimi
1703 774 1889 847 bello,
1941 773 2272 851 Gregorius
2340 793 2453 851 per
2522 773 2753 833 bellum
2825 772 2993 832 istud
3062 791 3140 832 ex
3207 771 3580 832 Antiocheni
3631 791 3773 833 con-

371 874 496 936 cilii
527 890 767 934 canone
801 873 873 931 18
904 871 1228 949 hucusque
1271 872 1447 944 liber,
1485 873 1641 932 liber
1671 891 1801 933 esse
1832 871 2275 951 perseveravit,
2307 872 2496 949 idque
2529 871 2737 950 palam
2783 889 2857 930 ac
2923 892 2951 927 ‹‹
3009 869 3363 941 manifesto,
3422 894 3451 924 »
3518 869 3635 928 nisi
3687 871 3774 930 al-

369 977 609 1033 terutra
637 988 713 1030 ex
746 969 838 1028 his
868 968 1328 1029 conditionibus
1358 976 1654 1049 accepta;
1691 971 1788 1030 vel
1822 974 1890 1029 ut
1919 969 2221 1042 Anthimi,
2283 968 2460 1046 cujus
2517 968 2857 1048 provinciae
2917 967 3162 1028 Sasima
3218 967 3545 1041 cedebant,
3601 969 3772 1028 ordi-

368 1070 540 1130 natio
571 1068 826 1140 valeret,
861 1066 957 1127 vel
990 1085 1138 1127 sane
1164 1067 1337 1128 locus
1393 1068 1689 1147 episcopo
1750 1069 2040 1128 careret?
2100 1066 2352 1144 Alioqui
2409 1065 2460 1124 si
2514 1065 2652 1143 ejus
2709 1065 2830 1126 loci
2885 1063 3278 1126 renuntiatus
3336 1071 3465 1125 erat
3525 1065 3772 1144 episco-

367 1186 507 1247 pus,
542 1166 713 1245 quod
743 1164 1122 1243 objiciebant
1153 1166 1517 1238 adversarii,
1550 1165 1682 1243 jam
1713 1183 1827 1225 nec
1858 1164 2121 1225 occultis
2152 1182 2266 1224 nec
2299 1163 2563 1242 cognitis
2622 1162 2971 1224 rationibus
3026 1162 3205 1234 liber,
3266 1163 3375 1222 sed
3431 1169 3579 1223 tunc
3652 1166 3772 1225 Ec-

367 1265 570 1325 clesiaz
603 1261 941 1324 Sasimensi
973 1262 1299 1322 manifesto
1333 1263 1669 1341 Gregorius
1716 1263 2033 1340 illigatus;
2094 1261 2222 1322 imo
2280 1267 2340 1321 et
2408 1285 2438 1317 «
2494 1260 2936 1322 communione
2994 1260 3335 1340 privandus
3394 1285 3423 1316 »
3479 1280 3556 1322 ex
3609 1262 3774 1339 ejus-

368 1364 509 1423 dem
540 1359 911 1420 Antiocheni
942 1361 1187 1420 concilii
1217 1378 1456 1421 canone
1489 1363 1587 1432 17,
1624 1384 1651 1415 α
1687 1361 1737 1420 si
1767 1361 1845 1420 ad
1881 1360 2221 1420 Ecclesiam
2271 1358 2389 1419 sibi
2446 1359 2867 1426 commissam,
2927 1381 2957 1413 »
3017 1359 3273 1418 remotis
3322 1359 3456 1436 jam
3512 1360 3774 1438 impedi-

369 1459 614 1530 mentis,
657 1480 687 1515 α
715 1457 805 1516 ire
837 1474 962 1516 non
992 1456 1489 1536 acquievisset.»
1526 1456 1708 1517 Liber
1739 1457 1952 1535 itaque
1984 1475 2022 1516 a
2066 1456 2327 1517 Sasimis
2385 1456 2718 1533 Gregorius
2788 1474 2862 1516 ac
2919 1455 3273 1515 liberrimus
3329 1474 3576 1535 semper
3628 1457 3766 1529 fuit,

366 1562 497 1616 tum
533 1560 699 1623 ante,
735 1559 866 1613 tum
899 1557 1041 1631 post
1072 1553 1298 1614 factam
1343 1572 1484 1614 cum
1544 1553 1845 1614 Antbimo
1901 1572 2157 1632 pacem;
2222 1553 2465 1614 etiamsi
2522 1554 2602 1613 ad
2655 1572 2793 1613 eam
2850 1553 3191 1612 Ecclesiam
3249 1553 3463 1613 fuisset
3522 1553 3771 1632 publice

367 1661 428 1715 et
457 1651 753 1713 canonice
785 1650 1200 1710 renuntiatus.
1239 1653 1536 1730 Superest
1564 1651 1754 1729 igitur
1785 1657 1854 1711 ut
1885 1652 2076 1712 tacita
2115 1656 2177 1712 et
2234 1650 2500 1725 occulta,
2559 1651 2609 1710 si
2666 1651 2788 1711 dici
2845 1650 3050 1723 liceat,
3111 1651 3593 1724 renuntiatione,
3654 1652 3768 1712 Sa-

365 1753 665 1812 simorum
698 1748 1028 1827 episcopus
1059 1749 1390 1827 Gregorius
1419 1749 1645 1810 fuerit:
1680 1768 1896 1810 verum
1932 1768 2010 1809 ne
2049 1750 2113 1808 id
2161 1749 2412 1827 quidem
2471 1748 2601 1808 ulla
2657 1749 2898 1809 ratione
2957 1749 3206 1808 defendi.
3263 1754 3489 1826 potest.
3552 1752 3768 1828 Neque

367 1849 533 1910 enim
567 1845 1044 1908 conniventibus
1072 1846 1171 1906 vel
1202 1847 1389 1907 tacite
1420 1847 1836 1926 probantibus
1866 1846 2198 1925 episcopis,
2233 1847 2422 1918 clero,
2458 1845 2726 1924 populis,
2762 1864 2901 1924 qua
2963 1846 3153 1905 tacita
3211 1846 3589 1906 renuntiatio
3649 1853 3764 1920 est,

367 1964 647 2024 unquam
681 1944 843 2003 hanc
876 1943 1214 2004 Ecclesiam
1247 1944 1716 2004 administrasse
1745 1943 1875 2004 ullo
1909 1944 2094 2004 modo
2125 1943 2249 2004 dici
2280 1949 2523 2022 potest;
2572 1961 2760 2022 quam
2819 1943 2977 2004 forte
3037 1961 3151 2002 nec
3208 1942 3400 2002 adivit
3459 1963 3767 2022 unquam,

366 2062 481 2103 nec
512 2061 550 2102 a
579 2042 792 2101 limine
823 2039 1137 2114 salutavit,
1173 2042 1236 2100 in
1271 2061 1395 2120 qua
1428 2060 1541 2102 nec
1572 2042 1752 2117 sedit,
1787 2060 1899 2102 nec
1931 2047 2000 2102 ut
2029 2042 2272 2102 sederet
2303 2041 2430 2101 ulla
2486 2041 2548 2100 vi
2605 2041 2745 2118 cogi
2802 2041 3011 2119 potuit
3067 2047 3128 2100 et
3187 2040 3434 2100 adduci.
3500 2064 3530 2096 «
3561 2044 3772 2102 Certa-

366 2159 508 2201 men
538 2140 679 2199 iniit
709 2144 906 2218 pater,
941 2162 970 2192 »
1006 2139 1212 2216 inquit
1240 2139 1372 2217 ipse
1399 2139 1509 2218 (a),
1545 2164 1573 2193 ‹‹
1610 2146 1678 2200 ut
1702 2139 1765 2198 in
1795 2139 2134 2200 Sasimensi
2163 2140 2307 2200 sede
2339 2157 2437 2198 me
2468 2138 2844 2198 collocaret:
2905 2143 2975 2197 ut
3027 2144 3237 2197 autem
3297 2157 3424 2198 non
3482 2139 3697 2215 valuit,
3733 2163 3764 2194 »

364 2245 482 2300 etc.
517 2237 712 2296 Paulo
744 2240 921 2314 post:
963 2257 992 2293 (ί
1023 2236 1245 2296 Datam
1279 2255 1356 2296 ne
1389 2237 1718 2298 minimum
1751 2236 2003 2316 quidem
2041 2236 2376 2298 Ecclesiam
2408 2236 2586 2313 attigi
2615 2254 2628 2308 ;
2661 2237 2749 2295 ita
2778 2241 2847 2296 ut
2878 2254 2992 2294 nec
3023 2253 3218 2294 unum
3248 2235 3333 2294 ibi
3393 2236 3766 2298 sacriﬁcium

363 2342 493 2397 Deo
524 2334 882 2406 obtulerim,
916 2333 1014 2394 vel
1045 2352 1260 2412 preces
1290 2353 1417 2396 una
1448 2353 1588 2394 cum
1621 2335 1856 2416 populo
1898 2334 2188 2410 fuderim,
2252 2353 2366 2396 nec
2420 2333 2788 2394 clericorum
2847 2332 3122 2412 cuipiam
3179 2351 3400 2393 manus
3459 2334 3773 2412 imposue-

360 2433 503 2497 rim.
541 2458 570 2492 ι

438 2537 531 2594 Ex
563 2531 821 2592 histum
854 2529 1052 2604 factis,
1092 2536 1225 2590 tum
1270 2531 1452 2590 dictis
1508 2529 1723 2608 liquet,
1762 2530 1902 2609 quis
1958 2529 2022 2590 in
2081 2530 2379 2608 Gregorio
2441 2553 2472 2586 «
2533 2529 3015 2590 renuntiationis
3073 2534 3135 2589 et
3188 2530 3703 2608 proclamationis
3735 2554 3764 2589 »

355 2648 573 2690 sensus
626 2646 639 2687 :
700 2627 806 2687 ille
859 2627 1176 2701 nimirum,
1240 2628 1350 2706 qui
1407 2627 1720 2705 hodieque
1785 2628 1955 2688 initae
2035 2627 2468 2706 possessionis,
2527 2633 2586 2688 et
2646 2634 2716 2687 ut
2773 2632 3018 2699 vocant,
3082 2627 3366 2686 beneficii
3416 2627 3769 2706 cujuspiam

356 2751 386 2782 «
420 2726 846 2796 investiturae;
883 2747 912 2778 »
974 2743 1078 2785 seu
1138 2725 1326 2785 fuerit
1380 2725 1488 2784 illa
1525 2725 1794 2799 «tacita,
1832 2746 1860 2782 »
1925 2744 2066 2785 cum
2123 2725 2310 2785 alicui
2367 2725 2578 2785 sedem
2638 2725 2980 2797 invadenti,
3033 2730 3144 2784 aut
3199 2743 3416 2784 eorum
3474 2726 3553 2785 ad
3612 2745 3773 2804 quos

347 2823 709 2884 conferendi
748 2821 1034 2881 beneficii
1090 2841 1215 2882 non
1261 2822 1514 2882 omnine
1562 2821 1667 2899 jus
1719 2823 1990 2900 pertinet
2047 2823 2358 2900 precibus,
2403 2823 2502 2882 vel
2557 2823 2746 2883 etiam
2804 2823 2863 2881 vi
2921 2823 3193 2901 quadam
3253 2821 3593 2882 Ecclesiam
3654 2823 3769 2882 ad-

349 2920 731 2981 ministranti
786 2920 1139 2991 connivent,
1201 2921 1514 2998 silentque
1566 2921 1697 2979 veri
1756 2920 2007 2997 patroni
2092 2939 2164 2980 ac
2222 2921 2482 2998 legitimi
2569 2920 2904 2980 collatores
2988 2918 3333 2991 beneficii;
3392 2937 3500 2979 seu
3576 2920 3770 2980 fuerit

355 3041 384 3078 «
440 3015 820 3078 renuntiatio
880 3039 908 3071 ι)
974 3016 1052 3075 ad
1099 3016 1261 3093 juris
1318 3017 1525 3095 apices
1582 3017 1977 3095 formamque
2035 3017 2277 3096 legibus
2349 3017 2676 3087 sancitam,
2737 3017 2913 3076 lectis
2991 3024 3053 3076 et
3127 3017 3426 3095 expositis
3484 3017 3760 3094 patroni,

347 3116 588 3194 regisve
649 3113 1056 3192 «diplomate
1114 3136 1145 3167 »
1211 3114 1604 3183 conferentis,
1669 3133 1799 3187 seu,
1855 3121 1924 3175 ut
1978 3121 2227 3185 vocant,
2291 3116 2775 3194 provisionibus,
2808 3120 2869 3174 et
2933 3135 2960 3170 ‹‹
3021 3113 3215 3186 bulla,
3273 3138 3303 3168 ››
3364 3114 3412 3173 si
3468 3133 3590 3191 qua
3653 3115 3757 3186 sit,

349 3233 553 3294 papae,
581 3217 690 3273 aut
725 3237 755 3268 ‹‹
787 3211 951 3284 viaa,
983 3235 1013 3267 »
1053 3216 1240 3290 atque
1272 3230 1310 3272 a
1339 3219 1778 3292 paomovente,
1813 3213 1876 3271 in
1933 3214 2078 3273 sede
2140 3220 2209 3272 ut
2263 3215 2606 3291 plurimum
2666 3231 2738 3272 eo
2796 3212 2902 3290 qui
2962 3217 3367 3290 promovetur
3424 3210 3756 3284 collocato,

347 3311 615 3390 aliisque
647 3309 724 3370 de
782 3327 955 3369 more
1011 3309 1304 3388 peractis,
1348 3309 1576 3388 quibus
1634 3310 1821 3370 hodie
1879 3311 2018 3388 quis
2075 3310 2173 3370 vel
2231 3311 2652 3390 episcopatus,
2715 3309 2812 3369 vel
2870 3309 3125 3370 alterius
3180 3309 3465 3369 beneﬁcii
3517 3327 3758 3386 posses-

345 3428 450 3468 sor
506 3410 816 3481 ﬁrmatur,
853 3413 963 3467 aut
1019 3412 1207 3480 certe,
1244 3407 1294 3466 si
1352 3407 1511 3467 alius
1566 3407 1934 3478 intercedat,
2003 3431 2033 3463 «
2082 3408 2509 3482 denuntiatur,
2547 3414 2609 3468 et
2665 3409 3138 3486 praedicatur,»
3176 3408 3345 3485 quod
3391 3410 3602 3468 Graeca
3629 3406 3766 3485 ipsa

344 3503 667 3579 κηρύσσεται
702 3511 969 3576 sonant;
1025 3524 1392 3583 quanquam
1450 3524 1576 3565 non
1632 3524 1704 3565 eo
1749 3507 1812 3565 id
1869 3506 1933 3565 in
1992 3506 2263 3580 Oriente,
2327 3525 2452 3584 quo
2508 3507 2571 3565 in
2627 3507 2726 3566 his
2782 3507 3088 3584 partibus,
3131 3505 3318 3565 modo
3379 3505 3575 3565 ﬁeret.
3611 3507 3768 3565 Sen-

349 3623 486 3663 sum
545 3603 712 3663 hunc
767 3603 1070 3662 exhibent
1115 3603 1306 3662 verba
1366 3602 1668 3679 Gregorii,
1732 3603 2046 3662 contraria
2105 3609 2166 3663 et
2221 3604 2514 3682 opposita
2543 3604 2620 3662 de
2670 3603 2977 3662 Nazianzo
3034 3603 3416 3680 Sasimisque
3492 3601 3770 3661 scriben-

349 3701 424 3759 tis
457 3700 581 3780 (b):
645 3700 899 3759 Sasimis
935 3723 965 3755 «
1024 3699 1506 3778 propositum,»
1567 3699 1985 3776 designatum,
2039 3718 2111 3759 ac
2170 3700 2219 3758 si
2280 3700 2454 3771 velis,
2515 3701 2913 3760 nominatum
2968 3699 3335 3773 antistitem,
3371 3717 3497 3758 non
3558 3706 3770 3759 autem

349 3798 716 3870 Nazianzo;
781 3803 998 3858 contra
1057 3815 1205 3858 vero
1267 3797 1557 3857 Ecclesiae
1615 3797 2006 3857 Nazianzinae
2066 3817 2191 3858 non
2250 3799 2663 3876 propositum,
2729 3818 2849 3858 non
2931 3799 3352 3875 designatum,
3415 3816 3541 3856 non
3599 3797 3768 3856 ordi-

345 3902 560 3957 natum
620 3897 1010 3975 episcopum,
1045 3897 1152 3956 sed
1212 3896 1639 3956 renuntiatum
1691 3900 1926 3968 tamen,
1985 3895 2175 3973 idque
2239 3920 2268 3950 «
2326 3895 2400 3975 (ο)
2459 3896 2734 3973 primum
2791 3901 2852 3955 et
2909 3896 2988 3955 ab
3043 3896 3242 3967 initio,
3304 3919 3333 3949 »
3402 3912 3763 3973 quanquam

350 4016 535 4055 «non
598 3994 874 4073 publico,
935 4019 964 4050 »
1029 3995 1134 4054 sed
1196 3995 1384 4055 tacito
1441 3999 1685 4053 tantum
1736 4012 1964 4071 genere
2022 3993 2504 4054 renuntiationis
2557 4012 2568 4052 :
2626 4013 2767 4072 qua:
2827 3993 3080 4072 quidem
3147 3993 3353 4072 specie
3413 3999 3594 4052 tenus
3653 4011 3766 4070 ραι-

348 4093 632 4168 gnantia,
669 4091 787 4151 hac
819 4091 1062 4151 ratione
1094 4091 1412 4152 conciliari
1446 4098 1507 4151 et
1534 4090 1802 4169 intelligi
1836 4097 2122 4169 possunt.

434 4187 725 4246 Ecclesiae
777 4188 1044 4266 alicujus
1104 4196 1319 4267 pastor
1375 4208 1500 4249 non
1557 4189 1609 4248 is
1667 4197 1976 4263 censetur,
2040 4208 2151 4250 nec
2204 4189 2266 4248 in
2322 4194 2643 4268 pastorum
2727 4208 3059 4249 numerum
3141 4189 3427 4261 refertur,
3493 4186 3600 4265 qui
3683 4187 3765 4246 ad

356 4302 492 4342 eam
548 4283 804 4356 electus,
864 4292 1215 4362 promotus,
1266 4286 1366 4345 vel
1424 4287 1613 4346 etiam
1668 4288 2011 4358 ordinatus,
2069 4288 2212 4365 jure
2269 4288 2522 4347 tandem
2582 4287 2787 4359 cadit;
2848 4287 2957 4346 sed
3014 4286 3122 4364 qui
3155 4287 3316 4346 victa
3377 4303 3567 4345 causa
3617 4302 3766 4362 pos-

355 4380 699 4440 sessionem
741 4380 874 4440 adit
914 4386 1104 4458 atque
1163 4381 1423 4441 obtinet.
1487 4385 1623 4452 Qua
1678 4383 1870 4460 igitur
1927 4384 2168 4443 ratione
2226 4384 2595 4444 Sasimensis
2655 4384 2946 4444 Ecclesiae
3002 4383 3332 4462 episcopus
3389 4382 3513 4442 dici
3558 4387 3772 4459 posset

357 4476 712 4554 Gregorius,
769 4477 878 4555 qui
931 4477 1178 4537 Sasima
1236 4496 1362 4537 non
1420 4478 1625 4555 attigit
1672 4479 1950 4556 quidem,
2010 4499 2123 4539 nec
2180 4480 2307 4539 illic
2364 4481 2735 4559 episcopalis
2794 4481 3068 4540 muneris
3124 4480 3290 4540 vices
3349 4479 3508 4539 ullas
3566 4478 3772 4539 obiit?

351 4574 416 4634 Si
476 4574 722 4635 Sasima
779 4575 937 4636 dixit
973 4594 1166 4649 «sua,
1229 4598 1257 4631 ιι
1322 4575 1387 4633 id
1444 4593 1569 4635 non
1638 4574 1754 4633 nisi
1811 4575 2045 4635 ironice
2097 4594 2108 4634 :
2173 4579 2492 4654 egregium
2553 4579 2711 4638 illud
2769 4579 3096 4638 Basilianae
3186 4578 3477 4637 amicitiae
3545 4594 3771 4636 munus

351 4671 514 4730 ridet
538 4677 598 4731 et
629 4672 993 4748 exprobrat.
1027 4672 1139 4733 Vel
1187 4672 1376 4733 etiam
1433 4690 1668 4732 «sua»
1722 4671 1930 4731 dicere
1979 4673 2203 4750 potuit,
2238 4675 2387 4752 quia
2446 4675 2563 4734 sibi
2623 4675 2946 4748 attributa,
3007 4675 3123 4734 sibi
3155 4675 3390 4746 oblata,
3424 4675 3542 4734 sibi
3596 4674 3765 4749 data,

351 4768 456 4829 sed
490 4785 527 4828 a
555 4768 748 4829 dubio
779 4788 1161 4848 possessore.

427 4867 802 4945 Priusquam
862 4868 1107 4930 Sasima
1163 4867 1578 4940 dimittamus,
1637 4867 1928 4946 exemplo
1987 4887 2115 4929 rem
2175 4869 2651 4929 illustrabimus.
2712 4869 3116 4942 Beneficium,
3185 4877 3249 4930 ut
3305 4875 3534 4930 vocant
3581 4868 3759 4941 illud,

350 4963 452 5023 cui
507 4963 858 5024 animarum
909 4985 1059 5026 cura
1104 4965 1430 5034 incumbit,
1487 4965 1676 5042 vulgo
1739 4972 2046 5038 curatum,
2112 4967 2218 5026 uni
2275 4967 2500 5027 clerico
2558 4973 2918 5046 patronus;
2979 4969 3137 5028 alter
3185 4987 3297 5046 pro
3371 4973 3638 5046 patrono
3697 4983 3762 5025 se

349 5077 571 5138 gerens
604 5061 783 5121 alteri
842 5068 1176 5140 praesentet
1230 5063 1676 5139 conferatque;
1730 5067 1840 5121 aut
1895 5068 2059 5122 certe
2106 5063 2169 5122 in
2229 5064 2402 5123 curia
2462 5066 2743 5124 Romana
2803 5065 3004 5143 quivis
3061 5065 3220 5124 alius
3277 5065 3580 5125 obtineat.
3618 5066 3763 5123 Pos-

350 5156 624 5218 sessione
648 5157 796 5236 jura
824 5177 936 5219 sua
964 5160 1170 5220 firmet
1202 5159 1396 5232 alter;
1433 5158 1592 5218 alter
1640 5165 1749 5218 aut
1806 5165 2115 5232 arceatur,
2178 5166 2287 5220 aut
2336 5162 2588 5240 segnius
2645 5167 2812 5239 agat.
2865 5164 3024 5223 Dum
3082 5160 3330 5222 interim
3390 5162 3506 5221 sub
3549 5159 3762 5238 judice

348 5253 424 5314 lis
454 5261 569 5328 est,
602 5255 770 5316 intra
827 5275 1086 5329 annum,
1125 5262 1192 5318 ut
1249 5257 1340 5331 fit,
1376 5254 1724 5317 sacerdotio
1787 5261 2044 5335 uterque
2103 5257 2385 5318 initietur
2440 5279 2513 5320 ea
2565 5267 2772 5320 mente
2827 5267 2889 5321 et
2945 5262 3229 5334 consilio,
3264 5265 3333 5320 ut
3383 5259 3589 5320 ofﬁcio
3647 5275 3760 5317 suo

349 5351 528 5431 fungi
583 5353 812 5416 valeat.
871 5355 965 5415 Ad
1023 5355 1364 5416 Ecclesiam
1424 5353 1708 5416 eamdem
1767 5355 2042 5416 ordinati
2097 5355 2284 5417 ambo
2361 5356 2461 5417 vel
2541 5356 2780 5419 interea
2855 5358 3272 5440 paciscantur,
3335 5356 3434 5419 vel
3511 5359 3764 5418 senatus

453 5574 506 5656 ᾳ)
538 5574 727 5656 Garm.
762 5577 834 5656 D_e
861 5576 970 5656 uita
998 5592 1116 5648 sua,
1145 5591 1200 5647 v,
1233 5575 1358 5647 497,
1390 5581 1447 5635 et
1476 5593 1600 5652 seq.
2187 5581 2254 5656 (ε)
2291 5581 2473 5656 Epist.
2507 5581 2579 5638 al.
2613 5582 2737 5638 225.

453 5590 486 5629 a
538 5574 727 5632 Carm.
762 5577 834 5631 De
861 5576 949 5631 vite

428 5573 508 5734 ib;
541 5646 720 5721 Epist.
753 5647 827 5705 a1.
859 5648 949 5706 42.
