4122 6214
292 386 371 443 ’Π
1340 382 1760 445 PREFATIO
1808 386 1920 447 ΟΕ]

2112 388 2275 447 .LIS.
2311 419 2385 434 -
2413 384 2612 450 PARS
2658 390 2737 449 ΙΙ.
3664 388 3740 453 ⁸⁷8

292 526 477 582 me;
510 526 801 599 ποιμνίου,
833 517 1070 580 scilicet
1124 518 1824 600 Constantinopolitani,
1862 523 2206 601 suscepisse
2261 541 2326 582 se
2356 525 2631 583 fateatur
2659 523 2766 603 (a).
2822 525 3002 586 Unde
3062 543 3138 585 ne
3196 524 3260 585 id
3305 524 3583 603 quidem,
3620 527 3737 589 nisi

294 642 324 671 α
362 618 658 696 quandiu
690 617 949 690 valeret,
983 639 1012 674 ι)
1050 616 1391 689 concessit;
1430 622 1620 696 atque
1650 618 1877 679 iterum
1906 619 2189 680 discessit
2219 622 2397 699 quasi
2430 621 2605 691 liber,
2643 623 3121 682 recrudescente
3153 623 3345 702 paulo
3380 631 3518 702 post
3550 625 3735 701 agri-

294 717 565 777 tudine:
602 740 633 771 ‹‹
668 715 1111 789 Constrictum,
1143 714 1352 793 inquit
1384 713 1487 792 (ὁ),
1522 733 1620 774 me
1662 716 1918 777 morbus
1948 722 2137 791 tenet,
2174 724 2234 777 et
2278 719 2357 777 ab
2388 719 2717 779 Eccclesia
2745 720 3190 797 gubernaculis
3238 721 3502 781 celerius
3533 722 3732 782 abdu-

294 814 422 875 xit.
456 836 487 871 ι

385 938 570 1010 Quod
640 956 791 999 vero
849 954 1097 997 omnem
1158 935 1323 996 tollit
1398 936 1879 1010 dubitationem,
1940 938 2182 998 Eulalio
2258 941 2511 1000 tandem
2572 942 2928 1001 renuntiato
2981 942 3233 1019 publice
3308 948 3371 1003 et
3426 942 3721 1023 episcopo

289 1036 597 1098 Nazianzi
628 1035 927 1096 canonice
958 1034 1271 1105 ordinato,
1307 1035 1587 1111 Nysseno
1620 1035 1872 1112 prasuli
1904 1042 1965 1095 et
1992 1036 2066 1094 iis
2096 1037 2204 1115 qui
2234 1055 2506 1097 canones
2558 1038 2963 1117 objiciebant,
3020 1041 3355 1119 respondet
3384 1043 3721 1118 Gregorius

288 1134 375 1215 (c)
408 1154 426 1195 :
466 1160 495 1191 «
528 1135 704 1207 Quod
738 1132 789 1193 si
828 1132 968 1212 quis
998 1136 1111 1206 est,
1160 1131 1268 1210 qui
1317 1136 1495 1210 putet
1546 1132 1843 1211 episcopo
1887 1133 2134 1194 vivente
2165 1136 2355 1195 alium
2404 1136 2647 1196 institui
2677 1156 2802 1196 non
2834 1137 3085 1207 debere,
3119 1138 3170 1198 is
3210 1138 3363 1197 sciat
3395 1156 3459 1197 se
3488 1157 3566 1199 ne
3600 1140 3718 1200 hac

290 1233 563 1312 quidem
595 1233 659 1291 in
691 1238 869 1310 parte
900 1229 1079 1290 nobis
1100 1248 1290 1290 causa
1320 1229 1705 1308 superiorem
1738 1248 1892 1291 esse.
1918 1232 2101 1310 Apud
2124 1251 2343 1293 omnes
2368 1234 2535 1293 enim
2570 1234 2808 1313 liquido
2839 1240 3105 1308 constat,
3142 1253 3241 1295 me
3271 1254 3397 1295 non
3428 1236 3721 1297 Nazianzi

287 1334 413 1393 sed
444 1331 834 1392 Sasimorum
869 1328 1212 1388 antistitem
1243 1327 1636 1406 propositum
1671 1346 1803 1388 esse
1836 1345 1849 1401 ;
1882 1348 1911 1384 υ
1950 1328 2013 1388 id
2044 1335 2160 1401 est,
2194 1348 2269 1390 ne
2302 1331 2592 1391 Nazianzi
2621 1333 2873 1410 quidem
2904 1356 2934 1388 «
2966 1334 3381 1411 propositum,
3418 1354 3445 1389 ι)
3486 1334 3715 1394 nedum

284 1432 555 1510 publice
587 1449 661 1490 ac
688 1429 989 1489 canonice
1017 1427 1442 1487 renuntiatum
1475 1445 1607 1486 esse
1633 1427 2023 1507 episcopum.
2077 1430 2466 1507 Exspirantis
2516 1436 2727 1490 tamen
2788 1433 2932 1491 vita
2969 1432 3286 1510 reliquias,
3324 1433 3375 1491 si
3415 1452 3527 1512 per
3556 1433 3720 1494 vale-

283 1530 585 1589 tudinem
614 1528 914 1598 licuisset,
948 1526 1079 1603 ipse
1108 1523 1400 1584 Ecclesia
1429 1524 1831 1584 Nazianzena
1863 1534 2374 1586 consecraturum
2407 1546 2471 1588 se
2503 1528 2664 1606 epist
2693 1545 2884 1589 ccxxv
2908 1529 3259 1606 profitetur,
3298 1531 3506 1608 potius
3527 1549 3719 1609 quam

285 1626 667 1697 Sasimensi,
703 1625 800 1684 cui
833 1641 1178 1701 nunquam,
1208 1622 1506 1700 inquiunt
1534 1622 2006 1696 Bollandenses,
2031 1642 2095 1683 se
2126 1624 2389 1685 credidit
2420 1626 2791 1703 obligatum,
2828 1627 2927 1686 cui
2958 1627 3132 1686 nullo
3165 1646 3439 1705 unquam
3476 1645 3717 1706 praco-

286 1725 390 1785 nii
422 1742 652 1803 genere
683 1723 1075 1783 renuntiatus
1108 1727 1241 1781 erat
1268 1738 1280 1779 :
1314 1738 1699 1798 quamquam
1730 1721 1795 1780 id
1828 1722 2129 1781 molestia
2177 1723 2557 1783 facessenda
2591 1724 2797 1801 gratia
2826 1724 3082 1802 quidam
3114 1725 3309 1785 invidi
3341 1744 3452 1804 per
3480 1727 3716 1788 calum-

286 1824 472 1884 niam
504 1828 567 1882 et
605 1843 637 1879 α
666 1819 1154 1889 contentionem,
1190 1841 1220 1871 »
1258 1822 1325 1877 ut
1354 1818 1587 1878 ibidem
1621 1818 1924 1896 loquitur,
1962 1818 2368 1897 objiciebant.

379 1950 731 2008 Innocuum
763 1963 887 2023 quo
918 1942 1175 2003 ludebat
1206 1942 1540 2020 Gregorius
1586 1961 1725 2002 cum
1763 1942 2176 2017 adversarios,
2224 1949 2355 2005 tum
2388 1963 2647 2018 amicos,
2684 1946 3016 2006 artiﬁcium
3068 1947 3208 2027 quis
3248 1966 3372 2008 non
3406 1948 3716 2008 miretur?

290 2048 450 2107 Cum
484 2046 565 2105 ad
598 2043 1052 2104 Nazianzenam
1089 2040 1425 2101 Ecclesium
1458 2040 1649 2100 tacita
1680 2041 1905 2101 saltem
1937 2040 2373 2119 objectabatur
2404 2044 2807 2117 renuntiatio,
2835 2045 3252 2105 Sasimensem
3287 2046 3573 2124 protinus
3602 2046 3712 2107 de-

289 2143 719 2222 signationem
750 2139 1097 2218 regerebat,
1133 2143 1201 2197 ut
1248 2138 1429 2215 epist.
1462 2154 1644 2209 cxw,
1699 2138 1880 2215 eique
1932 2138 2244 2211 Ecclesia,
2280 2158 2318 2200 a
2350 2159 2494 2218 qua,
2530 2141 2625 2201 vel
2656 2141 2915 2219 impleta
2947 2142 3045 2203 vel
3087 2142 3324 2203 abolita
3354 2143 3521 2217 sede,
3556 2144 3712 2203 nihil

285 2242 552 2320 penitus
592 2238 873 2310 timebat,
912 2239 1051 2315 plus
1107 2236 1385 2313 illigatus
1417 2254 1608 2313 quam
1664 2237 1971 2295 Nazianzo
2004 2236 2199 2297 videri
2259 2238 2529 2298 volebat.
2564 2242 2718 2299 Cum
2774 2245 2983 2300 autem
3013 2240 3093 2300 ad
3125 2240 3389 2305 Sasima.
3423 2248 3492 2300 ut
3521 2241 3705 2319 epist.

285 2356 525 2412 ccxxv,
557 2336 993 2407 revocabatur,
1028 2339 1138 2393 aut
1170 2334 1367 2411 magis
1397 2340 1794 2411 contemptus
1826 2352 2016 2394 causa
2045 2334 2485 2413 relegabatur;
2540 2337 2993 2398 Nazianzenam
3023 2337 3190 2398 illico
3228 2362 3257 2392 «
3291 2338 3705 2399 renuntiatio-

286 2456 440 2497 nem
474 2460 506 2490 »
542 2434 895 2513 objiciebat,
957 2454 985 2489 α
1019 2450 1145 2510 qua
1174 2450 1237 2490 se
1271 2430 1465 2490 teneri
1522 2431 1985 2491 «nihilominus
2016 2452 2139 2492 non
2186 2432 2455 2493 timeret.
2509 2435 2858 2494 Genuinum
2909 2436 3074 2495 hunc
3116 2454 3248 2496 esse
3296 2435 3709 2515 epistolarum

281 2550 573 2606 sensum,
629 2537 858 2608 prater
914 2529 1284 2606 gravissima
1313 2546 1453 2604 qua
1477 2526 1612 2605 jam
1673 2527 2000 2587 attulimus
2060 2534 2400 2599 momenta,
2446 2530 2717 2606 probant
2772 2531 3006 2590 eadem
3038 2531 3321 2609 epistola
3379 2549 3521 2603 xm,
3568 2548 3701 2606 va,

283 2646 551 2700 Lxxxm,
586 2644 803 2702 ccxxv,
840 2627 899 2685 in
933 2625 1160 2703 quibus
1192 2624 1483 2684 omnibus
1512 2641 1618 2682 eos
1648 2624 1809 2683 salse
1856 2624 2018 2685 ridet
2046 2625 2174 2702 qui,
2207 2630 2277 2684 ut
2306 2624 2596 2686 Ecclesia
2629 2627 2969 2706 probarent
3001 2628 3285 2687 alterutri
3310 2646 3455 2687 vere
3487 2629 3707 2689 addic-

282 2734 449 2799 tum,
488 2727 725 2786 frustra
755 2740 1026 2784 canones
1056 2722 1485 2802 Opponebant.

364 2851 463 2911 Ad
498 2848 822 2911 cumulum
855 2847 1112 2909 accedat
1134 2848 1267 2925 jam
1301 2848 1599 2925 palmaris
1629 2847 1826 2921 locus,
1851 2848 1960 2927 qui
1988 2847 2403 2909 Sasimensem
2433 2849 3019 2928 Nazianzenumque
3048 2848 3234 2909 simul
3266 2849 3699 2929 episcopatum

282 2948 581 3027 Gregorii
616 2947 709 3007 vel
740 2965 901 3006 unus
931 2946 1127 3024 possit
1173 2945 1251 3004 ad
1303 2945 1549 3005 fabulas
1579 2946 1942 3006 amandare.
1987 2946 2219 3006 Locum
2252 2946 2429 3007 illum
2462 2946 2717 3007 exhibet
2755 2965 3008 3007 carmen
3054 2950 3080 3007 1
3117 2947 3351 3007 editum
3402 2966 3440 3007 a
3470 2947 3696 3022 'l‘ollio,

280 3066 447 3107 vers.
484 3048 605 3106 93:
647 3067 675 3102 α
706 3045 1012 3105 Gaterum
1062 3049 1473 3121 posteaquam
1504 3044 1899 3103 accessissem
1938 3068 1964 3099 »
2017 3044 2646 3124 Constantinopolim,
2683 3067 2714 3099 ‹‹
2747 3044 2967 3104 relicta
2995 3044 3414 3124 Cappadocia,
3449 3034 3591 3123 qua
3619 3045 3696 3105 fi-

275 3146 380 3203 dei
414 3142 969 3223 propugnaculum
1001 3160 1133 3201 esse
1164 3141 1476 3219 plerisque
1506 3140 1773 3212 videtur,
1827 3159 2226 3219 nequaquam
2258 3141 2505 3202 deserto
2563 3141 2822 3221 populo,
2858 3142 2959 3202 cui
2987 3143 3203 3221 aliqua
3231 3143 3693 3206 necessitudine

272 3242 606 3319 obligatus
635 3258 833 3299 essem
862 3259 876 3302 ζ
909 3244 971 3300 οὐ
1002 3243 1178 3298 λιπὼν
1212 3243 1362 3311 λαὸν,
1396 3242 1547 3298 οὐδὲν
1578 3249 1685 3298 τῶν
1720 3244 1900 3319 ἀναγκι

2059 3245 2197 3318 spot.
2232 3258 2379 3300 nam
2426 3239 2535 3299 illa
2565 3246 2711 3299 sunt
2741 3239 3015 3301 hostium
3049 3259 3330 3302 meorum
3362 3242 3687 3319 ﬁgmenta,

271 3340 551 3419 falsique
584 3355 927 3409 sermones,
960 3337 1211 3397 invidia
1242 3336 1597 3396 velamenta
1626 3336 1917 3415 quadam
1950 3337 2269 3415 ingeniose
2300 3337 2680 3414 excogitata.
2720 3362 2748 3393 ι

357 3468 459 3535 At,
499 3463 767 3540 inquies,
806 3460 1139 3539 Gregorius
1169 3478 1233 3519 se
1273 3460 1505 3519 fatetur
1550 3459 1872 3537 propriam
1923 3458 2217 3520 habuisse
2265 3460 2632 3533 Ecclesiam,
2666 3460 2854 3521 aliam
2905 3481 2942 3522 a
2974 3463 3694 3543 Constantinopolitam,

273 3561 375 3621 bis
406 3560 621 3620 verbis
643 3558 728 3637 (εἰ)
755 3577 767 3617 :
807 3582 834 3615 α
865 3562 927 3618 In
964 3559 1227 3635 gratiam
1261 3574 1451 3635 porra
1471 3574 1612 3615 cum
1638 3556 1897 3615 veritate
1927 3557 2205 3627 redeant,
2234 3558 2340 3635 qui
2364 3576 2475 3617 nos
2507 3558 2778 3618 alienam
2810 3577 3068 3619 uxorem
3101 3560 3473 3639 expetivisse
3494 3560 3696 3635 aiunt,

272 3678 421 3719 cum
459 3677 538 3718 ne
572 3658 891 3735 prOpriam
925 3657 1172 3735 quidem
1210 3654 1488 3715 habuere
1520 3654 1923 3714 voluerimus.
1959 3678 1986 3709 α
2023 3656 2172 3726 Qua
2202 3654 2652 3715 'l‘homassinus
2677 3657 2747 3735 ξε)
2772 3658 2852 3717 ad
2885 3658 3129 3718 Sasima
3158 3657 3379 3731 trahit,
3412 3660 3701 3737 quamvis

274 3757 663 3816 Nazianzum
697 3754 953 3833 perinde
985 3759 1269 3831 spectare
1302 3753 1559 3830 possint.
1598 3753 1716 3812 Sed
1750 3752 2016 3812 Basilius
2047 3753 2413 3813 scholiastes
2441 3754 2577 3813 hac
2607 3755 2817 3828 verba,
2858 3777 2885 3809 α
2921 3756 3192 3815 alienam
3227 3774 3485 3815 uxorem
3521 3775 3558 3816 a
3587 3775 3704 3817 no-

272 3855 369 3913 bis
400 3851 748 3931 expetitam
782 3868 937 3921 esse,
977 3873 1006 3904 »
1042 3851 1134 3909 sic
1162 3850 1652 3926 interpretatur:
1686 3852 1811 3922 ἤτοι
1842 3876 1900 3908 κα

2072 3856 2307 3923 ὄτοῦτο,
2342 3855 2415 3917 ὡς
2450 3857 2963 3933 συκοφαντησάντων
3008 3856 3220 3924 οἰητέον
3271 3862 3376 3911 τῶν
3432 3856 3700 3912 ἐναντίων⁸

271 3959 307 4024 ἣ
350 3954 443 4011 διᾶ
473 3957 573 4024 τὴν
606 3954 931 4024 Ἐκκλησίαν
964 3950 1592 4014 Κωνσταντινουπόλεως
1624 3951 1895 4022 ἐκληπτὲο

2068 3964 2107 4006 »ο
2138 3954 2229 4006 est
2256 3966 2269 4005 :
2298 3947 2409 4007 Vel
2440 3946 2710 4025 idipsum
2742 3965 2852 4025 per
2878 3947 3275 4007 inimicorum
3310 3948 3696 4008 calumniam

272 4049 599 4125 objectum
632 4046 853 4105 t'uissse
877 4047 1224 4123 putandum
1249 4044 1469 4118 est,vel
1492 4062 1640 4103 sane
1673 4044 1748 4103 de
1776 4044 2053 4104 Ecclesia
2077 4043 2775 4121 (Jonstantinopolitana
2804 4043 3266 4125 accipiendum.
3308 4068 3335 4099 ι
3370 4047 3457 4104 De
3488 4043 3702 4105 Eccle-

269 4146 361 4205 sia
393 4146 616 4224 itaque
650 4144 817 4203 dicta
850 4142 984 4202 hac
1017 4144 1205 4202 etiam
1239 4141 1690 4219 intelligantur,
1741 4141 2032 4201 Ecclesia
2091 4147 2299 4200 tamen
2333 4140 2515 4200 alteri
2541 4141 2969 4219 mancipatum
3002 4160 3284 4220 unquam
3318 4142 3695 4220 Gregorium

267 4243 420 4303 inde
454 4262 583 4302 non
616 4242 815 4319 magis
844 4240 1144 4318 sequitur,
1187 4258 1377 4317 quam
1430 4240 1719 4298 eumdem
1780 4257 2041 4299 uxorem
2100 4238 2441 4315 aliquando
2472 4238 2724 4299 duxisse
2757 4256 2947 4317 quam
2982 4239 3305 4316 reliquerit
3340 4245 3580 4319 postea,
3617 4258 3697 4300 ex

267 4339 796 4418 interpretatione
842 4337 1034 4416 priori
1064 4343 1385 4414 sequatur.
1422 4336 1720 4414 Sequitur
1751 4343 1997 4396 tantum
2031 4354 2224 4395 uxore
2256 4354 2328 4395 ac
2359 4336 2650 4396 Ecclesia
2684 4354 2836 4396 cura
2866 4336 3125 4395 liberam
3160 4336 3562 4415 solutamque
3594 4337 3691 4397 vi—

266 4446 403 4497 tam
467 4442 531 4495 et
615 4433 1015 4495 matrimonio
1084 4433 1511 4511 anteposuisse
1566 4439 1627 4492 et
1682 4433 2099 4511 episcopatui,
2162 4433 2529 4512 priusquam
2590 4433 2668 4493 ad
2748 4433 3421 4513 Constantinopolitam
3486 4436 3699 4495 sedem

269 4534 671 4596 evaheretur.
708 4535 867 4594 Sunt
896 4549 1111 4591 versus
1142 4531 1427 4590 nonnulli
1460 4530 1753 4590 carminis
1787 4534 1841 4603 1,
1879 4531 1985 4608 qui
2017 4549 2158 4591 cum
2211 4530 2329 4591 hoc
2366 4531 2503 4590 loco
2534 4530 2874 4608 quamdam
2912 4530 3149 4590 habent
3175 4531 3544 4591 afﬁnitatem
3581 4532 3695 4610 (f):

266 4630 433 4687 Ἀ).Α’
462 4627 568 4682 οὐκ
596 4627 723 4699 ἐμὸν
757 4627 859 4703 γὰρ
888 4630 957 4700 τῇ
992 4626 1082 4701 βίᾳ
1135 4624 1345 4698 κάμψαι
1395 4624 1547 4699 γόνυ,
1583 4622 1695 4678 οὐδ’
1726 4624 2059 4680 ἀσπάσασθαι
2110 4627 2208 4694 τὴν
2258 4627 2490 4698 ἄθεσμον
2532 4622 2770 4700 ἵδρυσιν,
2797 4625 2857 4686 ὃς
2908 4622 3033 4679 οὐδὲ
3080 4626 3180 4694 τὴν
3230 4621 3481 4697 ἔνθεσμον
3532 4626 3700 4701 ἠναγ-

258 4727 563 4799 κασμὲνος·
627 4738 783 4796 quos
844 4736 1056 4777 versus
1141 4717 1484 4788 Cardonus,
1575 4718 1746 4794 apud
1811 4717 2183 4777 Bollandum
2244 4714 2355 4795 (g),
2433 4716 2909 4795 paraphrastice
2993 4720 3053 4775 et
3110 4715 3319 4774 soluta
3402 4716 3690 4776 oratione

266 4819 516 4879 felicius
573 4817 660 4876 sic
716 4816 939 4887 reddit,
999 4832 1188 4893 quam
1246 4814 1465 4874 Billius
1520 4813 1785 4875 stricta:
1826 4838 1856 4869 «
1891 4814 2009 4875 Sed
2070 4832 2197 4873 non
2253 4812 2329 4872 iis
2384 4830 2500 4888 ego
2560 4830 2696 4871 sum
2759 4810 3057 4884 moribus,
3092 4816 3161 4871 ut
3206 4810 3520 4871 violentia
3584 4811 3699 4872 ulli

266 4916 457 4976 facile
520 4914 870 4974 cedendum
928 4912 1297 4987 existimem,
1363 4918 1473 4971 aut
1529 4911 1973 4990 occupandam
2038 4909 2427 4979 cathedram,
2488 4927 2613 4968 non
2672 4909 2787 4967 rite
2845 4914 2906 4968 et
2962 4908 3122 4968 sicut
3176 4913 3428 4987 oportet
3500 4908 3695 4969 colla-

272 5020 430 5088 tam,
497 5011 608 5091 qui
641 5010 817 5072 nulla
875 5010 1114 5071 ratione
1171 5028 1393 5089 passus
1450 5027 1590 5071 sum
1652 5009 1717 5068 in
1775 5027 1849 5069 ea
1906 5026 2006 5068 me
2065 5007 2381 5079 collocari,
2433 5023 2621 5084 quam
2646 5004 2791 5084 jure
2848 5004 3206 5084 aquissimo
3245 5006 3529 5067 obtinere
3579 5025 3693 5087 po-

273 5120 502 5175 teram.
540 5133 573 5167 υ

343 5485 425 5558 (α)
454 5482 560 5558 Ep.
594 5483 669 5558 a_1.
694 5482 827 5558 232.

2109 5480 2181 5558 (θ)
2204 5475 2577 5558 ρίδᾳρλβθοι.
2617 5477 2765 5548 part.
2798 5491 2837 5545 ι,
2871 5474 2911 5533 l.
2945 5491 3010 5548 ιι,
3040 5492 3089 5533 c.
3121 5475 3211 5546 25,
3246 5491 3304 5530 n.
3340 5473 3375 5529 9

369 5503 404 5543 α
454 5482 560 5558 Ep.
594 5483 669 5541 al.
694 5482 827 5540 222.

369 5487 549 5675 23a.-
582 5555 661 5675 ξεῖ

2132 5480 2181 5623 εξ
2210 5480 2411 5604 Βίδειό).
2443 5480 2577 5535 eccl.
2617 5490 2697 5548 pa:

2130 5558 2154 5623 Ῑ
2204 5554 2273 5605 V.
2308 5550 2330 5605 4
2378 5550 2442 5604 71
2477 5552 2594 5604 ets
2685 5589 2697 5603 .

2109 5482 2185 5675 ξοδ
2217 5639 2273 5675 1x
2302 5621 2459 5675 Maii.
2484 5636 2541 5675 ο.

369 5560 397 5612 b
446 5560 549 5630 Ep.
582 5560 661 5613 al.
694 5560 787 5612 88.

344 5560 419 5715 lci
439 5628 542 5715 ῙῘΞΡ·
566 5627 812 5715 .⁸¹σ.42η;.
1053 5700 1116 5715 ηη
1268 5698 1296 5715 η

1071 5700 1116 5715 η
1268 5698 1296 5715 η
2110 5560 2185 5695 ξζῄ
2210 5560 2273 5678 ἷζε
2302 5560 2541 5696 ﬁt?
2567 5563 2699 5675 ἱΞὲ

2109 5482 2130 5691 ἕ

349 5697 419 5777 (d)
448 5697 605 5757 om.
628 5701 704 5757 al.
739 5697 833 5771 27,
868 5715 1020 5755 nunc
1052 5700 1141 5775 36,
1177 5715 1233 5754 η.
1266 5698 1321 5752 6.
