4122 6214
404 374 485 432 ’19
1418 355 1836 416 ΡΒᾸΞΡΑΊἾΟ
1885 349 2032 412 GEN

2188 349 2348 410 .LIs.
2381 383 2458 396 --
2495 351 2690 412 esas
2737 351 2816 413 11.
3739 352 3816 414 30

493 503 861 580 Legitimam
921 495 1084 556 enim
1141 493 1341 563 illam,
1403 496 1472 549 ut
1526 490 1615 550 ita
1675 488 1921 564 loquar,
1989 510 2017 540 «
2079 484 2121 543 ir

2191 485 2697 557 ironizationem,
2733 511 2761 541 »
2801 490 3058 565 ἔνθεσμον
3090 493 3327 570 ἵδρυσιν,
3388 509 3516 550 non
3564 490 3819 561 factam,

417 605 523 664 sed
570 601 900 665 oblatam;
953 613 1077 653 non
1138 590 1457 664 traditam,
1545 594 1614 646 ut
1668 585 1888 646 Billius
1946 582 2185 657 reddit,
2245 584 2352 641 sed
2437 585 2806 645 tradendam
2865 605 3122 645 uxorem
3184 589 3542 664 Gregorius,
3603 589 3654 647 si
3737 589 3832 647 fas

421 709 514 761 est
569 699 797 762 dicere,
859 688 1216 765 dereliquit.
1275 689 1398 744 Nec
1457 686 1694 743 incerta
1737 699 1870 740 res:
1932 681 2105 739 illam
2166 682 2437 757 probant
2486 700 2700 741 versus
2755 684 3049 743 carminis
3113 685 3194 743 De
3264 685 3387 745 vita
3441 704 3548 744 sua
3599 687 3714 745 541
3773 692 3833 744 et

423 817 555 875 seq.
616 797 692 854 Et
748 797 912 849 certe
961 786 1194 846 nemini
1250 783 1511 843 dubium
1571 799 1703 840 esse
1759 783 1982 857 potest,
2049 778 2199 854 quin
2256 778 2552 849 universi,
2617 797 2742 838 non
2796 785 3040 839 tantum
3076 782 3433 859 provinciae,
3497 784 3604 842 sed
3657 781 3828 842 orbis

427 874 638 961 totius,
712 905 900 967 quam
962 886 1086 944 late
1142 887 1337 961 patet,
1399 879 1698 958 praesules
1755 878 1834 936 ad
1919 874 2315 934 evehendum
2395 877 2764 952 Gregorium
2824 879 2901 937 ad
2975 879 3430 957 episcopatum,
3491 899 3598 940 seu
3658 881 3826 941 Sasi-

428 1007 729 1060 mensem,
789 1004 896 1045 seu
967 981 1420 1042 Nazianzenum
1482 977 1749 1036 libenter
1801 973 2282 1051 conspirassent,
2344 972 2394 1032 si
2449 973 2580 1051 ipse
2638 974 3069 1036 consensisset.
3138 980 3321 1038 «Nec
3377 979 3564 1051 enim,
3627 979 3833 1057 inquit

427 1095 503 1152 de
532 1107 596 1148 se
625 1087 761 1165 ipso
791 1083 900 1162 (a),
939 1080 1096 1140 adeo
1157 1076 1468 1157 epiSCOpis
1527 1071 1917 1152 contemptui
1970 1089 2207 1142 sumus,
2272 1076 2338 1130 ut
2395 1071 2588 1130 alium
2649 1079 2940 1134 manente
2994 1093 3094 1135 me
3151 1076 3582 1138 renuntiarent
3618 1096 3629 1135 :
3665 1100 3694 1130 »
3759 1095 3831 1137 eo

429 1205 616 1249 sensu
675 1201 751 1242 ne
813 1176 1190 1258 «propriam
1252 1173 1503 1252 quidem
1564 1187 1845 1241 uxorem,
1903 1192 1930 1222 »
1995 1168 2283 1228 sedemve
2343 1168 2712 1246 legitimam,
2773 1194 2802 1226 ‹‹
2865 1171 3097 1232 habere
3155 1195 3182 1230 ι)
3245 1174 3518 1234 voluisse
3575 1176 3833 1236 creden-

433 1288 550 1346 dus
605 1288 719 1343 est.
781 1277 1041 1340 Leviora
1071 1280 1214 1333 sunt
1273 1290 1412 1349 quae
1473 1269 1877 1347 objiciuntur,
1940 1265 2109 1343 quod
2169 1266 2504 1342 Gregorius
2555 1286 2826 1326 «suos»
2890 1271 3169 1348 appellat
3230 1273 3650 1333 Nazianzenos
3704 1273 3831 1352 (b):

439 1381 654 1440 «sui»
721 1375 997 1454 profecto
1055 1376 1254 1440 erant,
1290 1369 1514 1446 patria,
1561 1364 1977 1435 habitatione,
2041 1362 2289 1433 affectu,
2347 1382 2498 1422 cura
2550 1383 2622 1423 ac
2676 1366 3097 1427 sollicitudine
3155 1388 3395 1443 eorum,
3448 1389 3634 1448 quam
3694 1371 3835 1449 plu-

435 1481 556 1540 ries
612 1473 901 1552 suscepit,
965 1471 1092 1529 sive
1149 1468 1296 1527 dum
1335 1473 1508 1544 pater
1557 1465 1731 1522 senio
1785 1463 2106 1521 confectus
2162 1467 2476 1537 superstes
2532 1469 2712 1534 esset,
2765 1466 2892 1524 sive
2949 1473 3088 1542 post
3148 1475 3410 1527 mortem
3463 1470 3678 1545 ipsius,
3713 1470 3843 1528 sive

440 1583 581 1656 post
649 1572 1002 1632 abdicatam
1063 1565 1269 1625 sedem
1332 1560 2120 1638 Constantinopolitanam,
2187 1558 2295 1616 sed
2351 1576 2673 1636 nunquam
2736 1568 2803 1620 ut
2862 1564 3152 1640 proprius
3204 1583 3419 1623 eorum
3479 1567 3836 1644 episcopus.

441 1679 552 1736 Sat
607 1672 684 1730 de
716 1665 1052 1731 Sasimensi
1083 1671 1144 1723 et
1201 1660 1587 1722 Nazanzieno
1617 1657 2082 1736 episcopatibus
2135 1656 2394 1728 dictum,
2432 1665 2623 1734 atque
2679 1660 2867 1718 etiam
2919 1663 3101 1738 plura
3131 1662 3340 1722 forsan
3373 1682 3563 1741 quam
3596 1681 3846 1724 necesse

445 1777 599 1833 erat.

525 1864 768 1930 Amotis
854 1857 1192 1923 Sasimensi
1273 1861 1334 1916 et
1403 1855 1791 1915 Nazianzeno
1873 1851 2357 1930 episcopatibus,
2448 1871 2604 1930 quos
2663 1874 2983 1932 nunquam
3043 1875 3080 1917 a
3137 1858 3433 1936 Gregorio
3507 1866 3845 1939 occupatos

448 1969 632 2028 fuisse
677 1962 1172 2021 demonstratum
1231 1954 1412 2013 nobis
1469 1952 1750 2022 vedetur,
1804 1956 2084 2028 superest
2140 1955 2209 2008 ut
2264 1949 2359 2008 vel
2418 1951 2669 2022 nullius,
2725 1953 2820 2012 vel
2879 1972 3028 2014 sane
3086 1956 3256 2015 urbis
3313 1958 3844 2037 Constantinopo-

448 2067 543 2137 lis,
605 2079 718 2121 nec
768 2057 887 2117 nisi
971 2051 1539 2129 Constantinopolis
1625 2050 1956 2127 cpiscopus
2045 2048 2434 2106 renuntiatus
2512 2049 2695 2108 fuerit
2754 2052 3107 2128 Gregorius.
3174 2055 3849 2134 Constantinopolitani

447 2158 724 2240 episcopi
781 2155 1030 2214 titulum
1092 2150 1373 2228 plerique
1434 2166 1622 2206 manu
1700 2144 1940 2204 exarati
1989 2143 2232 2204 codices
2316 2145 2657 2222 praeferunt
2711 2164 2725 2217 ;
2813 2149 3578 2228 Constantinopolitanum
3636 2172 3855 2213 revera

450 2258 819 2337 episcopum
880 2250 1068 2308 fuisse
1126 2264 1222 2306 res
1281 2245 1416 2322 ipsa
1474 2243 1775 2320 loquitur,
1843 2241 2187 2319 loquuntur
2244 2247 2384 2299 acta
2443 2242 2798 2320 scriptaque
2856 2245 3090 2304 omnia.
3125 2249 3324 2306 Tanta
3355 2250 3606 2309 fuerunt
3663 2251 3856 2330 «ple-

447 2357 561 2424 bis,
653 2364 1189 2431 possessorum,»
1286 2350 1352 2401 ut
1434 2358 1705 2400 canones
1792 2338 2254 2417 prsescribunt,
2346 2337 2858 2412 clarissimorum,
2947 2342 3366 2420 imperatoris,
3455 2346 3623 2419 cieri,
3714 2349 3850 2425 epi-

446 2469 870 2531 scoporum,»
934 2445 1211 2503 virorum
1272 2442 1460 2500 etiam
1521 2456 1592 2497 ac
1658 2437 2011 2507 mulierum,
2104 2435 2468 2510 Gregorium
2560 2439 2890 2513 praesulem
2969 2441 3421 2516 postulantium
3509 2444 3715 2504 studia
3785 2452 3848 2505 et

449 2561 613 2618 vota,
679 2553 744 2606 ut
801 2562 984 2603 neruo
1041 2541 1212 2610 satis,
1275 2537 1389 2596 nisi
1449 2535 1782 2612 Gregorius
1838 2538 1994 2610 ipse,
2054 2533 2258 2591 verbis
2343 2535 2738 2609 expresserit.
2799 2536 2950 2594 Cum
3010 2538 3398 2599 Theodosius
3457 2542 3627 2600 urbis
3681 2544 3844 2603 ροη-

448 2642 1024 2721 stantinOpolitanae
1084 2636 1375 2697 ecclesias
1433 2633 1768 2694 Catholicis
1841 2630 2136 2702 restituit,
2197 2648 2447 2706 unaque
2506 2649 2647 2689 cum
2707 2649 2779 2691 eo
2841 2635 3138 2711 majorem
3204 2637 3523 2697 basilicam
3582 2640 3854 2700 Theolo-

454 2763 568 2822 gus
624 2741 835 2809 subiit,
895 2737 1003 2813 qui
1060 2734 1230 2812 prius
1287 2738 1421 2790 erat
1477 2730 1538 2788 in
1600 2729 1814 2788 nubilo
1873 2728 1963 2786 sol
2022 2727 2282 2785 refulsit.
2352 2727 2525 2796 «lbi,
2564 2752 2590 2780 »
2651 2729 2855 2806 inquit
2911 2732 3245 2809 Gregorius
3304 2733 3401 2812 (ο),
3470 2754 3671 2795 «cum
3731 2736 3851 2797 hoc

455 2837 810 2920 spectaculo
867 2833 1155 2892 subiisset
1208 2830 1450 2887 animos
1509 2827 1758 2895 ﬁducia,
1793 2848 1820 2878 »
1885 2843 2024 2901 quae.
2082 2824 2298 2882 aderat
2359 2826 2692 2885 multitudo
2758 2828 3088 2888 «clamare
3141 2831 3286 2890 totis
3316 2831 3550 2892 viribus
3607 2852 3679 2893 ac
3735 2834 3847 2895 de-

458 2954 713 3019 poscere
772 2951 903 3003 nos,
966 2931 1027 2989 in
1086 2928 1557 3006 praesentiarum
1620 2946 1646 2979 ››
1714 2923 1878 2981 haud
1939 2922 2120 2980 aliter
2181 2945 2210 2975 «
2241 2940 2312 2980 ac
2367 2921 2415 2980 si
2475 2925 2593 2981 hoc
2654 2943 2843 2983 unum
2903 2927 3238 3001 defuisset;
3302 2929 3715 3010 princepsque
3764 2951 3839 2992 ac

457 3035 803 3097 maximum
864 3045 1173 3088 asummo
1229 3024 1506 3102 principe
1564 3023 1681 3080 hoc
1735 3021 1969 3079 civitati
2028 3020 2158 3079 fore
2217 3019 2457 3078 thronis
2514 3021 2662 3098 ipsis
2717 3025 3225 3101 anteponendum
3260 3044 3504 3097 munus,
3559 3030 3609 3088 si
3671 3031 3842 3091 urbis

455 3135 671 3195 solio»
741 3125 1083 3206 episcopali
1145 3146 1172 3179 (ι
1205 3123 1282 3182 ab
1340 3122 1476 3198 ipso
1530 3120 1929 3179 donaremur.
1991 3117 2120 3176 Hoc
2177 3116 2292 3176 viri
2350 3117 2650 3195 dignitate
2705 3122 3029 3199 praecipui,
3093 3127 3211 3182 hoc
3268 3124 3548 3184 inﬁmum
3611 3128 3849 3205 vulgus

456 3230 760 3310 agitabat.
821 3227 1048 3286 Omnes
1104 3239 1178 3280 ex
1266 3237 1446 3296 aequo
1506 3235 1635 3276 rem
1715 3214 2176 3284 desiderabant,
2238 3214 2375 3292 pari
2459 3217 2813 3292 ﬂagrabant
2895 3219 3243 3280 desiderio;
3333 3222 3450 3282 hoc
3504 3222 3629 3281 alta
3690 3244 3844 3284 voce

458 3330 750 3389 mulieres
779 3320 1226 3391 inclamabant,
1266 3336 1424 3395 pene
1455 3315 1726 3394 amplius
1782 3332 1972 3392 quam
2035 3312 2326 3372 mulieres
2382 3313 2650 3374 deceret.
2701 3316 3068 3377 lncredibile
3107 3319 3446 3395 quoddam,
3483 3337 3845 3398 repercusso

452 3429 723 3503 fragore,
761 3421 992 3481 tonitru
1028 3415 1422 3476 audiebatur.
1455 3440 1485 3467 υ

532 3527 707 3584 Tunc
765 3518 1016 3596 quidem
1076 3515 1222 3572 vicit
1270 3511 1574 3587 'I‘heologi
1649 3509 1955 3568 modestia
2011 3507 2115 3587 (εἰ),
2182 3527 2385 3585 neque
2446 3514 2576 3567 tum
2638 3511 2778 3587 cogi
2838 3513 3042 3589 potuit
3098 3519 3165 3572 ut
3217 3514 3572 3593 epiSCOpale
3623 3517 3847 3576 solium

453 3619 946 3684 conscenderet:
1030 3630 1248 3672 verum
1339 3609 1418 3668 ad
1499 3607 1775 3686 agendas
1861 3606 1966 3664 uni
2050 3608 2176 3665 Deo
2261 3607 2494 3682 gratias
2571 3609 2789 3686 populi
2897 3610 3097 3669 studia
3187 3612 3279 3670 vir
3336 3613 3606 3686 divinus,
3641 3620 3847 3674 θειότα-

450 3747 564 3793 τος,
629 3715 891 3795 provida
974 3709 1345 3769 dexteritate
1427 3706 1737 3765 convertit
1795 3704 1891 3782 (ε).
1953 3705 2107 3763 Tam
2195 3704 2474 3762 unanimi
2532 3706 2810 3764 omnium
2877 3708 3166 3767 ordinum
3229 3711 3657 3786 postulationi,
3719 3718 3847 3773 tam

452 3815 815 3878 ardentibus
875 3809 1030 3869 votis
1110 3813 1171 3866 et
1227 3804 1627 3875 clamoribus,
1717 3803 2179 3880 episcoporum,
2241 3801 2628 3879 plenariique
2707 3805 2954 3863 concilii
3013 3806 3351 3883 provinciae
3423 3828 3546 3868 non
3604 3815 3847 3870 tantum

453 3915 561 3977 sed
620 3909 889 3974 Orientis
945 3908 1132 3966 etiam
1217 3922 1374 3982 pene
1439 3901 1628 3960 totius
1713 3906 1773 3958 et
1846 3899 2248 3958 (Βουσιθηὶοω
2325 3899 2547 3976 synodi
2631 3902 2930 3979 suffragia
3015 3903 3376 3964 solemniter
3431 3916 3849 3968 accesserunt.

460 4011 835 4089 «Quidquid
866 4007 1105 4078 Oriens,
1140 4005 1345 4082 inquit
1372 4003 1481 4081 (/),
1545 4000 1843 4071 habebat,
1904 4006 2164 4077 excepta
2209 4000 2498 4077 z’Egypto,
2563 4001 2780 4078 populi
2827 4003 3171 4062 antistitum
3206 4004 3285 4063 ad
3336 4007 3596 4065 Romam
3659 4027 3858 4086 usque

455 4109 820 4182 secundam,
856 4112 1037 4166 terrae
1098 4103 1414 4180 marisque
1472 4119 1548 4160 ex
1605 4098 1905 4158 recessius
1959 4097 2196 4156 intimis
2254 4098 2633 4156 concitatum
2694 4100 2840 4159 coit.
2907 4102 3011 4160 His
3071 4103 3443 4179 praesidebat
3478 4105 3568 4162 vir
3623 4106 3858 4182 pietate

456 4208 894 4268 maximus.....
959 4201 1237 4260 moribus
1294 4199 1569 4258 mellitus
1647 4196 1976 4274 (Meletius)
2060 4202 2121 4255 et
2178 4196 2450 4255 nomine.
2514 4197 2588 4255 lli
2676 4216 2772 4256 me
2829 4198 3139 4258 collocant
3198 4200 3596 4279 ﬁrmantque,
3656 4211 3857 4279 πήξον-

453 4332 565 4376 τες,
598 4305 661 4362 in
693 4305 961 4378 augusta
1017 4299 1160 4357 sede
1219 4298 1595 4356 clamantem
1657 4301 2159 4372 gementemque,
2225 4313 2347 4352 una
2405 4299 2613 4353 tamen
2683 4294 2759 4353 de
2815 4314 3004 4355 causa
3062 4316 3184 4355 non
3245 4297 3429 4375 plane
3486 4317 3848 4377 repugnan-

455 4409 602 4462 tem.
638 4423 665 4457 n

533 4498 652 4558 Sed
686 4514 798 4555 nec
855 4492 1292 4570 lEgyptiorum
1355 4489 1542 4548 etiam
1601 4489 1868 4548 defuisse
1925 4487 2170 4546 videtur
2227 4505 2585 4560 consensus,
2647 4509 2803 4567 quos
2861 4491 3113 4568 quidem
3171 4494 3439 4553 maxime
3495 4494 3591 4553 his
3651 4495 3858 4556 verbis

450 4594 794 4672 alloquitur
852 4589 1187 4667 Gregorius
1245 4587 1367 4666 (g):
1437 4585 1659 4656 «Heri,
1723 4591 1793 4645 ut
1847 4586 1937 4644 ita
1994 4584 2222 4654 dicam,
2282 4585 2702 4660 intbronistae,
2739 4588 2922 4648 hodie
2978 4598 3433 4666 persecutores,
3467 4609 3539 4651 ac
3598 4609 3630 4650 e
3674 4591 3853 4652 thro-

449 4713 555 4764 no,
617 4694 679 4751 in
740 4709 864 4769 quo
927 4706 1024 4746 me
1073 4685 1446 4754 collocastis,
1510 4683 1938 4743 deturbantes.
1999 4704 2028 4735 »
2097 4680 2532 4758 Conjecturam
2620 4690 2908 4745 astruunt
2965 4687 3259 4746 carminis
3316 4687 3595 4764 ejusdem
3658 4688 3853 4748 versi-

449 4791 572 4849 culi
607 4792 758 4849 l8lO
820 4795 880 4846 et
937 4788 1108 4858 1811,
1172 4783 1399 4861 quibus
1454 4786 1718 4840 testatur
1774 4779 2101 4857 Aﬂgyptios
2163 4778 2416 4837 minime
2476 4780 2742 4840 voluisse
2798 4782 2860 4841 in
2920 4783 3148 4844 throno
3210 4785 3850 4863 Constantinopolita-

453 4908 533 4948 no
589 4888 854 4946 altcrum
913 4903 950 4942 a
1011 4901 1073 4941 se
1123 4882 1480 4952 collocare;
1541 4879 1688 4956 quin
1749 4888 1810 4938 et
1895 4877 2211 4937 contraria
2267 4878 2562 4953 Gregorio
2619 4879 2738 4956 ipsi
2799 4881 3055 4941 omnino
3106 4882 3481 4959 persuadere
3540 4884 3857 4943 conaban-

455 4995 576 5055 tur,
639 4985 796 5043 adeo
854 4987 922 5041 ut
957 4980 1186 5039 nullius
1218 4980 1278 5037 in
1344 4986 1472 5037 toto
1505 4971 1769 5036 concilio
1828 4975 2104 5053 generali
2158 4993 2496 5035 consensus
2552 4984 2741 5055 atque
2795 4978 3163 5056 suffragium
3223 4980 3491 5039 defuisse
3543 4981 3854 5042 videatur.

454 5083 787 5157 Gregorius
845 5086 1079 5150 autem,
1141 5077 1249 5155 qui
1305 5076 1485 5134 binus
1541 5075 1936 5152 episcopatus
2015 5080 2285 5149 ingerat,
2347 5073 3110 5153 Constantinopolitanum
3186 5078 3458 5155 suscepit
3513 5095 3622 5155 spe
3681 5079 3854 5155 pacis

451 5176 897 5245 conciliandae;
960 5191 1159 5251 eaque
1241 5172 1574 5250 desperata
1651 5170 1945 5246 deseruit,
2006 5174 2074 5227 ut
2157 5168 2220 5227 in
2279 5168 2636 5247 solitudine,
2701 5174 2824 5232 Deo
2909 5178 3269 5249 contentus,
3366 5173 3640 5252 expetita
3699 5191 3852 5253 pace

521 5441 1042 5521 (ωῐὲρ-δι-έῖο.
1169 5511 1180 5521 .
1291 5511 1319 5521 .,

2280 5436 2352 5521 [(5‘)
2377 5435 2907 5521 I’l‘heodqet.__ﬂzst.
2943 5439 3045 5496 lib.
3079 5457 3222 5521 vi);
3252 5443 3303 5498 8.

520 5508 595 5592 (0)
624 5508 814 5592 Germ:
851 5514 924 5567 De
951 5511 1066 5592 sitis
1097 5511 1341 5592 cal‘aﬂzt't.
1375 5584 1384 5592 .

2275 5508 2348 5592 if
2374 5508 2565 5592 quin.
2597 5511 2670 5564 De
2697 5513 2816 5592 ρρίᾳ
2843 5528 2963 5584 sua,
2995 5529 3048 5568 ν.
3085 5514 3241 5570 1507.

518 5587 588 5714 (f2
620 5589 696 5640 De
725 5585 884 5639 rebus
913 5584 1049 5664 suis,
1082 5600 1133 5638 v.
1169 5583 1305 5637 1371i
1336 5584 1392 5635 et
1423 5596 1550 5651 sqq.
2276 5581 2352 5653 (9)
2386 5581 2558 5654 Ibid-a
2590 5598 2641 5639 Vo
2679 5581 2834 5640 1931-

520 5664 542 5744 ς
578 5655 814 5736 )Carm.
854 5659 930 5712 De
968 5661 1080 5714 υιια
1102 5670 1224 5728 sua,
1253 5668 1307 5710 v.
1341 5652 1498 5710 1393.

804 5696 814 5711 ο
854 5692 928 5712 νυ
968 5692 1080 5714 νουνν
1102 5692 1224 5728 0w,
1264 5692 1307 5710 Vl
1345 5692 1498 5710 ιυννο
