4122 6214
286 369 347 429 81
1266 379 1685 443 ΡΒᾸΞἘΑΤΙΟ
1728 380 1914 441 GENE

2054 378 2191 439 LIS.
2226 411 2300 422 —
2339 376 2542 437 PARS
2588 376 2663 436 ll.
3593 373 3670 438 82

285 508 593 568 frueretur.
662 507 754 568 Ita
836 510 1009 587 quod
1090 513 1426 575 schismate
1503 516 1936 576 laborantibus
2035 512 2372 573 Corinthiis
2431 512 2523 570 vir
2580 510 2959 589 apostolicus
3036 508 3321 569 Clemens
3403 509 3670 588 epistola

280 604 448 681 priori
498 605 802 667 suadebat
859 608 967 688 (α),
1026 616 1094 670 ut
1128 635 1155 666 ‹‹
1190 612 1254 673 Si
1314 614 1454 690 quis
1512 622 1671 675 esset
1728 630 2089 690 generosus,
2124 612 2174 671 si
2232 611 2371 688 quis
2432 609 2804 679 misericors,
2842 609 2889 667 si
2963 608 3100 685 quis
3160 607 3485 666 charitatis
3534 610 3665 685 ple-

279 720 398 775 nus,
430 702 699 764 diceret:
735 706 801 766 Si
856 714 1116 786 propter
1175 728 1272 770 me
1332 712 1550 772 seditio
1589 718 1650 772 et
1710 712 2023 771 discordia
2082 716 2142 769 et
2197 709 2562 777 schismata,
2622 706 2977 767 discedo....
3040 705 3240 765 solum
3275 705 3438 763 ovile
3487 706 3666 766 Chri-

276 802 340 860 sti
367 803 425 861 in
456 822 613 881 pace
666 806 941 884 degat,»
1004 814 1174 878 etc.;
1238 811 1315 870 ad
1376 812 1543 890 quod
1590 818 1880 890 paratum
1940 830 2003 871 se
2036 827 2167 870 esse
2224 815 2367 887 post
2423 807 2780 886 exemplum
2838 806 3145 884 Theologi
3184 805 3665 884 Chrysostomus

274 899 667 977 proﬁtebatur
723 902 853 983 (b):
939 906 999 965 id
1061 908 1397 985 Gregorius
1456 913 1879 969 Nazianzenus
1934 908 2137 986 reipsa
2196 906 2507 985 praestitit,
2572 905 2679 983 qui
2739 910 2805 963 ut
2860 904 3152 964 seditioni
3208 903 3459 964 obviam
3516 904 3655 978 iret,

269 1004 585 1075 postquam
644 1002 721 1059 ad
807 1004 1569 1083 Constantinopolitanam
1654 1007 1867 1067 sedem
1952 1007 2246 1065 admotus
2330 1010 2510 1076 esset,
2574 1002 2859 1080 protinus
2932 1001 3224 1062 Ecclesiae
3304 1001 3661 1080 repudiavit

268 1094 711 1171 prmfecturam,
772 1117 889 1159 nec
918 1100 1105 1160 aliam
1172 1124 1200 1159 ‹‹
1233 1102 1325 1161 vir
1384 1122 1808 1181 generosus,»
1846 1108 1915 1163 ut
1969 1103 2174 1161 verbis
2232 1102 2295 1161 S.
2357 1100 2689 1160 Clementis
2746 1106 2911 1170 utar,
2980 1099 3135 1157 «vir
3193 1098 3544 1158 misericors
3594 1105 3658 1158 et

268 1189 473 1269 plenus
527 1195 878 1269 charitatis,
932 1221 963 1252 »
1025 1198 1151 1259 vita
1208 1200 1418 1259 divina
1474 1202 1757 1279 insignis,
1822 1200 2194 1260 Christiana:
2252 1198 2312 1257 in
2346 1198 2623 1258 Ecclesia
2657 1198 2824 1275 pacis
2882 1203 3122 1273 martyr
3178 1202 3240 1255 et
3298 1196 3505 1256 hostia
3547 1196 3648 1274 (ο),

267 1294 576 1355 discedens
649 1293 731 1354 ab
794 1295 1171 1373 imperatore
1245 1299 1534 1376 poposcit
1588 1300 1876 1376 gratiam,
1965 1298 2081 1357 nisi
2138 1304 2207 1356 ut
2292 1297 2369 1355 ad
2430 1295 2827 1355 concordiam
2902 1294 3241 1352 adduceret
3297 1293 3645 1369 episcopos,

265 1389 639 1443 contestatus
697 1401 762 1441 se
820 1384 1039 1443 mundi
1112 1388 1336 1463 gratia,
1398 1406 1537 1464 quae
1596 1388 1951 1465 patiebatur
2035 1387 2163 1464 pati
2222 1386 2424 1451 facile,
2485 1390 2545 1443 et
2602 1384 2677 1443 ad
2735 1383 3192 1441 conciliandam
3254 1381 3490 1439 mundo
3548 1400 3653 1458 pa-

263 1498 380 1540 cem
433 1479 589 1539 urbe
645 1478 1002 1558 thronoque
1058 1483 1357 1543 excedere
1413 1484 1701 1558 libenter,
1759 1484 1900 1561 paci
1957 1482 2226 1560 denique
2284 1481 2495 1540 omnia
2526 1480 2750 1539 litare:
2796 1478 3015 1549 «Quin
3075 1477 3263 1537 etiam
3320 1477 3461 1545 scis,
3496 1498 3525 1532 »
3564 1477 3649 1535 in-

259 1579 380 1656 quit
432 1578 542 1657 ((1),
608 1578 845 1657 alloqui
903 1582 1637 1661 pergensimperatorem
1697 1583 2141 1654 Theodosium,
2181 1604 2209 1635 «
2244 1598 2432 1659 quam
2492 1579 2904 1639 reluctantem
2938 1577 2995 1636 in
3056 1576 3284 1637 throno
3317 1594 3414 1635 me
3458 1576 3649 1637 collo-

256 1677 411 1737 casti.
449 1701 479 1733 ι

328 1777 657 1853 Nunquam
744 1775 1184 1851 Sasimensem,
1266 1798 1585 1857 nunquam
1671 1778 2125 1840 Nazianzenum
2213 1777 2574 1856 episcopum
2661 1793 2727 1834 se
2784 1773 2942 1833 dixit
3023 1772 3220 1833 dicive
3274 1790 3493 1851 passus
3550 1778 3642 1833 est

262 1873 597 1950 Gregorius,
660 1873 767 1933 sed
822 1892 1068 1953 semper
1120 1875 1184 1934 in
1241 1877 1623 1938 carminibus
1680 1883 1742 1937 et
1789 1875 2067 1954 epistolis
2124 1874 2527 1934 vehementer
2582 1872 2930 1933 reclamat:
2993 1869 3636 1948 Constantinopolita-

255 1989 380 2030 nam
436 1988 585 2030 vero
643 1972 851 2030 sedem
909 1990 975 2031 se
1030 1974 1339 2051 accepisse
1372 1977 1623 2045 fatetur,
1685 1975 1746 2033 in
1813 1994 1886 2034 ea
1943 1994 2007 2033 se
2065 1973 2441 2032 collocatum
2498 1971 2685 2031 fuisse
2736 1976 3019 2039 testatur,
3053 1986 3248 2045 seque
3278 1969 3408 2045 ipse
3441 1970 3636 2029 nomi-

253 2076 346 2128 nat
393 2068 561 2128 illius
622 2069 794 2128 urbis
846 2070 1232 2148 episcopum.
1294 2077 1472 2132 Certe
1528 2092 1641 2133 nec
1697 2072 1900 2149 major
1956 2090 2068 2131 nec
2099 2071 2377 2148 apertior
2409 2070 2536 2129 ulla
2594 2076 2797 2148 potest
2851 2085 2983 2126 esse
3040 2067 3381 2127 auctoritas
3439 2087 3630 2147 quam

251 2166 394 2225 istud
450 2166 798 2226 authentici
856 2169 1215 2228 testamenti
1287 2170 1665 2248 principium
1726 2177 1786 2229 et
1839 2168 1997 2227 finis.
2090 2173 2176 2228 Ac
2237 2166 2610 2246 principium
2671 2165 2964 2242 quidem:
3033 2165 3448 2240 «Gregorius,
3536 2168 3633 2225 in-

252 2263 390 2340 quit,
447 2263 783 2341 episcopus
837 2265 1164 2326 catholica:
1245 2268 1819 2345 Constantinopolis
1892 2267 2204 2334 Ecclesiae,
2268 2266 2480 2324 vivens
2551 2281 2623 2322 ac
2681 2262 3027 2340 prudens...
3088 2285 3118 2317 »
3184 2263 3251 2320 In
3311 2263 3432 2321 fine
3488 2282 3634 2324 vero

252 2361 604 2440 subscriptio
664 2360 800 2421 haec
858 2370 1006 2422 est:
1070 2366 1404 2442 Gregorius
1458 2366 1786 2444 episcopus
1843 2366 2172 2426 catholicae
2231 2360 2807 2439 ConstantinOpolis
2886 2360 3180 2419 Ecclesiae
3264 2360 3457 2438 relegi
3542 2367 3633 2421 te-

252 2462 638 2531 stamentum,
702 2464 765 2518 et
844 2460 1059 2520 omnia
1141 2462 1499 2540 approbans
1582 2462 1922 2541 subscripsi
2005 2480 2193 2520 manu
2280 2478 2439 2532 mea,
2501 2464 2563 2518 et
2630 2458 2753 2517 vim
2814 2456 3097 2516 obtinere
3178 2456 3323 2517 volo
3397 2463 3459 2517 et
3532 2457 3636 2535 ju-

250 2555 375 2613 beo.
406 2578 435 2609 ››

322 2660 595 2738 Denique
667 2659 831 2719 inter
903 2656 1231 2736 episcopos
1304 2657 2030 2737 Constantinopolitanos
2088 2657 2149 2715 in
2208 2655 2646 2736 episcoporum
2725 2651 2912 2731 hujus
2968 2651 3141 2713 urbis
3192 2652 3347 2713 serie
3402 2652 3489 2712 sic
3546 2671 3639 2712 re-

250 2763 571 2818 censetur:
643 2782 672 2813 «
728 2754 1062 2833 Gregorius
1118 2756 1495 2834 Theologus,
1557 2757 1942 2817 Sasimorum
2002 2756 2272 2834 primum
2330 2754 2659 2832 episcopus
2717 2751 3142 2831 (designatus),
3208 2751 3637 2813 Constantino-

251 2856 544 2933 politanus
619 2854 737 2914 sub
793 2852 1146 2914 Theodosio
1200 2854 1429 2932 Magno
1489 2855 1880 2915 renuntiatus
1936 2861 2050 2923 est,
2114 2853 2295 2931 eique
2353 2852 2488 2911 haec
2545 2850 2738 2923 sedes,
2784 2848 2977 2909 veluti
3035 2850 3143 2927 qui
3201 2848 3400 2909 multa
3454 2849 3633 2910 labo-

252 2960 443 3027 rasset,
509 2972 585 3013 ac
648 2952 988 3013 Ecclesiam
1039 2952 1117 3010 ab
1173 2952 1402 3028 injuria
1462 2954 1835 3013 vindicasset
1888 2952 1953 3011 in
2011 2952 2389 3023 libertatem,
2424 2948 2850 3026 estasynodo
2882 2947 3355 3008 conﬁrmatam)
3420 2954 3634 3009 Ἐπικυ-

251 3049 483 3121 ρωΘὲντος
510 3048 663 3119 αὐτῷ
686 3052 780 3102 τοῦ
811 3047 1005 3121 Θρόνου
1030 3048 1175 3122 παρά
1199 3054 1299 3116 τῆς
1332 3045 1574 3104 συνόδου.

314 3141 557 3201 Nullum
614 3141 748 3218 jam
800 3140 964 3199 circa
1014 3140 1414 3218 episcopatus
1463 3139 1743 3218 Gregorii
1799 3139 2055 3199 dubium
2116 3138 2360 3197 videtur
2442 3153 2787 3213 superesse,
2849 3153 2964 3194 nec
3022 3134 3384 3195 evellendus
3440 3140 3636 3196 restat

250 3239 581 3316 scrupulus.
620 3237 944 3315 Siquidem
990 3256 1065 3296 ex
1124 3236 1307 3297 dictis
1389 3244 1675 3297 constare
1730 3238 1917 3296 debet
1973 3255 2138 3304 eum,
2201 3253 2312 3294 nec
2371 3235 2779 3303 Sasimorum,
2818 3252 2931 3291 nec
2990 3233 3297 3305 Nazianzi,
3359 3233 3469 3292 sed
3529 3251 3631 3293 so-

246 3330 344 3390 lius
394 3331 976 3409 Constantinopolis
1033 3331 1323 3391 Ecclesiae
1375 3333 1735 3409 episcopum
1804 3331 2270 3391 renuntiatione
2355 3328 2607 3407 publica
2679 3335 2740 3387 et
2814 3328 3139 3397 canonica,
3191 3328 3633 3387 communibus

246 3429 409 3489 totius
464 3430 623 3489 cleri
677 3447 749 3489 ac
808 3428 1025 3507 populi
1083 3428 1241 3487 votis
1271 3434 1332 3488 et
1387 3430 1720 3506 suffragiis,
1783 3447 2022 3488 necnon
2087 3427 2346 3506 plenarii
2414 3425 2654 3484 concilii
2717 3425 2970 3483 Patrum
3028 3424 3307 3483 omnium
3366 3442 3629 3485 consen-

244 3541 319 3595 su,
374 3526 566 3586 fuissa
658 3526 1114 3585 renuntiatum.
1176 3528 1307 3584 Non
1394 3526 1562 3584 aliud
1622 3526 1814 3602 igitur
1892 3526 2037 3583 huic
2126 3530 2354 3583 nostrae
2438 3522 2715 3599 Gregorii
2801 3539 3060 3599 operum
3150 3522 3407 3581 editioni
3480 3523 3629 3582 titu-

245 3620 351 3682 lum
404 3624 739 3703 praaﬁgere
799 3623 1047 3696 licebat,
1084 3641 1275 3702 quam
1350 3623 1457 3701 qui
1519 3623 1810 3702 praefixus
1884 3629 2041 3684 est:
2111 3644 2140 3679 α
2216 3621 2428 3681 Sancti
2510 3620 2714 3680 Patris
2789 3620 2985 3679 nostri
3063 3620 3343 3697 Gregorii
3419 3620 3626 3679 Theo-

245 3718 397 3798 logi,
481 3721 947 3801 archiepiscopi
1029 3722 1707 3800 Constantinopolitani
1761 3769 1774 3794 ,
1860 3740 2102 3800 opera.
2196 3744 2222 3774 η
2308 3721 2487 3779 Hunc
2574 3717 2690 3778 sibi
2792 3718 2854 3777 in
2943 3718 3385 3795 manuscriptis
3468 3737 3627 3797 pene

250 3819 507 3881 omnibus
600 3820 928 3883 Orationes
1009 3838 1276 3894 omnes,
1362 3819 1529 3880 hunc
1615 3820 1730 3879 sibi
1814 3819 2106 3881 Carmina
2149 3865 2163 3890 ,
2251 3817 2418 3876 hunc
2503 3814 2620 3875 sibi
2721 3814 3017 3894 Epistolze
3122 3814 3370 3873 titulum
3460 3834 3624 3893 prae-

247 3916 511 3978 scribunt.

251 4204 371 4276 §V.
430 4224 506 4268 na
566 4221 1000 4277 AMPBILOCHIO,
1065 4222 1188 4266 cum
1249 4221 1468 4273 ruas,
1516 4220 1639 4264 rex
1682 4218 1861 4275 FILIO,
1926 4218 2207 4263 srnscoro
2268 4212 2599 4268 ICONIENSI,
2646 4213 2923 4267 'ro'rsous
2985 4211 3267 4258 GREGOBll
3327 4212 3624 4258 uanam

847 4300 1252 4360 COGNATIONB,
1296 4301 1377 4345 AD
1421 4301 1589 4354 QUAM
1634 4299 1964 4345 PERTINERB
2008 4297 2449 4342 AMPBILOCBIUS
2494 4294 2997 4340 DEMONSTRATUR.

249 4515 682 4593 Ampilechium
740 4516 968 4588 illum,
1031 4515 1210 4595 cujus
1262 4534 1421 4576 uxor
1473 4516 1648 4575 Livia
1716 4514 1880 4587 fuit,
1942 4514 2020 4572 ab
2089 4511 2395 4574 Iconiensi
2464 4511 2652 4589 hujus
2735 4509 3005 4570 nominis
3080 4508 3347 4586 praesule
3420 4508 3621 4568 diver-

249 4627 361 4669 sum
415 4613 643 4674 statuit
702 4614 955 4691 quidem
1014 4614 1110 4672 vir
1163 4613 1544 4674 clarissimus
1602 4611 1972 4672 Muratorius
2020 4610 2080 4670 in
2140 4610 2303 4670 notis
2358 4610 2436 4669 ad
2494 4607 2887 4687 epitaphium
2942 4622 3114 4679 XXXI,
3179 4623 3323 4684 pag.
3384 4607 3481 4663 31.
3542 4605 3622 4663 At

255 4707 385 4768 nihil
412 4711 513 4771 ille
577 4718 900 4789 praeterea,
964 4729 1078 4771 nec
1134 4711 1191 4771 ei
1246 4712 1322 4772 de
1378 4712 1702 4788 utriusque
1754 4708 2177 4788 Amphilochii
2235 4725 2374 4767 cum
2439 4705 2738 4783 Gregorio
2796 4711 3008 4763 nostro
3074 4703 3620 4780 consanguinitate

252 4808 340 4863 aut
386 4807 661 4867 suboluit
718 4808 1091 4886 quidquam,
1149 4815 1259 4868 aut
1319 4814 1485 4867 certe
1541 4807 1693 4885 quid
1749 4806 2004 4865 sentiret
2044 4805 2137 4864 vir
2196 4804 2416 4864 doctus
2492 4821 2615 4861 non
2676 4801 2941 4879 aperuit.
2996 4801 3224 4858 Verum
3285 4798 3616 4877 Amphilo-

250 4899 431 4962 chium
488 4905 707 4977 ﬁlium,
743 4905 819 4966 de
877 4925 1001 4984 quo
1058 4905 1122 4964 in
1179 4905 1763 4984 epigrammatibus,
1816 4903 2197 4964 lconiensem
2256 4918 2391 4961 esse
2467 4900 2829 4978 episcopum
2907 4896 3380 4957 celeberrimum
3440 4896 3616 4957 illum

252 5012 308 5055 ac
334 4999 509 5078 vulgo
541 5021 614 5061 eo
666 5002 912 5062 nemine
970 5002 1316 5079 cognitum,
1376 5002 1624 5062 tametsi
1680 5020 1804 5061 non
1860 5000 1950 5059 ita
2019 5001 2282 5058 fortasse
2340 5002 2581 5057 constet
2629 5016 2645 5069 ;
2709 5000 2953 5055 constat
3012 4999 3215 5053 tamen
3277 4993 3619 5055 certissime

255 5096 719 5173 Amphilochios,
806 5100 883 5158 de
966 5099 1194 5178 quibus
1277 5100 1380 5158 hic
1472 5100 1699 5178 agitur,
1795 5096 2092 5175 Gregorio
2180 5094 2487 5172 sanguine
2571 5090 3119 5170 conjunctissimos
3205 5089 3460 5162 fuisse;
3549 5110 3622 5152 ac

256 5197 461 5264 patrem
518 5197 771 5275 quidem
832 5198 1212 5257 avunculum
1270 5197 1599 5275 Gregorii,
1660 5195 1861 5256 ﬁlium
1919 5213 2066 5254 vero
2123 5191 2632 5271 Amphilochium
2692 5209 2767 5249 ex
2843 5187 3155 5249 avunculo
3199 5187 3456 5248 fratrem
3514 5192 3624 5249 aut

257 5288 569 5353 amitinum.
604 5295 782 5366 Quod
814 5301 1199 5374 postremum
1234 5294 1338 5354 ubi
1371 5293 1865 5371 probaverimus,
1898 5297 2167 5372 partem,
2200 5291 2461 5349 alteram
2495 5289 2897 5366 attingemus.

321 5385 476 5449 Mitto
545 5392 1060 5472 Amphilochium
1097 5438 1110 5463 ,
1171 5390 1598 5470 Amphilochii
1647 5390 2103 5471 Euphemiique
2163 5391 2487 5467 parentem
2526 5432 2540 5459 ,
2602 5392 2664 5447 et
2722 5385 2907 5446 Liviaa
2964 5382 3339 5462 conjugem,
3402 5390 3619 5446 natum

318 5625 381 5759 Et“
406 5629 502 5757 Ep.
536 5633 640 5689 ts.
675 5632 882 5700 (ηοω,
913 5652 968 5706 p.
1005 5636 1127 5703 176,
1162 5636 1253 5691 ed.
1285 5635 1462 5693 Cotel.

451 5719 561 5759 om.
582 5722 662 5759 χι.
694 5706 767 5759 ad
798 5705 943 5759 Enh.

1123 5679 1127 5697 .
1162 5636 1253 5691 ed.
1285 5635 1462 5693 Cotel.
2041 5633 2113 5759 (f2
2143 5632 2306 5687 Vere.
2342 5629 2472 5686 1891
2506 5635 2565 5687 et
2596 5629 2751 5686 1898.

2049 5709 2068 5759 (
2111 5706 2125 5759 l
2164 5703 2327 5759 Vere.
2362 5703 2518 5759 1899.

321 5696 381 5769 (b)
406 5696 561 5763 Hom.
582 5722 662 5773 xx,
694 5706 767 5762 ad
798 5696 943 5778 Eph.
1114 5696 1124 5703 ’

889 5696 943 5762 δ’.
1114 5696 1124 5703 ’
2047 5696 2125 5775 (εἰ)
2164 5703 2327 5760 Vere.
2362 5703 2517 5759 1899.
