4122 6214
437 369 514 428 83
1436 359 1857 423 PR/EFATIO
1906 359 2053 419 GEN

2215 358 2371 416 .LlS.
2407 390 2483 401 --
2515 356 2716 416 PARS
2762 355 2838 415 ΙΙ.
3764 358 3843 417 84

436 499 870 571 Diocaasareaa,
929 498 992 557 id
1049 503 1141 558 est
1196 496 1506 556 Nazianzi.
1569 499 1624 557 Is
1676 493 2157 573 Amphilochius
2213 492 2440 551 dicitur
2503 515 2530 548 (ι
2591 491 2669 571 (α)
2735 509 2964 569 magna
3038 489 3321 550 Philtatii
3378 496 3440 550 et
3515 494 3851 570 Gorgonia;

436 599 646 676 proles
699 615 711 655 :
774 621 803 652 ›)
843 594 957 648 υἱέα
989 592 1282 648 Φιλτειτίου
1315 592 1607 666 Γοργονίας
1641 612 1697 644 τε
1733 592 1917 664 μέγαν,
1957 595 2064 651 Po;

2225 589 2495 649 Philtatii
2552 589 2681 648 ﬁlia
2713 589 3070 666 appellatur
3102 592 3325 648 Nonna
3380 589 3484 667 (ὁ),
3536 608 3677 667 quae
3726 591 3853 651 alia

438 713 571 754 esse
647 713 772 753 non
851 699 1104 772 potest,
1165 710 1353 768 quam
1432 697 1632 750 mater
1709 689 2079 765 Theologi:
2143 687 2376 765 quippe
2467 705 2607 764 quae
2682 687 2904 745 Nonna
2990 685 3053 744 in
3142 692 3520 746 testamento
3613 688 3854 764 Grego-

436 793 510 851 rii
553 798 832 862 vocatur,
869 791 1158 868 Alypium
1205 797 1266 849 et
1311 789 1689 866 Gorgoniam
1717 788 2032 863 juniorem
2095 792 2383 863 parentes
2430 785 2669 857 habuit,
2706 802 3111 861 sororemque
3143 785 3540 862 Alypianam.

521 891 651 949 Hoc
704 889 800 947 vel
847 907 972 948 uno
1021 893 1338 947 momento
1394 892 1637 946 constat
1710 888 1969 953 Nonnae,
2018 883 2324 959 Theologi
2372 882 2611 952 matris,
2672 881 3184 958 Amphilochium
3241 882 3432 941 fuisse
3488 901 3564 942 ex
3613 882 3853 944 Philta-

438 990 522 1049 tio
577 994 638 1048 et
695 988 1010 1067 Gorgonia
1072 986 1438 1065 parentibus
1493 1002 1862 1063 germanum
1908 985 2192 1042 fratrem.
2257 982 2409 1041 Hinc
2469 984 2546 1040 ad
2625 984 2860 1041 Nonnae
2921 981 3114 1041 ﬁliam
3179 984 3456 1042 manavit
3516 985 3849 1061 Gorgonim

434 1105 688 1159 nomen,
722 1084 1256 1165 quemadmodum
1309 1084 1386 1142 ab
1419 1084 1558 1143 avia
1614 1082 1825 1142 Basilii
1874 1080 2086 1157 magni
2142 1098 2320 1140 soror
2389 1079 2555 1138 dicta
2602 1083 2692 1137 est
2754 1078 3047 1152 Macrina,
3084 1078 3210 1138 imo
3265 1079 3459 1156 ipsius
3519 1082 3853 1158 Gorgonize

431 1184 707 1262 junioris
740 1183 867 1243 ﬁlia
919 1183 997 1242 ab
1048 1182 1188 1242 avia
1239 1199 1511 1260 quoque,
1547 1186 1747 1240 matre
1793 1178 2122 1255 Theologi,
2178 1179 2399 1236 Nonna
2452 1183 2710 1235 vocata:
2751 1182 2809 1235 et
2857 1177 2935 1234 ab
2984 1194 3122 1246 avo,
3159 1182 3269 1234 aut
3317 1195 3552 1254 proavo
3615 1179 3857 1237 Philta-

439 1282 549 1355 tio,
586 1281 950 1354 Philtatius,
1011 1279 1086 1360 (c)
1132 1281 1209 1340 de
1269 1298 1394 1358 qua
1437 1279 1498 1338 in
1562 1278 1838 1356 quodam
1897 1275 2242 1356 epitaphio,
2278 1293 2461 1352 quem
2522 1293 2595 1333 ex
2660 1273 2940 1352 Gregorii
2991 1273 3229 1333 familia
3285 1274 3473 1334 fuisse
3531 1294 3714 1335 nemo
3744 1277 3860 1336 du-

441 1379 755 1439 bitaverit.

521 1478 660 1538 Jam
699 1495 841 1535 vero
873 1482 1180 1554 quantum
1215 1474 1371 1534 lucis
1441 1474 1576 1535 hmc
1608 1473 1937 1534 atfundant
1986 1471 2248 1549 singulis
2297 1470 2877 1549 epigrammatibus,
2933 1471 3175 1549 totique
3231 1470 3503 1531 historiaa
3563 1476 3625 1530 et
3677 1472 3848 1550 genti

444 1573 725 1652 Gregorii
757 1573 1040 1633 attendat
1073 1573 1289 1632 lector.
1326 1572 1482 1631 Hinc
1525 1571 1730 1650 primo
1780 1575 2044 1649 apparet
2100 1588 2211 1629 cur
2269 1569 2362 1627 vir
2416 1587 2480 1628 se
2542 1568 2678 1645 ipso
2737 1568 2893 1628 adeo
2953 1568 3473 1628 commendabilis
3528 1569 3847 1647 Amphilo-

437 1672 642 1745 chius,
672 1672 798 1731 suis
831 1670 1196 1730 uobilitetur
1254 1670 1637 1748 parentibus.
1703 1669 2007 1728 Nimirum
2064 1666 2189 1738 isti,
2251 1666 2550 1743 Gregorio
2610 1684 2860 1744 quoque
2921 1665 3021 1726 avi
3065 1672 3266 1738 erant,
3324 1667 3561 1745 illaque
3596 1692 3623 1721 κ
3668 1668 3850 1727 radix

440 1776 679 1843 sancta,
713 1790 740 1824 υ
782 1769 948 1827 unde
1003 1773 1141 1827 orta
1200 1771 1422 1827 Nonna
1483 1767 1902 1838 «sanctior,»
1967 1762 2245 1842 Gregorii
2304 1769 2522 1836 mater,
2575 1763 2757 1823 toties
2809 1763 2873 1822 in
2932 1763 3312 1824 carminibus
3371 1769 3560 1842 atque
3616 1764 3852 1825 oratio-

443 1867 631 1927 nibus
661 1866 781 1926 hoc
813 1865 1067 1925 nomine
1098 1883 1135 1924 a
1166 1865 1294 1924 ﬁlio
1325 1865 1789 1924 commendata.

528 1964 765 2024 Deinde
796 1964 1054 2041 planum
1101 1968 1211 2033 est,
1251 1961 1400 2039 quid
1432 1961 1567 2020 haec
1614 1961 1810 2021 verba
1873 1959 2156 2039 epitaphi

2229 1977 2369 2019 xxxx
2439 1959 2522 2038 (d)
2569 1959 2921 2037 signiﬁcent
2955 1977 2968 2018 :
3001 1963 3169 2027 πηοῖς
3198 1959 3366 2012 πάντα
3393 1957 3655 2018 πέπασσο.
3701 1960 3857 2038 Agi-

450 2067 553 2121 tur
585 2061 751 2121 enim
803 2060 879 2119 de
935 2060 1220 2119 doctrina
1269 2065 1329 2119 et
1385 2059 1660 2118 scientiae
1718 2059 1919 2128 bonis,
1957 2076 2097 2135 quae
2158 2058 2636 2135 consanguineis
2690 2062 2752 2116 et
2813 2058 3128 2133 afﬁnibus,
3162 2077 3268 2119 eos
3324 2059 3624 2130 docendo,
3665 2078 3857 2137 para-

449 2165 620 2219 verat
680 2157 1179 2236 Amphilochius.
1241 2157 1419 2218 Unde
1475 2158 1704 2216 iterum
1761 2157 1822 2215 in
1873 2155 2196 2234 epitaphio
2255 2172 2378 2215 xxx
2439 2155 2540 2234 (e),
2597 2155 2882 2215 doctrina
2939 2155 3103 2216 idem
3163 2157 3294 2236 ipse
3348 2157 3576 2217 dicitur
3608 2181 3639 2210 «
3667 2157 3856 2216 auxi-

451 2257 606 2317 lium
640 2263 701 2316 et
731 2255 924 2315 robur
977 2255 1168 2316 fuisse
1226 2255 1534 2332 cognatis,
1566 2256 1706 2334 piis,
1767 2253 2102 2326 nobilibus,
2150 2253 2460 2326 litteratis,
2497 2252 2794 2331 verbique
2852 2254 3122 2326 dator,»
3185 2255 3246 2313 id
3307 2262 3398 2315 est
3453 2255 3849 2332 eloquentia,

451 2372 560 2416 seu
593 2359 663 2413 ut
691 2353 753 2413 in
785 2353 908 2413 alio
936 2352 1010 2432 (f)
1044 2378 1072 2408 «
1102 2353 1450 2412 Rhetoricae
1486 2375 1515 2407 »
1558 2353 1853 2430 magister
1889 2376 1916 2407 «
1949 2351 2253 2410 eximius:
2292 2375 2320 2405 ››
2355 2351 2522 2428 quod
2556 2350 2807 2428 quidem
2839 2353 3052 2410 Graeca
3080 2358 3327 2412 sonant.

530 2451 774 2529 Quippe
824 2469 898 2509 ex
955 2450 1277 2528 disciqulis
1327 2449 1754 2528 Amphilochii
1810 2447 2007 2527 patris
2063 2455 2123 2508 et
2181 2448 2602 2520 neccessariis,
2635 2449 2970 2527 Gregorius
3027 2469 3152 2509 non
3213 2470 3372 2510 unus
3427 2451 3631 2511 solum
3688 2456 3845 2523 erat,

448 2546 672 2618 ἑταίρων
707 2551 810 2600 σῶν
846 2545 982 2606 ἑνός·
1029 2566 1245 2607 verum
1307 2565 1384 2607 ex
1442 2547 1812 2625 propinpuis
1868 2547 2054 2606 etiam

2220 2566 2228 2605 ι
2286 2545 2589 2623 sanguine
2665 2546 3214 2624 coujunctissimus
3249 2595 3263 2608 .
3316 2548 3470 2609 Hinc
3523 2549 3679 2609 adeo
3762 2549 3848 2608 sic

447 2646 837 2724 epitaphium
868 2662 985 2706 xxx
1047 2645 1380 2704 clauditzu
1419 2643 1751 2720 Gregorius
1811 2643 1944 2703 haec
2000 2644 2240 2723 scripsi,
2279 2644 2627 2704 orationem
2685 2645 2993 2717 oratione,
3052 2664 3242 2723 quam
3300 2665 3336 2705 a
3393 2653 3475 2721 te,
3525 2646 3852 2726 Amphilo-

446 2742 587 2817 che,
647 2741 893 2813 edidici,
949 2749 1230 2802 mutuam
1291 2742 1728 2819 rependens.»
1789 2741 2101 2801 Didicerat
2157 2760 2345 2819 porro
2404 2742 2754 2818 Gregorius,
2818 2743 3033 2820 utique
3088 2743 3152 2802 in
3213 2744 3439 2822 patria,
3500 2744 3614 2804 sub
3674 2750 3854 2823 patre

444 2840 718 2919 primum
777 2844 839 2898 et
893 2839 1226 2911 avunculo,
1263 2839 1628 2916 priusquam
1686 2837 1766 2896 ad
1824 2844 2089 2910 exteros,
2152 2839 2323 2898 velut
2384 2839 2463 2898 ad
2527 2844 2942 2900 mercaturam
2993 2839 3304 2900 bonarum
3361 2841 3593 2901 artium
3656 2842 3854 2920 proﬁ-

443 2938 799 2998 cisceretur.

519 3040 874 3112 Antequam
907 3051 1054 3093 vero
1087 3033 1332 3111 longius
1363 3034 1863 3112 progrediamur,
1899 3052 2108 3112 operae
2147 3035 2416 3113 pretium
2464 3035 2650 3096 fuerit
2707 3036 3065 3108 observare,
3099 3038 3265 3114 quod
3329 3037 3712 3097 Muratorius
3776 3038 3867 3116 (g)

437 3137 501 3197 in
569 3134 872 3215 epitaphii
930 3133 1182 3193 titulum
1241 3151 1388 3194 χχχι
1437 3134 1834 3213 conjictebat,
1863 3134 1998 3213 jam
2059 3141 2124 3195 ut
2197 3135 2613 3195 certissimum
2675 3154 2806 3196 esse
2872 3136 3258 3204 habendum.
3311 3139 3859 3216 scribendumque,

441 3231 517 3293 εἰς
551 3224 920 3303 ’Δμφιλόχιον
956 3225 1116 3298 ἄλλο,
1157 3253 1185 3288 (ι
1243 3232 1305 3290 in
1363 3232 1874 3309 Amphilochium
1937 3233 2060 3292 aliu

2283 3234 2517 3292 scilicet
2572 3234 3006 3313 epitaphium:
3044 3255 3166 3294 non
3219 3242 3454 3308 autem,
3496 3261 3525 3291 «
3582 3237 3646 3295 in
3715 3239 3860 3296 Am-

439 3329 831 3410 philochium
893 3327 1110 3388 alium.
1187 3353 1215 3382 »
1276 3329 1446 3389 Ideni
1506 3329 1670 3389 enim
1725 3336 1816 3389 est
1871 3330 2371 3408 Amphilochius,
2443 3331 2719 3408 Gregorii
2779 3333 3148 3402 avunculus,
3212 3334 3287 3393 de
3345 3352 3471 3411 quo
3526 3334 3590 3393 in
3648 3334 3852 3411 epita-

439 3428 606 3507 phiis
663 3429 761 3497 29,
795 3426 894 3497 30,
927 3430 1024 3499 31,
1060 3427 1157 3496 32,
1210 3430 1310 3499 33,
1364 3429 1464 3498 34,
1499 3428 1597 3497 35,
1670 3437 1812 3498 etc.,
1849 3428 1911 3486 in
1969 3429 2067 3507 qui

2257 3454 2286 3483 «
2348 3429 2430 3508 (ὴ)
2477 3430 2599 3488 vim
2675 3430 2924 3507 igneam
2983 3431 3231 3491 dicendi
3289 3431 3606 3503 habuisse,
3642 3428 3841 3504 ῥήτραν

439 3522 1133 3600 πυρόεσσαν,οωηθεᾳυθ
1188 3523 1592 3600 Cappadocas
1666 3542 1989 3600 superasse
2061 3550 2067 3579 t

2220 3526 2421 3586 uentia
2477 3551 2506 3580 »
2570 3527 2818 3587 dicitur.
2877 3530 2957 3599 1s,
3019 3528 3298 3606 inquam,
3333 3548 3494 3588 nuus
3551 3529 3848 3606 idemque

443 3615 961 3692 Amphilochius:
1023 3637 1135 3678 nec
1183 3619 1442 3679 dubium
1503 3620 1795 3696 cuiquam
1856 3640 1985 3681 esse
2044 3628 2268 3701 potest,
2332 3625 2481 3702 quin
2539 3625 2644 3684 ille
2700 3626 3200 3704 Amphilochius,
3261 3628 3367 3706 qui
3424 3629 3486 3687 in
3545 3626 3844 3706 posterio-

441 3711 614 3772 ribus
672 3716 786 3774 sub
844 3735 1006 3776 novo
1092 3717 1274 3776 titulo
1357 3717 1691 3795 epitaphiis
1761 3719 1839 3777 ab
1915 3719 2276 3797 eloquentia
2350 3728 2673 3800 tantopere
2741 3724 3269 3795 commendatur,
3329 3725 3431 3784 ille
3503 3726 3629 3802 ipse
3705 3725 3834 3797 sit,

438 3811 546 3887 qui
600 3811 738 3872 fons
795 3815 1176 3892 eloquentiae
1233 3815 1613 3888 omnibus,»
1673 3817 2079 3895 Gregoriique
2135 3819 2431 3896 magister
2486 3820 2800 3898 prioribus
2878 3821 2942 3880 in
3030 3821 3365 3901 epitaphiis
3433 3821 3645 3881 audire
3707 3840 3843 3881 me-

435 3907 581 3967 ruit.

512 4004 710 4065 Plana
767 4009 1019 4068 demum
1081 4015 1173 4069 est
1229 4015 1292 4069 et
1347 4017 1567 4089 aperta
1624 4012 1814 4072 totius
1872 4012 2269 4089 Gregorianae
2334 4016 2538 4092 gentis
2594 4035 2670 4076 ex
2728 4023 2926 4076 matre
2983 4018 3191 4089 series,
3245 4017 3569 4094 hucusque
3627 4035 3849 4096 prope-

436 4101 692 4160 modum
725 4105 961 4182 ignota.
999 4108 1195 4177 Quam
1260 4109 1423 4167 enim
1487 4109 1740 4170 exhibet
1796 4111 2100 4170 Baronius
2158 4112 2218 4170 in
2279 4113 2421 4172 Vita
2481 4114 2787 4191 Gregorii,
2821 4132 2893 4174 ea
2956 4115 3278 4186 mendosa,
3316 4123 3378 4176 et
3428 4121 3734 4194 praeterea
3766 4116 3844 4175 ab

433 4197 570 4257 aliis
601 4203 968 4277 perturbata
1000 4212 1060 4264 et
1091 4207 1449 4268 adulterata
1479 4208 1614 4268 fuit.
1653 4209 1754 4270 Sic
1785 4209 1993 4287 igitur,
2031 4209 2245 4286 lector,
2297 4210 2548 4271 habeto.

514 4296 603 4353 Ex
664 4297 965 4359 Philtatio
1023 4308 1084 4360 et
1145 4305 1458 4378 Gorgonia
1514 4305 1647 4382 ejus
1705 4325 1899 4366 uxore
1947 4314 2085 4366 orta
2139 4315 2230 4367 est
2278 4310 2520 4379 Nonna,
2579 4311 2861 4388 Gregorii
2911 4318 3130 4381 mater,
3176 4311 3585 4390 ejusdemque
3641 4332 3839 4373 avun-

433 4390 612 4450 culus
667 4394 1168 4472 Amphilochius,
1232 4400 1468 4459 Nonnaa
1526 4419 1861 4477 germanus
1915 4402 2126 4461 frater.
2190 4406 2349 4463 Natu
2403 4405 2704 4483 majorem
2780 4408 2966 4468 fuisse
3024 4411 3306 4469 Nonnam
3362 4410 3426 4469 id
3484 4428 3643 4489 pene
3699 4429 3846 4488 per-

436 4490 676 4563 suadet,
738 4492 906 4569 quod
967 4495 1303 4571 Gregorius
1360 4494 1430 4574 (ί)
1504 4497 1929 4574 Amphilochii
2012 4498 2173 4558 ﬁlios
2209 4545 2223 4572 ,
2287 4502 2533 4560 nonnisi
2592 4522 2720 4580 qua
2777 4510 2960 4565 aetate
2995 4504 3263 4566 minores
3311 4513 3537 4579 erant,
3596 4529 3625 4563 «
3682 4507 3846 4567 ﬁlio-

436 4603 639 4646 rum»
705 4589 958 4650 nomine
1016 4591 1398 4670 compellare
1453 4594 1672 4666 soleat,
1731 4613 1921 4672 seque
1974 4595 2104 4673 ipse
2144 4619 2173 4650 «
2231 4615 2438 4655 senem
2501 4622 2530 4652 »
2595 4602 2937 4678 appellare.
3001 4606 3085 4663 De
3150 4604 3575 4682 Amphilochii
3629 4604 3846 4665 sobole

436 4684 708 4762 primum
741 4686 1043 4748 dicamus.

512 4783 1014 4862 Amphilochius,
1078 4787 1358 4865 Gregorii
1415 4789 1793 4861 avunculus,
1857 4809 2116 4850 uxorem

2209 4791 2397 4852 tabuit
2453 4794 2687 4855 Liviam
2725 4842 2739 4869 ,
2777 4804 3012 4879 μάκαιρα
3042 4804 3218 4882 δάμαρ
3239 4805 3591 4882 ’Δμφιλόχου
3653 4801 3837 4874 Λιϐίη·

435 4901 462 4933 (ι
522 4879 598 4977 (λ’)
654 4881 843 4977 Beata
905 4883 1329 4960 Amphilochii
1387 4906 1544 4947 uxor
1597 4888 1788 4948 Livia.
1836 4912 1866 4942 »
1926 4892 2076 4949 Tres
2127 4907 2202 4948 ex
2277 4909 2351 4950 ea
2410 4892 2639 4952 liberos
2695 4865 3566 4977 Amphilochius|suscepit~z
3618 4901 3724 4949 σῶν
3781 4865 3841 4950 vi

426 4974 579 5045 τριὰς
607 4974 821 5044 τεκέων,
861 5004 889 5034 ‹‹
920 4980 997 5060 (li)
1033 4988 1280 5042 tuorum
1343 4985 1614 5046 ﬁliorum
1672 4987 1844 5047 trias.
1874 5008 1901 5043 ι)
1943 4988 2015 5046 Hi

2247 4989 2417 5049 fuere
2481 5015 2510 5044 «
2573 4991 2639 5070 (ἰ)
2714 4994 3098 5072 Euphemius
3156 5005 3216 5057 et
3247 4974 3765 5075 Amphilochius:
3802 5019 3831 5055 υ

429 5079 564 5141 υἱέες
596 5082 964 5158 Ἀμφιλόχου,
1003 5086 1284 5164 Εὐφήμιος
1319 5089 1677 5167 ’Δμφίλοχὸς’
1710 5112 1804 5148 τε.
1864 5089 1948 5145 De
1983 5091 2057 5145 te]

1385 5089 1677 5167 μφίλοχὸς’
1710 5112 1804 5148 τε.
1864 5089 1948 5145 De
1983 5085 2146 5145 tertii
2176 5086 2429 5148 nomine
2462 5094 2678 5165 postea
2707 5091 3005 5152 dicemus.

499 5305 576 5389 (ᾳ)
609 5305 779 5389 Apud
815 5306 986 5389 Μαι-ε,
1003 5323 1103 5389 _ep.
1129 5311 1308 5389 33.3,
1339 5313 1426 5365 33.
2257 5317 2333 5389 (ρ)
2367 5320 2465 5386 Ep.
2502 5319 2589 5386 30,
2627 5336 2680 5389 p.
2717 5321 2804 5375 31.

504 5376 779 5468 5’32133‘2r
810 5376 1066 5468 ῗξξλῒὲβὲ
1090 5397 1146 5468 P-
1184 5376 1303 5435 106-
2258 5376 2473 5468 ζῗὺἒῖὶξ-
2499 5376 2684 5468 .32pr-
2718 5392 2818 5468 32η
2839 5393 2941 5468 Ep-
2974 5395 3062 5465 35.
3098 5414 3152 5468 ρ·
3185 5397 3273 5453 34⁹

502 5447 784 5530 Epist:
951 5448 1050 5504 lib.
1085 5447 1207 5530 1'1.”
1353 5525 1407 5530 Η

1353 5525 1407 5530 η
2258 5447 2328 5526 (ω’
2354 5447 2534 5530 Epist.
2567 5447 2659 5530 23‘,
2690 5462 2763 5517 al.
2801 5447 2920 5520 106‘.

530 5519 587 5607 et)
614 5518 788 5607 'Apud
820 5522 1109 5607 Marxnep.
1142 5525 1232 5607 23,
1267 5541 1321 5595 p.
1346 5525 1433 5578 29.
2354 5518 2587 5607 Mutat”
2611 5518 2823 5607 e’prt7,
2949 5538 3032 5592 17.

505 5519 523 5727 ἓ

530 5591 576 5675 ς)
611 5590 907 5675 ιδὶάκρρ.
949 5593 1038 5675 :39,
1059 5590 1125 5664 'p.
1154 5596 1241 5649 29.
1268 5590 1282 5595 '
2254 5590 2328 5675 (ᾗ)
2350 5602 2460 5675 ΕΡ.
2498 5590 2587 5670 19,’
2612 5590 2667 5675 p‘.
2700 5606 2788 5660 20.

615 5661 716 5732 Ep.
743 5660 836 5728 31,
866 5678 920 5732 p.
955 5660 1089 5719 30.‘
2254 5660 2324 5742 (‘0'
2349 5660 2449 5744 Ep.
2483 5660 2581 5744 20,’
2611 5660 2667 5746 ξ).
2701 5677 2789 5731 20.
