4122 6214
252 350 312 407 65
1217 342 1637 401 PRxEFATlU
1689 338 2152 399 GENEItALlS.
2192 370 2268 381 ---
2298 338 2497 398 PARS
2546 339 2621 398 ll.
3555 342 3633 403 86

312 478 481 543 Liviae
514 478 702 539 matri
762 478 880 539 hos
944 485 1065 538 tres
1122 476 1351 537 liberos
1413 475 1776 553 supelstites
1834 474 2023 533 fuisse
2082 474 2307 551 probat
2365 474 2756 551 epitaphium
2816 492 2919 535 χιχ
2980 476 3083 553 (a),
3125 474 3189 535 in
3248 495 3371 553 quo
3407 502 3434 531 ‹‹
3472 476 3627 537 libe-

248 595 430 637 rorum
467 578 621 636 trias
675 576 1064 653 maritusque
1124 574 1368 633 tumulo
1429 573 1664 632 Liviam
1724 572 2128 630 illustrasse»
2196 570 2511 630 dicuntur.
2547 573 2792 632 Primus
2852 574 3133 632 omnium
3196 581 3481 633 mortuus
3529 580 3627 634 est

242 674 619 752 Euphemius,
679 692 866 750 quem
953 671 1239 750 pluribus
1322 670 1661 747 epitaphiis
1744 668 2087 727 celebravit
2163 670 2499 744 Gregorius
2555 669 2663 746 (ὁ),
2726 670 2954 746 quibus
3056 671 3392 749 epitaphiis
3463 672 3625 732 belle

240 778 513 830 consonat
572 769 839 848 epistola
895 769 1175 847 Gregorii
1238 786 1457 837 ccxxx,
1520 768 1674 825 alias
1734 784 1895 835 cxw,
1961 765 2036 823 ad
2101 765 2521 825 Theodosium
2583 768 2709 825 sive
2766 768 3190 839 Theodorum,
3255 769 3438 845 cujus
3496 769 3623 828 ﬁlia

241 868 561 945 Euphemio
605 868 735 946 jam
798 867 1198 945 desponsata,
1254 864 1489 942 nuptiis
1547 864 1860 942 proxima,
1922 862 2009 920 ibi
2063 862 2139 939 (ε)
2200 881 2323 921 non
2377 862 2754 922 describitur
2826 864 3007 923 aliter
3064 884 3136 925 ac
3179 866 3241 924 in
3298 866 3623 944 epitaphio

234 983 341 1037 XIII,
371 965 601 1043 conjux
634 964 765 1043 ejus
798 964 1207 1043 Euphemius.

298 1065 353 1125 Si
398 1062 522 1123 alia
582 1082 706 1121 non
764 1067 1171 1141 suppeterent
1231 1066 1570 1131 momenta,
1629 1077 1703 1118 ea
1750 1057 1900 1117 satis
1954 1063 2159 1117 essent
2217 1057 2291 1116 ad
2348 1057 2899 1117 demonstrandam
2960 1059 3311 1136 Euphemii,
3360 1060 3620 1138 ejusque

232 1162 401 1240 patris
456 1160 888 1239 Amphilochii
947 1166 1008 1218 et
1070 1158 1449 1237 Ampilochii
1535 1157 1742 1216 fratris
1818 1175 1959 1215 cum
2040 1157 2337 1232 Gregorio
2421 1158 2883 1233 cognationem.
2949 1158 3176 1217 Scribit
3250 1158 3415 1216 enim
3489 1159 3616 1237 epi-

226 1259 363 1318 stola
419 1276 561 1317 mox
624 1259 884 1318 laudata
966 1258 1299 1335 Gregorius
1382 1254 1735 1316 Theodosio
1761 1254 2025 1331 jamjam
2060 1254 2269 1313 futuro
2299 1254 2633 1332 Euphemii
2712 1254 2929 1314 vitrico
2984 1272 2996 1312 :
3066 1277 3093 1310 ‹‹
3147 1256 3321 1313 Nunc
3382 1274 3615 1333 genera

226 1357 605 1435 copulantur,
641 1378 671 1413 υ
734 1362 794 1416 et
850 1355 1131 1427 inferius,
1191 1354 1582 1433 cognationis
1629 1354 1893 1430 gradum
1930 1358 1995 1411 ut
2053 1352 2421 1428 intelligas:
2492 1376 2519 1405 ‹‹
2578 1354 2651 1412 Et
2710 1358 2775 1411 tu
2836 1371 2946 1412 nos
3004 1371 3113 1431 per
3172 1352 3609 1413 suavissimum

228 1456 400 1515 ﬁlium
460 1460 748 1514 nostrum
812 1453 1235 1531 Euphemium
1297 1452 1573 1524 habe,et
1628 1469 1741 1510 nos
1796 1449 1944 1509 item
2008 1467 2117 1527 per
2173 1448 2608 1509 suavissimam
2676 1450 2867 1509 ﬁliam
2929 1456 3196 1510 vestram
3247 1469 3354 1510 vos
3410 1450 3607 1511 habe-

224 1572 421 1612 mus.»
483 1554 634 1613 Mox
692 1552 1040 1612 Theodossi
1096 1550 1313 1624 ﬁliam,
1376 1568 1555 1609 suam
1614 1567 1865 1626 quoque
1915 1548 1995 1608 ob
2056 1548 2525 1607 matrimonium
2585 1548 2856 1607 ducens:
2897 1549 3159 1608 «Patris
3216 1547 3316 1628 (de
3373 1568 3439 1609 se
3468 1550 3604 1627 ipso

220 1650 491 1729 loquitur)
521 1649 964 1710 benevolentia
998 1667 1110 1728 par
1139 1667 1287 1726 erga
1310 1648 1558 1707 liberos.
1594 1672 1623 1702 »

290 1751 501 1810 Utrum
564 1752 777 1808 autem
839 1745 1221 1825 Euphemius
1277 1745 1416 1817 iste,
1453 1745 1530 1803 de
1586 1763 1708 1822 quo
1768 1744 1829 1801 in
1889 1742 2171 1819 Epistola
2227 1745 2555 1815 ccxxx,al.
2619 1762 2775 1811 CXIV,
2812 1744 2916 1803 ille
2968 1744 3100 1822 ipse
3158 1745 3256 1803 sit.
3300 1744 3478 1823 cujus
3535 1746 3605 1806 ﬁt

222 1847 429 1906 mentio
456 1846 521 1905 in
575 1844 861 1923 Epistola
913 1860 1165 1915 LXXXIII,
1200 1844 1257 1903 al
1320 1860 1516 1913 CXLIX,
1553 1860 1632 1901 an
1694 1842 1797 1900 ille
1857 1859 2109 1919 quoque
2167 1842 2244 1900 de
2304 1860 2429 1919 quo
2488 1842 2651 1901 circa
2710 1842 2897 1901 ﬁnem
2958 1842 3311 1901 testamenti
3371 1844 3599 1919 agitur,

216 1963 319 2002 non
372 1944 455 2003 ita
513 1943 922 2022 perspicuum
980 1947 1093 2002 est.
1157 1941 1223 2001 Si
1307 1959 1499 2000 unum
1586 1945 1831 1998 tantum
1893 1938 2188 1998 admittas
2270 1939 2710 2017 Euphemiam,
2774 1947 3115 1999 occurrunt
3172 1940 3597 2007 difﬁcultates,

217 2062 334 2120 quas
385 2041 541 2101 solvi
603 2060 732 2101 non
784 2047 1065 2119 possunt.
1104 2039 1312 2099 Satius
1368 2057 1517 2115 ergo
1586 2037 1991 2109 arbitramur,
2047 2036 2172 2095 imo
2245 2037 2684 2109 necessarium,
2749 2038 2905 2097 duos
2964 2038 3302 2116 Ephemios
3378 2038 3598 2098 distin-

216 2158 377 2216 guere
428 2158 443 2211 ;
504 2157 732 2209 unum,
795 2138 870 2197 de
926 2156 1051 2215 quo
1108 2135 1433 2215 epitaphia
1491 2141 1551 2194 et
1608 2134 1871 2213 epistola
1929 2151 2150 2204 ccxxx,
2211 2134 2365 2191 alias
2428 2152 2567 2193 CXIv
2628 2135 2703 2193 ad
2764 2135 3240 2207 Theodosium;
3302 2135 3591 2209 alterum,

216 2235 277 2296 de
304 2254 418 2314 quo
452 2240 901 2295 testamentum
942 2233 1220 2311 Gregorii
1254 2232 1555 2310 loquitur,
1595 2239 1931 2309 utrumque
1963 2239 2170 2290 tamen
2206 2231 2510 2290 afﬁnitate
2545 2232 2842 2309 Gregorio
2875 2232 3306 2309 conjunctum.

287 2337 424 2393 Tres
476 2332 928 2413 Amphilochio
986 2350 1058 2391 ex
1120 2331 1293 2391 Livia
1350 2330 1538 2389 fuisse
1580 2330 1811 2389 liberos
1876 2328 2166 2400 diximus,
2228 2328 2646 2406 Euphemium
2724 2335 2785 2388 et
2858 2328 3320 2407 Ampilocliium
3375 2348 3387 2387 :
3452 2331 3593 2408 quis

216 2430 281 2489 sit
310 2431 536 2502 tertius,
601 2430 1041 2509 quaerendum.
1101 2428 1508 2507 Epitaphium
1562 2427 1663 2507 (ά),
1719 2427 1781 2486 in
1842 2445 1968 2505 quo
2006 2448 2033 2482 (ί
2094 2427 2243 2485 trias
2302 2427 2708 2486 liberorum»
2770 2426 3210 2504 Amphilochio
3270 2428 3585 2499 tribuitur,

215 2529 357 2587 tertii
409 2548 642 2590 nomen
699 2528 860 2587 silet.
922 2529 991 2587 In
1052 2526 1386 2605 Epitaphio
1446 2543 1523 2585 XX
1578 2526 1653 2603 (θ)
1709 2525 1975 2584 duorum
2034 2525 2344 2583 duntaxat
2404 2524 2673 2585 ﬁliorum
2742 2524 3168 2601 Amphilochii
3199 2524 3270 2584 ﬁt
3312 2528 3582 2587 mentio:

217 2626 518 2704 Euphemii
562 2626 701 2705 jam
760 2624 1063 2696 defuncti,
1101 2626 1177 2684 Et
1230 2623 1654 2701 Amphilochii
1713 2623 2085 2699 superstitis.
2132 2623 2342 2682 Primo
2400 2623 2650 2699 quidem
2704 2622 3074 2681 Philtatium
3133 2624 3383 2682 tertium
3444 2642 3587 2684 eum

220 2740 327 2782 esse
359 2724 550 2783 ﬁlium
612 2722 1139 2800 suspicabamur;
1199 2740 1415 2780 verum
1471 2720 1803 2797 Gregorius
1854 2720 2087 2779 nodum
2140 2720 2305 2778 hunc
2362 2720 2490 2796 ipse
2548 2719 2733 2778 solvit
2788 2721 2851 2778 in
2910 2720 3184 2778 carmine
3240 2720 3320 2780 ad
3378 2722 3594 2799 Olym-

223 2821 461 2897 piadem,
494 2821 596 2881 his
634 2821 837 2881 verbis
869 2820 943 2900 (Ι)
974 2838 987 2878 ;
1018 2828 1167 2879 ’Ἐστι
1229 2846 1333 2889 σοι,
1376 2826 1420 2877 ὧ
1478 2824 1756 2899 χαρίεσσα,
1810 2835 1851 2885 Οε

1971 2845 2051 2884 σις
2112 2826 2265 2895 [Θενῶ
2326 2820 2513 2893 δόσες]·
2635 2821 2691 2876 δὲ
2749 2823 3053 2895 προκ’ίσοω
3108 2823 3305 2885 παντός
3364 2845 3447 2878 σοι
3500 2827 3596 2897 μύ-

216 2920 308 2970 θοιο
336 2918 415 2971 καὶ
458 2914 734 2993 ἕργμα-ρος
770 2914 1012 2989 ἔμπνοος
1059 2915 1285 2972 εἶκὼν...
1331 2915 1761 2987 αὐτοκασιγνήτη
1813 2914 1931 2988 μέγ’
1975 2913 2255 2985 ἀμῦμονος
2300 2914 2595 2988 ἀρχιερῆος
2644 2912 3020 2991 Ἀμφιλόχου.
3085 2938 3114 2973 a
3169 2919 3277 2977 Est
3348 2918 3459 2977 tibi
3487 2965 3501 2992 ν
3563 2938 3599 2978 ο

221 3017 659 3096 elegantissima
732 3015 982 3089 mulier,
1042 3016 1421 3088 Theodosia,
1507 3034 1648 3093 quae
1714 3015 1822 3074 tibi
1892 3014 2095 3075 omnis
2178 3021 2239 3073 et
2320 3014 2527 3092 operis
2638 3014 2847 3074 vivum
2964 3016 3289 3094 exemplar
3366 3035 3598 3096 propo-

220 3116 312 3174 sita
364 3119 567 3176 sit.....
632 3133 809 3175 soror
862 3114 1356 3174 innocentissimi
1414 3112 1706 3173 antistitis
1768 3112 2164 3191 Ampilochii.
2228 3136 2255 3166 »
2320 3114 2409 3171 En
2486 3113 2667 3171 tertia
2747 3112 3172 3191 Amphilochii
3246 3115 3594 3192 progenies.

220 3212 676 3291 Amphilochius
733 3230 904 3284 vero,
963 3211 1143 3290 cujus
1200 3229 1378 3271 soror
1431 3210 1785 3270 Theodosia
1842 3210 2089 3281 dicitur,
2154 3228 2278 3269 non
2340 3210 2499 3270 alius
2566 3216 2659 3269 est
2715 3228 2904 3287 quam
2965 3211 3297 3271 lconiensis
3355 3212 3598 3291 episco-

224 3329 347 3388 pus;
403 3311 914 3391 Amphilochius,
973 3311 1255 3388 inquam,
1322 3308 1651 3387 Euphemii
1712 3327 1786 3369 ex
1834 3308 2278 3387 Amphilochio
2334 3316 2393 3368 et
2452 3307 2619 3368 Livia
2696 3309 2889 3369 frater
2947 3328 3304 3387 germanus.
3371 3310 3598 3372 Omnia

226 3409 571 3470 conveniunt
601 3428 619 3482 ;
655 3408 884 3487 patria,
920 3426 1139 3485 genus,
1174 3407 1314 3467 vitze
1348 3413 1406 3466 et
1439 3425 1680 3466 morum
1716 3406 2035 3465 sanctitas.

280 3506 533 3566 Patriam
623 3505 1049 3584 Amphilochii
1130 3503 1465 3564 lconiensis
1548 3503 1735 3563 fuisse
1821 3502 2286 3580 Cappadociam
2390 3508 2653 3563 testatur
2735 3504 2997 3564 Basilius
3080 3505 3345 3584 epistola
3438 3508 3593 3568 alias

224 3618 453 3675 cccxcnl,
506 3611 569 3664 et
635 3602 911 3663 maxime
964 3602 1401 3679 Hieronymus,
1464 3600 1571 3678 qui
1625 3600 1888 3678 epistola
1936 3602 2013 3659 ad
2074 3602 2367 3677 Maguum
2443 3618 2697 3672 LxXXIII,
2758 3602 2914 3661 alias
2985 3621 3230 3675 LXXXIV,
3284 3606 3446 3664 inter
3502 3606 3591 3665 vi-

224 3717 301 3758 ros
349 3702 559 3761 doctos
619 3699 1042 3778 Cappadociae
1100 3698 1437 3769 Basilium,
1497 3699 1859 3775 Gregorium
1917 3706 1978 3757 et
2046 3698 2561 3776 Amphilochium
2620 3708 2920 3759 recenset.
2982 3702 3427 3778 Amphilochio
3479 3723 3588 3781 pa-

223 3799 367 3869 renti,
398 3800 659 3877 ejusque
697 3798 863 3869 ﬁliis,
898 3798 1308 3865 Diocresarea,
1344 3795 1406 3855 id
1437 3804 1548 3867 est,
1588 3796 1989 3868 Nazianzum,
2027 3796 2232 3874 patria
2262 3797 2618 3873 assignatur
2654 3796 2717 3855 in
2750 3797 3073 3874 epitaphio
3104 3816 3253 3858 XXXI
3279 3799 3385 3876 (g).

284 3895 357 3954 De
407 3914 635 3974 genere
695 3911 949 3973 quoque
1007 3894 1125 3953 sibi
1181 3892 1582 3952 consentiunt
1632 3894 1891 3965 omnia,
1954 3894 2323 3971 epitaphia,
2386 3894 2699 3972 epistolae,
2760 3902 3073 3972 poemata.
3135 3896 3200 3954 In
3255 3896 3594 3974 epitaphiis

231 3992 676 4070 Amphilochius
732 3991 860 4061 ille,
922 3990 1030 4069 qui
1079 3990 1361 4068 Gregorii
1420 4008 1494 4049 ex
1554 3990 1865 4049 avunculo
1926 3991 2122 4049 frater
2178 3992 2451 4065 dicitur,
2515 3998 2838 4069 parentem
2915 3992 3051 4069 ejus
3117 3992 3386 4052 nominis
3442 3996 3591 4053 Am-

234 4087 582 4165 philochium
646 4090 929 4151 habuit:
993 4088 1213 4148 habuit
1270 4095 1327 4147 et
1384 4088 1721 4148 lconiensis
1781 4089 2257 4166 Amphilochius
2295 4134 2308 4159 ,
2369 4096 2437 4148 ut
2494 4107 2565 4148 ex
2646 4089 2990 4167 epigraphe
3063 4089 3343 4169 epistolae
3417 4108 3589 4167 LXII,

230 4185 356 4246 alias
398 4206 528 4250 CLXI
558 4187 800 4267 optime
828 4186 1265 4247 Tillemontius
1325 4186 1486 4246 eruit
1545 4192 1606 4246 et
1661 4186 1885 4246 astruit
1935 4192 2082 4247 nota
2142 4186 2334 4265 priori
2390 4186 2454 4245 in
2513 4186 2716 4246 Vitam
2775 4186 3200 4266 Amphilochii
3258 4194 3318 4249 et
3366 4190 3593 4250 eruditi

228 4286 555 4347 concedunt.

292 4384 522 4444 Gentem
575 4401 726 4444 vero
777 4400 849 4442 ac
906 4382 1207 4442 fomiliam
1267 4381 1696 4459 Amphilochii
1750 4382 2035 4442 eamdem
2097 4389 2286 4462 atque
2345 4383 2625 4461 Gregorii
2678 4384 2931 4462 sapiunt
2987 4384 3332 4463 epitaphia,
3386 4394 3453 4446 ut
3496 4387 3589 4445 vi-

230 4476 418 4553 dimus,
473 4480 933 4560 propemodum
992 4480 1244 4551 omnia;
1305 4479 1557 4557 sapiunt
1611 4485 1673 4538 et
1730 4480 2032 4557 epistolas.
2095 4480 2377 4559 Epistola
2433 4499 2704 4558 namque
2764 4499 2895 4553 XIII,
2934 4482 3088 4541 alias
3146 4498 3254 4541 CLX
3313 4482 3391 4541 ad
3448 4485 3592 4542 Am-

230 4574 575 4650 philochium
615 4624 631 4650 ,
693 4596 880 4656 quem
938 4577 1367 4637 lnconiensem
1425 4582 1643 4654 postea
1698 4577 2059 4655 episcopum
2110 4579 2295 4637 fuisse
2374 4596 2558 4637 nemo
2637 4579 3009 4656 negaverit,
3071 4580 3400 4657 Gregorius
3430 4580 3517 4641 ait
3567 4600 3581 4640 ε

236 4673 398 4733 «Non
427 4676 692 4735 multum
753 4694 879 4733 una
924 4674 1177 4745 fuimus,
1239 4691 1597 4751 quanquam
1658 4673 1812 4733 illud
1872 4675 2128 4735 omnino
2185 4676 2483 4753 oportuit,
2539 4694 2678 4735 cum
2732 4682 2989 4754 propter
3047 4695 3159 4736 nos
3210 4678 3401 4755 ipsos,
3450 4685 3581 4738 tum

233 4778 449 4846 propter
478 4773 830 4832 traductam
865 4771 942 4832 ad
1004 4790 1118 4831 nos
1173 4790 1209 4831 a
1266 4771 1632 4849 parentibus
1687 4771 2052 4830 amicitiam.
2115 4794 2141 4829 ››
2205 4778 2290 4830 Ac
2342 4772 2529 4849 paulo
2589 4779 2728 4849 post
2785 4772 3146 4841 Nicobulus.
3180 4792 3255 4833 ex
3306 4775 3587 4852 Gregorii

234 4880 409 4927 more
464 4870 776 4947 Gorgonia
856 4870 1042 4940 ﬁlius,
1104 4887 1225 4927 non
1314 4868 1594 4945 Gregorii
1678 4868 1906 4941 solum,
1967 4868 2072 4927 sed
2153 4869 2574 4946 Amphilovhii
2658 4870 2915 4947 pariter,
2977 4871 3224 4929 tametsi
3309 4870 3588 4931 inferiori

236 4962 421 5035 gradu,
465 4966 628 5026 filius
684 4964 947 5025 dicitur:
1018 4990 1046 5019 ‹‹
1105 4964 1297 5025 Filius
1345 4970 1578 5038 noster,
1644 4988 1672 5019 ››
1710 4966 1869 5035 ἡμῶν
1904 4965 2255 5024 amborum.
2296 4989 2321 5019 α
2385 4966 2744 5026 Nicobulus.
2798 4990 2828 5021 »
2894 4966 3171 5045 Epistola
3224 4985 3369 5040 LXII,
3429 4969 3588 5030 alias

237 5071 365 5130 CLXI,
420 5063 753 5123 certissime
812 5063 888 5122 ad
948 5061 1462 5141 Amphilochium
1520 5062 1861 5122 lconiensis
1934 5062 2211 5142 episcopi
2298 5071 2535 5141 patrem
2623 5065 2877 5143 scripta,
2938 5064 3373 5141 cognationem
3436 5072 3582 5126 Am-

236 5153 489 5229 philochii
534 5180 678 5221 cum
736 5160 1037 5239 Gregorio
1096 5179 1131 5221 a
1189 5159 1393 5247 capite
1450 5162 1528 5219 ad
1588 5161 1820 5220 calcem
1885 5166 1993 5220 aut
2051 5161 2279 5222 diserte
2351 5162 2665 5239 exprimit,
2729 5170 2837 5222 aut
2896 5182 3017 5223 non
3079 5163 3343 5223 obscure
3400 5164 3588 5244 signi-

291 5438 351 5517 (ᾳ)
376 5439 593 5517 ξυναὶ,
626 5460 718 5517 ep.
750 5446 837 5501 19.

829 5490 837 5501 .
2004 5446 2075 5517 (e)
2108 5446 2341 5512 Murat.,
2369 5447 2457 5499 20.

295 5509 353 5591 μ’)
497 5515 564 5569 20
586 5509 797 5588 ret-seq.

2008 5509 2081 5591 θ’)
2107 5509 2335 5591 Germ;
2355 5518 2424 5572 ad
2458 5517 2684 5589 Olymp.
2718 5536 2768 5572 ν.
2802 5519 2871 5572 97
2900 5524 2959 5575 et
2992 5537 3122 5591 sqq.

297 5586 357 5720 ἢ)
374 5586 582 5657 Murat.,
603 5605 695 5660 ep.
726 5586 817 5644 21.

299 5648 313 5717 ί
374 5651 703 5732 Murat.,19.

2012 5586 2089 5659 (9)
2122 5590 2354 5659 Murat.,
2386 5607 2477 5661 ep.
2510 5586 2598 5657 31,
2721 5592 2808 5645 30.
