4122 6214
451 363 529 428 8⁵1
1455 365 1873 427 ΡΒιΕῙῖἋΤῙΟ
1921 366 2073 425 GEN

2243 366 2385 426 ωε.
2419 399 2496 410 -
2526 367 2727 428 PARS
2773 367 2851 427 II.
3779 366 3865 426 88

455 501 604 560 ﬁcat
651 517 664 571 ;
731 499 1000 560 maxime
1055 517 1203 560 vero
1261 498 1368 559 illa
1427 501 1900 578 comparatione
1955 501 2117 558 inter
2175 501 2360 558 funus
2420 501 2699 577 Gregorii
2759 499 2972 577 patris,
3037 518 3222 577 quem
3297 498 3657 577 Theologus
3713 501 3858 558 sibi—

456 606 660 658 morte
715 599 1031 658 sublatum
1089 597 1290 668 dolet,
1355 604 1416 657 et
1474 599 1872 658 amissionem
1934 598 2362 675 Amphilochii
2411 597 2562 670 filii,
2624 617 2808 676 quem
2871 598 3353 674 Amphilochius
3411 603 3588 676 pater
3646 596 3866 656 adem-

456 701 635 774 ptum
693 695 810 754 sibi
859 695 1142 772 queritur
1196 695 1478 772 ;illaque
1535 697 1767 764 etiam,
1822 696 1962 772 jure
2023 695 2235 773 utique
2293 695 2778 772 propinquitatis
2812 741 2826 766 ,
2875 696 3084 755 debita
3140 695 3615 766 consolatione,
3671 713 3866 772 quam

455 791 933 869 Amphilochius
992 798 1192 870 pater,
1227 797 1288 850 et
1346 793 1681 869 Gregorius
1739 793 1901 851 ﬁlius
1949 811 1986 851 a
2043 811 2106 850 se
2160 798 2377 851 mutuo
2435 800 2796 870 exspectare
2853 811 2924 852 ac
2984 810 3310 870 reposcere
3369 798 3678 870 poterant.
3732 793 3869 852 Gla-

456 890 584 949 rius
616 889 823 948 adhuc
883 889 976 948 his
1032 892 1108 949 ad
1169 891 1682 968 Amphilochium
1730 890 1934 949 verbis
1991 890 2146 948 illud
2205 890 2483 949 declarat
2541 891 2913 967 Gregorius:
2954 915 2983 943 «
3020 894 3142 949 Nos
3197 909 3474 960 accusas,
3525 890 3861 966 inquit.....

456 987 712 1047 minime
769 987 1210 1047 detrimentum
1273 1006 1632 1065 agnoscere,
1672 988 1838 1066 quod
1900 987 2084 1046 amici
2141 1006 2359 1047 omnes
2432 995 2493 1046 et
2551 990 2850 1064 cognati,
2915 991 3209 1060 συγγενεῖς,
3271 995 3642 1064 acceperunt
3699 1005 3712 1056 ;
3779 994 3872 1046 at-

459 1103 580 1165 que
637 1104 752 1162 ego
811 1086 872 1144 in
932 1086 1171 1164 primis,
1238 1110 1266 1139 »
1330 1091 1498 1146 etc.:
1562 1085 1968 1146 disertissime
2025 1104 2212 1163 porro
2262 1085 2580 1164 esprimit,
2642 1087 2748 1144 ubi
2806 1087 3189 1145 Iconiensem
3263 1087 3626 1163 episcopum
3686 1102 3867 1162 aeque

457 1189 642 1245 vocat
700 1183 1102 1262 Ampilochii,
1162 1184 1240 1244 ad
1299 1203 1486 1263 quem
1550 1185 1790 1257 scribit,
1854 1209 1880 1238 ιι
1941 1184 2138 1244 ﬁlium
2198 1205 2270 1244 ac
2332 1203 2510 1243 suum
2591 1185 2783 1261 ipsius
2841 1186 3094 1243 fratrem
3146 1201 3158 1241 :
3225 1183 3420 1242 ﬁlium
3482 1188 3680 1248 tuum,
3744 1185 3868 1241 fra-

459 1287 617 1342 trem
673 1287 881 1341 autem
943 1288 1224 1342 nostrum
1263 1328 1276 1354 ,
1341 1307 1369 1337 »
1433 1288 1577 1342 etc.
1637 1281 1736 1334 Τὸν
1772 1281 1860 1334 σὸν
1897 1281 2087 1352 Etva

2234 1301 2333 1354 ρον
2368 1277 2424 1333 δὲ
2455 1277 2707 1356 ἀδελφόν.
2772 1283 2896 1340 Has
2954 1281 3033 1341 ob
3093 1299 3314 1340 causas
3370 1280 3862 1339 consolationem

459 1398 497 1439 a
553 1378 875 1456 Theologo
933 1386 1294 1458 exspectare
1350 1380 1654 1440 debuerat
1698 1380 2180 1459 Amphilochius
2240 1386 2418 1458 pater
2475 1381 2550 1440 de
2608 1380 2735 1440 ﬁlio
2792 1379 2909 1439 sibi
2965 1379 3284 1458 adempto,
3323 1396 3546 1458 nempe
3602 1377 3868 1456 Amphi-

459 1477 669 1538 locbio
700 1478 1029 1549 lconiensi,
1064 1478 1242 1557 cujus
1274 1497 1348 1538 ex
1381 1480 1694 1540 avunculo
1726 1481 1916 1540 frater
1947 1487 2082 1540 erat
2111 1481 2466 1558 Gregorius.

539 1595 696 1653 Tam
728 1594 897 1653 clara
935 1601 1080 1652 sunt
1137 1595 1352 1654 isthaec
1407 1601 1470 1654 et
1525 1596 1728 1664 ﬁrma,
1765 1601 1832 1654 ut
1883 1595 2014 1672 jam
2075 1595 2286 1672 pigeat
2343 1594 2672 1672 epistolam
2733 1595 2810 1653 ad
2868 1594 3280 1653 Themistium
3341 1610 3508 1663 xxrv,
3545 1592 3699 1652 alias
3759 1611 3872 1654 CXL

463 1687 756 1766 adjicere,
821 1689 927 1748 ubi
985 1689 1119 1749 haec
1184 1689 1514 1766 leguntur:
1555 1688 1649 1740 Σοὶ
1679 1689 1836 1765 φίλος
1869 1683 2091 1762 πατρόοε

2253 1686 2765 1763 μὸςἊμφιλόχιος,
2830 1691 2972 1748 Haec
3035 1690 3223 1748 verba
3294 1689 3420 1748 sive
3470 1707 3610 1748 cum
3672 1689 3871 1747 inter-

463 1790 637 1863 prete
666 1786 753 1845 sic
808 1785 1187 1846 reddideris:
1227 1811 1251 1840 ι
1315 1788 1363 1845 Α
1425 1796 1685 1866 paterno
1747 1788 1939 1847 latere
2001 1787 2111 1845 tibi
2169 1788 2407 1847 amicus
2465 1794 2554 1845 est
2606 1805 2779 1845 meus
2829 1786 3303 1865 Amphilochius
3341 1805 3353 1855 ;
3389 1809 3416 1839 »
3483 1786 3608 1844 sive
3667 1786 3872 1862 magis

466 1883 544 1942 ad
596 1883 890 1959 litteram,
932 1908 960 1938 «
1012 1885 1126 1943 tibi
1186 1885 1422 1944 amicus
1477 1892 1590 1950 est,
1627 1905 1800 1945 meus
1858 1904 1894 1944 a
1951 1886 2313 1963 parentibus
2369 1885 2897 1963 Amphilochius;
2953 1909 2978 1938 ι)
3042 1886 3162 1943 vim
3225 1891 3391 1942 certe
3476 1889 3585 1941 aut
3644 1883 3870 1943 verbo-

472 2001 609 2041 rum
672 1982 1013 2054 horumce,
1074 1989 1182 2042 aut
1248 1983 1569 2042 sententiae
1629 1984 1852 2062 prioris
1907 1983 2078 2042 haud
2156 1983 2495 2060 effugeris.
2557 1984 2772 2042 Dicere
2847 1983 3010 2042 enim
3086 1982 3282 2041 voluit
3339 2000 3446 2040 seu
3504 1981 3814 2058 interpres
3851 2027 3866 2051 ,

469 2096 576 2137 seu
633 2079 1010 2156 Gregorius,
1076 2079 1330 2141 minime
1387 2080 1755 2158 degenerem
1816 2081 1895 2140 ab
1960 2081 2314 2158 eloquentia
2373 2081 2565 2158 patris
2617 2079 3126 2158 Amphilochium
3185 2097 3362 2151 esse;
3427 2098 3552 2157 qua
3609 2077 3866 2138 Themi-

464 2175 584 2237 stio
619 2201 646 2231 »
709 2176 1082 2254 eloquentia:
1142 2177 1273 2255 regi
1336 2202 1364 2231 »
1428 2178 1655 2238 charus
1708 2184 1884 2257 pater
1914 2197 2053 2238 cum
2115 2185 2292 2248 esset,
2326 2178 2555 2238 charus
2612 2177 2812 2237 eidem
2862 2184 2924 2238 et
2983 2177 3145 2237 ﬁlius
3203 2195 3333 2236 esse
3391 2176 3677 2236 debebat.
3713 2177 3864 2247 Quae

462 2275 715 2352 quidem
776 2273 1088 2334 avunculo
1139 2275 1440 2352 Gregorii,
1494 2277 1755 2354 ejusque
1800 2275 1948 2349 tilio,
2011 2276 2120 2353 qui
2168 2276 2230 2334 in
2291 2275 2624 2352 epitaphiis
2684 2281 3031 2353 tamtopere
3091 2275 3170 2335 ob
3229 2273 3650 2352 eloquentiam
3705 2273 3864 2332 cele-

455 2373 766 2443 brantur,
827 2373 1075 2450 egregie
1132 2374 1564 2434 conveniunt.
1627 2375 1806 2436 Unde
1864 2374 1925 2433 in
1985 2374 2206 2432 eadam
2285 2373 2552 2452 epistola
2611 2393 2756 2433 mox
2830 2373 3084 2448 subiicit
3158 2372 3492 2450 Gregorius
3546 2389 3559 2431 :
3620 2371 3862 2430 Addam

452 2470 666 2540 etiam,
727 2470 898 2548 quod
957 2470 1267 2548 ejusmodi
1323 2478 1438 2540 est,
1472 2495 1500 2526 »
1557 2491 1782 2549 nempe
1839 2470 2340 2549 Amphilochius,
2405 2496 2434 2525 «
2483 2471 2591 2548 qui
2650 2489 2762 2532 nec
2823 2470 3130 2547 majorum
3191 2471 3424 2546 generi,
3460 2487 3571 2528 nec
3631 2475 3862 2527 nostra:

451 2566 743 2627 amicitia:
800 2567 1091 2626 dedecori
1150 2569 1276 2627 sit.
1344 2593 1371 2623 »
1434 2568 1534 2628 Sic
1595 2572 1759 2627 enim
1823 2568 2144 2628 reddenda
2201 2569 2481 2644 Gregorii
2564 2568 2777 2638 verba,
2836 2567 3083 2640 πατέρων
3117 2567 3276 2639 γένει·
3340 2585 3463 2625 non
3528 2572 3594 2624 ut
3670 2565 3865 2624 inter-

453 2682 614 2742 pres,
684 2687 713 2717 «
773 2669 1036 2741 paterno
1096 2666 1349 2742 generi;
1385 2690 1413 2718 »
1479 2665 1713 2743 alioqui
1745 2663 1945 2738 πατρός
2006 2666 2262 2725 dixisset
2317 2666 2670 2742 Gregorius,
2733 2684 2856 2724 non
2916 2664 3183 2738 πατέρων.
3232 2666 3324 2724 Ita
3385 2669 3592 2722 autem
3656 2663 3863 2740 loqui-

456 2765 602 2832 tur,
665 2766 732 2818 ut
789 2779 985 2838 genus
1046 2761 1518 2840 Amphilochii,
1602 2782 1783 2822 suum
1844 2781 2096 2840 quoque
2168 2763 2403 2832 fuisse,
2467 2762 2863 2841 majoresque
2948 2763 3197 2821 eosdem
3277 2761 3605 2838 signiﬁcet.
3663 2760 3866 2819 Simili

459 2875 716 2936 prorsus
748 2863 811 2916 et
838 2859 1149 2918 sententia
1181 2865 1241 2917 et
1271 2860 1512 2918 ratione
1555 2860 1616 2918 in
1669 2861 1944 2919 carmine
1989 2862 2087 2930 57,
2149 2878 2308 2919 vers.
2367 2861 2497 2927 l03,
2537 2884 2563 2913 α
2602 2861 2789 2919 decus
2846 2878 3026 2918 suum
3090 2883 3118 2912 ››
3178 2859 3560 2918 lconiensem
3617 2857 3863 2934 episco-

454 2973 605 3033 pum
666 2954 1176 3032 Ampbilocbium
1232 2958 1565 3035 Gregorius
1625 2965 1806 3019 vocat
1862 2958 1994 3037 (α).
2058 2961 2256 3017 Decus
2322 2965 2530 3018 autem
2615 2977 2746 3018 esse
2832 2964 3078 3035 poterat
3166 2957 3444 3034 Gregorii
3529 2955 3860 3032 Amphilo-

456 3051 682 3124 chius,
747 3053 843 3112 vel
900 3059 968 3113 ut
1023 3055 1180 3114 tanti
1239 3056 1523 3133 magistri
1580 3056 1970 3135 discipulus,
2027 3057 2125 3116 vel
2181 3063 2250 3116 ut
2282 3057 2634 3115 communis
2690 3055 2901 3134 stirpis
2951 3062 3012 3115 et
3078 3053 3314 3132 orginis
3371 3058 3809 3113 ornamentum
3846 3100 3860 3126 ,

456 3151 722 3210 Praestat
781 3149 914 3210 hazc
969 3170 1115 3210 vero
1173 3153 1482 3212 sententia
1537 3154 1775 3232 priori,
1839 3173 1979 3213 cum
2039 3154 2481 3233 Amphilochio
2534 3153 2797 3232 epistola
2856 3171 3019 3227 xm,
3081 3152 3235 3212 alias
3295 3169 3425 3222 CLX,
3484 3150 3860 3209 scribentem

457 3247 825 3326 Gregorium
887 3248 1261 3309 viderimus:
1335 3275 1364 3306 «
1421 3253 1555 3310 Non
1609 3252 1876 3311 multum
1937 3271 2062 3312 una
2119 3251 2370 3324 fuimus,
2425 3277 2455 3306 ››
2520 3259 2664 3324 etc.,
2701 3270 2840 3329 qua:
2899 3271 2935 3310 a
2992 3249 3320 3328 disciplina
3377 3268 3558 3327 quam
3619 3247 3855 3324 longis-

458 3345 611 3404 sime
670 3352 912 3405 remota
983 3354 1174 3406 sunt.
1240 3349 1333 3408 Ita
1386 3368 1638 3426 quoque
1696 3349 2018 3428 epitaphio
2077 3349 2243 3428 apud
2323 3351 2734 3409 Muralorium
2797 3367 3029 3423 xxxvr,
3110 3346 3508 3408 Nicomedem
3561 3371 3587 3399 «
3669 3345 3862 3404 decus

452 3460 662 3501 meum
696 3464 723 3499 ι)
765 3443 890 3517 ait;
927 3443 1076 3520 quia
1109 3445 1433 3521 sanguinis
1467 3447 1776 3524 particeps
1806 3447 2111 3525 ejusdem,
2142 3454 2393 3526 gentem
2426 3454 2487 3506 et
2515 3448 2647 3526 ipse
2681 3447 3130 3523 Gregorianam
3160 3445 3539 3504 illustrabat.

529 3559 652 3617 Nec
728 3557 934 3618 minus
992 3559 1070 3618 ad
1129 3578 1258 3618 rem
1332 3568 1608 3621 nostram
1681 3562 1919 3622 faciunt
1975 3569 2416 3624 testamentum
2495 3563 2823 3641 Gregorii,
2881 3568 2941 3621 et
3017 3561 3227 3640 plures
3297 3558 3578 3638 epistolae
3633 3576 3646 3629 ;
3707 3575 3860 3631 χχιι,

453 3655 609 3715 alias
666 3672 781 3728 cx;
845 3674 1018 3728 xxm,
1080 3658 1212 3717 alas
1270 3676 1366 3718 cvr
1422 3677 1436 3730 ;
1497 3660 1559 3718 in
1618 3660 1846 3738 quibus
1895 3661 2405 3740 Amphilochium
2457 3661 2582 3720 sive
2644 3662 2902 3731 honore,
2939 3660 3066 3718 sive
3123 3675 3336 3717 amore
3393 3655 3858 3732 dignissimum,

452 3752 548 3813 vel
609 3755 1247 3829 reverendissimum,,
1307 3775 1456 3816 sane
1516 3757 1594 3816 ob
1654 3758 2050 3836 episcopatus
2108 3759 2499 3836 dignitatem,
2563 3759 2758 3817 ﬁlium
2819 3777 3000 3817 suum
3075 3755 3354 3834 appellat
3407 3771 3420 3812 :
3471 3752 3569 3804 Τὸν
3601 3751 3865 3822 τιμιώτα-

450 3869 542 3903 τον
600 3851 739 3917 υἱὸν,
775 3847 1223 3923 αἱδεσιμώτατον,
1284 3861 1402 3915 etc.
1465 3856 1882 3933 Euphemium
1955 3876 2078 3934 quo

2223 3905 2226 3915 .
2312 3856 2786 3935 Amphilochii,
2846 3862 3062 3934 postea
3134 3852 3468 3913 lconiensis
3547 3850 3851 3928 episcopi,

450 3968 818 4027 germanum
911 3953 1217 4024 fratrem,
1304 3953 1500 4012 ﬁlium
1588 3973 1768 4015 suum
1844 3954 2125 4032 appellat
2181 3956 2538 4032 Gregorius,
2603 3955 2929 4015 [lationem
3015 3970 3305 4030 quaeres,
3370 3967 3481 4008 cur
3566 3947 3864 4007 amitinos

451 4049 788 4125 Gregorius
849 4056 1062 4109 noster
1116 4069 1190 4109 eo
1249 4053 1500 4111 nomine
1577 4052 1956 4124 donaverit,
2017 4053 2284 4130 epistola
2340 4070 2489 4112 xxni
2525 4099 2538 4123 ,
2603 4053 2757 4113 alias
2817 4068 2917 4112 CVI
2955 4097 2969 4122 ,
3032 4069 3171 4127 quae
3242 4066 3354 4126 pro
3413 4045 3860 4124 Amphilochio

449 4143 585 4218 ipso
644 4146 878 4221 scripta
953 4155 1092 4217 est,
1159 4148 1462 4208 docebit:
1529 4176 1554 4203 «
1621 4153 1757 4228 Ipse
1818 4151 1977 4222 tibi,
2035 4150 2240 4229 inquit
2307 4150 2638 4227 Gregorius
2685 4197 2699 4221 ,
2761 4148 3198 4210 charissimum
3290 4145 3485 4206 ﬁlium
3574 4148 3861 4203 nostrum

447 4240 957 4316 Amphilochium
1019 4244 1265 4315 offero,
1333 4246 1530 4305 virum
1593 4248 1922 4323 probitatis
1980 4249 2232 4307 nomine
2285 4267 2480 4326 usque
2540 4249 2696 4308 adeo
2747 4248 3020 4306 nobilem
3061 4293 3074 4316 ,
3109 4246 3297 4304 etiam
3379 4248 3606 4321 praeter
3664 4259 3858 4318 quam

452 4341 603 4394 astas
659 4338 855 4410 ferat;
906 4345 973 4398 ut
1028 4340 1183 4416 ipse,
1244 4343 1352 4418 qui
1412 4350 1472 4402 et
1530 4362 1718 4404 senex
1773 4352 1833 4405 et
1881 4347 2299 4406 sacerdos.....
2364 4346 2662 4424 praeclare
2726 4364 2968 4405 mecum
3031 4343 3133 4421 agi
3190 4342 3656 4402 existimaturus
3716 4339 3861 4412 sim,

450 4433 500 4491 si
557 4451 694 4492 eam
786 4434 1110 4494 hominum
1200 4438 1726 4499 existimationem
1785 4442 2185 4503 obtinerem.
2250 4469 2278 4498 »
2341 4445 2562 4503 [litatis
2618 4443 2809 4520 igitur
2885 4439 3331 4519 dignitatisque
3418 4434 3858 4516 praerogativa,

449 4528 570 4588 hoc
630 4548 777 4590 usus
851 4549 983 4590 esse
1040 4533 1348 4593 vocabulo
1411 4535 1744 4612 Gregorius
1805 4537 2096 4609 videtur,
2162 4545 2223 4598 et
2282 4540 2575 4599 amitinos
2652 4539 3047 4618 appellavit,
3105 4537 3290 4596 modo
3342 4535 3609 4604 fratres,
3673 4530 3860 4591 modo

448 4627 634 4688 ﬁlios.

531 4745 617 4803 De
674 4747 911 4806 Nonnas
949 4791 963 4818 ,
1021 4747 1304 4823 Gregorii
1364 4749 1624 4820 matris,
1684 4749 2015 4829 nepotibus
2074 4771 2240 4812 nunc
2299 4753 2630 4814 dicamus.
2694 4758 2916 4814 Nonua
2982 4759 3105 4812 tres
3183 4750 3408 4810 liberos
3485 4744 3802 4825 pocreavit
3838 4790 3852 4814 ,

449 4842 865 4919 Gregorium,
923 4845 1258 4904 Caesarium
1296 4893 1311 4918 ,
1372 4853 1434 4906 et
1492 4847 1686 4906 ﬁliam
1738 4848 1988 4909 nomine
2064 4851 2437 4929 Gergouiam
2479 4899 2492 4913 .
2554 4853 2791 4912 leebs
2866 4851 3020 4911 obiit
3093 4847 3398 4908 Caesarius
3449 4863 3464 4918 ;
3525 4841 3859 4920 Gregorius

445 4938 869 5014 virginitatem
935 4951 1235 5022 perpetuo
1299 4945 1536 5016 coluit,
1595 4945 1912 5025 vitamque
1973 4951 2382 5009 monasticam
2468 4951 2746 5010 exercuit
2782 4995 2794 5007 .
2832 4949 2978 5009 Sola
3053 4952 3336 5025 posteros
3394 4939 3644 5019 reliquit
3701 4941 3856 4999 Gor-

445 5035 675 5112 gonia,
737 5057 878 5116 quas
936 5042 1146 5119 nupsit
1196 5043 1470 5121 Alypio.
1522 5044 1772 5103 Nullum
1821 5045 1952 5122 jam
2023 5047 2400 5125 conjecturis
2477 5050 2682 5108 locum
2764 5048 2839 5106 de
2899 5045 3122 5104 marito
3201 5039 3533 5118 Gorgoniaa
3585 5081 3598 5108 ,
3661 5052 3852 5112 quem

440 5132 749 5194 Baronius
806 5136 868 5196 in
931 5138 1069 5198 Vita
1129 5141 1407 5216 Gregorii
1472 5140 1848 5201 Vitalianum
1915 5144 2100 5203 fuisse
2150 5144 2572 5223 conjiciebat,
2634 5142 3070 5203 'l‘illemontius
3143 5138 3423 5199 modeste
3477 5131 3860 5213 suggerebat

439 5247 572 5290 esse
608 5232 989 5386 1ltleletium,
1059 5238 1356 5317 relinquit
1409 5238 1803 5318 epitaphium
1854 5259 1972 5302 Lxx
2027 5242 2158 5321 (ὁ).
2217 5245 2287 5303 ln
2346 5261 2420 5302 eo
2479 5242 2786 5320 siquidem
2861 5239 3122 5318 Alypius
3201 5233 3531 5313 Gorgoniae
3588 5229 3853 5291 maritus

439 5344 604 5386 anne
658 5335 839 5386 atur:

439 5335 801 5406 appellatur
822 5346 839 5390 :

509 5659 585 5733 (α)
617 5659 805 5721 Carm-
838 5665 909 5722 ad
942 5663 1270 5739 Olympiad-
2271 5677 2346 5749 (b)
2378 5678 2609 5751 Murat.,
2640 5695 2731 5751 ep.
2761 5677 2857 5748 70,
2887 5677 3066 5749 p.65.
