4122 6214
301 374 366 433 89
1274 365 1691 426 PREFATIO
1736 362 2196 425 GENERALIS.
2231 394 2307 406 —-
2337 362 2542 422 PARS
2586 360 2666 421 II.
3592 361 3671 422 90

944 504 1138 566 Κτῆσιν
1168 497 1284 567 ἑήν,
1319 498 1514 568 σάρκας
1546 515 1603 549 τε
1630 495 1718 568 uti
1748 495 1921 568 ὀστέα,
1954 494 2105 568 πάντξ
2134 492 2382 546 ἀναθεῖσα

1011 564 1297 644 Γοργόνὶῴ
1330 564 1568 644 xgmq),
1603 566 1799 639 μοῦνον
1833 564 2215 644 ᾀφῆκελτῇςιχ,

940 641 1017 698 Οὐ
1194 634 1710 714 οὐδὲμτὲόσ-ινῑδήρρν
1744 634 2125 714 χρόνον-,ἄλλ’
2156 634 2255 711 ἄρα
2284 634 2372 689 καὶ
2402 635 2493 688 τὸν

1011 706 1283 787 ’Ἢρλκασεν
1315 711 1565 782 ἐξαπίνης
1596 706 1825 783 issisti)»
1858 706 2141 764 Ἀλύπιον.

944 831 1195 885 Censum
1228 846 1423 895 suum,
1457 844 1663 883 carnes
1692 831 1747 881 et
1779 844 1931 892 ossa,
1965 825 2163 882 omnia
2193 841 2325 880 cum
2360 827 2649 879 sacrasset

1011 902 1368 971 Gorgenium
1400 901 1648 969 Christo,
1683 898 1876 954 solum
1909 899 2221 968 reliquerat
2251 912 2556 971 sponsum,

978 968 1393 1053 Vierumtamen
1420 990 1533 1053 non
1568 973 1664 1026 diu
1695 987 2001 1053 sponsum.
2032 970 2141 1024 Sed
2176 970 2429 1053 profecto
2458 972 2516 1022 et
2547 968 2741 1036 ipsum

1012 1044 1304 1099 lllustrem
1337 1045 1603 1115 Alypium
1636 1060 1703 1097 ex
1734 1040 2048 1112 improviso
2080 1040 2293 1111 rapuit.

357 1179 440 1238 Ad
510 1178 803 1257 Alypium
852 1177 982 1236 sine
1043 1178 1464 1237 controversia
1514 1177 1760 1255 scriptae
1829 1181 1977 1236 sunt
2022 1174 2324 1254 epistolae.
2377 1189 2625 1244 LXXXII,
2685 1172 2840 1231 alias
2898 1186 3119 1231 CXLVIII
3171 1188 3185 1241 ;
3246 1186 3526 1245 LXXXIII,
3585 1173 3665 1233 al.

291 1294 482 1347 CXLIX;
539 1293 783 1349 LXXXVI,
849 1275 909 1335 al
968 1292 1056 1347 CL,
1116 1294 1256 1335 cum
1318 1275 1380 1334 in
1445 1280 1762 1355 postremo
1815 1274 2070 1334 laudata
2129 1272 2361 1333 sororis
2417 1290 2546 1331 suae
2607 1270 2986 1331 mentionem
3047 1268 3133 1326 sic
3194 1268 3382 1329 facait
3438 1271 3668 1351 Grego-

290 1376 421 1446 rius,
484 1379 551 1434 ut
604 1392 870 1435 uxorem
933 1374 1139 1453 Alypii
1198 1373 1380 1435 facile
1436 1392 1758 1452 agnoscas.
1797 1373 1889 1432 Ad
1945 1371 2236 1433 eumdem
2294 1371 2456 1430 datae
2508 1375 2653 1429 sunt
2711 1368 3013 1447 epistolae,
3046 1384 3271 1428 LXXXIV
3331 1373 3392 1428 et
3446 1385 3669 1447 LXXXV,

288 1474 361 1532 al.
394 1490 479 1533 CLI
535 1478 599 1533 et
654 1490 809 1534 CLII:
845 1490 1047 1551 neque
1102 1477 1313 1533 tamen
1375 1472 1670 1551 Alypium
1730 1471 1909 1531 illum
1958 1469 2373 1549 Cappadociae
2430 1466 2759 1547 praesidem
2815 1466 3192 1528 constituere
3249 1484 3499 1527 necesse
3556 1474 3669 1530 est.

288 1573 428 1630 Num
486 1572 565 1631 ad
625 1571 917 1650 Alypium
977 1571 1264 1631 eumdem
1326 1570 1593 1649 epistola
1651 1587 1768 1641 LXI,
1830 1569 1984 1631 alias
2037 1586 2217 1637 LXXX,
2262 1565 2598 1627 verisimile
2659 1583 2785 1625 non
2849 1569 2963 1624 est.
3030 1568 3360 1643 Repugnat
3415 1566 3674 1628 omnino

288 1667 583 1739 laudibus,
618 1668 796 1745 queis
850 1668 914 1727 in
973 1668 1255 1728 oratione
1311 1667 1560 1727 funebri
1613 1666 1943 1745 Gergoniae
1994 1667 2256 1745 Alypius
2303 1664 2536 1742 conjux
2591 1669 2871 1735 ornatur,
2930 1669 2991 1722 et
3047 1662 3369 1740 epitaphio
3422 1680 3538 1725 LXX
3591 1665 3674 1745 (α)

288 1767 355 1827 de
398 1786 467 1827 eo
523 1769 750 1847 Alypio
807 1768 1072 1846 scriptas
1130 1786 1261 1827 esse
1314 1768 1610 1845 epistolas
1670 1785 1819 1829 CCVII
1872 1775 1935 1827 et
1992 1783 2190 1837 CCVIII,
2253 1766 2336 1825 al.
2395 1781 2573 1827 CXLVI
2632 1770 2693 1824 et
2747 1779 2969 1824 CXLVII.
3028 1763 3291 1840 Alypius
3346 1762 3536 1833 enim,
3597 1764 3675 1825 de

290 1884 398 1943 quo
453 1864 548 1924 his
605 1866 667 1924 in
724 1865 971 1935 litteris,
1030 1865 1417 1942 Simpliciam
1479 1884 1737 1925 uxorem
1798 1864 2130 1933 habuerat,
2183 1870 2244 1923 et
2302 1862 2553 1922 viduam
2620 1862 2892 1921 moriens
2946 1860 3307 1937 reliquerat.
3343 1861 3671 1937 Gorgenim

290 1981 417 2022 vero
472 1963 705 2041 cenjux
764 1963 1045 2041 Alypius,
1106 1970 1168 2023 et
1224 1963 1404 2023 uxori
1460 1969 1773 2041 superstes
1832 1963 1969 2033 fuit,
2029 1969 2089 2022 et
2154 1962 2241 2021 ita
2274 1956 2355 2021 "ei
2410 1960 2717 2039 superfuit
2772 1959 3147 2037 baptizatus,
3199 1964 3269 2018 ut
3316 1958 3391 2018 ad
3450 1976 3673 2018 secun-

288 2059 385 2119 das
412 2061 663 2138 nuptias
690 2060 1067 2123 convolandi
1096 2079 1207 2121 nec
1237 2061 1514 2121 animum
1548 2080 1661 2120 nec
1689 2067 1935 2139 tempus
1966 2059 2275 2121 habuerit.

357 2158 658 2217 Baronius
738 2158 1089 2236 Gorgoniae,
1154 2163 1312 2236 prmt
1341 2176 1409 2217 er
1486 2159 1861 2238 Alypianam
1915 2159 2137 2230 ﬁliam,
2195 2157 2358 2217 ﬁlios
2414 2173 2667 2235 quoque
2725 2154 2882 2215 duos
2917 2155 3216 2225 ,Petrum
3277 2157 3338 2213 et
3392 2152 3668 2215 Phocam

286 2255 485 2315 tribuit
519 2256 742 2316 eodem
797 2274 1031 2327 errore,
1091 2274 1214 2334 quo
1270 2255 1673 2329 Vitalianum,
1712 2256 1890 2334 cujus
1945 2256 2055 2316 ﬁlii
2108 2257 2330 2316 Petrus
2383 2260 2444 2315 et
2501 2254 2744 2314 Phocas
2802 2253 2995 2325 fuere,
3042 2252 3099 2313 ei
3155 2270 3455 2330 sponsum
3514 2252 3672 2311 assi-

287 2353 500 2429 gnavit.
551 2353 744 2414 Filios
802 2353 1015 2414 itidem
1074 2354 1233 2414 duos
1290 2354 1603 2431 Gorgonis
1661 2361 1843 2415 nates
1890 2354 1953 2414 in
1983 2353 2330 2414 orationem
2391 2356 2703 2425 octavam,
2763 2349 2919 2410 alias
2972 2367 3056 2423 XI,
3108 2368 3282 2409 num.
3346 2351 3442 2425 14,
3503 2348 3673 2411 Elias

289 2451 577 2512 Cretensis
639 2453 953 2525 afﬁrmat;
1013 2452 1269 2513 nemina
1294 2457 1505 2512 autem
1563 2453 1803 2527 reticet,
1837 2458 1899 2513 et
1951 2452 2172 2531 ambos
2227 2457 2473 2512 tantum
2510 2449 2651 2510 «ad
2706 2449 3103 2528 episcopatus
3150 2447 3469 2525 fastigium
3527 2465 3672 2509 eve-

285 2554 403 2607 ctos
452 2572 481 2602 υ
542 2550 768 2609 asserit
821 2568 835 2608 :
898 2549 1065 2624 quod
1126 2550 1225 2608 vix
1276 2549 1526 2610 credere
1575 2549 1721 2611 sinit
1782 2550 2159 2629 scriptorum
2219 2548 2502 2610 omnium
2561 2548 2638 2608 de
2695 2547 2793 2607 his
2859 2546 3175 2607 silentium
3212 2591 3226 2605 .
3283 2545 3430 2606 Veri
3486 2544 3673 2623 longe

282 2644 525 2706 similius
579 2653 677 2706 est
733 2647 1137 2723 Gergouiam,
1198 2652 1429 2725 prmter
1478 2648 1874 2727 Alypianam,
1930 2647 2007 2707 de
2064 2666 2191 2725 qua
2248 2652 2494 2706 constat
2552 2646 2648 2704 vel
2696 2662 2772 2705 ex
2830 2643 3173 2721 epigraphe
3232 2642 3514 2721 epistolae
3562 2660 3670 2715 XII,

282 2744 419 2803 alias
473 2761 627 2817 CLv,
678 2752 739 2805 et
797 2745 1068 2805 maxime
1123 2763 1199 2805 ex
1257 2746 1533 2805 carmine
1591 2747 1670 2805 50
1727 2746 1805 2823 (ὁ)
1841 2794 1855 2819 ,
1910 2746 2019 2806 ubi
2072 2745 2393 2822 Alypianaa
2441 2743 2608 2803 ﬁlius
2666 2742 3006 2803 Nicobulus
3063 2741 3430 2819 Gregorium
3490 2749 3674 2801 vocat

288 2864 314 2895 α
364 2842 575 2903 matris
612 2843 1017 2915 avunculum,
1080 2865 1109 2899 »
1174 2837 1359 2915 δέρκεο
1395 2841 1596 2917 μητρὸς
1657 2840 1794 2913 ὶμῆς
1857 2864 1916 2913 μγ

2044 2862 2079 2894 ιν
2140 2842 2305 2915 μὲγαν
2338 2859 2351 2873 ·
2402 2841 2799 2901 verisimilius
2835 2887 2847 2908 ,
2882 2840 3142 2918 inquam
3170 2886 3184 2912 ,
3237 2845 3470 2917 prater
3523 2838 3672 2916 Aly-

285 2939 517 3017 pianam
552 2940 840 3017 geminas
868 2940 1024 2999 alias
1056 2940 1433 3017 Gergouiam
1466 2942 1712 3000 enixam
1745 2942 1925 3008 ﬁlias,
1962 2941 2305 3019 Eugeniam
2340 2945 2401 2999 et
2429 2942 2739 2999 Nennam.

352 3039 589 3097 Etenim
655 3038 989 3115 Gregorius
1047 3038 1371 3116 Alypianae
1425 3062 1453 3093 «
1508 3038 1654 3099 ﬁliae
1712 3058 1840 3099 suae
1892 3039 2269 3099 dulcissima
2306 3084 2319 3104 ,
2382 3042 2452 3096 ut
2524 3041 2757 3108 vocat,
2816 3034 3163 3114 Eugeniam
3240 3040 3303 3094 et
3386 3037 3674 3094 Nonnam

280 3132 353 3193 ita
398 3135 458 3193 in
509 3140 890 3195 testamento
939 3133 1249 3213 adjungit,
1294 3142 1362 3195 ut
1408 3136 1627 3197 eodem
1675 3136 1815 3197 illas
1865 3141 2052 3216 atque
2116 3136 2486 3215 Alypianam
2565 3134 2762 3213 gradu
2838 3133 3026 3193 fuisse
3071 3130 3359 3192 dubitare
3406 3151 3530 3191 non
3590 3130 3673 3190 si-

280 3238 374 3291 nat
418 3231 517 3293 hic
580 3232 881 3311 loquendi
934 3232 1193 3293 modus:
1262 3257 1293 3288 «
1350 3232 1723 3313 Alypianam
1785 3234 1979 3295 ﬁliam
2042 3252 2244 3294 meam
2304 3232 2727 3293 dulcissimam
2793 3230 3187 3311 (caelerarum
3240 3229 3404 3290 enim
3463 3231 3670 3307 Euge-

280 3329 381 3389 niae
452 3336 514 3390 et
603 3332 841 3391 Nonnaa
924 3330 1148 3409 exigua
1229 3331 1389 3392 ratio
1474 3331 1769 3393 habenda
1851 3332 2015 3411 est),
2077 3337 2384 3393 etc
2445 3330 2580 3392 haec
2662 3330 2741 3390 ad
2797 3330 2990 3409 ipsius
3060 3328 3389 3407 Alypianaa
3444 3326 3676 3388 liberes

280 3429 571 3507 pertinere
610 3428 793 3503 velo;
833 3453 860 3483 »
898 3436 959 3490 et
995 3453 1023 3485 κ
1082 3429 1257 3490 nulla
1309 3429 1371 3489 in
1428 3449 1495 3491 re
1552 3431 1905 3510 ipsam,vel
1960 3449 2205 3492 sorores
2265 3432 2489 3508 ejus,»
2550 3448 2777 3508 nempe
2833 3427 3180 3505 Eugeniam
3238 3432 3301 3486 et
3358 3428 3671 3498 Nennam,

283 3526 637 3589 «molestas
691 3544 845 3588 esse.
878 3548 907 3583 υ
975 3527 1132 3598 Quid
1191 3527 1422 3588 clarius
1480 3534 1550 3589 ut
1603 3529 2067 3591 demonstretur
2122 3528 2496 3608 Alypianam
2544 3528 2744 3598 illam,
2808 3544 2931 3587 non
2985 3525 3288 3604 virginem
3345 3542 3481 3584 eam
3542 3542 3678 3584 esse

278 3622 341 3683 de
392 3643 515 3702 qua
589 3625 859 3703 epistola
915 3642 1113 3695 CLVIII,
1171 3625 1231 3684 al
1294 3643 1553 3698 CCXXXII,
1613 3628 1721 3687 sed
1775 3646 1916 3705 qua:
1968 3626 2275 3688 Nicobule
2335 3631 2678 3704 nupserat,
2738 3630 2800 3686 et
2849 3642 3097 3684 sorores
3145 3621 3281 3700 ejus
3337 3639 3675 3699 germanas

278 3720 445 3781 fuisse
499 3722 855 3800 Eugeniam
914 3729 976 3782 et
1033 3724 1321 3782 Nonnam
1370 3726 1398 3783 ?
1459 3724 1624 3795 Quas
1682 3726 1934 3801 quidem
1989 3724 2265 3801 virgines
2342 3723 2760 3801 permansisse
2817 3720 2974 3780 nihil
3033 3736 3283 3778 necesse
3367 3722 3462 3777 est
3536 3735 3674 3777 cre-

280 3816 423 3877 dere.
457 3818 641 3889 Quod
673 3817 838 3877 enim
898 3818 975 3877 de
1034 3818 1350 3895 Gorgonia
1404 3819 1639 3879 dictum
1699 3827 1792 3881 est
1845 3822 1907 3880 in
1967 3821 2250 3883 oratione
2305 3837 2432 3891 vnI,
2470 3820 2625 3879 alias
2666 3836 2752 3889 XI,
2798 3841 2825 3873 «
2884 3815 3164 3893 corporis
3221 3816 3517 3885 fructum,
3550 3814 3674 3874 hoc

282 3920 357 3973 est
401 3915 633 3976 liberos
689 3920 751 3975 et
805 3922 1068 3992 nepotes
1122 3915 1379 3994 spiritus
1436 3917 1704 3977 fructum
1763 3918 1990 3991 effecit,
2022 3942 2053 3974 »
2115 3918 2192 3979 de
2250 3918 2565 3996 baptismo
2624 3921 2687 3975 et
2739 3911 3208 3975 consecratione
3263 3928 3405 3989 quae
3463 3928 3540 3969 ex
3596 3927 3670 3971 eo

285 4010 425 4084 ﬂuit,
481 4018 701 4093 potest
756 4018 816 4073 et
869 4013 1056 4073 debet
1111 4014 1311 4092 accipi
1365 4032 1377 4073 :
1427 4014 1661 4094 alioqui
1718 4016 2077 4095 virginitate
2134 4032 2530 4076 consecrasse
2586 4013 2748 4073 ﬁlias
2833 4029 2979 4072 suas
3054 4026 3271 4068 omnes
3355 4007 3673 4085 Gorgonis

285 4107 527 4171 dicenda
589 4116 796 4183 esset,
857 4111 1022 4189 quod
1084 4110 1336 4188 quidem
1397 4112 1736 4173 absurdum
1797 4121 1858 4173 et
1942 4114 2105 4173 facto
2190 4112 2572 4172 contrarium
2621 4128 2633 4183 ;
2695 4109 3012 4187 siquidem
3092 4104 3403 4185 Alypiana
3458 4104 3672 4183 nupsit

280 4206 587 4273 Nicobule.
650 4208 929 4286 Eugenia
983 4226 1254 4287 quoque,
1289 4209 1386 4268 vel
1447 4212 1687 4277 Nonna,
1726 4210 1992 4271 Meletio.
2019 4211 2078 4270 Is
2131 4216 2224 4270 est
2276 4209 2581 4283 Meletius,
2640 4208 2749 4287 qui
2804 4206 2870 4266 in
2941 4209 3319 4265 testamento
3389 4201 3671 4280 Gregorii

280 4297 498 4378 γκμερός
529 4306 782 4381 dicitur,
818 4305 988 4384 quod
1019 4305 1153 4384 ejus
1179 4306 1408 4367 sosoris
1440 4306 1633 4367 filiam
1666 4327 1924 4369 uxorem
1955 4306 2257 4368 duxisset.

344 4405 425 4464 Ex
483 4404 816 4475 Nicobulo,
852 4402 934 4463 ad
994 4421 1178 4481 quem
1237 4404 1449 4483 plures
1509 4406 1789 4484 Gregorii
1846 4406 2150 4484 epistol-ce,
2197 4412 2259 4465 et
2327 4404 2642 4484 Alypiana
2699 4400 3041 4463 Nicobulus
3095 4398 3256 4461 alter
3311 4402 3496 4458 natus
3550 4401 3665 4472 est,

280 4507 331 4558 et
379 4502 689 4581 Alypiana
747 4500 946 4579 virgo,
980 4499 1058 4560 de
1115 4519 1241 4579 qua
1298 4502 1565 4580 epistola
1620 4520 1854 4576 CLXXXI,
1919 4504 2000 4573 al,
2065 4520 2286 4565 CXXXII.
2350 4506 2437 4564 De
2495 4500 2800 4563 Nicobule
2869 4504 3039 4559 certa
3100 4516 3197 4557 res
3252 4500 3386 4566 est,
3445 4495 3543 4554 vel
3592 4513 3669 4554 ex

281 4600 534 4661 carmine
586 4598 757 4678 quod
816 4597 1102 4658 Nicobuli
1160 4617 1389 4659 nomen
1448 4601 1565 4660 sibi
1618 4601 2021 4681 praescripsit,
2075 4608 2136 4662 et
2182 4620 2258 4662 ex
2317 4601 2512 4680 patris
2568 4597 2857 4660 Nicobuli
2914 4594 3342 4674 responsione,
3388 4592 3665 4670 itemque

282 4713 347 4755 ex
371 4697 631 4775 epistola
677 4713 851 4767 cxcv,
908 4696 1064 4756 alias
1119 4712 1297 4769 XLIv;
1358 4698 1524 4758 unde
1574 4699 1870 4759 discimus
1924 4699 2082 4760 alios
2140 4699 2446 4760 Nicobule
2494 4696 2732 4776 juniori
2791 4710 3127 4773 germanos
3183 4691 3408 4752 fratres
3449 4689 3662 4761 fuisse,

282 4808 527 4869 quorum
557 4795 657 4855 vel
688 4794 945 4854 nemina
976 4793 1225 4871 penitus
1249 4794 1640 4872 ignorantur.

352 4893 502 4952 Sunt
557 4892 665 4953 alii
716 4893 877 4952 bene
934 4890 1117 4950 multi
1173 4893 1472 4970 Gregorio
1530 4899 1744 4955 nostro
1798 4895 2018 4955 afﬁnes
2074 4901 2135 4956 et
2201 4893 2652 4972 consanguinei
2702 4910 2718 4964 ;
2777 4890 2841 4951 in
2900 4906 3169 4968 quorum
3253 4902 3517 4946 numero
3574 4888 3670 4944 est

282 4988 669 5067 Euphemius,
731 4990 891 5050 alter
946 4987 1026 5048 ab
1075 4988 1696 5068 Amphilochii‘ﬁlio.
1758 4994 1846 5052 De
1903 5011 1977 5053 eo
2032 4993 2096 5051 in
2155 4998 2570 5062 testamento,
2634 4989 2742 5049 ubi
2799 5006 2898 5049 res
2944 4988 3108 5047 inter
3165 4984 3383 5044 afﬁnes
3430 4986 3662 5060 agitur.

348 5086 690 5148 Helladium
740 5086 1181 5164 Eulaliumque
1236 5089 1460 5149 fratres
1517 5090 1783 5168 epistola
1837 5108 1940 5163 xv,
2002 5091 2158 5151 alias
2214 5108 2389 5162 CXCV,
2451 5088 2782 5166 Gregorius
2839 5092 3023 5145 vocat
3077 5105 3105 5140 ‹‹
3163 5079 3569 5142 consobrinos
3628 5100 3657 5135 υ

282 5197 425 5253 suos,
482 5190 591 5244 aut
645 5184 982 5263 patrueles,
1058 5181 1327 5255 ἀνεψίους.
1362 5186 1480 5247 nisi
1540 5188 1735 5248 mavis
1792 5206 1870 5248 ex
1927 5207 2140 5249 sorore
2197 5194 2308 5249 aut
2362 5187 2865 5267 propinquorum
2934 5182 3147 5259 aliquo
3214 5182 3496 5258 nepotes,
3546 5195 3661 5256 pro

282 5280 433 5340 varia
462 5283 628 5343 vocis
685 5283 1162 5363 signiﬁcatione.

348 5377 665 5458 Gregorius
700 5387 763 5442 et
818 5382 1112 5445 Basilissa
1165 5402 1344 5447 soror
1398 5383 1534 5463 ejus
1589 5401 1891 5463 germana
1944 5384 2267 5464 epitaphio
2350 5400 2385 5447 L
2438 5381 2542 5465 (c),
2604 5399 2847 5443 necnon
2903 5376 3231 5452 Eusebius,
3264 5374 3374 5455 qui
3430 5372 3659 5435 utrius-

366 5616 410 5706 (ἶξ
438 5618 664 5706 ἕπετον
695 5620 998 5706 θΡο,Ζον,Ρο
2081 5623 2149 5697 (c)
2182 5622 2417 5693 Muret,
2444 5638 2536 5694 ep.
2566 5621 2659 5677 50.

346 5613 408 5755 ξω
438 5618 664 5690 Muret,
695 5635 727 5677 e
773 5662 786 5677 .
816 5620 910 5706 10,
940 5636 998 5693 p.
1030 5622 1121 5677 65.

368 5663 412 5758 bi
438 5688 648 5764 Carm,
678 5637 766 5749 scf
783 5691 985 5750 NIceb.
1016 5697 1170 5765 patr.
1950 5716 1953 5719 '
