4122 6214
366 318 434 375 91
1381 322 1712 380 ΡΒᾸΞΡΔΤ
1750 324 1800 383 Ο
1845 323 1994 381 GEN

2183 327 2409 383 f.lS.—
2440 327 2635 385 PARS
2681 325 2787 383 Ill.
3731 330 3811 387 92

371 468 495 528 que
529 452 722 510 frater
752 453 1010 513 omnino
1044 454 1290 513 videtur
1336 458 1442 532 la),
1479 474 1604 514 una
1654 474 1796 514 cum
1860 459 2080 515 Nonna
2143 465 2338 516 matre
2396 458 2700 534 'l'heologi
2791 477 2866 518 ex
2956 459 3148 518 variis
3205 459 3548 536 epitaphiis
3598 479 3674 519 eo
3710 466 3814 519 tu-

373 551 546 608 mulo
579 551 814 608 conditi
849 551 949 627 (6,,
987 552 1097 628 qui
1156 554 1437 628 Gregorii
1497 559 1558 612 et
1595 557 1828 612 Nonnae
1887 572 1995 613 san

2241 563 2493 632 paratus
2549 562 2704 626 erat,
2770 556 2906 624 αἷμα
2961 555 3024 607 τὸ
3082 554 3415 628 Γρηγορίου,
3479 554 3693 623 Νὸννης
3751 575 3811 608 τε

377 643 703 718 μεγακλέος.
739 652 818 710 ab
851 650 1068 708 earlrrn
1108 651 1291 708 n‘ieni
1323 669 1550 726 genere
1581 670 1712 710 esse
1744 670 1867 709 non
1903 661 2186 728 possunt.

457 747 848 818 Nicomedes,
911 749 972 806 in
1034 766 1220 824 quem
1282 749 1400 806 tria
1459 755 1602 806 sunt
1660 749 1982 826 epitaphia
2042 749 2138 827 (c),
2204 750 2382 826 cujus
2440 751 2625 809 etiam
2690 751 2908 810 laudes
2969 751 3214 828 plenius
3274 751 3685 811 celebrantur
3745 752 3810 810 in

380 845 660 905 carmine
691 847 748 905 al
781 864 965 906 xmn
1006 845 1110 923 (ἄν
1148 865 1219 904 ex
1255 845 1472 905 eodem
1509 852 1715 904 cretus
1747 847 2049 922 sanguine
2081 848 2347 905 viletur.

458 945 598 1003 Jam
633 945 709 1004 de
738 945 1023 1004 Philtatii
1083 943 1499 1003 adolescentis
1558 962 1698 1003 cum
1761 945 2055 1021 Gregorio
2112 945 2416 1004 affinitate
2474 944 2762 1004 dubitare
2820 945 2922 1004 vix
2979 964 3206 1005 nomen
3271 945 3441 1018 sinit,
3487 947 3662 1025 quod
3725 947 3806 1007 ab

377 1058 495 1100 avo
533 1044 815 1120 Gregorii
880 1060 1167 1101 manasse
1213 1041 1518 1100 videatur.
1579 1041 1810 1100 Suadei
1865 1042 2052 1100 etiam
2106 1042 2494 1122 epitaphium
2555 1044 2946 1114 x1.v,1\lurat.
2981 1063 3041 1121 p.
3084 1047 3178 1116 42,
3217 1062 3287 1103 ac
3344 1044 3599 1121 penitus
3658 1064 3805 1124 per-

376 1140 719 1200 suaderent
776 1141 873 1200 ha:
936 1160 1115 1200 voces
1175 1164 1204 1194 «
1263 1157 1440 1198 sacra
1500 1139 1706 1210 tellus,
1767 1164 1795 1192 »
1851 1142 1902 1197 si
1960 1140 2269 1198 tumulum
2327 1149 2500 1200 certo
2581 1141 3002 1218 sgnificarent.
3067 1166 3094 1194 «
3159 1141 3638 1212 Verisimilium,
3703 1144 3800 1202 iu-

371 1238 510 1316 quit
569 1241 948 1300 Muratorius
984 1285 998 1310 ,
1059 1237 1445 1297 necessarios
1499 1236 1871 1296 Nazianzeni
1927 1237 2113 1295 fuisse
2189 1237 2568 1297 Philtatios.
2631 1264 2660 1292 »
2726 1239 2884 1298 Huic
2961 1239 3346 1299 adolescenti
3424 1240 3798 1301 adolescen-

377 1335 548 1394 tulus
605 1336 766 1395 alter
821 1336 1288 1414 adjungendus,
1324 1335 1660 1411 Gregorius
1718 1333 1990 1403 nomine,
2028 1333 2309 1410 Gregorii
2357 1353 2434 1394 ex
2490 1354 2703 1395 sorore
2761 1353 2955 1412 nepos
3011 1344 3120 1397 aut
3172 1336 3477 1414 abnepos,
3529 1338 3608 1398 de
3666 1357 3797 1416 quo

363 1433 756 1511 epitaphium
819 1452 1042 1495 cxxxul
1102 1433 1270 1511 apud
1331 1434 1582 1492 Murat.
1646 1435 1771 1491 Hos
1828 1450 2044 1490 omnes
2101 1439 2329 1509 praeter
2409 1433 2755 1492 stemmatis
2827 1434 3047 1492 seriem
3125 1452 3527 1494 recensemus
3564 1481 3579 1506 ,
3641 1437 3798 1514 quia

370 1549 496 1608 quo
555 1533 776 1591 ordine
823 1531 912 1590 illi
971 1550 1042 1591 ac
1093 1532 1230 1591 loco
1288 1530 1604 1590 statuendi
1662 1528 1786 1588 sint
1841 1529 2224 1606 ignoramus.
2259 1529 2353 1589 Sit
2408 1530 2604 1607 igitur
2660 1550 2698 1590 a
2755 1537 2977 1604 matre,
3013 1532 3380 1608 Gregoriani
3435 1535 3797 1593 stemmatis

360 1626 482 1688 ista
513 1628 871 1689 delineatio.

1579 1877 2007 1932 PHILTATIUS
2049 1878 2134 1932 ET
2175 1877 2562 1932 GORGONIA.

630 1966 3222 2106 AMPHILOCMORIUS
3254 2038 3487 2106 conjux.

369 2131 1602 2261 qm'ocmcs
1676 2205 2071 2260 THEODOSIS
2159 2132 3785 2262 Μ’

370 2282 641 2332 mortuus
666 2276 1014 2332 sineliheris
1071 2278 1602 2348 postealconiensis
1697 2277 2058 2347 Olympiadis
2885 2277 3096 2348 conjux
3128 2277 3263 2342 ejux
3373 2277 3499 2331 sine
3529 2277 3754 2335 liberis.

371 2349 547 2420 paulo
585 2354 718 2404 ante
749 2349 1008 2420 nuptias.
1073 2347 1085 2348 ί
1176 2349 1504 2420 episcopus.
1715 2349 2034 2403 educatrix.
2911 2347 3236 2402 ALYPIUS.

2349 2604 2777 2715 ἓίἓὸδῗῗιῗθῖἕ

1785 2754 3326 2807 βΜΓΧ

1764 2824 2163 2898 NICOBULUS
2350 2829 2707 2884 ALYPIANA
2853 2831 3080 2884 Fratres
3111 2829 3302 2898 multi,

1849 2897 2070 2966 junior.
2439 2901 2623 2973 virgo.
2842 2902 3077 2957 nomine
3100 2897 3320 2973 ignoto.

1526 3094 1806 3148 ΡΗίΕΊῈῙί
1849 3093 2116 3149 ORDINIS
2153 3095 2398 3150 SERIEM
2435 3095 2606 3152 SUNT

1068 3192 1427 3296 Eupqemius
1462 3193 1606 3248 alter
1635 3195 1705 3296 a‘b
1737 3193 2134 3296 Amphilochii
2163 3193 2300 3296 filio,
2335 3196 2552 3296 deﬂuo
2584 3196 2641 3250 in
2673 3198 3072 3280 Testamento.

1209 3265 2076 3338 Meletiusmaritusiiugenim,
2110 3271 2209 3321 aut
2240 3272 2390 3321 certe
2421 3265 2636 3322 Nonum
2662 3269 2936 3338 jnnioris.

1275 3336 1571 3411 Helladius
1605 3342 1658 3392 et
1674 3336 1944 3411 Eulalius
1978 3339 2245 3411 Nazianzi
2277 3340 2608 3411 epiSCOpus,
2642 3336 2868 3395 fratres.

1319 3409 1628 3479 Eusebius,
1662 3409 1965 3483 Georgius,
2001 3410 2290 3483 Basilissa
2313 3409 2572 3481 germani
2608 3417 2664 3465 et
2695 3412 2826 3483 ipsi.

1662 3480 2007 3535 Nicomedes
2067 3497 2132 3536 ac
2195 3482 2295 3535 ﬁlii
2335 3480 2488 3537 duo.

1706 3551 2017 3606 Philtatius
2077 3552 2435 3609 adolescens.

1779 3625 2090 3696 Gregorius
2115 3625 2369 3694 juvenis.

441 3774 516 3844 (a)
549 3773 650 3844 Ep.
685 3775 771 3836 46,
807 3791 862 3837 p.
899 3775 985 3826 143.

2200 3773 2269 3843 (ο)
2303 3774 2403 3841 Ep.
2436 3775 2525 3840 36,
2559 3776 2648 3843 37,

441 3847 513 3918 (ὁ)
551 3846 780 3912 Murat.,
816 3862 906 3916 ep.
938 3846 1028 3910 49,
1061 3861 1116 3917 p.
1150 3846 1257 3911 45;
1292 3861 1384 3915 ep.
1424 3845 1513 3911 50,
1558 3862 1613 3915 p.
1649 3846 1748 3911 46;
1796 3861 1885 3916 ep.
1926 3847 2015 3911 66,
2197 3845 2278 3915 id)
2312 3845 2502 3900 Carm.
2529 3847 2598 3900 ad
2630 3845 2849 3901 Hellen.
2879 3862 3027 3901 vers.
3067 3848 3166 3900 143
3197 3853 3252 3902 et
3282 3864 3402 3916 seq.

373 3933 430 3989 p.
462 3918 551 3971 6t.

1673 4191 2078 4274 TERTIA
2149 4190 2461 4276 PARS.

1092 4359 1192 4418 DE
1238 4359 1498 4418 VARIIS
1547 4359 2080 4422 GllEGORIAN/E
2122 4361 2540 4422 DOCTRINE
2584 4363 3013 4424 CAPITIBUS.

453 4654 753 4725 Quamvis
828 4652 1164 4730 Gregorius
1219 4651 1325 4713 diu
1374 4652 1766 4732 multumque
1823 4654 2096 4732 patuerit
2147 4655 2421 4721 invidiae.
2481 4657 2768 4735 quamvis
2852 4658 3158 4736 plurimos
3232 4657 3374 4718 vitae
3433 4663 3565 4719 toto
3626 4664 3776 4718 tem-

371 4771 522 4834 pore
555 4753 939 4830 acerbosque
987 4761 1281 4830 expertus
1338 4751 1417 4812 sit
1472 4751 1882 4822 adversarios,
1918 4771 2244 4831 nunquam
2303 4772 2377 4814 ex
2427 4755 2500 4814 iis
2557 4756 2890 4834 quisquam
2952 4776 3141 4817 ausus
3198 4762 3291 4816 est
3345 4775 3487 4817 eum
3545 4758 3774 4817 erroris

371 4851 736 4912 insimulare
793 4858 854 4911 et
910 4850 1100 4928 ipsius
1157 4851 1504 4910 doctrinam
1561 4868 1839 4929 carpere.
1904 4875 1929 4904 α
1998 4851 2214 4930 Hujus,
2277 4851 2481 4930 inquit
2543 4854 2825 4926 Ruﬁnus,
2885 4873 3088 4931 neque
3144 4853 3272 4914 vita
3342 4854 3576 4932 aliquid
3637 4873 3777 4934 pro-

369 4949 640 5010 babilius
697 4955 758 5008 et
815 4949 1090 5009 sanctius
1127 4995 1140 5022 ,
1202 4967 1403 5026 neque
1460 4948 1819 5028 eloquentia
1873 4948 2101 5009 clarius
2150 4955 2211 5008 et
2267 4949 2570 5010 illustrius
2606 4997 2620 5023 ,
2680 4970 2883 5030 neque
2941 4952 3061 5012 ﬁde
3121 4952 3337 5029 purius
3403 4958 3465 5012 et
3522 4953 3775 5025 rectius,

367 5065 572 5125 neque
628 5046 886 5107 scientia
936 5046 1181 5126 plenius
1238 5055 1297 5106 et
1355 5048 1689 5125 perfectius
1747 5047 2009 5106 inveniri
2063 5053 2312 5126 potest;
2351 5054 2566 5127 utpote
2623 5050 2733 5127 qui
2790 5050 2958 5110 solus
3005 5049 3106 5122 sit,
3166 5049 3242 5108 de
3293 5048 3472 5126 cujus
3519 5049 3640 5109 fide
3699 5069 3778 5110 ne

367 5144 738 5205 dissidentes
795 5143 1047 5222 quidem
1111 5145 1272 5203 inter
1317 5163 1400 5215 se,
1464 5151 1531 5204 ut
1582 5145 1714 5205 ﬁeri
1780 5146 1959 5218 solet,
2024 5151 2230 5223 partes
2316 5152 2378 5205 et
2433 5146 2643 5207 studia
2718 5147 3038 5226 disputare
3098 5147 3416 5225 potuerint
3473 5166 3487 5220 ;
3547 5147 3655 5207 sed
3711 5149 3773 5208 id

375 5242 716 5304 obtinuerit
746 5243 911 5320 apud
945 5247 1140 5302 Deum
1194 5247 1254 5301 et
1311 5242 1616 5302 Ecclesias
1675 5244 1781 5303 Dei
1844 5243 2069 5314 meriti,
2133 5250 2201 5303 ut
2261 5243 2619 5322 quicunque
2676 5264 2866 5305 ausus
2924 5244 3108 5305 fuerit
3162 5244 3463 5305 doctrinm
3519 5245 3655 5324 ejus
3711 5246 3773 5306 in

375 5340 589 5418 aliquo
643 5339 966 5416 refragari,
1003 5359 1075 5399 ex
1136 5340 1253 5399 hoc
1314 5341 1448 5418 ipso
1507 5341 1657 5418 quia
1713 5342 1845 5418 ipse
1899 5341 2098 5418 magis
2150 5341 2228 5402 sit
2271 5341 2601 5402 haereticus
2659 5348 2981 5420 arguatur.
3043 5342 3442 5404 Manifestum
3503 5361 3776 5422 namque

377 5435 674 5498 indicium
726 5443 820 5496 est
875 5456 995 5496 non
1058 5456 1188 5496 esse
1249 5443 1430 5496 rectae
1486 5437 1628 5497 fidei
1683 5438 2021 5510 hominem,
2056 5439 2163 5517 qui
2224 5440 2285 5498 in
2347 5440 2529 5499 ﬁdem
2593 5459 2731 5499 cum
2792 5440 3086 5518 Gregorio
3158 5458 3280 5499 non
3338 5440 3764 5500 concordat.»

371 5534 542 5597 Adeo
600 5553 758 5613 pura
810 5533 973 5594 enim
1035 5541 1097 5594 et
1153 5534 1414 5608 sincera,
1470 5539 1532 5594 et
1586 5535 1756 5594 omni
1814 5555 2068 5613 prorsus
2115 5537 2267 5597 vitio
2321 5556 2537 5598 carens
2594 5537 2729 5616 ejus
2785 5538 3090 5610 doctrina,
3138 5541 3206 5596 ut
3263 5537 3408 5599 inde
3463 5537 3769 5616 Theologi

368 5650 599 5696 nomen
630 5651 791 5694 unus
821 5637 962 5714 post
990 5631 1346 5714 apostolum
1370 5632 1676 5694 Joannem
1709 5632 1788 5694 sit
1818 5633 2104 5713 adeptus.
