4122 6214
276 343 340 403 93
1242 338 1657 398 PREFATIO
1703 338 2269 397 GENERALIS.—
2302 339 2500 398 PARS
2548 338 2653 397 IIl.
3574 336 3654 390 9L

341 475 516 533 Plura
549 480 756 532 tamen
792 472 919 532 sive
951 472 1224 532 Clericus
1255 473 1332 532 ad
1385 471 1722 533 Sociniana
1777 478 2155 544 commenta,
2199 473 2276 532 de
2334 473 2532 532 tribus
2591 471 2833 531 naturis
2888 470 2953 530 in
3011 472 3137 530 Dco
3200 485 3308 546 per
3360 465 3653 543 antiquos

274 570 635 631 orthodoxos
690 571 1081 648 excogitatis,
1143 571 1429 641 fovenda,
1496 588 1686 648 prave
1745 569 2042 642 detorsit;
2108 570 2236 629 sive
2293 570 2700 630 Barbeiracus
2759 569 3049 648 quaedam
3109 566 3363 626 moralis
3417 565 3652 626 doctri-

272 688 353 729 nae
401 668 608 747 capita
663 670 890 728 acriter
935 675 995 728 et
1051 668 1281 728 insulse
1339 668 1764 746 reprehendit.
1826 667 1985 738 Quid
2038 668 2264 726 mirum
2317 669 2377 726 in
2455 668 2815 727 hominibus
2871 667 3002 743 qui,
3062 664 3453 724 auctoritatis
3494 662 3652 739 jugo

269 767 418 826 omni
477 784 757 836 excusso,
824 766 980 824 nihil
1040 785 1160 824 non
1221 765 1460 843 experti
1518 772 1684 835 sunt,
1746 765 1900 824 nihil
1959 783 2204 824 sacrum
2237 767 2298 824 in
2358 766 2478 824 fide
2512 764 2947 842 reliquerunt?
2997 767 3075 822 At
3133 763 3296 820 inter
3351 761 3656 835 ipsosmet

268 862 600 924 Catholicos
675 863 988 931 Petavius,
1048 864 1143 921 vir
1223 863 1576 922 eruditione
1628 869 1957 940 prastans,
2020 863 2386 938 Gregorium
2476 869 2542 920 ut
2632 862 2791 920 male
2878 858 2954 919 de
3047 857 3418 918 adversariis
3498 876 3656 935 quos

267 964 531 1020 confutet
590 961 979 1038 triumphum
1041 968 1330 1037 agentem
1389 959 1722 1020 traducit:
1785 960 1890 1018 sed
1949 959 2080 1037 ipse
2137 960 2198 1018 in
2285 959 2676 1018 venerandos
2758 962 2973 1016 Patres
3052 956 3314 1015 nimium
3375 954 3648 1032 iniquus,

265 1058 582 1118 etaBullo
633 1058 977 1134 Anglicano
1036 1058 1342 1135 scriptore
1398 1058 1551 1116 bene
1602 1059 1964 1135 castigatus,
2028 1076 2304 1116 censurae
2364 1057 2706 1116 acerbitate
2761 1055 2950 1115 tantis
3010 1055 3159 1114 viris
3219 1072 3340 1113 non
3394 1054 3646 1126 nocuit;

262 1157 373 1214 imo
433 1156 638 1231 potius
693 1156 968 1233 proprias
1027 1155 1290 1233 gloriae,
1346 1154 1477 1230 jam
1533 1155 1677 1213 inde
1737 1155 2240 1214 simulationibus
2325 1155 2552 1232 quibus
2636 1173 2786 1213 usus
2844 1160 2932 1213 est
2995 1153 3055 1212 in
3118 1171 3306 1212 causa
3362 1151 3652 1230 pergravi

263 1252 628 1311 obnubilatze
665 1298 679 1322 ,
741 1253 948 1311 labem
1009 1259 1306 1312 aeternam
1367 1253 1636 1312 inussit.
1700 1254 1844 1312 Hzec
1900 1252 2114 1312 omnia
2195 1271 2506 1330 exponere
2565 1257 2626 1312 et
2693 1252 3012 1330 exagitare
3071 1250 3119 1310 si
3177 1250 3422 1310 animus
3466 1255 3649 1322 esset,

265 1347 415 1406 ultra
471 1347 663 1426 hujus
719 1349 1057 1409 voluminis
1117 1349 1268 1408 ﬁnes
1325 1349 1806 1427 protenderetur
1862 1349 2061 1409 oratio
2114 1367 2126 1407 :
2184 1350 2246 1408 in
2305 1368 2571 1428 sequens
2652 1350 2841 1427 igitur
2935 1349 3202 1426 diligens
3289 1353 3350 1406 et
3434 1351 3654 1406 exacta

260 1446 637 1523 querelarum
699 1447 980 1506 omnium
1038 1447 1481 1520 consideratio,
1547 1466 1688 1524 quae
1745 1448 1806 1506 in
1865 1448 2215 1508 doctrinam
2293 1447 2668 1508 sanctissimi
2741 1447 3013 1508 doctoris
3095 1451 3406 1524 congesta:
3481 1451 3651 1518 sunt,

259 1543 684 1602 extrahenda.
760 1545 1073 1622 Quidquid
1135 1551 1284 1604 tunc
1339 1545 1680 1605 occurrerit
1737 1547 1901 1623 quod
1963 1546 2281 1605 offendere
2365 1545 2698 1616 infirmos,
2763 1545 2857 1605 vel
2937 1545 3000 1603 in
3086 1545 3356 1603 deterius
3441 1548 3654 1620 posset

262 1643 468 1722 accipi,
533 1643 1018 1713 elucidahimus,
1052 1649 1114 1702 et
1161 1642 1492 1720 scrupulos
1548 1649 1610 1702 et
1665 1644 1770 1720 qui
1821 1643 1944 1703 sint
1999 1644 2275 1703 studiose
2332 1643 2692 1703 evellemus.
2757 1643 2919 1701 Satis
2976 1661 3141 1700 nunc
3194 1641 3313 1700 erit
3378 1640 3428 1698 si
3485 1659 3649 1717 prae-

260 1744 425 1820 cipua
481 1744 789 1803 doctrina;
866 1744 1148 1821 Gregorii
1211 1744 1417 1822 capita
1473 1744 1538 1803 in
1597 1762 1791 1803 unum
1851 1744 2118 1804 collecta
2202 1744 2419 1804 lectori
2478 1743 2887 1803 exhibeamus
2945 1760 2958 1812 ;
3016 1747 3084 1801 ut
3140 1742 3235 1800 vel
3293 1741 3381 1799 sic
3437 1746 3652 1817 pateat

263 1859 432 1918 quam
489 1847 791 1900 accurate
865 1847 926 1900 et
982 1842 1104 1900 alte
1180 1840 1256 1900 de
1339 1841 1566 1900 divinis
1649 1841 1958 1913 disserat,
2022 1859 2095 1900 ac
2180 1847 2346 1901 recte
2431 1840 2790 1917 Theologus
2873 1838 3225 1917 nuncupari
3285 1837 3647 1897 meruerit:

261 1937 388 1997 hinc
473 1938 813 2016 apparebit
915 1944 1151 2017 quanta
1225 1939 1420 2016 ipsius
1502 1938 1782 2016 injuria,
1844 1945 2206 2017 quantaque
2305 1939 2585 1999 veritatis
2697 1938 2982 2009 offensa,
3069 1937 3296 1996 erroris
3378 1935 3656 2014 potuerit

259 2034 614 2095 insimulari.

1802 2134 1887 2194 De
1943 2134 2088 2194 Deo.

323 2232 449 2302 Quo
480 2239 774 2312 tempore
836 2233 1101 2292 docendi
1160 2252 1388 2292 munus
1447 2232 1745 2311 Gregorio
1802 2233 2164 2311 impositum
2225 2238 2316 2294 est
2371 2231 2479 2312 (α),
2543 2237 2721 2291 tanta
2778 2231 2852 2291 de
2912 2230 3136 2289 divinis
3195 2229 3377 2290 rebus
3433 2229 3648 2308 dispu-

253 2331 410 2388 tandi
466 2332 730 2409 prurigo
790 2331 1037 2391 animos
1087 2331 1444 2402 incesserat,
1503 2337 1571 2391 ut
1629 2332 1840 2391 omnia
1898 2332 2058 2404 loca,
2120 2350 2196 2390 ne
2251 2331 2562 2409 gynaceis
2619 2330 2870 2408 quidem
2930 2330 3230 2407 exceptis,
3291 2327 3655 2406 hujusmodi

255 2429 748 2488 contentionibus
809 2447 881 2488 ac
940 2428 1213 2488 tumultu
1274 2435 1727 2506 personarent.
1789 2431 1901 2490 Cui
1961 2429 2126 2489 malo
2211 2429 2518 2489 medicam
2581 2434 2648 2487 ut
2705 2445 2957 2487 manum
3019 2426 3400 2497 adhiberet,
3452 2449 3480 2479 (ι
3519 2427 3654 2485 Non

254 2524 501 2600 cujusvis
556 2532 674 2597 est,
735 2525 940 2603 inquit
991 2525 1094 2605 (ὸ),
1159 2545 1195 2585 o
1252 2526 1388 2600 viri,
1426 2527 1502 2585 de
1558 2530 1684 2586 Deo
1742 2527 2068 2598 disserere,
2106 2545 2254 2598 non,
2314 2526 2594 2604 inquam,
2657 2525 2966 2602 cujusvis;
3004 2543 3129 2584 non
3162 2523 3319 2583 adeo
3377 2522 3517 2581 vilis
3575 2541 3649 2581 ac

257 2623 493 2698 protrita
529 2623 668 2683 haec
729 2642 824 2683 res
855 2629 996 2698 est,
1056 2630 1117 2683 et
1191 2643 1406 2683 eorum
1457 2623 1565 2702 qui
1639 2625 1844 2684 adhuc
1929 2624 2106 2683 humi
2189 2629 2516 2701 reptant...
2578 2624 2686 2683 His
2769 2623 3078 2682 duntaxat
3162 2622 3280 2680 hoc
3369 2619 3645 2679 muneris

255 2719 554 2792 incumbit,
627 2722 733 2798 qui
795 2721 1186 2781 exactissime
1242 2722 1552 2800 explorati
1611 2730 1803 2793 sunt,
1866 2741 1937 2782 ac
1992 2722 2479 2799 contemplanda
2541 2721 2725 2799 longe
2784 2725 3322 2800 processerunt....
3383 2725 3514 2790 aut,
3575 2724 3646 2776 ut

257 2818 594 2893 parcissime
661 2819 912 2896 loquar,
972 2819 1101 2897 jam
1172 2820 1290 2879 hoc
1364 2827 1592 2896 agunt,
1631 2827 1698 2879 ut
1754 2820 2208 2880 seavitiorum
2244 2821 2382 2880 labe
2442 2827 2758 2898 purgeut.
2821 2819 2945 2878 Sed
3003 2837 3116 2878 nec
3166 2818 3441 2896 cujusvis
3489 2822 3648 2875 tem-

259 2916 464 2991 poris»
527 2917 690 2976 illud
751 2924 882 2991 est;
925 2942 954 2972 «
986 2936 1099 2977 nec
1158 2919 1322 2996 apud
1385 2917 1659 2996 quosvis,
1701 2936 1813 2978 nec
1872 2919 1949 2977 de
2009 2917 2354 2995 quibusvis,
2389 2918 2496 2977 sed
2541 2923 2710 2978 certo
2772 2923 3075 2997 tempore,
3111 2922 3173 2977 et
3228 2917 3397 2996 apud
3455 2921 3657 2976 certos

261 3011 541 3082 homines,
581 3021 647 3074 et
673 3015 1084 3096 aliquousque
1112 3016 1230 3076 hoc
1257 3016 1633 3076 faciendum.
1669 3040 1698 3070 ››
1737 3019 1820 3075 De
1851 3015 1948 3076 his
1977 3015 2288 3088 omnibus,
2353 3022 2484 3075 tum
2540 3016 2821 3077 oratione
2862 3016 3154 3076 vicesima
3185 3014 3452 3093 septima
3501 3031 3640 3094 quae

259 3109 741 3189 theologicarum
775 3113 943 3172 velut
972 3113 1297 3172 exordium
1330 3119 1442 3183 est,
1478 3119 1607 3173 tum
1660 3113 1796 3173 aliis
1826 3112 1887 3172 in
1920 3113 2094 3185 locis,
2128 3113 2541 3173 saluberrima
2573 3119 2887 3192 praecepta
2928 3113 3116 3173 dedit.

323 3211 396 3269 De
450 3214 580 3271 Deo
647 3211 949 3288 praeclare
998 3217 1059 3270 et
1114 3211 1424 3272 subtiliter
1499 3212 1827 3290 disputat,
1891 3211 2171 3291 nihilque
2249 3211 2773 3289 magnificientius
2848 3217 2908 3272 et
2979 3213 3057 3272 ad
3133 3209 3639 3289 persuadendum

257 3310 776 3368 accommodatius
834 3328 1023 3388 quam
1081 3316 1455 3388 argumenta
1529 3329 1675 3387 quae
1725 3327 1798 3368 ex
1864 3317 2106 3370 natura:
2194 3310 2479 3369 miranda
2564 3315 2881 3368 structura
2955 3321 3028 3369 ac
3109 3307 3380 3386 eleganti
3436 3307 3641 3368 forma

256 3402 625 3485 deprompsit
681 3425 692 3465 :
760 3432 789 3462 «
849 3408 1121 3480 Etenim,
1183 3408 1388 3486 inquit
1443 3407 1543 3486 (ι’),
1606 3409 1774 3486 quod
1831 3411 1994 3468 Deus
2051 3409 2151 3479 sit,
2209 3426 2280 3468 ac
2339 3408 2629 3486 princeps
2684 3408 2974 3485 quaedam
3033 3425 3267 3482 causa,
3331 3423 3472 3484 quae
3542 3424 3642 3465 res

257 3517 444 3561 omnes
498 3505 859 3582 procrearit
917 3511 1106 3582 atque
1163 3512 1536 3578 conservet,
1599 3511 1731 3564 tum
1790 3506 1954 3564 oculi
2011 3506 2175 3584 ipsi,
2242 3512 2373 3564 tum
2431 3506 2532 3565 lex
2592 3506 2898 3565 naturalis
2953 3505 3181 3565 docent
3234 3522 3246 3574 ;
3313 3504 3425 3575 illi,
3487 3505 3637 3564 dum

255 3600 414 3659 rebus
466 3602 526 3660 in
585 3608 914 3680 aspectum
977 3602 1344 3662 cadentibus
1404 3604 1600 3663 aciem
1661 3603 1947 3680 at'figunt,
2000 3621 2230 3681 easque
2287 3610 2348 3663 et
2410 3603 2671 3681 pulchre
2728 3604 2884 3663 ﬁxas
2943 3609 3003 3662 et
3054 3603 3308 3662 stabiles
3366 3621 3522 3674 esse,
3581 3609 3644 3662 et

257 3700 542 3776 progredi,
608 3706 802 3778 atque
860 3701 1138 3770 immote,
1188 3707 1258 3760 ut
1313 3702 1401 3761 ita
1459 3701 1687 3771 dicam,
1749 3700 1984 3762 moveri
2040 3702 2331 3780 volvique
2386 3701 2808 3780 perspiciunt:
2847 3702 2980 3761 haec
3029 3705 3263 3773 autem,
3323 3701 3470 3760 dum
3529 3719 3642 3777 per

261 3811 338 3853 res
364 3798 553 3856 oculis
585 3798 927 3876 subjectae,
964 3816 1035 3857 ac
1067 3804 1237 3858 recto
1298 3799 1513 3859 ordine
1570 3799 1930 3871 collocatas,
1979 3805 2299 3859 auctorem
2360 3819 2578 3860 earum
2636 3805 2805 3859 certa
2857 3799 3100 3858 ratione
3157 3797 3395 3874 colligit
3450 3803 3640 3874 atque

265 3895 616 3972 assequitur.
690 3897 973 3966 Quonam
1036 3895 1198 3954 enim
1260 3896 1447 3956 modo
1504 3898 1790 3956 universa
1839 3896 1974 3957 haec
2023 3915 2230 3957 rerum
2290 3898 2486 3958 moles
2542 3898 2637 3956 vel
2695 3897 3001 3975 producta
3066 3913 3341 3972 unquam
3398 3894 3635 3966 fuisset,

263 3990 340 4047 vel
393 3993 780 4065 consisteret,
843 3993 959 4051 nisi
1034 3996 1198 4052 Deus
1257 3993 1466 4054 omnia
1537 3995 1598 4054 in
1656 4013 1864 4054 rerum
1925 4000 2152 4055 natura
2209 3996 2588 4074 protulisset,
2652 4001 2839 4074 atque
2896 3993 3357 4054 conservaret?
3415 4015 3445 4046 ››
3509 3993 3636 4052 Hoc

263 4104 447 4148 omnes
504 4096 566 4150 et
625 4090 890 4167 singula
952 4096 1236 4150 craeturee
1294 4092 1691 4151 conclamant
1750 4093 1858 4172 (d),
1900 4117 1929 4148 «
1987 4093 2295 4171 nobisque
2343 4093 2538 4172 ipsius
2590 4112 2819 4153 nunem
2875 4093 3217 4164 declarant,
3281 4110 3404 4151 non
3461 4108 3639 4150 secus

261 4188 515 4251 videlicet
575 4210 650 4251 ac
709 4191 856 4252 solis
912 4191 975 4250 in
1034 4191 1214 4270 aquis
1273 4192 1510 4253 umbrae
1570 4199 1759 4271 atque
1830 4193 2168 4253 simulacra
2223 4194 2484 4253 inﬁrmis
2536 4193 2734 4253 oculis
2816 4193 3009 4254 solem
3068 4198 3541 4272 repraesentant.
3602 4214 3633 4246 »

261 4286 383 4355 Quis
433 4290 622 4350 etiam
682 4290 1080 4350 instrumenti
1145 4291 1362 4350 musici
1421 4291 1862 4352 concinitatem
1919 4291 2227 4370 aspiciens
2274 4337 2288 4363 ,
2351 4298 2461 4352 aut
2534 4297 2786 4352 cantum
2863 4292 3124 4352 audiens
3159 4339 3172 4364 ,
3250 4290 3637 4350 conditorem

260 4383 442 4460 ipsius,
503 4394 613 4448 aut
660 4387 1078 4460 citharistam,
1138 4388 1296 4449 facie
1354 4389 1498 4450 licet
1553 4390 1866 4467 ignotum,
1931 4395 2138 4450 mente
2193 4409 2316 4450 non
2368 4391 2665 4470 reputet?
2723 4391 2998 4450 Plurima
3055 4389 3336 4468 ejusdem
3394 4388 3640 4466 generis

263 4492 608 4559 argumenta
639 4491 894 4556 tractat,
927 4486 1158 4562 quibus
1214 4488 1430 4547 mundi
1484 4506 1732 4547 cursum
1790 4494 1851 4548 et
1906 4507 2113 4548 rerum
2173 4489 2644 4566 aspectabilium
2705 4489 2986 4548 ordinem
3054 4487 3224 4548 casui
3280 4487 3378 4546 vel
3436 4487 3636 4546 fortu-

266 4596 346 4638 nae
393 4582 721 4656 ascribere,
773 4583 1022 4643 nonnisi
1062 4603 1324 4644 summae
1379 4585 1709 4645 dementiae
1738 4586 2014 4645 dandum
2079 4587 2406 4646 manifesto
2467 4587 2716 4646 evincit.
2753 4587 2875 4646 Sed
2931 4587 2979 4645 si
3011 4604 3087 4645 ex
3144 4603 3351 4644 rerum
3412 4591 3640 4643 natura

265 4674 525 4739 divinitas
553 4680 779 4740 animis
810 4686 940 4740 tam
995 4682 1316 4760 perspicue
1377 4683 1598 4755 elucet,
1662 4702 1812 4741 num
1871 4684 2005 4762 ipsa
2065 4702 2240 4743 mens
2296 4691 2357 4743 et
2406 4684 2639 4744 mundo
2700 4685 2905 4756 latior,
2965 4689 3025 4742 et
3081 4683 3380 4742 creaturis
3436 4682 3641 4741 omni-

266 4771 362 4833 bus
429 4779 1011 4856 supereminentior,
1073 4783 1268 4839 Deum
1329 4786 1647 4840 auctorem
1680 4801 1860 4840 suum
1920 4782 2036 4841 sibi
2095 4783 2213 4860 ipsi
2284 4801 2406 4842 non
2470 4782 2690 4841 melius
2761 4780 3062 4840 indicabit
3135 4787 3196 4840 et
3269 4779 3637 4839 exhibebit?

269 4893 290 4921 ι(
337 4873 400 4950 (ξε)
456 4876 553 4934 Sic
611 4876 799 4948 igitur
847 4877 1006 4936 ratio
1054 4896 1194 4955 qua:
1253 4896 1328 4937 ex
1379 4882 1504 4938 Deo
1562 4885 1700 4951 est,
1764 4885 1825 4938 et
1884 4880 2123 4939 cunctis
2181 4880 2413 4949 insita,
2478 4885 2538 4938 et
2617 4880 2819 4956 prima
2875 4880 2938 4938 in
2998 4878 3354 4956 pectoribus
3411 4878 3638 4937 nostris

267 4971 488 5031 condita
517 4974 635 5046 lex,
673 4974 1038 5052 cunctisque
1073 4976 1441 5036 mortalibus
1473 4976 1724 5045 innexa,
1761 4997 1871 5038 nos
1923 4978 2003 5037 ab
2065 4978 2140 5037 iis
2199 4978 2405 5049 rebus,
2455 4997 2592 5055 quae
2651 4978 2848 5036 oculis
2905 4982 3246 5036 cernuntur
3302 4977 3380 5033 ad
3438 4978 3632 5036 Deum

270 5066 542 5130 subvexit.
578 5097 602 5125 »

335 5165 557 5227 Interea
613 5170 762 5247 quid
823 5169 900 5229 sit
955 5170 1118 5230 Deus
1179 5171 1228 5230 si
1288 5175 1486 5248 petas,
1548 5190 1696 5231 cave
1743 5191 1818 5232 ne
1870 5172 1979 5231 tibi
2037 5192 2108 5232 ex
2172 5172 2412 5232 caeteris
2469 5171 2734 5232 craturis
2791 5171 3177 5239 visibilibus,
3239 5189 3379 5249 qum
3441 5173 3633 5230 Deum

275 5264 516 5342 undique
568 5268 906 5340 celebrant,
970 5268 1206 5347 aliquid
1268 5270 1600 5330 verisimile
1645 5271 1865 5347 ﬁngas.
1930 5295 1957 5326 α
2022 5273 2098 5350 (f)
2155 5275 2246 5331 An
2308 5289 2536 5349 corpus
2619 5289 2761 5331 eum
2849 5289 2979 5331 esse
3053 5271 3293 5331 dices?
3352 5271 3634 5339 Quonam

277 5375 396 5436 ergo
451 5365 630 5426 modo
687 5367 1047 5439 immensus,
1110 5367 1414 5439 inﬁnitus,
1473 5369 1691 5445 ﬁgurae
1748 5387 1969 5448 expers
2026 5375 2138 5442 est,
2200 5387 2272 5428 ac
2328 5369 2600 5446 denique
2661 5369 2992 5447 ejusmodi,
3028 5375 3097 5429 ut
3153 5386 3265 5429 nec
3314 5368 3487 5447 tangi
3521 5385 3632 5428 nec

338 5588 400 5731 li’l
426 5594 575 5725 6211‘.
609 5588 700 5731 ηεξ
733 5685 791 5722 η.
825 5669 878 5731 θ.

2067 5588 2138 5731 se?
2169 5601 2338 5668 lbid.,
2374 5588 2552 5656 nite.

2091 5689 2112 5731 r
2162 5673 2332 5731 lbid..
2365 5690 2423 5728 n.
2455 5673 2505 5731 ἰ

338 5520 401 5596 (ᾳ)
430 5521 577 5596 Qrat.
610 5525 697 5596 27,
733 5543 789 5581 η.
825 5527 877 5581 3.
2068 5530 2144 5596 (d)
2177 5530 2331 5584 Orat.
2364 5529 2454 5595 23,
2490 5546 2546 5583 n.
2580 5530 2632 5585 3.

359 5530 401 5644 ἓ)
430 5530 577 5605 Urat.
610 5530 697 5596 27,
733 5543 789 5581 n.
825 5530 877 5581 3.
2089 5530 2122 5583 ά
2177 5530 2331 5611 Orat.
2364 5530 2454 5595 23,
2490 5546 2505 5582 ι

359 5595 400 5731 ei
609 5668 700 5737 28,
733 5685 791 5722 n.
825 5669 878 5740 6,
2365 5617 2429 5728 ἓξ
2455 5602 2505 5734 ’ἒ
