4122 6214
432 363 512 426 95
1444 372 1859 437 PREFATIO
1905 374 2058 437 GEN

2204 378 2454 439 LLIS.—
2483 376 2684 442 PARS
2727 378 2835 440 III.
3748 380 3832 441 96

436 496 635 558 oculis
667 498 833 559 cerni
866 501 1101 578 queat?
1132 503 1223 562 An
1257 502 1392 565 hac
1451 525 1702 584 quoque
1748 507 1810 565 in
1870 527 2133 586 corpora
2190 511 2551 574 cadunt?0
2608 512 2963 573 licentiam!
3018 530 3141 571 non
3199 511 3365 572 enim
3421 511 3557 573 heec
3615 531 3836 590 corpo-

435 612 575 654 rum
637 603 863 657 natura
918 605 1052 659 est.
1112 606 1207 661 An
1268 621 1410 663 vero
1466 623 1694 680 corpus
1764 606 2015 680 quidem
2068 625 2200 668 esse
2257 615 2539 683 statues,
2606 610 2985 670 immensum
3044 629 3190 671 vero
3248 616 3439 687 atque
3487 611 3830 686 inﬁnitum,

431 698 785 772 caeteraque
830 695 1019 773 hujus
1048 700 1294 775 generis
1349 718 1481 761 esse
1553 704 1859 780 negabis?
1891 707 1938 764 O
1996 705 2378 767 crassitieml
2428 714 2496 768 ut
2555 709 2727 767 nulla
2783 726 2848 768 re
2906 707 3086 768 nobis
3142 712 3306 768 Deus
3362 714 3635 785 prestet.
3670 711 3835 781 Quid

430 789 596 849 enim
658 792 867 852 aﬂ‘erri
924 800 1125 867 potest
1184 815 1295 856 cur
1348 799 1592 859 colatur
1638 806 1826 878 atque
1882 802 2198 876 adoretur,
2236 806 2287 863 si
2337 806 2845 884 circumscriptus
2902 806 3042 865 est?
3072 812 3181 865 aut
3236 806 3387 882 quid
3443 824 3649 867 causae
3700 826 3835 869 esse

431 887 733 955 dicemus,
790 891 938 965 quin
989 914 1065 951 ex
1122 896 1445 955 elementis
1494 898 1803 957 conﬂatus
1860 899 1958 971 sit,
1996 906 2184 978 atque
2214 902 2274 960 in
2310 903 2525 962 eadem
2555 903 2761 963 denuo
2820 902 3162 979 redigatur,
3188 909 3298 961 aut
3354 903 3541 962 etiam
3577 922 3835 981 prorsus

430 983 1161 1062 intereat?Compnsitio
1216 993 1448 1071 quippe
1504 1013 1732 1072 pugnae
1776 996 2025 1056 initium
2084 1004 2195 1067 est,
2261 1017 2475 1076 pugna
2530 1005 2741 1059 autem
2798 999 3059 1069 dissidii,
3091 998 3412 1058 dissidium
3460 1000 3830 1061 solutionis:

431 1082 661 1142 solutio
685 1101 873 1160 porro
906 1086 1080 1146 nullo
1113 1090 1299 1149 modo
1330 1090 1394 1149 in
1426 1093 1622 1151 Deum
1656 1111 1726 1153 ac
1758 1094 2024 1172 primam
2058 1094 2230 1155 illam
2266 1104 2559 1157 naturam
2591 1097 2775 1156 cadit.
2812 1120 2842 1150 »

510 1181 974 1243 Transcendere
1032 1184 1244 1263 itaque
1301 1206 1549 1249 necesse
1604 1197 1696 1250 est
1766 1210 2014 1251 omnem
2102 1200 2392 1254 naturam
2481 1194 2835 1254 sensibilem
2920 1200 2981 1253 et
3061 1195 3339 1272 cogitare
3402 1218 3432 1249 «
3490 1194 3572 1273 (α)
3630 1197 3823 1256 Deum

430 1279 712 1339 omnium
746 1299 885 1358 quae
917 1287 1063 1342 sunt
1116 1284 1609 1362 pulcherrimum
1670 1294 1731 1348 et
1789 1289 2305 1350 sublimissimum
2369 1310 2523 1361 esse,
2586 1292 2704 1351 nisi
2765 1292 2905 1370 quis
2964 1297 3172 1351 tamen
3232 1309 3375 1352 eum
3432 1292 3610 1351 malit
3638 1312 3830 1373 supra

430 1394 681 1436 omnem
738 1378 1067 1439 essentiam
1129 1401 1383 1461 ponere,
1444 1392 1553 1446 aut
1634 1386 1697 1446 in
1756 1387 1892 1465 ipso
1929 1434 1943 1460 ,
1998 1388 2261 1467 quiquid
2320 1395 2433 1463 est,
2497 1389 2862 1450 collocare:
2925 1394 3143 1468 utpote
3200 1407 3237 1449 a
3306 1407 3433 1468 quo
3490 1388 3615 1449 alia
3670 1409 3825 1469 quo-

430 1493 575 1553 que,
611 1480 678 1534 ut
736 1476 879 1548 sint,
914 1480 1351 1557 acceperint.»
1417 1484 1487 1542 Et
1535 1490 1841 1562 quantum
1904 1486 1980 1546 de
2036 1486 2337 1547 ineffabili
2394 1487 2568 1567 loqui
2626 1487 2717 1547 fas
2775 1493 2888 1561 est,
2930 1488 3144 1566 paucis
3202 1492 3401 1549 totum
3463 1488 3829 1566 complecti-

432 1577 537 1632 tur
591 1573 738 1633 dum
798 1583 979 1636 vocat
1036 1580 1230 1638 Deum
1268 1580 1407 1659 «(6)
1461 1581 1726 1659 Pelagus
1783 1583 2103 1661 quoddam
2166 1585 2455 1645 essentiaa
2516 1586 2892 1646 immensum
2951 1592 3013 1645 et
3066 1585 3566 1646 interminatum.
3600 1609 3628 1641 »
3669 1587 3831 1659 Quid

431 1669 599 1731 aliud
669 1674 953 1733 enuntiat
1028 1694 1258 1736 nomen
1318 1679 1487 1756 quod
1548 1683 1677 1741 Deo
1738 1683 2234 1759 perexcellenter
2289 1684 2633 1745 tribuitur?
2686 1685 2810 1745 Ens
2866 1684 3173 1762 siquidem
3230 1683 3477 1754 dicitur,
3539 1684 3711 1763 quod
3767 1691 3832 1747 et

429 1784 470 1827 a
517 1785 581 1827 se
636 1769 716 1829 sit
772 1776 833 1829 et
883 1771 944 1829 in
1004 1790 1065 1831 se
1123 1774 1259 1850 ipsa
1316 1777 1475 1836 entis
1558 1778 1791 1838 habeat
1874 1780 2111 1840 fontem
2197 1781 2666 1843 inexhaustum.
2730 1807 2757 1837 σι
2822 1782 2899 1863 (c)
2956 1784 3274 1853 Quantum
3345 1781 3522 1841 nobis
3580 1784 3831 1861 assequi

430 1882 790 1925 concessum
853 1874 964 1939 est,
1030 1872 1150 1930 Ens
1197 1878 1258 1930 et
1316 1876 1479 1934 Deus
1538 1877 1736 1952 magis
1793 1878 2261 1954 quodammodo
2321 1879 2602 1939 essentiae
2652 1879 2909 1938 nomina
2978 1885 3123 1938 sunt
3172 1895 3186 1937 :
3248 1896 3324 1938 ex
3378 1879 3577 1955 iisque
3634 1879 3825 1940 etiam

430 1982 551 2024 vox
585 1968 727 2037 Ens,
755 1967 833 2025 ad
899 1986 1035 2028 eam
1093 1969 1491 2031 indicandam
1556 1975 1765 2052 aptior
1820 1982 1945 2047 est;
1980 1996 2103 2036 non
2165 1977 2284 2037 hoc
2341 1978 2541 2037 solum
2604 1978 2854 2038 nomine
2912 1978 3081 2055 quod
3138 1977 3293 2055 ipse,
3331 1996 3471 2037 cum
3534 1978 3727 2056 Moysi
3760 1980 3823 2039 in

431 2068 645 2122 monte
701 2065 1023 2125 oraculum
1084 2067 1395 2129 ederet....
1448 2070 1537 2130 ita
1593 2074 1866 2151 seipsum
1951 2075 2296 2153 appellavit
2348 2076 2499 2146 ;sed
2571 2076 2759 2135 etiam
2846 2076 2997 2154 quia
3078 2093 3307 2135 nomen
3391 2075 3547 2135 illud
3631 2076 3832 2153 magis

429 2161 755 2238 proprium
816 2182 947 2223 esse
1006 2166 1608 2245 comperimus.......
1673 2174 1977 2232 Naturam
2035 2172 2346 2252 ejusmodi
2417 2174 2823 2251 exquirimus,
2888 2192 3029 2251 qua:
3113 2173 3316 2251 ipsum
3397 2190 3531 2231 esse
3604 2191 3714 2251 per
3762 2191 3831 2233 se

427 2256 677 2331 habeat,
714 2277 787 2319 ac
828 2280 951 2321 non
1010 2281 1150 2323 cum
1209 2264 1335 2325 alio
1398 2268 1697 2346 quopiam
1747 2270 2098 2348 copuletur.
2150 2273 2277 2331 Ens
2335 2290 2505 2347 vero,
2568 2271 2891 2351 prOprium
2954 2289 3104 2331 sane
3162 2276 3256 2330 est
3310 2270 3440 2342 Dei,
3478 2288 3549 2331 ac
3604 2274 3825 2342 totum,

423 2374 537 2416 nec
597 2357 803 2435 priore
859 2359 1073 2438 aliqua
1132 2380 1195 2422 re
1231 2409 1245 2436 ,
1307 2383 1419 2425 nec
1481 2366 1824 2445 posteriore
1873 2367 2011 2446 (nec
2094 2369 2261 2428 enim
2350 2374 2530 2442 erat,
2585 2374 2694 2428 aut
2767 2368 2905 2449 erit)
2994 2367 3321 2428 deﬁnitum
3401 2385 3473 2428 ac
3554 2367 3829 2428 circum-

423 2472 643 2515 ClSllm.
680 2480 710 2511 υ

501 2555 580 2612 At
611 2558 1076 2633 quantumlibet
1104 2564 1167 2617 et
1224 2579 1431 2621 rerum
1492 2562 1865 2624 universitas
1934 2569 1996 2625 et
2054 2583 2229 2625 mens
2285 2564 2574 2643 opificem
2633 2583 2815 2625 suum
2872 2563 3313 2643 proﬁteantur,
3372 2562 3837 2625 inconsiderate

422 2656 484 2711 et
540 2653 885 2730 periculose
944 2656 1104 2733 quis,
1141 2656 1259 2717 hoc
1318 2678 1444 2719 uno
1502 2660 1698 2721 fultus
1746 2662 2064 2739 praesidio,
2124 2664 2204 2723 ad
2263 2682 2405 2723 eum
2464 2681 2596 2723 sese
2651 2667 2821 2723 certo
2878 2661 3117 2739 erigere
3177 2661 3526 2739 putaverit,
3564 2678 3678 2720 nec
3716 2660 3834 2720 mi-

421 2767 561 2809 rum
595 2750 644 2809 si
676 2756 769 2811 tot
821 2753 988 2812 docti
1047 2761 1109 2813 et
1162 2757 1497 2833 sapientes,
1559 2758 1694 2818 solo
1753 2758 1987 2820 lumine
2036 2762 2309 2821 naturali
2357 2762 2561 2840 ipsum
2630 2760 2970 2838 quaerendo
3042 2758 3519 2837 cogittationum
3575 2777 3830 2819 suarum

423 2847 570 2907 fuco
602 2848 867 2926 decepti,
904 2853 1098 2911 aDeo
1150 2855 1351 2931 magis
1406 2873 1479 2915 ac
1535 2856 1733 2934 magis
1775 2858 2203 2918 aberraverint
2237 2877 2250 2918 :
2286 2865 2355 2919 ut
2411 2859 2576 2919 enim
2636 2861 2800 2918 Deus
2852 2864 3017 2918 recte
3076 2876 3115 2917 a
3185 2857 3365 2917 nobis
3421 2856 3830 2935 percipiatur,

422 2963 627 3023 neque
698 2946 866 3007 orbis
925 2956 1234 3026 aspectus,
1270 2970 1472 3031 neque
1527 2954 1796 3031 ipsamet
1850 2956 2010 3015 ratio
2067 2957 2217 3017 satis
2272 2976 2386 3017 nos
2442 2956 2756 3027 erudiunt,
2823 2979 2854 3011 «
2913 2953 2998 3034 (d)
3051 2955 3159 3014 sed
3219 2973 3407 3027 nunc,
3467 2960 3529 3014 et
3582 2971 3835 3030 semper

424 3059 583 3121 Opus
638 3044 828 3104 fuerit
883 3046 1139 3124 Spiritu,
1205 3067 1317 3127 per
1372 3069 1559 3128 quem
1619 3052 1821 3112 solum
1879 3056 2045 3113 Deus
2094 3059 2157 3114 et
2210 3053 2608 3131 intelligitur,
2671 3058 2733 3112 et
2792 3052 3128 3129 exponitur
3180 3056 3243 3111 et
3298 3051 3572 3111 auditur.
3620 3074 3649 3105 ››
3708 3052 3833 3110 Ve-

420 3146 755 3201 runtamen
815 3143 1119 3222 quidquid
1198 3146 1272 3207 de
1340 3152 1467 3209 Deo
1539 3150 1931 3225 sentiamus,
1987 3151 2139 3213 licet
2211 3152 2409 3212 altum
2482 3150 2631 3229 quid
2713 3156 2773 3210 et
2848 3149 3115 3209 sublime
3198 3147 3758 3227 excogitaverimus
3816 3193 3831 3219 ,

423 3240 826 3318 quantumvis
897 3249 1133 3303 crescat
1187 3243 1250 3303 in
1307 3245 1425 3306 hac
1484 3248 1611 3307 vita
1667 3249 1962 3327 cognitio,
2011 3249 2343 3310 essentiam
2403 3248 2512 3309 Dei
2571 3264 2895 3325 nunquam
2966 3263 3395 3324 assequemur.
3451 3270 3481 3301 ‹‹
3538 3244 3610 3325 (ε)
3672 3245 3832 3316 Quid

423 3337 678 3397 tandem
740 3339 902 3398 Deus
959 3346 1182 3401 natura
1236 3361 1349 3403 sua
1405 3350 1466 3405 et
1523 3347 1789 3407 essentia
1850 3347 1979 3419 sit,
2041 3365 2155 3407 nec
2213 3346 2543 3406 hominum
2616 3344 2949 3423 quisquam
3012 3361 3293 3422 unquam
3358 3342 3648 3416 invenit,
3709 3360 3824 3401 nec

423 3434 706 3494 invenire
761 3442 990 3515 potest.
1065 3462 1093 3492 »
1158 3439 1312 3500 Hinc
1363 3443 1699 3521 Gregorius
1752 3445 2149 3505 Eunomiano
2199 3445 2369 3505 fatue
2428 3462 2492 3504 se
2542 3442 2807 3523 jactanti
2865 3441 3078 3502 omnia
3133 3440 3310 3514 scire,
3346 3445 3404 3500 et
3468 3444 3836 3518 arroganter

423 3531 503 3592 ah
535 3533 923 3607 orthodoxis,
963 3560 989 3590 α
1027 3555 1317 3614 quaenam
1351 3548 1511 3601 esset
1544 3542 1654 3602 Dei
1690 3542 1957 3602 essentia
1987 3565 2018 3598 »
2082 3543 2425 3621 qumrenti:
2463 3566 2491 3597 «
2552 3544 2723 3613 Tuae,
2784 3540 2990 3619 inquit
3047 3538 3147 3619 (ί),
3180 3538 3511 3599 dementia:
3569 3542 3661 3598 est
3718 3536 3839 3597 hoc

424 3630 654 3702 dicere,
688 3631 795 3709 qui
844 3636 1311 3709 generationem
1369 3656 1623 3716 quoque
1678 3639 1877 3717 ipsam
1936 3639 2583 3717 anxie'perscrutaris
2633 3656 2647 3698 :
2712 3637 2889 3698 nobis
2949 3642 3159 3697 autem
3220 3636 3470 3697 abunde
3531 3652 3832 3713 magnum

423 3734 614 3805 atque
668 3730 949 3808 amplum
1013 3732 1247 3808 fuerit,
1307 3734 1357 3793 si
1414 3735 1474 3794 in
1538 3743 1856 3813 posterum
1916 3755 2170 3815 quoque
2253 3737 2535 3796 dicamus
2570 3781 2584 3808 ,
2646 3735 2853 3795 soluta
2919 3733 3209 3793 videlicet
3295 3733 3412 3793 hac
3470 3732 3716 3809 caligae
3770 3735 3836 3791 et

422 3826 702 3886 crassitie
737 3873 750 3899 ,
815 3836 883 3888 ut
940 3829 1255 3906 pollicitus
1326 3838 1419 3891 est
1472 3833 1524 3892 is
1580 3833 1688 3911 qui
1745 3853 1867 3893 non
1931 3834 2248 3893 mentitur.
2310 3855 2338 3890 »
2400 3835 2576 3892 Nunc
2620 3850 2767 3891 vero
2824 3830 3184 3907 Theologus
3240 3829 3345 3890 ille
3412 3829 3635 3889 merito
3685 3845 3834 3888 cen-

425 3929 658 3995 seatur,
701 3947 730 3979 ‹‹
763 3924 844 4004 (g)
901 3943 1027 3985 non
1088 3927 1196 4005 qui
1251 3928 1311 3987 in
1367 3935 1590 4002 totum,
1654 3929 1807 4007 quid
1863 3932 2027 3989 Deus
2084 3929 2183 4003 sit,
2244 3928 2654 3989 invenerit....
2690 3926 2794 3987 sed
2855 3926 2963 4003 qui
3020 3925 3389 4003 ampliorem
3448 3924 3644 4003 ipsius
3688 3941 3835 4002 spe-

426 4020 587 4083 ciem
648 4029 855 4082 mente
926 4025 1327 4103 conceperit,
1381 4027 1777 4107 ampliusque
1825 4027 2108 4088 veritatis
2164 4027 2569 4087 simulacrum
2606 4074 2619 4099 ,
2680 4024 2781 4085 vel
2840 4023 3385 4085 adumbrationem
3420 4068 3434 4093 ,
3496 4022 3592 4081 vel
3673 4039 3835 4099 quo-

430 4138 683 4198 cunque
716 4121 966 4181 tandem
1001 4121 1124 4183 alio
1154 4123 1461 4185 vocabulo
1490 4126 1580 4186 uti
1633 4126 1770 4205 quis
1804 4126 2000 4200 malit,
2034 4126 2098 4185 in
2154 4125 2361 4205 seipso
2418 4123 2766 4202 collegerit.
2827 4146 2857 4177 »
2916 4124 2990 4182 Et
3046 4139 3123 4181 ne
3179 4121 3258 4181 ab
3314 4120 3432 4180 hac
3490 4119 3706 4197 regula
3734 4117 3839 4179 vel

424 4215 602 4293 ipsos
670 4220 884 4277 Patres
969 4221 1265 4299 antiquos
1342 4223 1639 4302 excipias,
1711 4224 2053 4304 prophetas
2136 4224 2246 4303 qui
2333 4226 2529 4283 Deum
2620 4220 2961 4300 aliquando
3043 4218 3269 4279 vidisse
3350 4218 3414 4277 in
3498 4216 3839 4294 Scripturis

427 4320 786 4374 narrantur.
854 4339 884 4371 ‹‹
937 4315 1028 4396 (li)
1106 4318 1170 4379 Si
1220 4319 1359 4397 quis
1418 4322 1582 4380 enim
1654 4324 1850 4383 Deum
1911 4322 2228 4400 cognovit,
2290 4327 2446 4396 aut,
2510 4319 2837 4398 Scriptura
2893 4322 3097 4389 teste,
3159 4315 3524 4395 cognovisse
3573 4314 3831 4389 dicitur,

424 4416 685 4471 eatenus
744 4414 1108 4491 cognovisse
1166 4418 1512 4477 censendus
1570 4425 1682 4489 est,
1765 4424 2076 4497 quatenus
2133 4418 2442 4480 uberioris
2498 4416 2846 4496 splendoris
2898 4414 3210 4496 particeps
3281 4412 3461 4474 sit....
3495 4412 3589 4474 Ita
3643 4429 3832 4472 exsu-

419 4509 705 4587 perantia
741 4509 896 4582 haec,
931 4511 1213 4589 perfecta
1244 4514 1520 4590 cognitio
1576 4515 1931 4575 existimata
1991 4521 2108 4588 est,
2150 4534 2279 4575 non
2329 4516 2410 4575 ad
2468 4515 2663 4593 ipsius
2722 4514 2811 4574 rei
2870 4513 3216 4585 veritatem,
3253 4512 3360 4572 sed
3415 4511 3497 4571 ad
3554 4509 3823 4570 aliorum

424 4606 754 4666 modulum
787 4613 848 4667 et
877 4608 1240 4668 facultatem
1276 4627 1605 4688 perpensa.
1644 4634 1671 4665 ››

500 4708 624 4764 Nec
657 4706 878 4765 mirum
913 4706 961 4765 si
1014 4706 1300 4779 mortale,
1336 4714 1463 4766 tam
1524 4710 1805 4785 angustis
1861 4709 2401 4789 circumscriptum
2442 4710 2747 4782 terminis,
2810 4709 3092 4769 divinum
3151 4713 3213 4767 et
3268 4705 3643 4766 immensum
3699 4723 3828 4763 non

421 4802 631 4880 capiat
687 4808 1010 4883 :‘qtquonam
1069 4804 1236 4863 enim
1296 4810 1483 4883 pacto
1542 4812 1740 4867 totam
1800 4806 1969 4866 illius
2030 4813 2322 4869 naturam
2410 4808 2570 4869 ratio
2658 4808 2936 4867 humana
3018 4804 3490 4885 apprehendere
3574 4801 3826 4880 poterit,

419 4918 561 4960 cum
600 4900 728 4980 «(2')
778 4920 965 4961 omne
1023 4907 1326 4974 creatum,
1386 4903 1512 4963 sive
1570 4905 1862 4976 caeleste,
1923 4906 2050 4965 sive
2105 4906 2569 4984 supercmleste,
2605 4906 2751 4966 licet
2779 4903 3129 4965 sublimiori
3184 4919 3376 4980 quam
3434 4918 3547 4961 nos
3603 4904 3832 4958 natura

418 4998 781 5077 pragditum,
814 5001 1069 5077 Deoque
1126 5000 1409 5072 vicinius,
1476 5002 1743 5079 longiori
1798 5009 2009 5063 tamen
2065 5002 2399 5064 intervallo
2431 5022 2468 5063 a
2519 5006 2668 5070 Deo,
2721 5021 2793 5062 ac
2854 5002 3041 5080 plena
3095 4998 3206 5060 illa
3263 5003 3325 5058 et.
3382 4996 3671 5057 absoluta
3722 5012 3828 5054 co-

418 5097 696 5175 gnitione
740 5097 953 5171 distat,
1013 5116 1201 5176 quam
1260 5118 1384 5177 quo
1442 5101 1855 5178 compositam
1906 5101 2068 5161 hanc
2126 5108 2433 5171 nostram,
2488 5107 2551 5161 et
2606 5100 2917 5179 abjectam
2977 5104 3166 5176 atque
3223 5094 3400 5156 humi
3456 5098 3826 5171 vergentem

426 5212 697 5255 massam
730 5196 1033 5274 superat?
1064 5218 1093 5253 η
1131 5194 1300 5256 Nihil
1357 5196 1597 5257 interea
1667 5198 2219 5276 expostulandum,
2276 5197 2327 5256 si
2382 5200 2570 5270 Deus,
2626 5214 2665 5257 a
2695 5196 2875 5257 nobis
2907 5212 3031 5256 non
3086 5192 3168 5271 (γ’)
3208 5214 3237 5250 α
3283 5191 3467 5270 plene
3523 5188 3829 5269 perfecte-

520 5414 576 5490 ᾳ)
615 5413 775 5490 Orat.
809 5416 863 5490 _6_.
896 5432 955 5469 n.
989 5418 1078 5490 !_2.

2246 5419 2317 5490 α)
2347 5417 2442 5474 0r.
2482 5419 2573 5487 29,
2607 5435 2665 5473 η.
2702 5418 2788 5490 11.

520 5429 554 5468 α
615 5414 775 5470 Orat.
810 5416 863 5477 6.
896 5432 955 5469 n.
989 5418 1078 5470 12.

520 5485 553 5540 b
608 5484 765 5541 Orat.
797 5487 885 5552 45,
920 5503 976 5541 n.
1011 5488 1064 5543 3.

521 5572 550 5610 c
599 5556 695 5611 Or.
724 5558 813 5624 30,
847 5574 905 5611 n.
941 5558 1027 5612 18.

561 5627 577 5682 l
609 5628 767 5682 Orat.
797 5629 855 5682 2.
887 5644 946 5682 n.
978 5629 1067 5682 39.

2267 5419 2317 5490 Γ)
2347 5417 2442 5474 0r.
2482 5419 2573 5487 29,
2607 5435 2665 5473 n.
2702 5418 2784 5472 11.

2303 5493 2324 5559 )
2352 5490 2448 5544 Or.
2480 5490 2571 5555 30,
2604 5507 2663 5545 n.
2697 5488 2784 5545 17.

2266 5507 2323 5631 ἶ)
2354 5560 2449 5617 Or.
2483 5561 2573 5631 28,
2606 5578 2666 5617 n.
2701 5560 2784 5616 17.

2264 5633 2305 5682 il
2337 5631 2506 5682 Ihid.-
2540 5649 2597 5682 n.
2630 5632 2687 5682 3.·

521 5556 570 5631 ε)
599 5556 695 5631 Or.
724 5558 819 5631 3οε
847 5574 905 5611 n.

2243 5556 2323 5631 (λ)
2354 5560 2449 5617 Or.
2483 5561 2573 5631 28,
2606 5578 2666 5617 n.
2701 5560 2786 5616 ιγ.

609 5628 767 5699 Orat.
797 5629 855 5694 2,
887 5644 946 5683 n.
978 5629 1067 5685 39.

1058 5672 1067 5685 .
2241 5628 2313 5699 (ἱ)
2337 5631 2507 5699 Ibid.,
2540 5628 2597 5686 u.
2630 5632 2686 5688 3.·

498 5627 577 5771 ξὲζ
604 5628 1067 5769 assa-.29

2241 5627 2314 5775 (ἐξ
2337 5631 2507 5699 Ibid.,
2540 5627 2597 5686 ἡ.
2630 5632 2687 5688 3.·

2242 5704 2288 5775 (j
2335 5706 2430 5759 Or.
2462 5703 2553 5773 45,
2581 5719 2643 5759 n.
2673 5703 2726 5759 3.
