4122 6214
235 351 289 420 97
1014 408 1019 415 ,
1168 338 1580 410 PRIEFATIO
1628 350 1669 409 G
1683 348 1863 408 ENEI

1956 348 2179 407 LIS.——
2206 345 2406 406 PARS
2455 338 2561 404 Ill.
3504 346 3584 404 98

235 507 326 569 que
353 484 778 565 comprehendi
828 490 1038 563 queat,
1101 506 1133 539 κ
1194 483 1346 544 dum
1400 488 1528 544 tam
1590 482 1788 543 multa
1841 481 2040 543 oculis
2095 480 2285 541 etiam
2343 478 2648 557 subjecta,
2713 477 3001 539 manibus
3057 497 3225 560 smpe
3286 480 3582 553 contrita,

235 588 445 647 rationis
497 591 742 663 captum
799 601 1096 661 superare
1154 582 1524 660 quotidiana
1586 582 1973 661 experientia
2055 582 2390 647 discamus,
2443 586 2505 639 et
2564 579 2735 638 varia
2808 584 3051 639 naturae
3137 598 3371 643 arcana
3440 590 3583 661 post

237 692 399 745 tantas
446 682 873 760 inquisitiones
930 680 1303 740 abscondita
1380 686 1442 740 et
1528 680 1870 739 tcctissima
1952 685 2407 757 permaneant.
2469 680 2687 737 Nonne
2771 694 2966 755 prOpe
3050 677 3295 739 inﬁnita
3377 698 3587 741 rerum

235 790 535 842 creatarum
586 779 904 857 mysteria,
940 796 1079 856 quae
1135 777 1431 837 mortales
1488 777 1766 855 undique
1822 777 2252 848 circumstant,
2315 781 2593 845 monent,
2631 793 2707 834 ne
2755 774 2973 835 altiora
3027 795 3086 837 se
3115 790 3387 856 quaram
3443 778 3582 854 13-",

234 889 317 941 aut
344 887 425 939 tot
454 878 829 937 mirabilium
869 883 1191 936 auctorem
1242 877 1508 936 scrutari
1539 880 1948 953 praesumant,
1983 893 2059 933 ne
2087 893 2124 934 a
2152 874 2561 952 magnitudine
2589 872 2796 951 gloria:
2826 874 3003 952 ipsius
3044 878 3461 954 opprimantur
3495 879 3585 938 ³⁸⁸1

235 980 349 1037 Ηῖεο
398 982 639 1035 sanctus
698 975 919 1035 doctor
974 973 1202 1033 eximie
1259 978 1321 1033 et
1394 974 1527 1032 fuse
1607 977 1976 1051 prosecutus
2046 978 2138 1031 est
2194 973 2326 1052 (a),
2386 979 2554 1031 totus
2633 972 2697 1029 in
2779 988 2893 1029 sua
2976 974 3260 1034 oratione
3341 976 3585 1036 incum-

232 1078 363 1135 bens
408 1098 435 1129 α
492 1079 557 1133 ut
601 1073 916 1147 ostendat,
966 1089 1043 1130 ne
1100 1071 1302 1149 ipsam
1363 1072 1614 1148 quidem
1662 1072 2079 1130 secundarum
2141 1088 2348 1128 rerum
2418 1078 2706 1129 naturam
2780 1067 3051 1128 hominis
3136 1080 3345 1132 mente
3401 1080 3591 1152 atque

232 1172 442 1249 ingenio
494 1168 941 1248 comprehendi
1000 1187 1183 1247 posse
1220 1214 1234 1241 ,
1296 1170 1527 1228 nedum
1590 1168 1859 1246 primam
1918 1167 2090 1226 illam
2180 1184 2251 1226 ac
2306 1165 2530 1237 solam,
2590 1184 2809 1226 vereor
2890 1167 3055 1225 enim
3140 1169 3391 1242 dicere,
3454 1190 3593 1232 om-

232 1269 382 1328 nibus
433 1267 614 1328 rebus
670 1267 1100 1327 excelsiorem.
1160 1289 1190 1321 »
1256 1265 1356 1327 Sic
1415 1271 1477 1325 et
1535 1266 1728 1325 animi
1776 1266 1975 1337 dotes,
2039 1266 2263 1325 mentis
2321 1271 2379 1326 et
2441 1263 2722 1343 corporis
2776 1263 2835 1321 in
2899 1264 3150 1325 homine
3205 1268 3591 1344 societatem,

233 1366 616 1426 membrorum
677 1365 841 1424 inter
892 1382 958 1424 se
1017 1363 1505 1424 concinnitatem
1542 1408 1559 1438 ,
1619 1363 2075 1423 elementorum
2137 1363 2446 1434 ordinem,
2510 1362 2923 1421 animantium
2986 1367 3047 1422 et
3102 1365 3594 1441 germinantium

231 1464 432 1543 species
485 1463 870 1542 perlustrat,
934 1481 1040 1523 cos
1098 1462 1206 1540 qui
1257 1460 1656 1541 philosipbias
1716 1460 2140 1539 principatum
2200 1461 2320 1520 sibi
2405 1459 2679 1519 vindicat
2752 1460 3003 1537 egregie
3057 1463 3443 1541 compellans
3479 1515 3492 1540 ,
3530 1472 3598 1527 ut

236 1562 307 1620 vel
358 1560 733 1639 singularum
788 1560 1246 1639 proprietatum
1286 1604 1300 1629 ,
1356 1577 1515 1636 quas
1573 1556 2036 1636 elegantissime
2094 1558 2437 1631 describit,
2502 1556 2825 1617 recondita
2883 1558 3190 1639 principia
3246 1561 3595 1640 detegant,
3680 1636 3687 1641 1

236 1665 320 1718 aut
346 1657 584 1718 tandem
614 1657 844 1717 divinis
873 1657 1083 1731 rebus,
1117 1655 1198 1716 ob
1230 1655 1662 1733 intelligentiae
1693 1655 2155 1730 difficultatem,
2192 1654 2564 1715 detrahendi
2598 1654 2783 1714 ﬁnem
2817 1654 3075 1717 faciant.

1672 1797 1763 1858 De
1807 1797 2119 1859 Trinitate.

302 1918 497 1988 Quoad
555 1917 713 1977 vixit
770 1916 1104 1995 Gregorius
1138 1964 1151 1990 ,
1206 1914 1613 1976 accuratioris
1694 1914 1995 1975 doctrinae
2079 1915 2245 1975 circa
2330 1914 2697 1975 Trinitatem
2774 1912 3150 1993 praedicator
3258 1916 3604 1983 indefessus

238 2015 332 2076 fuit
380 2023 436 2076 et
486 2016 779 2076 defensor
835 2015 1177 2074 acerrimus
1261 2020 1480 2074 contra
1536 2012 1799 2072 Arianos
1857 2017 1919 2072 et
1969 2012 2457 2073 Macedonianos
2513 2031 2527 2085 ;
2586 2014 2673 2073 ita
2732 2018 2799 2072 ut
2879 2013 3092 2073 omnia
3156 2013 3290 2091 ejus
3345 2018 3600 2097 scripta,

238 2111 341 2169 sive
394 2111 728 2183 orationes,
764 2110 891 2170 sive
941 2110 1247 2188 epistolae,
1308 2109 1437 2168 sive
1499 2108 1806 2178 carmina,
1867 2109 2242 2168 Trinitatem
2304 2112 2594 2167 resonent
2648 2113 2711 2167 et
2766 2114 3055 2184 suscepta
3116 2127 3227 2186 pro
3283 2113 3607 2175 Trinitatis

238 2206 560 2268 defensione
619 2213 841 2267 contra
896 2206 1211 2285 quoslibet
1266 2204 1659 2265 adversarios
1735 2205 2080 2264 certamina
2134 2222 2147 2262 ε
2200 2204 2366 2263 unde
2452 2204 2588 2278 ejus
2673 2204 2883 2263 aemuli
2965 2204 3086 2263 hoc
3164 2206 3369 2283 ipsum
3455 2211 3606 2271 vitio

234 2306 524 2365 vertebant
550 2312 615 2365 et
670 2305 1077 2383 objiciebant,
1138 2310 1325 2382 prout
1393 2304 1733 2362 etiamnum
1795 2301 2069 2380 objicere
2127 2302 2426 2379 Gregorio
2486 2302 2790 2361 Clericum
2850 2308 2912 2361 et
2968 2302 3238 2361 'l‘ollium
3296 2324 3422 2365 non
3481 2326 3606 2385 pu-

236 2401 369 2473 duit,
404 2403 558 2480 quod
630 2426 659 2461 ε
721 2403 969 2462 assidue
1028 2420 1203 2461 suam
1264 2401 1633 2461 Trinitatem
1692 2400 2063 2479 praedicaret
2120 2405 2180 2459 et
2225 2399 2518 2459 omnibus
2575 2404 2818 2458 tantum
2882 2416 3003 2457 non
3065 2398 3235 2458 horis
3295 2420 3605 2465 memora-

234 2505 314 2558 ret
345 2499 564 2559 «obita
643 2519 758 2578 pro
815 2499 1119 2560 Trinitate
1176 2498 1539 2570 certamina,
1602 2504 1663 2557 et
1712 2498 2065 2558 exantlatos
2121 2497 2391 2557 labores.
2454 2496 2517 2556 Si
2576 2513 2969 2574 quascunque
3027 2495 3108 2555 ad
3166 2501 3607 2576 exponendam

237 2600 286 2655 et
312 2596 753 2657 defendendam
785 2596 1079 2657 Ecclesiae
1139 2595 1465 2657 catholica
1528 2595 1712 2655 ﬁdem
1773 2594 1939 2655 circa
1995 2594 2318 2655 Trinitatis
2377 2594 2743 2672 mysterium
2819 2592 3066 2673 scripsit
3123 2596 3477 2673 Gregorius,
3512 2598 3611 2659 hic

240 2694 454 2753 animus
510 2690 673 2755 esset
729 2695 1008 2766 referre,
1070 2693 1345 2753 maxima
1403 2692 1538 2770 ejus
1611 2694 1986 2771 scriptorum
2074 2711 2220 2771 pars
2294 2692 2704 2752 exscribenda
2786 2699 2995 2759 esset,
3058 2693 3392 2770 nequidem
3484 2696 3610 2758 ullo

244 2792 674 2869 praetermisso:
724 2809 940 2851 verum
993 2792 1292 2870 pauciora
1350 2809 1681 2869 excerpere
1740 2796 1802 2851 et
1856 2788 2201 2867 insigniora
2257 2796 2354 2849 sat
2411 2789 2549 2850 erit.
2600 2790 2818 2868 Itaque
2874 2788 3196 2849 Trinitatis
3246 2792 3613 2870 mysterium

248 2886 326 2946 his
374 2889 573 2948 verbis
634 2890 891 2967 exponit
944 2887 1069 2967 (b):
1106 2912 1134 2943 ι
1196 2890 1369 2950 Unus
1427 2892 1588 2949 Deus
1641 2887 2003 2948 retinendus
2060 2892 2174 2961 est,
2209 2894 2270 2947 et
2325 2894 2446 2947 tres
2507 2886 2894 2966 hypostases,
2936 2885 3064 2946 sive
3121 2893 3245 2947 tres
3302 2890 3660 2969 personas,’

249 2986 618 3058 conﬁtenda},
681 2994 743 3046 et
798 2986 1051 3064 quidem
1112 3004 1501 3063 unaquaeque
1556 3004 1698 3045 cum
1743 3004 1857 3045 sua
1910 2986 2319 3064 preprietate.
2377 3009 2407 3041 »
2472 2987 2546 3045 Et
2602 2988 2665 3044 in
2722 2984 2845 3045 alia
2900 2984 3183 3046 oratione
3235 2985 3313 3067 (c)
3375 3008 3388 3049 :
3450 3013 3480 3045 «
3537 2993 3621 3051 At

253 3102 413 3142 unum
462 3086 666 3144 Deum
723 3101 1061 3161 agnoscere
1119 3084 1452 3161 oportebat
1510 3084 1802 3161 principii
1887 3092 2205 3161 expertem
2294 3090 2356 3143 et
2438 3083 2811 3160 ingenitum,
2846 3091 2906 3143 et
2998 3102 3190 3143 unum
3252 3086 3473 3147 Filium
3545 3109 3625 3150 ex

249 3180 402 3240 Patre
454 3188 768 3259 genitum,
801 3189 862 3240 et
916 3199 1156 3241 unnum
1215 3182 1516 3259 Spiritum
1574 3199 1651 3241 ex
1710 3187 1834 3241 Deo
1891 3181 2308 3241 substantiam
2369 3182 2726 3253 habentem,
2790 3181 3236 3241 concedentem
3298 3185 3469 3244 Patri
3524 3187 3623 3246 in-

250 3277 407 3351 geniti
466 3279 942 3357 proprietatem,
1007 3279 1162 3338 Filio
1221 3296 1366 3339 vero
1424 3279 1893 3355 generationem
1940 3296 1954 3350 ;
2016 3279 2092 3338 de
2145 3288 2371 3338 caetero
2430 3284 2639 3338 autem
2700 3279 2982 3355 ejusdem
3036 3281 3294 3340 omnino
3353 3288 3621 3356 naturae,

247 3374 557 3451 dignitatis,
640 3376 917 3447 honoris,
979 3376 1219 3453 gloriae.
1277 3378 1444 3449 Haec,
1521 3376 1803 3453 inquam,
1867 3394 2207 3454 agnoscere
2262 3376 2617 3454 oportebat,
2680 3374 2812 3434 haec
2872 3376 3176 3435 conﬁteri.
3245 3400 3274 3431 »
3333 3378 3626 3442 'l‘rinitati

245 3472 653 3531 accommodat
706 3471 842 3531 haec
899 3471 1161 3532 Joannis
1190 3472 1384 3530 verba
1413 3471 1489 3530 de
1548 3471 1706 3530 Filio
1751 3488 1765 3529 ε
1834 3493 1862 3528 (ι
1921 3471 2087 3532 Erat
2144 3471 2249 3530 lux
2305 3490 2466 3543 vera,
2514 3490 2643 3550 qua?
2701 3470 3007 3530 illuminat
3060 3490 3283 3531 omnem
3337 3473 3626 3536 hominem

245 3568 526 3628 venientem
589 3571 652 3627 in
711 3570 864 3628 hunc
918 3568 1199 3627 mundum
1263 3568 1326 3621 ίτ.
1388 3570 1537 3628 Erat
1592 3569 1697 3627 lux
1758 3587 2007 3628 vera
2074 3572 2304 3629 Pater.
2369 3572 2516 3629 Erat
2575 3569 2681 3628 lux
2742 3586 2888 3628 vera
3029 3569 3268 3629 Filius.
3314 3572 3461 3631 Erat
3519 3574 3628 3635 lux

248 3682 433 3724 vera...
465 3666 633 3726 alius
685 3665 1070 3726 Paracletus.
1133 3668 1302 3739 Erat,
1340 3671 1401 3724 et
1448 3672 1602 3738 erat,
1638 3670 1699 3725 et
1754 3672 1927 3725 erat:
1983 3666 2089 3725 sed
2148 3685 2342 3726 unum
2400 3674 2556 3729 erat.
2591 3669 2742 3739 Lux,
2805 3671 2867 3725 et
2922 3665 3052 3737 lux,
3086 3672 3148 3726 et
3198 3667 3342 3726 lux:
3380 3668 3486 3727 sed
3518 3670 3628 3731 lux

252 3777 367 3835 una,
397 3763 557 3823 Deus
589 3782 774 3822 unus.
809 3786 839 3817 »ι
896 3762 1201 3833 Qualibet
1250 3781 1518 3841 persona
1574 3768 1669 3822 est
1722 3762 1802 3823 ab
1862 3769 2096 3823 aeterno
2141 3762 2286 3843 (d):
2351 3788 2380 3818 «
2444 3766 2691 3823 Patrem
2753 3781 2895 3823 vere
2952 3763 3235 3837 dicimus,
3296 3782 3369 3823 ac
3429 3767 3627 3827 multo

254 3859 470 3935 quidem
529 3860 762 3927 verius,
827 3879 1017 3937 quam
1084 3861 1191 3939 qui
1274 3860 1441 3939 apud
1501 3879 1613 3921 nos
1669 3859 1734 3919 id
1789 3880 2017 3921 nomen
2079 3861 2364 3922 obtinent
2420 3880 2431 3933 ;
2500 3868 2628 3921 tum
2689 3860 2835 3938 quia
2914 3861 3168 3937 proprio
3213 3869 3275 3922 et
3326 3862 3632 3942 singulari

256 3956 409 4016 modo
440 3960 632 4017 Pater
658 3963 769 4029 est,
802 3976 924 4017 non
957 3962 1166 4017 autem
1217 3956 1377 4016 sicut
1422 3974 1726 4036 corpora;
1790 3963 1923 4017 tum
1982 3958 2131 4036 quia
2188 3960 2378 4030 solus,
2427 3977 2551 4017 non
2611 3959 2772 4017 enim
2834 3976 2909 4016 ex
2974 3956 3457 4034 conjunctione;
3498 3966 3628 4020 tum

256 4056 376 4128 quia
400 4056 617 4127 solius,
680 4073 905 4134 nempe
962 4055 1305 4133 unigeniti;
1370 4060 1500 4115 tum
1561 4056 1709 4133 quia
1765 4056 1994 4128 solum,
2059 4076 2169 4115 nec
2220 4057 2389 4115 enim
2450 4056 2584 4133 ipse
2648 4057 3011 4133 priusquam
3072 4057 3258 4116 Pater
3311 4064 3495 4134 esset,
3528 4059 3631 4119 Fi-

252 4148 349 4209 lius
399 4153 553 4224 fuit;
592 4159 725 4212 tum
783 4153 932 4231 quia
988 4152 1049 4211 in
1108 4158 1310 4212 totum
1379 4158 1441 4211 et
1496 4152 1689 4212 totius
1745 4155 1950 4224 Pater,
2002 4153 2168 4230 quod
2229 4153 2305 4212 de
2364 4152 2543 4211 nobis
2604 4159 2771 4211 certo
2832 4152 3139 4211 afﬁrmari
3194 4154 3412 4233 nequit
3445 4174 3459 4225 ;
3496 4161 3630 4216 tum

254 4249 374 4324 quia
396 4252 469 4310 ab
500 4251 707 4323 initio,
742 4269 857 4310 nec
898 4251 1061 4310 enim
1112 4251 1422 4328 posterius
1476 4252 1664 4310 Pater
1720 4269 1853 4310 esse
1912 4251 2129 4329 coepit.
2185 4252 2437 4322 Filium,
2503 4270 2647 4311 vere
2704 4251 2929 4311 Filium
2988 4252 3155 4329 quod
3214 4259 3275 4313 et
3330 4254 3499 4314 solus
3530 4255 3632 4329 sit,

255 4351 302 4404 et
348 4349 554 4422 solius,
620 4367 691 4408 ac
749 4348 1051 4425 singulari
1107 4348 1314 4419 modo,
1376 4355 1438 4408 et
1491 4349 1693 4409 solum
1751 4367 1764 4421 ;
1823 4367 1947 4408 non
1996 4349 2160 4407 enim
2219 4350 2404 4408 Pater
2461 4367 2712 4427 quoque
2769 4349 2953 4407 simul
3013 4356 3153 4421 est,
3190 4357 3250 4410 et
3306 4352 3368 4410 in
3425 4358 3628 4413 totum

254 4443 417 4504 Filius
461 4493 476 4518 ,
534 4453 601 4507 et
656 4447 847 4506 totius
882 4494 895 4519 ,
955 4452 1017 4505 et
1071 4464 1108 4506 a
1166 4445 1472 4525 principio
1509 4492 1523 4519 ,
1585 4446 1748 4506 hanc
1806 4446 2042 4506 scilicet
2129 4448 2432 4507 rationem
2522 4446 2758 4507 habens
2793 4493 2806 4519 ,
2871 4455 2937 4506 ut
3022 4467 3345 4527 nunquam
3432 4451 3626 4511 Filius

256 4557 364 4601 esse
408 4546 671 4623 cmperit
724 4561 739 4615 ;
800 4563 923 4604 non
972 4544 1139 4604 enim
1184 4562 1261 4604 ex
1319 4544 1683 4621 poenitentia
1741 4550 1834 4603 est
1888 4544 2135 4616 deitas',
2203 4564 2403 4622 neque
2489 4564 2566 4603 ex
2633 4546 2915 4622 profectu
3002 4546 3335 4619 deificatio,
3403 4554 3469 4607 ut
3526 4548 3632 4608 ille

258 4638 572 4718 aliquando
629 4644 835 4709 Pater,
875 4642 973 4701 hic
1027 4642 1368 4719 aliquando
1428 4642 1618 4701 Filius
1674 4648 1835 4701 esset
1877 4642 2146 4701 desinat.
2208 4643 2509 4721 Spiritum
2570 4650 2853 4703 sanctum
2912 4661 3057 4704 vere
3120 4651 3456 4704 sanctum:
3520 4664 3629 4707 ne-

260 4752 361 4812 que
413 4740 574 4797 enim
626 4738 785 4796 alius
842 4738 982 4796 talis
1037 4743 1130 4797 est
1163 4782 1177 4805 ,
1241 4756 1353 4797 nec
1410 4738 1628 4797 eodem
1683 4736 1891 4809 modo,
1955 4756 2157 4816 neque
2205 4756 2279 4796 ex
2339 4738 2693 4798 accessione
2768 4739 3164 4798 sanctitatem
3225 4738 3461 4814 habet,
3525 4740 3632 4801 sed

264 4840 340 4891 est
387 4834 647 4911 ipsemet
706 4837 1027 4907 sanctitas,
1062 4854 1176 4895 nec
1234 4834 1432 4912 magis
1489 4840 1551 4893 et
1608 4833 1832 4905 minus,
1882 4854 2017 4906 nec,
2082 4836 2290 4912 quoad
2351 4844 2617 4912 tempus,
2680 4836 2984 4913 originem
3050 4854 3323 4913 unquam
3387 4838 3631 4910 habuit,

266 4946 358 4988 nec
387 4932 565 4991 ﬁnem
603 4932 929 4991 habiturus
960 4938 1072 4991 est.
1108 4934 1237 4991 Hoc
1295 4931 1460 4990 enim
1516 4931 1685 4990 Patri
1743 4939 1804 4990 et
1851 4931 2005 4991 Filio
2066 4938 2127 4991 et
2188 4932 2451 5010 Spiritui
2506 4938 2723 4991 sancto
2775 4950 3108 4992 commune
3165 4940 3280 5007 est,
3314 4936 3481 5011 quod
3517 4934 3634 4996 mi-

268 5028 408 5087 nime
461 5030 653 5089 creati
712 5036 880 5103 sunt,
937 5036 1127 5106 atque
1178 5030 1318 5107 ipsa
1364 5028 1679 5088 divinitas.
1745 5029 1873 5088 Hoc
1930 5035 2139 5088 autem
2200 5029 2356 5090 Filio
2414 5036 2474 5089 et
2533 5030 2791 5107 Spiritui
2849 5036 3091 5103 sancto,
3153 5031 3318 5107 quod
3373 5039 3636 5110 uterque

268 5142 453 5185 eorum
486 5145 562 5186 ex
609 5126 794 5187 Patre
838 5134 952 5187 est.
986 5129 1065 5186 At
1121 5144 1268 5186 vero
1327 5126 1528 5186 Patris
1585 5126 1938 5205 proprietas
1990 5127 2124 5186 haec
2181 5134 2293 5203 est,
2355 5129 2520 5206 quod
2574 5128 2891 5206 ingenitus
2948 5130 3066 5188 sit:
3102 5129 3240 5188 Filii
3300 5129 3467 5207 quod
3528 5147 3682 5208 ge-i

271 5222 447 5283 nitus:
508 5225 755 5304 Spritus
807 5224 1006 5284 sancti
1036 5224 1205 5303 quod
1264 5224 1647 5303 procedat.»
1715 5225 1859 5285 Haec
1917 5225 2239 5301 generatio
2297 5231 2358 5286 et
2413 5228 2754 5304 processio,
2812 5245 2953 5306 quae
3029 5225 3217 5286 nullis
3274 5225 3477 5286 verbis
3520 5244 3636 5305 po-

273 5323 370 5380 test
410 5321 726 5401 explicari,
760 5321 1097 5383 scrutanda
1126 5340 1253 5383 non
1285 5328 1418 5383 est:
1458 5344 1489 5378 ‹‹
1547 5324 1678 5382 Hoc
1734 5326 1981 5382 tantum
2044 5323 2313 5383 sciamus
2368 5323 2739 5385 Trinitatem
2796 5324 2859 5385 in
2916 5325 3178 5399 unitate,
3213 5328 3277 5385 et
3331 5323 3635 5385 unitatem

327 5469 380 5522 ”.
412 5472 450 5507 ιδ
487 5472 659 5527 Eccli.
738 5489 823 5544 ιιι,
854 5473 945 5526 22.
1025 5472 1068 5509 ιθ
1098 5472 1263 5529 Prov.
1296 5489 1433 5529 xxv.
1463 5472 1557 5529 27.
1638 5472 1680 5509 ¹⁷
1709 5471 1880 5530 Joan.
1914 5489 1953 5543 ι,
1986 5473 2039 5528 9.

340 5597 402 5665 (a)
429 5596 517 5652 Or.
548 5598 640 5665 28,
666 5614 725 5654 n.
755 5597 845 5655 31.
876 5597 938 5655 in
967 5598 1099 5656 ﬁne.
2064 5597 2134 5726 (c)
2164 5596 2259 5654 Or.
2294 5597 2383 5669 3t,
2413 5614 2471 5656 n.
2504 5597 2558 5656 3.

342 5665 407 5726 (bl
434 5667 525 5726 0r.
555 5668 645 5726 32.
675 5686 735 5726 n.
763 5671 821 5726 5.
2066 5673 2087 5726 (
2129 5670 2143 5726 l
2174 5669 2270 5726 0r.
2300 5669 2393 5726 25.
2423 5687 2481 5726 ιι.
2517 5671 2558 5726 ll

342 5665 407 5744 (ὁ)
434 5667 525 5728 0r.
555 5668 645 5743 32,
675 5686 735 5728 ιι.
763 5671 821 5729 5.

2066 5665 2143 5748 (d)
2174 5669 2270 5731 ον.
2300 5665 2393 5745 25',
2423 5687 2481 5729 n.
2517 5669 2712 5746 16,17.

4059 870 4061 969 l

4060 974 4061 1033 ι
