4122 6214
436 334 511 393 99
1446 327 1862 388 ΡΗΑΞΡΑἸῚΟ
1909 327 2061 388 GEN

2219 329 2366 388 .LlS.
2387 363 2462 372 ——
2493 329 2692 391 PARS
2737 331 2842 390 Ill.
3729 332 3847 392 100

431 469 490 526 in
549 465 852 527 Trinitate
901 463 1312 524 adorandam.
1377 463 1671 522 Colamus
1732 465 1925 522 Deum
1988 464 2259 535 Patrem,
2318 467 2510 523 Deum
2567 464 2836 538 Filium,
2897 466 3094 526 Deum
3157 466 3461 546 Spiritum
3528 473 3845 538 sanctum,

431 571 557 626 tres
601 565 1037 643 proprietates,
1104 580 1291 621 unam
1351 561 1766 634 divinitatem,
1829 579 1942 620 nec
1998 561 2221 638 gloria,
2283 580 2395 620 nec
2457 561 2718 634 honore,
2782 581 2895 622 nec
2954 564 3246 640 essentia,
3301 583 3414 623 nec
3457 582 3651 640 regno
3684 564 3847 624 divi-

433 683 564 726 sam
600 665 701 741 (α).
733 685 760 718 ››

509 765 660 822 Tres
723 779 862 819 vero
919 777 1227 837 personae,
1288 758 1432 817 licet
1489 758 1693 835 reipsa
1745 756 2076 824 distinctae,
2109 757 2197 815 ita
2255 763 2401 816 sunt
2457 757 2574 816 sibi
2633 757 2895 818 invicem
2968 760 3355 820 cohaerentes
3429 768 3494 818 ut
3556 759 3846 838 quisquis

431 859 529 918 vel
589 877 775 918 unam
838 857 1198 916 exscindere
1261 857 1616 924 tentaverit,
1651 864 1774 914 tres
1833 856 2017 914 simul
2079 873 2150 914 ac
2211 860 2406 914 totam
2471 873 2726 932 prorsus
2783 857 3080 917 deitatem
3136 858 3498 931 sustulerit;
3533 858 3844 935 siquidem

428 975 551 1016 una
580 956 711 1015 sine
743 956 939 1014 altera
971 972 1102 1013 esse
1135 971 1458 1030 nunquam
1513 959 1715 1030 potest
1769 951 1874 1030 (ὁ).
1941 975 1968 1007 ‹‹
2030 951 2093 1011 Si
2151 951 2266 1011 fuit
2324 959 2592 1030 tempus,
2655 972 2797 1013 cum
2858 974 2982 1014 non
3043 961 3202 1014 esset
3259 956 3466 1025 Pater,
3503 954 3620 1013 fuit
3669 973 3832 1032 quo-

427 1072 568 1130 que,
607 1070 747 1111 cum
783 1068 906 1109 non
938 1057 1098 1108 esset
1130 1050 1339 1108 Filius.
1376 1050 1440 1107 Si
1473 1050 1590 1108 fuit
1648 1056 1915 1125 tempus,
1972 1066 2113 1106 cum
2175 1069 2297 1108 non
2351 1056 2511 1108 esset
2562 1050 2772 1122 Filius,
2837 1051 2952 1110 fuit
3023 1070 3298 1129 quoque,
3361 1069 3503 1110 cum
3569 1068 3644 1109 ne
3695 1051 3841 1129 Spi-

425 1155 583 1210 ritus
614 1149 866 1226 quidem
928 1153 1110 1206 esset.
1145 1147 1208 1205 Si
1269 1164 1462 1204 unum
1521 1145 1676 1204 illud
1735 1164 1770 1204 a
1829 1146 2136 1224 principio
2167 1153 2322 1217 erat,
2388 1147 2601 1224 utique
2658 1154 2720 1206 et
2777 1148 2915 1208 tria.
2976 1148 3039 1208 Si
3102 1166 3296 1207 unum
3353 1146 3592 1224 dejicis,
3631 1147 3842 1207 audax
3952 1149 3957 1153 ⁷

427 1249 545 1306 hoc
579 1248 806 1315 dicam,
842 1264 918 1304 ne
950 1245 1074 1303 duo
1127 1243 1375 1322 quidem
1437 1244 1755 1321 superiore
1813 1243 1951 1302 loco
2011 1244 2302 1303 colloces.
2336 1244 2484 1313 Quae
2543 1244 2707 1303 enim
2766 1245 3150 1322 imperfecta
3212 1245 3462 1304 deitatis
3525 1244 3842 1303 ultilitas?

427 1348 560 1405 Imo
623 1362 761 1422 quas
821 1343 1019 1402 deitas
1054 1387 1070 1415 ,
1129 1342 1179 1400 si
1234 1342 1600 1418 imperfecta
1647 1341 1676 1399 ?
1735 1341 2013 1399 Perfecta
2069 1348 2278 1400 autem
2339 1342 2656 1419 quomodo
2714 1342 2880 1414 erit,
2940 1343 3003 1400 in
3059 1360 3186 1420 qua
3243 1342 3323 1402 ad
3388 1342 3841 1420 perfectionem

425 1441 663 1520 aliquid
721 1439 1108 1499 desideretur
1157 1440 1186 1498 ?
1245 1439 1647 1498 Desideratur
1699 1438 1887 1509 enim,
1950 1439 2000 1497 si
2056 1439 2386 1498 sanctitate
2447 1445 2676 1498 careat.
2738 1441 2909 1498 Hanc
2969 1460 3158 1518 porro
3230 1441 3549 1517 quomodo
3610 1439 3845 1499 habere

425 1546 638 1618 queat,
675 1539 735 1597 ni
795 1539 1093 1616 Spiritum
1150 1537 1425 1596 habeat?
1483 1537 1544 1596 Si
1595 1536 1757 1596 enim
1819 1537 1942 1596 alia
2001 1537 2288 1614 quaedam
2349 1544 2573 1615 praeter
2625 1537 2800 1596 illum
2855 1539 3151 1598 sanctitas
3208 1545 3322 1612 est,
3371 1557 3512 1616 quas
3584 1539 3841 1598 tandem

426 1638 534 1697 illa
594 1635 1001 1712 intelligenda
1046 1635 1145 1704 sit,
1207 1634 1373 1694 dicat
1431 1635 1784 1712 quispiam:
1847 1640 1977 1704 aut,
2042 1633 2093 1693 si
2149 1635 2400 1711 quidem
2461 1633 2679 1694 eadem
2753 1635 2887 1694 haec
2944 1643 3058 1704 est,
3121 1637 3272 1713 quid
3340 1636 3550 1696 afferri
3610 1643 3838 1714 potest,

424 1735 838 1814 quamobrem
875 1753 996 1792 non
1022 1733 1153 1809 jam
1189 1732 1333 1792 inde
1366 1752 1401 1791 a
1435 1733 1742 1810 principio
1776 1733 2008 1792 fuerit?
2039 1733 2226 1803 Quasi
2261 1751 2404 1791 vero
2437 1733 2798 1810 praastiterit
2846 1737 2997 1806 Deo,
3031 1733 3372 1812 aliquando
3404 1734 3838 1812 imperfectum

425 1833 752 1903 exstitisse,
791 1850 862 1890 ac
894 1831 1164 1909 Spiritus
1185 1837 1528 1908 expertem.
1564 1855 1593 1884 ››

501 1931 648 2000 Quis
705 1938 915 1988 autem
977 1929 1325 2006 pergrande
1379 1929 1739 2005 mysterium
1803 1929 2009 1988 valeat
2063 1929 2161 1988 vel
2219 1929 2440 1988 saltem
2473 1928 2759 1988 subolere
2812 1926 2842 1984 ἴ)
2899 1929 3089 1988 Nobis
3146 1948 3394 2008 semper
3451 1929 3837 1988 inaccessum

422 2029 690 2100 fuisset,
748 2028 864 2085 nisi
923 2027 1260 2104 Scripturaa
1323 2026 1664 2084 divinitatis
1724 2026 2052 2085 thesauros
2107 2028 2478 2086 mortalibus
2536 2026 3001 2104 expandissent.
3065 2029 3143 2085 At
3201 2026 3491 2086 Ecclesiae
3549 2027 3840 2085 doctores

420 2132 659 2183 tantam
724 2123 1136 2200 majestatem,
1199 2124 1410 2200 captui
1471 2123 1750 2181 humano
1811 2124 1992 2182 nimis
2063 2125 2523 2201 praecellentem
2585 2131 2644 2182 et
2695 2123 2872 2201 cuius
2930 2123 3174 2201 fulgore
3227 2143 3403 2183 mens
3464 2124 3835 2202 perstringi-

424 2231 573 2292 tur,
638 2223 826 2280 variis
884 2222 1462 2298 comparationibus
1521 2222 1836 2279 delineare
1898 2229 1959 2281 et
2019 2223 2402 2281 adumbrare
2461 2222 2738 2298 aggressi
2795 2226 2988 2293 sunt,
3048 2229 3114 2281 ut
3173 2223 3270 2280 vel
3327 2223 3413 2280 sic
3494 2223 3832 2298 quamdam

419 2320 742 2378 Trinitatis
828 2318 1145 2376 notionem
1235 2319 1414 2378 nobis
1499 2319 1997 2397 suppeditarent.
2061 2322 2189 2380 Hoc
2282 2319 2618 2397 Gregorius
2701 2319 3063 2395 exsequitur
3144 2319 3291 2378 dum
3379 2319 3694 2378 nominem
3753 2319 3833 2377 ad

417 2434 482 2475 se
539 2416 744 2494 ipsum
806 2416 1094 2482 advocat,
1154 2421 1216 2474 et
1273 2416 1335 2473 in
1391 2415 1611 2474 intimo
1672 2417 1897 2476 animae
1957 2417 2326 2495 impressam
2403 2417 2682 2495 mysterii
2753 2416 3094 2494 imaginem
3155 2419 3234 2477 ad
3297 2417 3831 2494 contenplandum

418 2514 635 2574 allicit.
671 2516 843 2574 Mens
875 2513 1207 2591 siquidem,
1245 2532 1446 2573 sermo
1479 2519 1540 2572 et
1597 2514 1850 2592 spiritus
1906 2515 1966 2573 in
2029 2534 2198 2575 unna
2255 2515 2535 2592 ejusdem
2598 2513 2870 2573 hominis
2927 2522 3173 2586 natura,
3225 2516 3366 2574 licet
3424 2515 3501 2574 ab
3560 2515 3831 2574 invicem

418 2621 870 2684 secernantur,
929 2632 1049 2672 non
1115 2620 1324 2672 tamen
1385 2617 1508 2670 tres
1564 2612 1864 2671 essentias
1899 2658 1912 2684 ,
1968 2613 2073 2672 sed
2135 2633 2324 2672 unam
2381 2633 2642 2675 numero
2701 2615 3114 2674 substantiam
3174 2615 3583 2672 constituunt.
3627 2634 3657 2668 α
3707 2615 3834 2672 Nos

419 2714 654 2779 autem,
692 2714 760 2766 ut
789 2707 1069 2786 loquitur
1125 2715 1374 2768 sanctus
1432 2708 1652 2767 doctor
1708 2710 1802 2787 (c),
1839 2733 1866 2764 ι
1929 2729 2118 2769 unam
2180 2718 2241 2770 et
2299 2712 2583 2771 eamdem
2643 2712 2893 2772 deitatis
2951 2716 3240 2770 naturam
3298 2717 3644 2779 teneamus,
3686 2727 3830 2787 quas

378 2799 499 2865 'ex
560 2805 849 2884 principii
899 2814 1176 2884 experte,
1241 2812 1301 2865 et
1357 2807 1781 2882 generatione,
1834 2814 1896 2866 et
1951 2807 2344 2885 processione
2419 2809 2780 2888 agnoscitur
2831 2829 2845 2882 ;
2908 2807 3440 2886 quemadmodum
3516 2805 3578 2864 id
3661 2805 3834 2883 quod

421 2903 605 2963 nobis
635 2905 817 2970 inest,
855 2910 1079 2975 mente,
1116 2921 1429 2972 sermone,
1464 2921 1537 2962 ac
1568 2903 1786 2981 spiritu
1818 2904 2193 2982 intelligitur
2221 2904 2332 2984 (d).
2369 2930 2397 2960 »

498 3001 710 3061 Multa:
768 3008 914 3060 sunt
970 3001 1108 3061 aliae
1166 3002 1717 3080 comparationes,
1781 3021 2048 3080 quarum
2109 3021 2227 3080 ope
2293 3005 2610 3063 infirmum
2697 3005 2976 3064 animum
3078 3002 3405 3062 sublevare
3488 3001 3834 3078 scriptores

419 3100 620 3158 nostri
654 3100 862 3158 conati
894 3106 1074 3157 sunt:
1131 3100 1236 3157 sed
1296 3118 1484 3176 quam
1549 3118 1769 3176 parum
1830 3100 1909 3159 ad
1968 3100 2058 3158 rei
2114 3100 2437 3159 veritatem
2498 3102 2825 3173 accedunt,
2889 3109 2958 3159 ut
3015 3098 3347 3177 Gregorius
3406 3104 3672 3158 testatur
3703 3097 3826 3176 (e)!

421 3221 452 3250 «
514 3197 666 3254 Cum
724 3197 955 3254 mentis
1013 3197 1372 3256 curiositate
1422 3197 1688 3256 multum
1763 3198 1997 3274 diuque
2084 3216 2325 3257 mecum
2417 3199 2959 3267 considerassem,
3044 3198 3133 3256 rei
3212 3201 3405 3256 tantze
3487 3195 3830 3272 imaginem

415 3294 762 3372 quamdam
801 3294 1185 3371 exquirens,
1247 3294 1346 3353 cui
1410 3295 1659 3354 tandem
1721 3313 1929 3354 rerum
2005 3295 2348 3355 inferarum
2438 3297 2648 3356 divina
2705 3297 2814 3355 illa
2901 3301 3124 3355 natura
3208 3293 3635 3372 comparanda
3698 3293 3826 3364 sit,

419 3391 693 3469 reperire
752 3409 875 3450 non
938 3391 1133 3469 potui.
1196 3391 1489 3462 Quamvis
1547 3392 1711 3450 enim
1771 3393 2062 3470 exiguam
2118 3393 2398 3470 aliquam
2453 3394 2929 3453 similitudinem
2989 3392 3333 3452 invenerim
3369 3437 3383 3464 ,
3448 3390 3651 3468 major
3734 3397 3829 3449 ta-

423 3505 568 3548 men
629 3507 724 3546 me
783 3507 927 3566 pars
973 3489 1154 3566 fugit,
1190 3489 1491 3566 humique
1562 3490 1905 3567 relinquit.
1973 3515 2001 3545 »
2061 3491 2422 3551 Cavendum
2484 3492 2698 3568 itaque
2779 3510 2855 3550 ne
2906 3490 3167 3551 terrenis
3225 3489 3505 3548 caelestia
3561 3489 3824 3547 metien-

414 3587 492 3645 do
530 3632 543 3658 ,
603 3587 974 3662 dignitatem
1010 3587 1288 3665 mysterii
1345 3587 1777 3665 deprimamus
1835 3606 1849 3659 ;
1901 3587 2168 3666 ideoque
2225 3607 2300 3647 ex
2359 3590 2620 3666 singulis
2693 3589 3204 3647 similitudinibus
3251 3605 3454 3664 apage
3512 3585 3820 3663 quidquid

412 3685 508 3743 vel
569 3685 754 3742 nimis
810 3685 1144 3762 abjectum,
1180 3685 1273 3744 vel
1331 3686 1545 3763 dispar
1603 3705 1857 3763 prorsus
1914 3687 2101 3746 fuerit
2128 3687 2247 3766 (f):
2291 3689 2416 3745 «In
2477 3705 2721 3746 summa
2781 3686 2935 3744 nihil
2982 3692 3076 3746 est
3139 3685 3201 3744 in
3266 3703 3390 3762 quo
3452 3702 3624 3743 mens
3686 3701 3825 3743 mea

412 3782 684 3859 gradum
743 3784 935 3859 figere
1011 3791 1248 3859 queat,
1305 3785 1453 3842 dum
1539 3784 1897 3860 imaginor,
1959 3785 2021 3842 in
2108 3787 2412 3862 exemplis
2495 3785 2886 3844 considero:
2952 3786 3014 3842 ni
3101 3784 3258 3842 forte
3344 3781 3656 3859 quispiam
3749 3799 3824 3840 ea

410 3879 608 3938 animi
641 3879 938 3956 aequitate
969 3881 1072 3951 sit,
1107 3887 1193 3950 ut,
1233 3899 1426 3938 unum
1460 3881 1699 3958 aliquid
1732 3899 1806 3940 ex
1840 3881 2165 3960 proposita
2195 3883 2468 3959 imagine
2499 3883 2830 3959 acceperit,
2869 3881 3109 3958 reliqua
3134 3879 3444 3957 projiciat.
3490 3902 3517 3933 »

496 3977 793 4037 Tritheiae
853 3982 1085 4037 crimen
1145 3979 1314 4056 quod
1373 3980 1433 4036 in
1495 3980 1860 4056 Gregorium
1937 3980 2349 4058 increpabant
2401 3979 2612 4038 Ariani
2668 3979 2754 4037 ita
2809 3977 3040 4050 diluit,
3093 3983 3160 4036 ut
3220 3976 3447 4035 mirum
3509 3975 3586 4033 sit
3637 3973 3826 4032 fuisse

410 4072 709 4150 deinceps
767 4075 872 4150 qui
933 4093 1118 4134 unam
1177 4077 1588 4136 substantiam
1651 4078 1854 4155 specie
1915 4083 2097 4136 tenus
2153 4077 2471 4136 admisisse
2539 4078 2740 4154 ipsum
2802 4076 3162 4135 incusarent
3219 4074 3353 4152 (g).
3423 4094 3452 4129 (ι
3511 4071 3573 4131 Si
3635 4073 3818 4143 Deus,

411 4173 474 4225 et
507 4170 694 4239 Deus,
730 4176 790 4228 et
847 4173 1029 4242 Deus,
1090 4196 1117 4224 »
1179 4173 1658 4233 sciscitabantur
1715 4174 1951 4247 Ariani,
2018 4199 2047 4229 ‹‹
2105 4175 2253 4253 quid
2309 4192 2510 4234 causae
2571 4191 2703 4233 esse
2763 4179 2986 4251 potest,
3050 4173 3201 4249 quin
3259 4179 3381 4230 tres
3433 4170 3556 4229 sint
3608 4168 3754 4228 Dii?
3794 4192 3820 4224 ι

415 4263 505 4323 Ad
570 4265 702 4324 haec
762 4269 1098 4343 Gregorius
1155 4269 1238 4347 (/1)
1289 4288 1300 4328 :
1370 4295 1398 4324 «
1456 4271 1646 4331 Nobis
1703 4272 1929 4349 inquit,
1987 4275 2151 4332 Deus
2206 4292 2365 4332 unus
2423 4278 2562 4344 est,
2620 4272 2918 4349 quoniam
2983 4288 3107 4329 una
3165 4269 3363 4328 deitas
3425 4286 3438 4341 ;
3489 4273 3679 4344 atque
3744 4265 3826 4325 ad

413 4379 658 4433 unum,
711 4381 784 4421 ea
833 4382 972 4441 quae
1031 4383 1105 4423 ex
1165 4384 1238 4424 eo
1294 4375 1487 4438 sunt,
1550 4369 1921 4440 referuntur,
1979 4371 2223 4428 etiamsi
2284 4377 2406 4429 tres
2463 4388 2762 4447 personas
2820 4367 3153 4428 credimus.
3207 4369 3422 4443 Neque
3479 4365 3644 4424 enim
3705 4363 3828 4422 hoc

415 4457 641 4535 magis,
701 4460 854 4518 illud
918 4461 1120 4520 minus
1180 4469 1272 4521 est
1329 4465 1528 4535 Deus;
1590 4484 1703 4523 nec
1762 4465 1880 4524 hoc
1938 4467 2110 4542 prius
2147 4512 2159 4535 ,
2219 4467 2374 4525 illud
2436 4467 2762 4545 posterius.
2827 4468 2949 4523 Nec
3031 4464 3354 4524 voluntate
3413 4461 3821 4532 scinduntur,

413 4562 521 4614 aut
579 4557 862 4634 potentia
919 4557 1333 4632 dividuntur,
1395 4567 1503 4619 aut
1553 4561 1820 4638 denique
1880 4563 2227 4640 quidquam
2287 4581 2551 4634 eorum,
2611 4582 2750 4640 quae
2827 4561 3095 4620 dividuis
3152 4562 3338 4620 rebus
3399 4561 3820 4634 contingunt,

407 4652 510 4712 hic
571 4672 824 4733 quoque
885 4657 1212 4733 reperitur.
1285 4681 1314 4711 »
1380 4660 1454 4717 Et
1512 4677 1637 4735 quo
1696 4677 1907 4718 veram
1967 4665 2030 4718 et
2084 4644 2392 4736 integram
2452 4661 2514 4719 in
2573 4662 2803 4720 deitate
2862 4660 3163 4719 unitatem
3217 4663 3492 4728 asserat,
3557 4674 3681 4714 non
3739 4654 3823 4712 si-

410 4750 726 4810 mulatam
761 4761 870 4812 aut
923 4754 1378 4831 imperfectam,
1415 4756 1493 4815 ab
1556 4757 1673 4815 hac
1735 4756 1970 4816 unitate
2028 4776 2319 4816 amovere
2377 4759 2606 4834 satagit
2663 4757 2969 4834 quidquid
3031 4757 3126 4814 vel
3185 4755 3246 4813 in
3304 4751 3680 4822 cmlestibus,
3727 4751 3824 4810 vel

403 4846 826 4922 inhumanis,
891 4850 1053 4910 male
1108 4853 1228 4930 ipsi
1283 4872 1620 4932 exaequare
1676 4855 2126 4915 contenderent
2183 4856 2272 4934 (ι’).
2341 4880 2368 4913 α
2428 4856 2585 4925 Quid
2645 4861 2878 4926 autem,
2940 4853 3212 4913 dixerint
3281 4852 3566 4922 fortasse,
3619 4866 3827 4909 nonne

407 4945 588 5022 apud
623 4945 907 5007 ethnicos
967 4967 1218 5027 quoque
1275 4949 1472 5009 deitas
1536 4969 1658 5010 una
1717 4958 1830 5022 est,
1868 4958 1932 5010 ut
1987 4953 2212 5012 docent
2270 4953 2378 5030 qui
2437 4953 2683 5030 plenius
2743 4952 2912 5029 apud
2970 4951 3110 5010 illos
3168 4949 3627 5028 perfectiusque
3685 4944 3827 5023 phi-

397 5041 858 5119 losOpbantur,
912 5053 1102 5123 atque
1156 5049 1325 5124 apud
1382 5066 1496 5107 nos
1554 5066 1752 5125 genus
1809 5050 2191 5124 universum,
2255 5051 2613 5109 humanitas
2680 5067 2805 5108 una
2853 5049 2881 5105 ?
2929 5051 3005 5107 Et
3090 5055 3297 5107 tamen
3385 5045 3598 5124 plures
3679 5047 3828 5102 sunt

405 5136 528 5210 dii,
563 5143 626 5197 et
681 5157 807 5198 non
865 5160 1046 5211 unus,
1109 5144 1268 5203 sicut
1327 5144 1519 5204 etiam
1585 5146 1764 5206 multi
1851 5146 2181 5208 homines.
2245 5151 2326 5207 At
2378 5146 2507 5207 illic
2561 5145 2978 5207 communitas
3030 5143 3339 5205 unitatem
3408 5140 3621 5210 habet,
3683 5155 3826 5216 quae

481 5347 809 5431 (9)9931,
839 5369 902 5431 n._
931 5354 1020 5409 28.

2235 5359 2304 5431 (β)
2338 5358 2507 5424 Ibid.,
2543 5375 2602 5417 ιι.
2646 5359 2734 5413 33.

481 5359 558 5472 (ἕ)
585 5359 686 5474 (qr,
721 5359 809 5422 31,
839 5369 898 5407 η.
931 5359 1020 5409 2s.
2235 5359 2304 5501 gr)
2338 5359 2507 5424 Ibid.,
2543 5375 2602 5417 ιι.
2646 5359 2735 5413 33.

475 5423 550 5556 Ecl
579 5422 969 5556 arida,"a."i.
2237 5431 2314 5556 (tl
2343 5431 2561 5556 $131."
2597 5447 2654 5485 η·
2689 5431 2776 5487 ‘3'

497 5493 545 5560 ιτ)
579 5493 671 5548 0r.
704 5495 794 5559 23,
825 5513 881 5550 η.
921 5498 969 5552 1.
2244 5493 2314 5572 Ἦ)
2345 5502 2411 5557 Ν.
2441 5503 2525 5556 14.

495 5564 550 5647 ά)
584 5561 669 5647 Luc
698 5568 775 5647 ﬁt
805 5569 882 5636 τῷ
911 5565 1150 5647 ἐχμὴμῖν,
1185 5567 1274 5623 καὶ
1309 5565 1463 5644 λόγῳ
1492 5565 1581 5622 καὶ
1612 5566 1895 5642 πνεύματι.
2236 5505 2298 5647 ἕέ)
2331 5573 2398 5629 Ν.
2439 5574 2519 5630 15.

476 5635 545 5709 (e)
582 5638 673 5690 Or.
708 5638 796 5702 31,
830 5655 888 5694 n.
923 5639 1013 5697 31.
