4122 6214
276 370 357 429 101
1206 360 1625 422 ΡΗΕΡΑΤΙΟ
1671 358 1904 420 GENEE

2000 358 2225 420 LIS.-——
2261 358 2457 419 PARS
2502 354 2609 418 ΙΙΙ.
3512 358 3628 421 102

272 498 602 578 cogitatione
646 494 777 558 sola
833 493 1214 555 considerari
1262 493 1475 571 possit.
1539 516 1567 547 »
1633 494 1864 553 Contra
1924 510 2068 553 vero
2135 492 2475 571 perfectam
2527 490 2833 551 unitatem
2892 487 3093 549 tribus
3170 506 3348 568 mque
3406 507 3625 567 perso-

273 600 346 658 nis
392 597 610 674 absque
668 594 796 654 ullo
854 591 1210 653 discrimine
1262 608 1607 668 congruere
1663 591 1881 651 statuit
1934 594 2185 649 sanctus
2243 588 2480 660 doctor,
2545 587 2748 647 aureis
2805 586 2975 647 hisce
3022 585 3230 646 verbis
3295 604 3425 666 prae
3481 605 3627 647 sen-

268 716 349 756 sus
388 693 698 755 altitudine
755 709 880 751 non
941 690 1088 749 satis
1140 688 1609 767 perscrutandis
1670 688 1750 767 (a)
1804 705 1815 746 :
1870 712 1898 743 «
1962 692 2038 747 At
2072 692 2297 747 nostrae
2357 686 2657 746 doctrinae
2715 703 2838 744 non
2916 685 3136 745 eadem
3216 690 3309 744 est
3394 686 3555 745 ratio
3611 711 3625 767 ;

266 794 347 852 sed
398 792 610 850 horum
670 790 921 869 (nempe
973 787 1329 846 divinorum
1387 785 1883 865 suppositorum)
1940 785 2267 864 quodlibet
2352 784 2653 843 unitatem
2714 782 2954 857 habet,
3016 802 3139 843 non
3200 782 3406 843 minus
3464 782 3620 861 ejus,

265 908 377 949 cum
430 906 548 966 quo
628 884 1054 965 conjungitur,
1118 901 1311 961 quam
1386 883 1479 942 sui
1564 883 1759 961 ipsius
1843 888 2176 961 respectu,
2242 888 2499 960 propter
2557 881 2837 941 essentia:
2926 886 2988 940 et
3072 880 3371 960 potentia:
3448 880 3628 941 iden-

264 988 469 1046 mntem
548 1005 561 1044 ;
620 1008 651 1039 υ
740 985 819 1051 τῷ
872 983 1050 1051 ταυτῷ
1106 985 1204 1047 τῆς
1265 977 1475 1047 οὐσίας,
1532 978 1619 1032 καὶ
1676 985 1773 1047 τῆς
1834 975 1892 1031 δυ

1997 999 2112 1038 Law:
2177 980 2307 1039 Sed
2363 979 2568 1038 verbis
2638 978 2789 1056 quid
2844 996 3002 1056 opus
3086 984 3245 1054 est,
3322 986 3389 1039 ut
3473 983 3625 1041 Gre-

260 1083 470 1162 gorium
527 1097 866 1159 purgemus
906 1079 934 1136 ?
992 1096 1135 1137 cum
1195 1076 1619 1149 Eunomium,
1679 1076 1789 1154 qui
1845 1076 2212 1136 divisionem
2282 1077 2345 1134 in
2422 1082 2749 1154 paternam
2834 1076 3249 1135 substantiam
3328 1076 3627 1136 inducere

260 1178 611 1239 orthodoxos
662 1183 730 1236 ut
788 1174 1134 1255 probaret,
1194 1179 1372 1233 tanto
1429 1174 1634 1233 studio
1693 1174 2046 1247 laborabat,
2107 1174 2398 1234 omnibus
2456 1173 2660 1232 nervis
2711 1171 3080 1250 propulsare
3137 1172 3440 1233 intendat.
3477 1175 3628 1244 Quae

256 1294 377 1336 sane
424 1275 641 1335 animis
688 1274 849 1333 bene
906 1271 1144 1331 affectis
1202 1271 1343 1349 plus
1396 1289 1577 1348 aequo
1638 1272 1954 1331 sufﬁciant
1988 1317 2001 1344 ,
2059 1289 2135 1329 ne
2191 1270 2341 1347 quid
2410 1270 2503 1329 vel
2582 1269 2966 1328 levissimum
3050 1270 3126 1329 de
3212 1270 3335 1329 fide
3416 1272 3628 1331 eximii

256 1374 493 1433 doctoris
521 1372 943 1451 suspicentur.

1761 1466 1845 1526 De
1876 1466 2084 1526 Patre.

318 1572 494 1629 Deum
542 1573 787 1647 patrem
847 1564 1189 1625 divinitatis
1246 1563 1382 1623 Filii
1464 1568 1527 1622 et
1582 1562 1853 1641 Spiritus
1911 1564 2111 1623 sancti
2167 1581 2419 1623 causam
2473 1608 2486 1633 ,
2550 1560 2718 1638 quod
2776 1560 2939 1619 idem
3005 1560 3170 1621 valet
3252 1579 3325 1621 ac
3398 1564 3632 1641 princi-

256 1666 399 1745 pium
430 1665 590 1744 apud
621 1664 897 1731 Latinos,
948 1661 1284 1739 Gregorius
1339 1661 1558 1721 edocet
1609 1678 1622 1719 :
1688 1684 1715 1714 «
1781 1663 2132 1720 Parvorum
2189 1667 2378 1733 certe,
2438 1660 2641 1737 inquit
2710 1658 2796 1738 (ὁ)
2830 1706 2843 1731 ,
2904 1658 3169 1737 ipsoque
3224 1650 3665 1765 indignorum‘

257 1762 590 1843 principium
650 1762 838 1822 fuerit
897 1761 1099 1835 Pater,
1163 1758 1282 1818 nisi
1340 1758 1590 1818 deitatis
1647 1758 1782 1835 ejus
1818 1803 1831 1830 ,
1894 1778 2034 1837 quae
2093 1760 2156 1819 in
2230 1759 2385 1819 Filio
2443 1757 2793 1835 etSpiritu
2880 1763 3097 1816 sancto
3161 1758 3622 1836 consideratur,

255 1879 410 1921 causa
437 1860 531 1919 sit.
567 1881 596 1917 »
634 1863 716 1921 Ut
769 1877 807 1919 a
862 1860 1045 1918 Patre
1102 1856 1295 1917 Filius
1352 1862 1415 1915 et
1472 1856 1740 1933 Spiritus
1788 1864 2038 1916 sanctus
2093 1861 2393 1916 emanant
2454 1860 2515 1914 et
2574 1854 2833 1932 perinJe
2890 1854 2967 1913 ad
3036 1872 3176 1913 eum
3238 1856 3618 1931 referuntur,

254 1960 322 2017 sic
370 1957 614 2017 unitatis
669 1956 731 2015 in
788 1955 1093 2015 Trinitate
1147 1953 1325 2030 origo
1383 1958 1445 2012 et
1502 1952 1640 2012 fons
1702 1956 1881 2013 Pater
1938 1962 2031 2014 est
2087 1954 2163 2035 (ρ)
2215 1974 2228 2013 :
2288 1977 2316 2008 «
2368 1955 2506 2014 Una
2566 1951 2662 2011 his
2724 1951 2920 2011 tribus
2979 1958 3206 2012 natura
3264 1956 3427 2013 Deus
3488 1959 3618 2016 est:

255 2054 374 2113 onio
404 2073 541 2114 vero
573 2060 668 2113 est
699 2054 906 2124 Pater,
938 2070 1014 2111 ex
1044 2070 1191 2129 quo,
1223 2056 1284 2109 et
1314 2051 1394 2110 ad
1428 2069 1611 2128 quem
1647 2068 1740 2118 ea,
1777 2069 1917 2128 quae
1950 2051 2244 2130 deinceps
2273 2056 2643 2127 sequuntur,
2692 2049 3066 2122 referuntur,
3103 2068 3226 2109 non
3262 2056 3329 2109 ut
3353 2052 3622 2111 confun-

253 2151 449 2210 dantur
500 2169 571 2210 ac
631 2150 1123 2228 permisceantur
1157 2194 1171 2220 ,
1233 2147 1342 2207 sed
1402 2154 1468 2206 ut
1522 2147 1941 2207 cohzereaut.
2000 2173 2027 2203 ι
2090 2148 2155 2209 Si
2212 2148 2598 2225 quandoque
2654 2147 2839 2205 Pater
2895 2147 3063 2206 solus
3112 2149 3275 2206 Deus
3337 2149 3626 2208 nomina-

256 2256 355 2319 tur,
386 2254 441 2308 et
493 2247 778 2306 Christus
834 2246 1040 2323 ipsum
1098 2244 1185 2304 sic
1242 2244 1587 2322 alloquitur
1645 2244 1726 2323 (ά)
1776 2261 1791 2303 :
1858 2267 1887 2302 α
1945 2247 2025 2306 Ut
2086 2251 2470 2323 cognoscant
2528 2251 2588 2303 te
2644 2247 2848 2303 solum
2924 2262 3141 2302 verum
3208 2246 3403 2304 Deum
3464 2246 3620 2319 ¹⁸;››

255 2345 552 2421 Gregorius
584 2345 706 2404 hoc
744 2367 771 2400 (ι
805 2343 886 2403 ad
946 2361 1187 2415 eorum,
1247 2342 1377 2420 qui,
1429 2360 1792 2421 quanquam
1851 2343 2032 2415 falso,
2065 2344 2151 2401 dii
2209 2349 2420 2401 tamen
2480 2342 2903 2420 appellantur,
2957 2342 3373 2402 sublationem
3434 2343 3556 2402 dici
3588 2367 3618 2400 υ

254 2442 554 2502 existimat.
588 2442 792 2519 Major
839 2441 1058 2518 utique
1086 2441 1271 2499 Pater
1327 2439 1497 2499 solus
1554 2440 1709 2499 Filio
1767 2439 1889 2500 dici
1949 2445 2151 2519 potest
2210 2440 2280 2510 '9,
2317 2458 2440 2499 non
2497 2440 2577 2498 ob
2636 2439 2913 2516 aliquam
2975 2439 3036 2497 in
3098 2447 3326 2501 natura
3356 2440 3623 2519 dispari-

250 2537 500 2611 litatem,
561 2538 674 2598 sed
731 2543 1041 2615 quatenus
1099 2539 1282 2597 Pater
1340 2536 1481 2595 Filii
1538 2555 1726 2597 causa
1780 2543 1841 2597 et
1896 2537 2274 2615 principium
2350 2554 2481 2595 esse
2539 2536 2976 2614 dignoscitur.
3040 2536 3341 2614 Majorem
3428 2539 3621 2599 etiam

249 2652 486 2695 asserere
516 2653 876 2715 possumus,
909 2633 958 2693 si
1016 2633 1155 2693 Filii
1212 2632 1665 2693 humanitatem
1726 2634 2127 2694 attendamus
2180 2651 2192 2692 :
2256 2632 2364 2693 sed
2426 2632 2561 2692 haec
2620 2632 3054 2712 interpretatio
3101 2641 3316 2695 sancto
3376 2635 3620 2696 doctori

250 2751 351 2792 non
394 2734 655 2794 multum
709 2733 966 2801 arridet,
1015 2738 1085 2791 ut
1142 2731 1348 2792 minus
1406 2731 1755 2793 honoriﬁca
1807 2750 1821 2791 :
1884 2757 1912 2787 «
1971 2737 2189 2792 Nonne
2254 2731 2657 2810 perspicuum
2742 2736 2883 2803 est,
2942 2731 3147 2809 inquit
3202 2732 3298 2813 (e),
3365 2734 3627 2812 majoris

258 2850 438 2892 vocem
494 2833 572 2892 ad
628 2849 881 2892 causam
943 2830 1335 2891 referendam
1387 2848 1519 2889 esse
1566 2830 1672 2891 ?...
1735 2830 1915 2900 Quod
1978 2831 2219 2890 ratione
2276 2829 2685 2889 humanitatis
2734 2830 2921 2889 Pater
2975 2830 3132 2890 Filio
3189 2831 3394 2909 major
3440 2831 3625 2893 intel-

252 2926 501 3006 ligendus
531 2930 639 3002 sit,
672 2947 814 2989 vere
844 2928 1100 3008 quidem
1132 2928 1253 2988 dici
1286 2933 1508 3007 potest,
1545 2927 1655 2988 sed
1685 2946 1809 2989 non
1842 2928 2099 3007 perinde
2123 2927 2488 2989 honorifice.
2511 2948 2542 2985 ι)

1773 3052 1860 3113 De
1901 3051 2082 3113 Filio.

319 3152 517 3212 Nullus
602 3169 887 3230 unquam
974 3151 1114 3211 Filii
1194 3134 1863 3228 divinitatem‘magis
1939 3158 2188 3210 strenue
2284 3151 2710 3228 propugnavit
2754 3195 2769 3222 ,
2831 3159 3205 3229 argumenta
3260 3152 3624 3226 ﬁrmando,

254 3247 356 3305 sive
421 3248 672 3327 objecta
730 3249 1229 3307 adversariorum
1291 3246 1700 3307 convellendo
1737 3293 1751 3320 ,
1813 3248 1939 3307 sive
1997 3247 2352 3307 difficiliora
2409 3247 2856 3325 explanando.
2920 3250 3196 3326 Singulis
3272 3252 3626 3330 quibusque

256 3345 607 3422 proferendis
658 3363 786 3405 non
837 3344 1361 3418 immorabimur,
1422 3364 1623 3423 pauca
1680 3364 1756 3405 ex
1805 3352 1934 3405 tam
1998 3346 2209 3405 multis
2264 3344 2539 3405 delibare
2596 3346 2895 3407 contenti.
2954 3348 3231 3407 Primum
3293 3348 3458 3408 unde
3520 3368 3625 3409 ac-

252 3445 443 3521 ceperit
530 3444 673 3504 Filii
746 3442 1137 3503 divinitatem
1209 3443 1525 3515 ostendit,
1588 3445 1862 3522 plurima
1946 3445 2407 3522 Scripturarum
2492 3444 2628 3504 loca
2716 3445 3113 3522 congerendo
3198 3465 3338 3525 quae
3414 3446 3616 3526 ipsam

253 3548 431 3617 aperte
484 3541 839 3601 declarant.
908 3562 936 3597 α
998 3543 1142 3609 Nos,
1200 3540 1405 3618 inquit
1464 3539 1589 3619 (ί),
1650 3559 1725 3600 ex
1780 3541 2022 3619 magnis
2079 3549 2138 3600 et
2197 3540 2457 3601 excelsis
2516 3541 2770 3601 vocibus
2825 3541 2967 3601 Filii
3025 3542 3417 3603 divinitatem
3481 3563 3624 3622 per-

253 3638 511 3714 cepimus,
574 3656 649 3697 ac
713 3636 1154 3715 praedicamus.
1206 3637 1441 3707 Quibus
1490 3637 1792 3697 tandem?
1846 3638 1954 3697 His
2011 3638 2329 3707 nimirum,
2395 3642 2554 3698 Deus
2623 3638 2913 3713 Verbum,
2974 3640 3144 3718 quod
3192 3641 3256 3699 in
3315 3641 3623 3719 principio

252 3742 373 3807 erat,
431 3743 489 3795 et
545 3754 691 3795 cum
752 3734 1063 3813 principio
1097 3778 1113 3807 ,
1174 3741 1236 3794 et
1295 3734 1711 3813 principium;
1773 3741 1839 3794 ut
1882 3735 1947 3795 in
1999 3734 2096 3795 his
2147 3736 2301 3796 locis
2352 3753 2365 3793 :
2419 3735 2491 3795 In
2507 3736 2807 3815 principio
2856 3746 2990 3797 erat
3063 3737 3295 3797 Verbum
3351 3748 3407 3797 et
3481 3738 3619 3799 Ver-

255 3829 358 3890 bum
407 3843 530 3892 erat
585 3833 754 3911 apud
802 3832 1015 3900 Deum,
1073 3840 1130 3891 et
1189 3831 1346 3891 Deus
1402 3841 1533 3892 erat
1602 3830 1851 3891 Verbum
1878 3833 1941 3885 ²⁰.
1977 3834 2071 3903 Et,
2140 3832 2349 3892 Tecum
2400 3832 2765 3911 principium
2796 3832 2917 3894 “.z
2981 3840 3064 3905 et,
3103 3834 3218 3908 Qui
3269 3844 3437 3895 vocat
3494 3855 3622 3895 eam

254 3944 281 3983 a
329 3927 796 4005 generationibus
874 3929 1247 4008 principium
1303 3926 1346 3959 ²²
1386 3973 1401 3989 .
1457 3927 1550 3987 Ad
1630 3933 1768 3988 haec
1848 3928 2039 3989 Filius
2124 3929 2482 4005 unigenitus
2562 3929 2855 3987 dicitur:
2945 3928 3297 4007 Um’genitus
3392 3930 3620 4004 Filius,

255 4024 441 4101 inquit,
500 4028 612 4105 qui
664 4036 751 4086 est
805 4027 865 4085 in
920 4026 1057 4084 sinu
1110 4025 1316 4085 Patris
1375 4026 1494 4105 ipse
1550 4028 1860 4087 enarravit
1909 4034 1953 4068 93
2015 4047 2030 4099 ;
2091 4027 2222 4098 Via,
2293 4026 2526 4085 Veritas
2561 4070 2574 4097 ,
2639 4026 2794 4095 Vita,
2860 4029 2991 4086 Lux
3045 4044 3057 4084 :
3116 4027 3252 4106 Ego
3312 4046 3439 4087 sum
3496 4030 3623 4104 via,

259 4126 436 4183 veritas
486 4134 539 4183 et
598 4125 723 4184 vita
780 4131 826 4165 ³⁵
880 4140 893 4193 ;
954 4130 1035 4197 et,
1073 4123 1208 4202 Ego
1235 4143 1359 4183 sum
1418 4124 1525 4183 tum
1579 4123 1785 4183 mundi
1835 4124 1901 4182 ³⁵.
1938 4124 2279 4203 Sapientia,
2341 4124 2627 4183 Potentia
2683 4141 2696 4181 :
2759 4124 3021 4184 Christus
3106 4125 3221 4185 Dei
3262 4128 3526 4206 potentia
3571 4137 3631 4187 et

254 4216 348 4278 Dei
380 4223 660 4302 sapientia
719 4220 764 4254 ²⁶
799 4265 815 4281 .
876 4221 1231 4300 Splendor,
1298 4221 1638 4283 Character
1671 4268 1685 4294 ,
1744 4223 1958 4299 Imago
1995 4269 2009 4297 ,
2069 4222 2355 4300 Sigillum
2396 4269 2409 4293 ,
2472 4228 2539 4281 ut
2592 4224 2647 4280 in
2710 4223 2806 4281 his
2861 4223 3062 4283 verbis
3114 4241 3127 4282 :
3192 4224 3311 4298 Qui
3358 4244 3488 4284 cum
3546 4227 3627 4286 sit

255 4318 491 4394 splendor
542 4319 755 4399 gloriae
816 4341 829 4380 :
894 4326 955 4379 et
989 4366 1002 4389 ,
1067 4318 1388 4381 Character
1461 4320 1794 4380 substantia:
1846 4319 2027 4398 ipsius
2086 4328 2176 4378 27:
2240 4326 2321 4390 et,
2376 4319 2580 4398 Imago
2640 4320 2916 4379 bonitatis
2959 4330 3078 4380 *8...
3139 4324 3237 4391 Et,
3298 4323 3418 4393 Qui
3468 4335 3619 4400 erat,

254 4418 342 4491 qui
383 4428 456 4476 est
504 4430 560 4477 et
616 4418 727 4498 qui
778 4428 1056 4477 venturus
1111 4429 1197 4477 est
1251 4419 1611 4497 omnipotens
1696 4418 1796 4477 ille
1855 4422 1975 4480 νη...
2038 4419 2185 4488 Quae
2274 4418 2602 4496 perspicue
2687 4418 2763 4477 de
2823 4419 2979 4479 Filio
3062 4418 3403 4494 dicuntur,
3463 4421 3625 4482 sicut

258 4517 303 4567 et
350 4514 460 4573 alia
518 4514 724 4592 plura,
787 4532 927 4591 quae
986 4515 1269 4573 eamdem
1329 4514 1453 4579 vim
1512 4514 1798 4584 habent,
1862 4532 2130 4591 quorum
2180 4514 2336 4573 nihil
2394 4513 2728 4574 ascititium
2789 4520 2902 4587 est,
2954 4534 3067 4575 nec
3122 4516 3302 4591 Filio,
3336 4522 3445 4577 aut
3489 4518 3625 4596 Spi-

259 4609 379 4668 ritui
446 4619 662 4671 sancto
689 4611 999 4689 posterius
1079 4614 1385 4683 accessit,
1447 4612 1985 4689 quemadmodum
2075 4630 2189 4670 nec
2276 4612 2492 4671 Patri.
2559 4616 2771 4689 Neque
2858 4614 3025 4672 enim
3111 4632 3187 4673 ex
3272 4614 3625 4675 accessione

258 4707 516 4781 perfectio
574 4709 727 4787 ipsis
774 4716 1143 4787 comparata
1198 4715 1337 4779 est,
1392 4711 1526 4769 Non
1583 4710 1751 4769 enim
1813 4712 1994 4770 Pater
2052 4709 2239 4771 Verbi
2289 4727 2567 4787 unquam
2654 4728 2879 4787 expers
2928 4710 3044 4769 fuit
3097 4728 3111 4783 ;
3173 4728 3289 4770 nec
3348 4730 3624 4791 unquam

259 4801 351 4861 fuit
401 4806 540 4882 quia
594 4807 782 4865 Pater
839 4813 999 4866 esset
1051 4824 1064 4879 ;
1126 4825 1241 4867 nec
1299 4806 1569 4885 denique
1630 4824 1908 4884 unquam
1968 4807 2253 4879 veritate,
2318 4806 2649 4885 sapientia,
2712 4807 2988 4879 viribus,
3054 4808 3200 4879 vita,
3262 4809 3617 4887 splendore,

260 4906 346 4959 aut
370 4902 640 4964 bonitate
662 4903 883 4963 caruit.
924 4925 953 4961 »

326 5000 432 5059 Sed
486 5002 686 5080 quid?
717 5006 935 5062 Nonne
990 5003 1099 5081 qui
1157 5002 1549 5062 divinitatem
1603 5003 1760 5062 Filio
1819 5003 2151 5081 abrogant,
2214 5011 2277 5065 et
2310 5003 2451 5083 ipsi
2508 5001 2780 5082 plurima
2837 5003 3177 5083 Scripturae
3231 5004 3368 5064 loca
3419 5005 3480 5064 in
3531 5005 3627 5065 sui

264 5097 453 5156 erroris
507 5100 925 5178 patrocinium
983 5101 1253 5161 afferunt
1298 5100 1326 5158 Ἰ
1380 5100 1485 5160 His
1543 5107 1794 5160 sanctus
1851 5105 2069 5162 doctor
2122 5102 2372 5161 obviam
2430 5100 2525 5171 it,
2585 5101 2869 5178 regulam
2928 5102 3388 5175 constituendo,
3443 5103 3623 5181 cujus

319 5236 356 5313 ’ξ
378 5238 534 5296 Joan.
566 5258 704 5308 xvu,
732 5244 785 5297 3.
867 5243 911 5279 ¹⁹
937 5242 1103 5299 Joan.
1162 5260 1236 5309 Iv,
1267 5242 1357 5297 28.
1434 5242 1478 5277 ²⁰
1504 5242 1672 5298 Joan.
1707 5259 1745 5312 ι,
1780 5243 1831 5299 1.
1910 5242 1947 5280 ²¹

1988 5242 2140 5298 Psal.
2187 5259 2297 5297 01x.
2342 5242 2396 5297 3.
2472 5242 2516 5276 ²²
2547 5241 2723 5297 Eccli.
2772 5258 2923 5313 xxxv,
2976 5243 3061 5299 14.
3139 5244 3184 5279 ³³
3213 5244 3381 5299 Joan.
3431 5260 3472 5313 ι,
3530 5244 3616 5299 18.

268 5286 704 5434 2δὲὶὶὗῖιίᾚῖ
732 5286 785 5297 ”’
810 5313 854 5348 π
882 5286 1139 5382 δὸαἶῗέι,
1162 5286 1408 5372 iam
1438 5314 1460 5369 I
1492 5286 1842 5385 65F."£,"2'4'.

1987 5286 2013 5326 τ
2033 5286 2396 5383 ῑῐέὸιιῖῖόῗ
2466 5314 2510 5348 εδ
2548 5286 3061 5385 ἓὶᾘῗνῖζὲδῗ
3096 5315 3140 5351 ιο
3198 5286 3381 5388 Ᾰρὂέῖ
3431 5286 3473 5386 ii
3528 5286 3615 5387 ii;

324 5522 385 5598 (9}
413 5523 499 5580 Or.
530 5527 622 5595 31,
652 5545 709 5584 n.
745 5531 832 5586 16.

2051 5529 2125 5598 (d)
2160 5528 2255 5584 Or.
2287 5529 2379 5598 30,
2411 5546 2470 5585 n.
2507 5530 2591 5586 13.

330 5530 385 5592 [αξ
413 5530 499 5580 0r.
530 5530 622 5595 31,
652 5545 709 5584 n.
745 5531 832 5586 16.

330 5594 389 5669 (ὁ)
415 5600 497 5669 9r.
526 5599 617 5667 20,
651 5618 706 5655 n.
737 5603 794 5657 6.

2048 5530 2125 5669 2‘2
2154 5530 2501 5669 ἃῖξιῗθίιξλά.

332 5666 387 5741 (ε)
413 5666 496 5727 0r.
529 5666 620 5744 A2,
650 5689 703 5730 n.
746 5673 829 5731 t5.

2049 5666 2120 5745 (fj
2151 5672 2246 5729 0r.
2278 5666 2368 5744 29,
2394 5689 2451 5730 u.
2483 5673 2577 5746 17,
