4122 6214
398 339 517 403 103
1407 333 2024 415 PHAEFATIOEGEN

2175 328 2428 394 iLlS.—
2462 333 2656 396 PARS
2701 335 2805 397 Ill.
3689 339 3803 402 104

401 491 520 554 ope
573 473 866 535 intricata
921 473 1292 544 enodantur,
1358 471 1535 548 cujus
1587 470 1823 531 lumine
1905 469 2173 531 obscura
2258 468 2703 542 dilucidantur,
2757 475 2817 530 et
2904 472 3142 531 umbrae
3198 470 3424 548 quibus
3481 471 3807 533 veritatem

397 567 571 632 error
628 572 922 649 obtegere
982 571 1319 642 nitebatur,
1383 577 1808 630 evanescunt.
1869 571 2083 647 Ipsum
2138 567 2353 626 audire
2403 566 2606 644 juvat.
2675 591 2704 625 α
2765 569 2842 648 (a)
2903 569 3101 629 Multa
3160 570 3345 629 etiam
3405 572 3530 630 alia
3585 589 3810 649 conge—

393 690 531 730 rere
585 691 853 750 queas...
915 671 1286 747 Quanquam
1347 677 1555 729 autem
1616 669 2117 745 unumquodque
2204 665 2428 723 horum
2513 666 2810 742 sigillatin
2901 669 3236 746 persequi,
3300 669 3529 747 pioque
3618 688 3803 729 sensu

391 769 705 847 explicare
760 767 1012 827 minime
1062 766 1312 826 difﬁcile
1372 773 1511 838 est,
1575 772 1764 842 atque
1835 763 2281 824 oll'endiculum
2343 763 2545 837 illud,
2600 765 2771 841 quod
2829 765 2890 824 in
2949 767 3196 826 Litteris
3251 767 3540 841 exsistit,
3576 786 3800 844 repur-

391 885 540 942 gare
569 872 630 925 et
658 865 955 935 eximere,
988 864 1038 922 si
1099 864 1285 923 modo
1344 882 1486 922 vere
1542 862 1826 933 offendis,
1881 881 1954 920 ac
2010 880 2133 920 non
2199 862 2403 938 potius
2461 861 2536 920 de
2592 861 2902 922 industria
2959 881 3216 940 peccas;
3269 870 3335 924 ut
3395 871 3600 922 tamen
3664 883 3794 924 rem

393 963 757 1022 summatim
790 961 1184 1032 contraham,
1244 960 1364 1020 hoc
1418 960 1530 1019 tibi
1588 960 1940 1018 faciendum
1999 963 2114 1030 est,
2177 965 2244 1017 ut
2298 957 2691 1018 sublimiores
2747 977 2930 1019 voces
2987 959 3318 1031 divinitati,
3355 978 3425 1019 ac
3485 969 3797 1038 praestan-

395 1061 538 1120 tiori
597 1060 686 1119 illi
745 1067 806 1119 et
861 1060 1247 1136 incorporea
1306 1065 1594 1133 natura,
1659 1057 2180 1134 passionibusque
2265 1055 2573 1133 superiori
2660 1057 2966 1116 attribuas
3017 1075 3030 1116 :
3125 1057 3491 1119 humiliores
3562 1065 3795 1131 autem,

393 1158 768 1235 composito,
827 1163 889 1216 et
944 1165 1052 1215 tua
1110 1175 1298 1216 causa
1367 1156 1632 1228 inanito,
1691 1161 1882 1233 atque
1939 1155 2342 1214 incarnato...
2409 1161 2476 1214 ut
2536 1161 2600 1214 tu
2660 1155 2948 1215 videlicet
3002 1156 3317 1234 intelligas
3374 1175 3514 1235 qua
3575 1158 3799 1236 prioris

389 1256 557 1315 illius
587 1261 828 1315 natura
860 1255 939 1312 sit
969 1254 1150 1325 ratio,
1186 1261 1247 1313 et
1277 1271 1418 1330 quae
1449 1259 1789 1330 assumpta
1825 1253 2257 1311 humanitatis.
2297 1275 2326 1305 »

469 1356 547 1412 At
604 1371 679 1410 ne
738 1371 1011 1411 errorem
1073 1352 1276 1410 minus
1349 1350 1811 1410 intolerandum
1896 1356 2004 1408 aut
2059 1354 2386 1426 peccatum
2450 1368 2572 1408 non
2663 1355 2790 1408 tam
2849 1350 3127 1410 immane
3213 1371 3515 1422 censeas,
3566 1371 3796 1430 negare

390 1452 548 1511 Filio
610 1451 1024 1521 divinitatem,
1078 1469 1149 1508 ex
1213 1449 1493 1527 Gregorii
1561 1467 1743 1508 sensu
1805 1448 2059 1508 offensa
2117 1447 2413 1506 atrocitas
2498 1453 2589 1506 est
2644 1448 3030 1507 statuenda.
3096 1474 3125 1504 ‹‹
3185 1450 3531 1529 (b)Deitati
3592 1452 3778 1510 tidem

392 1548 660 1625 abrogas
707 1548 736 1607 ?
795 1548 913 1607 hoc
971 1566 1047 1607 ne
1097 1549 1414 1607 damones
1469 1547 1724 1625 quidem
1784 1546 1901 1623 ipsi
1958 1546 2287 1604 fecerunt.
2349 1547 2397 1605 Ο
2473 1545 2865 1605 damonihus
2939 1547 3369 1620 incredulior,
3431 1554 3493 1608 et
3564 1548 3798 1608 Judais

385 1646 780 1725 insipientior
833 1649 843 1703 l
910 1646 1016 1705 Isti
1072 1647 1235 1705 enim
1297 1645 1433 1704 Filii
1493 1663 1718 1704 nomen
1777 1643 2156 1722 aqualitatis
2238 1661 2453 1702 vocem
2524 1661 2655 1702 esse
2740 1643 3136 1704 censebant:
3201 1644 3268 1704 hi
3354 1652 3562 1706 autem
3623 1664 3793 1720 eum,

391 1764 428 1805 a
459 1763 587 1823 quo
618 1744 1027 1820 fugabantur,
1063 1747 1258 1804 Deum
1287 1748 1534 1803 norant.

1790 1866 1877 1926 De
1909 1865 2146 1945 Spiritu
2176 1874 2394 1925 sancto.

470 1987 595 2044 Nec
656 1984 879 2044 minori
942 1983 1166 2044 ardore
1224 2001 1296 2043 ac
1351 1982 1482 2043 zelo
1569 1981 1836 2061 Spiritus
1919 1982 2117 2041 sancti
2197 1982 2582 2042 divinitatem
2666 1984 2891 2043 astruit
2975 1990 3192 2044 contra
3279 1985 3791 2058 Macedonianos,

386 2082 687 2161 Spiritum
747 2087 1032 2141 sanctum
1085 2085 1277 2141 Deum
1330 2087 1544 2159 aperte
1602 2081 1955 2151 conﬁtetur,
2021 2098 2145 2156 quo
2205 2085 2486 2158 tempore
2540 2080 2729 2140 etiam
2789 2082 2951 2141 inter
3007 2082 3362 2142 Catholicos
3420 2101 3541 2142 non
3604 2081 3792 2160 pauci

386 2187 571 2239 erant
607 2225 621 2252 ,
685 2180 793 2257 qui
851 2180 1137 2257 quamvis
1195 2179 1459 2257 Spiritus
1517 2179 1714 2239 sancti
1772 2179 2165 2237 divinitatem
2225 2184 2654 2254 agnoscerent,
2691 2198 2833 2238 eum
2892 2185 3104 2239 tamen
3161 2180 3358 2239 Deum
3419 2187 3630 2259 aperte
3663 2198 3785 2238 non

384 2278 722 2350 dicebant,
783 2296 896 2337 nec
955 2277 1076 2337 dici
1132 2277 1472 2336 volebant.
1533 2279 1686 2336 Tam
1743 2282 1961 2354 aperta
2019 2275 2459 2353 pradicatione
2547 2294 2668 2334 non
2739 2283 2985 2336 tantum
3041 2278 3416 2337 Arianorum
3468 2285 3529 2338 et
3586 2277 3755 2337 Mace

386 2375 803 2435 donianorum
854 2420 868 2446 ,
928 2374 1035 2432 sed
1117 2374 1306 2433 etiam
1394 2373 1789 2432 uonullorum
1869 2370 2336 2430 Catholicorum
2432 2373 2734 2431 oflensam
2820 2375 3131 2446 incurrit,
3225 2375 3380 2434 adeo
3443 2382 3509 2434 ut
3592 2375 3787 2453 ipsius

385 2472 773 2532 adversarios
829 2471 907 2530 ad
965 2489 1106 2530 eum
1166 2490 1198 2530 e
1256 2470 1398 2529 sede
1456 2470 2149 2547 ConstantinOpolitana
2206 2469 2718 2541 deturbandum,
2785 2471 2902 2531 hoc
2985 2474 3173 2532 etiam
3261 2473 3544 2532 nonnihil
3655 2491 3787 2533 mo-

390 2570 546 2628 verit
619 2576 678 2627 et
733 2568 1042 2645 adjuverit
1103 2568 1201 2646 (c).
1268 2591 1298 2621 «
1357 2570 1642 2626 Fortasse
1699 2566 1969 2644 Spiritus

2165 2566 2351 2626 etitur
2413 2584 2425 2626 :
2516 2591 2542 2621 ›)
2597 2567 2754 2628 Ἴσως
2786 2567 2847 2621 τὸ
2883 2572 3102 2640 Πνεῦμα
3141 2567 3397 2643 βάλλεται]
3439 2571 3557 2630 hoc
3645 2577 3736 2630 est
3774 2618 3786 2640 ,

389 2667 594 2743 inquit
649 2665 909 2736 Billius,
974 2668 1233 2724 fortasse
1292 2665 1409 2723 hac
1468 2664 1542 2723 de
1629 2683 1820 2723 causa
1891 2682 2229 2742 oppugnor
2286 2671 2347 2724 et
2403 2669 2688 2744 exagitor
2726 2713 2739 2738 ,
2801 2668 2949 2746 quia
3033 2669 3302 2746 Spiritus
3385 2669 3629 2740 sancti,
3689 2668 3792 2728 cui

391 2764 628 2822 bellum
677 2762 780 2821 isti
833 2762 1240 2833 indixerunt,
1307 2762 1698 2821 divinitatem
1749 2779 1960 2821 assero
2013 2768 2075 2821 et
2130 2763 2404 2839 pradico
2438 2809 2451 2823 .
2515 2765 2721 2842 Pergit
2783 2767 3119 2844 Gregorius
3174 2785 3186 2825 :
3250 2764 3317 2817 Τὸ
3351 2769 3567 2836 Πνεῦμα
3599 2761 3789 2834 (ἀκού-

396 2859 530 2929 σαθ’)
565 2858 636 2917 ὡς
667 2859 818 2924 Θεὸς,
843 2855 1006 2910 πάλιν
1041 2856 1212 2931 λὲγωο
1239 2855 1362 2928 ἐμοὶ
1421 2857 1547 2918 Θεὸς
1583 2855 1664 2909 σύ’
1699 2857 1786 2909 καὶ
1820 2857 2000 2929 τρίτον

2159 2862 2197 2924 3,
2233 2859 2360 2919 Θεός
2409 2886 2437 2916 ‹‹
2499 2862 2767 2940 Spiritus
2827 2871 2893 2924 ut
2948 2865 3159 2937 Deus,
3249 2863 3499 2936 audite,
3561 2864 3787 2923 iterum

396 2959 634 3017 dicam:
697 2964 761 3017 tu
822 2957 975 3015 mihi
1033 2960 1212 3031 Deus,
1266 2965 1326 3016 et
1386 2958 1569 3017 tertio
1626 2957 1936 3030 clamabo,
1981 2958 2144 3016 Deus
2203 2965 2313 3029 est,
2347 2981 2376 3014 ›)
2443 2967 2559 3019 etc.
2621 2961 2798 3029 Quod
2854 2962 2916 3020 in
2976 2962 3367 3022 defendenda
3425 2961 3562 3020 Filii
3619 2962 3784 3019 divi-

403 3055 596 3114 nitate
655 3055 1033 3114 Athanasius
1080 3054 1418 3133 praestitit,
1481 3055 1544 3113 id
1603 3055 1936 3132 Gregorius
1992 3054 2055 3113 in
2114 3055 2504 3116 defendenda
2579 3058 2847 3135 Spiritus
2878 3060 3076 3118 sancti
3123 3060 3498 3118 divinitate.
3581 3060 3648 3118 Si
3699 3063 3793 3118 tot

397 3160 459 3214 et
515 3159 722 3214 tantas
779 3172 904 3212 non
961 3158 1054 3213 est
1114 3160 1409 3232 expertus
1464 3153 1950 3231 persecutiones,
2013 3160 2168 3231 quot
2226 3161 2288 3213 et
2340 3161 2608 3231 quantas
2670 3175 2998 3234 perpessus
3056 3164 3148 3216 est
3201 3157 3604 3228 Athanasius,
3663 3174 3789 3215 non

394 3252 513 3312 nisi
571 3252 634 3310 id
687 3251 935 3320 accidit,
971 3251 1119 3329 quia
1175 3251 1418 3310 occasio
1479 3251 1700 3324 defuit,
1737 3271 1861 3310 non
1933 3257 2142 3310 autem
2201 3252 2448 3311 animus
2505 3261 2566 3313 et
2621 3255 2934 3314 voluntas.
2999 3261 3105 3315 Est
3162 3262 3372 3315 tamen
3431 3255 3668 3331 aliquid
3725 3255 3788 3313 in

394 3352 528 3427 ejus
583 3349 849 3428 scriptis,
911 3349 1082 3426 quod
1143 3349 1535 3409 mirationem
1594 3349 1766 3408 facit.
1826 3348 2004 3419 Sibi,
2066 3349 2320 3408 nomine
2382 3348 2818 3410 hareticorum
2857 3398 2870 3422 ,
2931 3352 3171 3430 objicit,
3241 3352 3322 3431 (ά)
3412 3377 3441 3408 ‹‹
3525 3352 3789 3430 Spiritus

392 3446 593 3508 sancti
623 3447 1016 3505 divinitatem
1075 3447 1250 3505 nullo
1308 3446 1648 3524 Scriptura
1709 3447 1845 3504 loco
1918 3445 2230 3522 proditam
2291 3446 2508 3505 haberi
2560 3466 2573 3518 ;
2636 3471 2664 3501 »
2729 3449 2896 3526 quod
2957 3450 3211 3526 quidem
3275 3449 3498 3509 refellit
3555 3449 3787 3526 duplici

396 3545 677 3614 ratione;
742 3543 946 3621 primo
1005 3544 1328 3602 afﬁrmans
1383 3543 1460 3622 (ρ)
1523 3563 1545 3598 α
1611 3543 1952 3621 Scriptura
2010 3543 2369 3603 testimonio
2429 3545 2771 3605 admodum
2831 3547 3269 3608 confirmatam
3329 3566 3459 3607 esse
3519 3547 3789 3624 Spiritus

391 3643 806 3711 divinitatem,
873 3641 948 3700 iis
996 3641 1244 3718 quidem
1302 3647 1488 3710 certe,
1544 3641 1650 3718 qui
1709 3660 1832 3700 non
1889 3641 2074 3699 nimis
2128 3641 2337 3700 stolidi
2389 3647 2449 3701 et
2530 3643 2736 3702 obtusi
2824 3645 3100 3716 fuerint,
3167 3651 3354 3723 atque
3429 3663 3465 3705 a
3551 3643 3782 3721 Spiritu

395 3740 617 3799 aversi.
676 3759 703 3793 ι)
768 3737 1002 3797 Deinde
1059 3738 1191 3815 ipse
1247 3738 1578 3796 innumera
1625 3737 1963 3815 Scriptura
2021 3739 2259 3816 profert
2334 3739 2690 3799 testimonia
2727 3786 2741 3812 ,
2800 3741 3026 3818 quibus
3103 3744 3452 3802 ostenditur
3518 3742 3786 3821 Spiritus

395 3837 596 3896 sancti
651 3835 1038 3895 divinitatem
1099 3835 1161 3893 in
1241 3835 1579 3912 Scripturis
1655 3835 1968 3912 proditam
2049 3835 2264 3895 haberi
2349 3836 2482 3916 (f).
2547 3863 2574 3893 «
2635 3839 2905 3916 Spiritus
2990 3841 3099 3899 Dei
3183 3840 3458 3911 dicitur,
3523 3840 3788 3918 Spiritus

391 3934 640 4007 Christi,
704 3953 878 3994 mens
937 3933 1190 4007 Christi,
1253 3933 1526 4010 Spiritus
1588 3932 1880 4006 Domini,
1947 3951 2018 3993 ac
2076 3934 2378 3993 Dominus
2435 3936 2615 4012 ipse,
2674 3935 2939 4014 Spiritus
2998 3939 3428 4017 adoptionis...
3489 3937 3782 4010 scientia,

392 4032 716 4110 pietatis...
755 4030 968 4090 omnia
1000 4031 1268 4090 essentia
1297 4050 1410 4089 sua
1441 4031 1728 4108 impleas,
1764 4031 1976 4090 omnia
2007 4031 2353 4108 continens,
2387 4056 2416 4086 »
2454 4039 2572 4092 etc.

472 4131 802 4201 Praeterea,
857 4129 975 4188 hoc
1033 4129 1219 4188 etiam
1282 4129 1506 4206 posito,
1569 4130 1738 4207 quod
1794 4129 2061 4207 Spiritus
2123 4131 2321 4189 sancti
2377 4130 2667 4191 divinitas
2727 4133 2899 4193 nullo
2960 4135 3299 4213 Scriptura
3349 4135 3486 4195 loco
3545 4134 3793 4214 prodita

390 4225 775 4296 haberetur,
828 4225 984 4284 illud
1041 4225 1492 4303 impedimento
1553 4246 1687 4286 esse
1748 4246 1872 4286 non
1932 4227 2192 4286 deberet
2250 4229 2583 4304 quominus
2643 4231 2946 4308 Spiritum
3007 4235 3198 4291 Deum
3259 4251 3390 4292 esse
3463 4232 3792 4291 conﬁtere-

392 4340 557 4396 mur,
615 4321 921 4398 siquidem
981 4323 1104 4380 alia
1154 4323 1423 4399 plurima
1483 4325 1805 4384 credimus
1836 4343 1975 4401 qua
2034 4325 2096 4383 in
2153 4327 2488 4403 Scripturis
2547 4346 2668 4386 non
2730 4336 3056 4406 apparent.
3121 4355 3149 4383 «
3203 4331 3553 4404 Undenam,
3604 4353 3632 4384 »
3698 4329 3793 4388 in-

394 4419 531 4496 quit
583 4419 691 4495 (g),
750 4419 1076 4496 alloquens
1133 4421 1586 4493 adversarium,
1633 4445 1660 4474 (ι
1725 4428 1790 4480 tu
1849 4439 2022 4480 arces
2079 4422 2218 4481 illas
2277 4431 2437 4495 tuas,
2491 4426 2843 4501 ingenitum
2898 4433 3005 4486 aut
3054 4428 3412 4487 Anarchum
3474 4427 3794 4505 accepisti,

392 4521 504 4576 aut
535 4535 648 4576 nos
696 4517 883 4576 etiam
944 4516 1318 4575 immortalis
1373 4534 1589 4575 vocem
1637 4517 1664 4574 ‘I
1718 4519 1846 4576 Hoc
1908 4518 2276 4578 nominatim
2341 4532 2401 4580 et
2459 4541 2748 4602 expresse
2804 4525 3084 4599 ostende,
3155 4526 3248 4584 vel
3297 4545 3370 4586 ea
3419 4526 3796 4604 rejiciemus,

391 4614 539 4692 quia
595 4614 658 4672 in
709 4614 1032 4692 Scriptura
1089 4633 1208 4672 non
1271 4618 1537 4684 exstant,
1601 4614 1696 4674 vel
1771 4633 2330 4693 expungemus....
2395 4621 2614 4680 Nonne
2698 4623 3096 4700 perspicuum
3156 4629 3294 4696 est,
3359 4623 3494 4684 hac
3578 4625 3652 4683 de
3726 4624 3802 4683 iis

392 4717 643 4789 sumpta
678 4728 829 4782 esse,
867 4729 942 4769 ex
976 4710 1202 4787 quibus
1226 4711 1630 4788 colliguntur,
1666 4713 1916 4770 tametsi
1952 4712 2204 4773 minime
2235 4714 2571 4776 dicantur?
2604 4743 2632 4772 »

478 4809 676 4886 Hujus
763 4809 1185 4886 responsionis
1268 4809 1684 4869 dilucidanda
1771 4828 2007 4880 causa,
2071 4814 2405 4889 Gregorius
2490 4818 3028 4894 comparationem
3116 4820 3430 4880 instituit.
3517 4846 3544 4876 ‹‹
3601 4823 3800 4898 Dua,

393 4905 598 4982 inquit
655 4907 785 4984 (ἡ),
839 4924 912 4964 cx
972 4908 1137 4964 omni
1200 4925 1332 4966 avo
1391 4906 1664 4966 illustres
1712 4907 1978 4966 vitarum
2041 4912 2417 4970 mutationes
2475 4915 2898 4988 exstiterunt,
2962 4937 3099 4994 qua
3158 4919 3344 4977 etiam
3405 4919 3530 4979 duo
3584 4921 3802 4979 Testa-

401 5015 633 5074 menta,
669 5010 856 5081 atque
905 5004 984 5063 0b
1019 5005 1105 5063 rei
1152 5003 1579 5064 celebritatem
1617 5051 1630 5075 ,
1697 5011 1877 5065 terra
1942 5013 2146 5066 motus
2201 5010 2604 5086 appellantur
2655 5030 2669 5080 ;
2734 5015 2934 5073 altera
2995 5035 3031 5074 a
3087 5017 3567 5076 simulacrorum
3630 5017 3802 5075 cultu

394 5101 474 5160 ad
533 5101 756 5177 legem,
820 5101 1018 5160 altera
1075 5121 1113 5161 a
1160 5103 1297 5179 lege
1354 5102 1433 5160 ad
1494 5103 1924 5180 Evangelium.
1988 5109 2072 5164 Ac
2131 5107 2385 5165 tertium
2448 5109 2633 5168 etiam
2703 5117 2885 5170 terra
2947 5119 3183 5173 motum
3241 5115 3560 5192 Scriptura
3626 5113 3806 5173 nobis

393 5199 772 5270 annuntiat,
834 5217 1056 5278 nempe
1123 5199 1564 5277 migrationem
1621 5201 1701 5260 ab
1761 5201 1878 5261 hac
1935 5202 2064 5263 vita
2121 5203 2200 5263 ad
2259 5204 2522 5266 alteram
2584 5207 2757 5268 illam
2820 5217 3024 5273 motus
3077 5213 3283 5272 omnis
3331 5217 3393 5272 et
3441 5211 3807 5291 jactationis

472 5437 549 5514 (el
581 5437 677 5514 ρι’.
710 5438 802 5514 29.
839 5453 895 5492 η.
937 5437 1022 5514 1s-

2239 5444 2312 5514 (e)
2354 5446 2528 5512 Ibid.,
2563 5467 2620 5505 n.
2652 5451 2741 5506 29.

505 5509 552 5586 ἐξ)
585 5509 682 5586 9r.
717 5508 805 5575 38,
1147 5581 1210 5586 u

1147 5581 1210 5586 η
2336 5519 2478 5573 lbid.

497 5579 542 5649 ε)
574 5584 769 5652 Carm.
793 5579 865 5634 al.
898 5580 1024 5650 123,
1057 5595 1110 5635 ν.
1143 5581 1233 5636 33.

1100 5621 1110 5634 .
1143 5581 1233 5636 33.
2239 5579 2314 5652 (ᾖ)
2349 5589 2515 5652 Ibid.,
2549 5609 2605 5647 n.
2639 5594 2725 5648 23.

476 5589 541 5652 (ε)
574 5589 760 5634 Carm.
793 5589 865 5634 al.
898 5589 1024 5650 123,
1057 5595 1110 5635 v.
1143 5589 1233 5636 33.

476 5653 554 5729 (d)
585 5658 680 5710 0r.
713 5651 802 5723 34,
841 5668 897 5709 n.
933 5653 1019 5714 24.
1495 5707 1504 5720 ,

1104 5589 1233 5636 ,33.
2243 5589 2292 5652 ’g
2349 5589 2515 5662 Ibid.,
2549 5609 2605 5647 n.
2639 5594 2726 5648 23.

1495 5707 1504 5720 ,
2236 5589 2314 5735 ξὴέ
2353 5661 2518 5736 Ibid.,
2557 5681 2611 5722 n.
2646 5667 2732 5724 25.
