4122 6214
251 243 330 303 105
1184 238 1600 301 ΡΒᾸΞΕΑΊῚΟ
1646 234 2191 299 (ὶΕΝΕΒΑῙλῐδιυ-ο
2226 234 2426 299 PARS
2473 228 2580 299 ΙΙΙ.
3468 232 3586 300 106

245 382 523 453 expertem.
609 371 776 432 ldem
865 388 1053 449 porro
1123 370 1370 430 duobus
1424 370 1843 431 Testamentis
1927 370 2181 429 accidit.
2262 371 2417 441 Quid
2478 371 2689 429 illud?
2767 372 2901 430 Non
2965 378 3242 450 repente,
3330 387 3447 432 nec
3505 374 3587 432 ad

244 472 454 549 primam
508 469 921 546 aggressionis
975 468 1417 544 impulsionem
1479 473 1871 527 commutata
1936 474 2102 526 sunt.
2164 468 2648 537 Quamobremm
2700 469 2727 525 ?
2817 468 2879 526 ld
2938 469 3103 527 enim
3162 470 3322 528 scire
3378 488 3588 547 operae

245 569 458 645 pretium
511 574 599 626 est
658 588 671 626 :
765 573 830 625 ut
914 584 989 624 ne
1042 565 1100 623 vi
1165 565 1726 642 pertraheremur,
1813 565 1922 624 sed
2000 564 2401 642 persuasione
2473 565 2948 625 adduceremur.
3012 567 3189 636 Quod
3249 566 3414 626 enim
3478 588 3587 627 vo-

241 665 522 725 luntarium
581 683 703 723 non
762 668 902 734 est,
989 680 1065 722 ne
1119 664 1486 721 diuturnum
1568 661 1821 740 quidem
1883 670 2157 722 est....
2249 666 2412 738 Ergo
2490 664 2689 740 prima
2747 662 2844 721 lex
2902 658 3163 723 sublatis
3239 664 3590 725 simulacris

240 764 487 823 sacriﬁcia
560 762 861 839 permisit
956 758 1243 821 Secunda
1323 759 1630 820 submotis
1716 760 2073 831 sacriﬁciis,
2154 760 2689 820 circumcisionem
2772 760 3025 820 minime
3103 762 3446 839 prohibuit.
3504 768 3591 822 Ac

240 867 455 939 postea,
528 865 595 918 ut
648 860 839 918 semel
897 858 1183 918 subtrahi
1238 857 1357 917 sibi
1415 857 1653 935 aliquid
1726 872 1908 934 asque
1966 857 2177 916 animo
2238 858 2515 917 tulerunt
2571 857 2902 925 homines,
2991 856 3174 919 rebus
3229 858 3416 919 etiam
3475 858 3595 919 sibi

242 958 533 1029 concessis,
618 957 736 1017 hoc
793 962 925 1025 est,
1007 957 1099 1015 illi
1155 956 1518 1027 sacriﬁciis,
1585 956 1650 1014 hi
1708 955 2178 1015 circumcisione
2240 955 2677 1015 abstinuerunt
2728 974 2742 1027 ;
2828 961 3016 1033 atque
3074 963 3142 1017 ut
3198 974 3272 1016 ex
3330 957 3596 1018 ethnicis

236 1055 433 1125 Judaei,
506 1055 592 1114 ita
646 1073 723 1115 ex
777 1054 1014 1115 Judaais
1072 1054 1408 1114 Christiani
1465 1054 1613 1114 facti
1670 1059 1853 1126 sunt,
1931 1068 2044 1130 per
2106 1054 2483 1113 mutationes
2540 1052 2719 1130 quasi
2776 1054 2989 1112 furtim
3049 1050 3127 1113 ad
3184 1050 3594 1133 Evangelium

239 1153 407 1212 allecti
457 1154 716 1231 (a‘)....
797 1154 952 1212 Huic
1036 1152 1324 1229 exemplo
1399 1151 1742 1211 divinitatis
1809 1151 2099 1211 doctrina
2156 1151 2511 1229 comparari
2574 1157 2817 1229 potest,
2883 1152 2998 1210 nisi
3053 1154 3221 1229 quod
3283 1153 3597 1213 contrario

241 1250 391 1309 modo
442 1269 532 1309 res
590 1251 1053 1328 procedit....
1115 1250 1217 1310 Sic
1275 1249 1439 1308 enim
1500 1262 1563 1309 se
1620 1264 1716 1309 res
1776 1249 2012 1309 habet:
2077 1246 2270 1309 Vetus
2326 1246 2798 1310 Testamentum
2860 1252 3107 1309 Patrem
3165 1255 3379 1329 aperte
3442 1266 3601 1328 prae-

240 1346 486 1421 dicabat,
564 1346 793 1407 Filium
870 1347 1217 1408 obscurius.
1276 1348 1521 1406 Novum
1604 1350 1813 1404 autem
1892 1346 2070 1405 nobis
2148 1345 2372 1404 Filium
2455 1346 2780 1424 perspicue
2847 1342 3158 1419 ostendit,
3216 1348 3277 1407 et
3335 1344 3607 1427 Spiritus

238 1444 582 1505 divinitatem
643 1444 1026 1506 subobscure
1107 1444 1578 1522 quodammodo
1650 1443 1989 1503 indicavit.
2078 1445 2255 1502 Nunc
2327 1458 2476 1503 vero
2554 1443 2826 1522 Spiritus
2891 1444 3024 1521 ipse
3081 1444 3407 1505 nobiscum
3464 1462 3605 1506 ver-

239 1549 412 1614 satur,
471 1558 727 1620 seseque
782 1543 965 1603 nobis
1020 1542 1301 1621 apertius
1358 1538 1655 1601 declarat.
1712 1544 1924 1619 Neque
1980 1541 2144 1600 enim
2205 1544 2408 1600 tutum
2469 1543 2639 1612 erat,
2693 1539 2895 1600 Patris
2949 1536 3275 1602 divinitate
3327 1540 3605 1604 nondum

239 1639 518 1712 confessa,
580 1640 807 1699 Filium
868 1646 1085 1719 aperte
1143 1640 1522 1718 praedicari;
1586 1656 1745 1713 nec,
1807 1636 1945 1697 Filii
2006 1637 2331 1697 divlnitate
2395 1638 2673 1697 nondum
2733 1637 3049 1709 admissa‘,
3113 1635 3414 1717 Spiritum
3472 1654 3608 1700 san-

240 1743 417 1807 ctum,
474 1738 645 1797 velut
702 1736 1051 1813 graviorem
1115 1737 1452 1816 quamdam
1490 1781 1503 1806 ,
1566 1736 1616 1795 si
1671 1736 1760 1795 ita
1817 1735 1991 1813 loqui
2052 1732 2145 1794 fas
2203 1742 2332 1807 est,
2397 1735 2704 1795 sarcinam
2770 1734 2948 1795 nobis
3006 1732 3385 1814 lngeri....
3447 1736 3606 1810 Quin

241 1834 409 1893 tacitis
477 1835 688 1912 potius
745 1834 1208 1895 accessionibus
1243 1880 1256 1903 ,
1339 1842 1447 1905 et,
1526 1841 1595 1893 ut
1652 1833 1849 1893 David
1907 1834 2233 1911 loquitur,
2300 1833 2767 1893 ascensionibus
2802 1879 2815 1904 ,
2895 1841 3083 1911 atque
3157 1854 3228 1894 ex
3289 1833 3490 1912 gloria
3546 1836 3609 1896 in

243 1931 463 2006 gloriam
545 1933 1092 2009 progressionibus
1178 1939 1240 1991 et
1322 1932 1764 2003 incrementis,
1859 1931 2185 1991 Trinitatls
2260 1931 2473 1991 lumen
2561 1926 3087 2009 splendidioribus
3143 1930 3608 1997 illuceret....

243 2028 369 2097 Quin
421 2028 605 2088 etiam
666 2029 745 2088 ab
802 2029 940 2106 ipso
995 2030 1140 2089 Jesu
1198 2028 1501 2107 paulatim
1559 2028 2020 2088 declaratur....
2090 2048 2119 2085 α
2173 2029 2429 2106 Rogabo
2483 2028 2645 2087 enim
2708 2030 2975 2100 Patrem,
3038 2030 3243 2106 inquit
3301 2032 3362 2089 et
3417 2030 3608 2091 alium

240 2124 593 2185 Paracletum
634 2127 838 2186 mittet
869 2126 1073 2196 vobis,
1126 2126 1427 2204 Spiritum
1457 2125 1737 2185 veritatis
1765 2124 1829 2178 ³ο.
1864 2150 1894 2180 ››
1928 2164 1940 2183 .
1972 2173 1984 2185 .
2022 2173 2032 2184 .
2098 2124 2380 2185 Habebat
2427 2126 2715 2203 quaedam
2770 2127 3091 2197 Salvator,
3143 2142 3283 2205 quae
3333 2148 3369 2187 a
3427 2124 3610 2187 disci—

241 2223 404 2299 pulis,
459 2223 602 2285 licet
652 2224 890 2303 alioqui
951 2224 1281 2303 multiplici
1331 2224 1617 2284 doctrina
1672 2223 2117 2301 implerentur,
2177 2228 2324 2282 tunc
2378 2230 2585 2283 tamen
2646 2224 2883 2301 portari
2941 2238 3121 2302 posse
3172 2226 3472 2301 negabat,
3534 2224 3613 2285 ob

238 2338 323 2377 eas
378 2321 666 2389 forsitan,
731 2341 888 2400 quas
946 2323 1173 2389 attuli,
1240 2340 1501 2392 causas,
1564 2328 1753 2399 atque
1828 2321 2060 2380 idcirco
2131 2337 2207 2381 ea
2281 2314 2431 2397 ipsis
2508 2320 2886 2380 occultabat.
2958 2325 3042 2380 Ac
3100 2336 3312 2381 rursus
3372 2316 3619 2381 dicebat

239 2418 381 2489 fore,
455 2424 517 2477 ut
591 2419 675 2478 ab
755 2420 1128 2478 adveniente
1211 2419 1442 2496 Spiritu
1506 2418 1719 2478 omnia
1777 2418 2210 2477 edocerentur.
2277 2420 2439 2495 Ergo
2497 2436 2690 2477 unum
2750 2437 2822 2477 ex
2886 2437 3099 2477 eorum
3165 2438 3425 2479 numero
3485 2437 3618 2479 esse

238 2532 464 2585 censeo,
520 2516 727 2593 ipsam
783 2517 1049 2593 Spiritus
1111 2516 1311 2576 sancti
1385 2516 1723 2585 deitatem,
1811 2515 1873 2573 in
1944 2518 2261 2594 posteram
2340 2517 2617 2593 apertius
2701 2516 3186 2587 declarandam,
3252 2524 3380 2575 tum
3446 2517 3618 2575 vide-

241 2612 398 2683 licet,
479 2632 623 2673 cum
706 2615 837 2689 jam
928 2621 1069 2692 post
1153 2614 1496 2674 Salvatoris
1579 2614 1639 2672 in
1730 2615 2040 2690 integrum
2126 2613 2631 2684 restitutionem,
2726 2618 2971 2673 matura
3055 2620 3115 2673 et
3198 2614 3621 2692 perceptibilis

242 2715 371 2767 esset
436 2708 636 2787 ipsius
714 2710 1038 2787 cognitio,
1120 2715 1297 2789 utpte
1373 2710 1471 2769 cui
1550 2711 1629 2769 ob
1712 2717 1838 2769 tam
1916 2709 2159 2788 insigne
2236 2709 2606 2769 miraculum
2690 2709 2843 2769 fides
2904 2729 3027 2769 non
3083 2710 3215 2789 jam
3273 2710 3621 2787 abrogare-

243 2812 322 2863 tur
361 2807 460 2886 (ὁ).

309 2902 383 2961 Ex
442 2904 874 2982 superioribus
925 2904 1207 2982 Gregorii
1267 2903 1469 2964 verbis
1524 2904 1600 2964 de
1645 2903 1785 2965 Filii
1844 2902 2170 2964 divinitate
2224 2904 2488 2963 obscure
2544 2904 2607 2963 in
2658 2905 2898 2976 Veteri,
2953 2906 3279 2983 perspicue
3337 2906 3397 2964 in
3451 2909 3623 2965 Novo

245 3002 614 3061 Testamento
677 3002 974 3077 cognita;
1035 3002 1183 3061 item
1245 3003 1320 3061 de
1374 3002 1605 3080 Spiritu
1666 3002 2047 3063 subobscure
2102 3008 2347 3061 tantum
2410 3002 2471 3059 in
2533 3004 2706 3061 Novo
2764 3006 3162 3063 'l‘eslamento
3221 3002 3620 3080 significato:

248 3115 301 3154 ex
352 3098 468 3170 his,
526 3100 829 3176 inquam,
889 3100 1125 3171 verbis,
1186 3098 1249 3158 id
1298 3099 1581 3177 sequitur
1639 3106 1878 3159 tantum
1944 3106 2004 3159 et
2060 3100 2516 3176 colligendum,
2578 3107 2806 3177 praeter
2860 3100 3282 3178 Scripturam,
3337 3100 3624 3160 traditio-

249 3214 358 3254 nem
406 3216 523 3256 non
564 3196 871 3274 scriptam
916 3199 1104 3256 fuisse
1154 3197 1603 3269 necessariam,
1659 3198 1838 3275 cujus
1888 3217 2005 3275 ope
2054 3194 2191 3257 Filii
2242 3216 2315 3256 ac
2365 3197 2628 3275 Spiritus
2673 3199 2873 3257 sancti
2915 3198 3206 3257 divinitas
3247 3198 3307 3257 in
3353 3198 3629 3276 Scriptus

250 3310 419 3352 rarum
489 3290 873 3354 testimoniis
948 3293 1331 3354 subobscure
1406 3312 1740 3373 expressa,
1823 3294 2145 3373 perspicue
2224 3301 2285 3354 et
2360 3301 2571 3375 aperte
2627 3295 3077 3356 declararetur.
3139 3296 3314 3367 Quod
3375 3296 3627 3374 quidem

248 3390 366 3451 alibi
410 3392 476 3471 (ο)
559 3392 902 3468 Gregorius
984 3393 1166 3451 docet
1243 3392 1595 3471 expressius
1649 3412 1665 3448 :
1748 3415 1774 3449 α
1822 3392 2200 3451 Praeclarum
2261 3391 2657 3470 depositum,
2736 3393 2906 3471 quod
2967 3412 3003 3453 a
3063 3386 3347 3471 patribus
3406 3393 3632 3453 nostris

249 3490 610 3566 accepimus,
679 3489 1148 3561 custodientes;
1210 3491 1501 3558 Patrem,
1565 3495 1626 3549 et
1683 3489 1946 3559 Filium,
2026 3497 2086 3549 et
2143 3489 2442 3567 Spiritum
2512 3497 2799 3549 sanctum
2858 3492 3193 3552 adorantes
3250 3509 3262 3549 :
3353 3492 3415 3551 in
3474 3490 3631 3551 Filio

248 3585 487 3660 Patrem,
550 3587 615 3645 in
672 3584 907 3664 Spiritu
961 3586 1186 3646 Filium
1237 3593 1715 3664 cognoscentes,
1775 3588 1838 3645 in
1898 3607 2164 3665 quorum
2217 3586 2471 3647 nomine
2530 3587 2825 3666 baptismi
2879 3607 3046 3666 aqua
3096 3590 3271 3649 tincti
3319 3607 3620 3648 sumus.»

253 3683 307 3741 Et
354 3702 436 3743 or.
498 3701 651 3745 xxxx
715 3683 811 3761 (η.
871 3683 984 3762 21)
1049 3703 1060 3743 :
1157 3707 1184 3741 ‹‹
1242 3684 1589 3744 Identidem
1666 3682 2021 3763 saepiusque
2079 3680 2356 3745 inculcas
2415 3685 2685 3762 Spiritus
2752 3686 2951 3744 sancti
3006 3685 3395 3744 divinitatem
3453 3684 3628 3744 nullo

253 3781 552 3859 Scriptores
608 3784 750 3842 loco
796 3781 1109 3859 proditam
1162 3780 1403 3840 haberi.
1448 3781 1781 3842 Enimvero
1821 3782 1989 3859 quod
2041 3800 2153 3841 nec
2202 3801 2402 3842 novus
2450 3801 2521 3841 ac
2574 3781 2964 3859 peregrinus,
3004 3800 3117 3841 nec
3166 3781 3634 3840 introductitius

253 3874 357 3953 ipse
408 3879 514 3949 sit,
581 3897 805 3938 verum
866 3884 927 3937 ct
984 3898 1019 3937 a
1079 3878 1325 3956 priscis,
1382 3884 1442 3939 et
1500 3878 1688 3956 hujus
1745 3880 1946 3939 aetatis
1992 3880 2353 3939 hominibus
2410 3880 2661 3957 agnitus
2708 3885 2771 3938 et
2824 3880 3205 3957 patefactus,
3269 3895 3632 3955 quanquam

255 3990 283 4030 a
331 3975 597 4051 pluribus
652 3972 787 4053 jam
840 3981 1155 4035 ostensum
1218 3982 1340 4045 est,
1404 3976 1509 4053 qui
1558 3975 1634 4036 de
1693 3976 1811 4037 hac
1869 3994 1934 4036 re
1993 3978 2450 4048 disseruerunt,
2504 3983 2694 4054 atque
2749 3976 2811 4035 in
2867 3972 3092 4035 divinis
3140 3968 3480 4053 Scripturis
3527 3993 3639 4034 nec

256 4069 474 4146 ignave,
536 4090 655 4133 nec
716 4071 1141 4151 perfunctorie
1188 4073 1415 4133 versati
1472 4081 1648 4145 sunt,
1709 4075 1814 4134 sed
1861 4074 2133 4134 litteram
2192 4079 2626 4152 penetrantes,
2678 4080 2866 4150 atque
2924 4073 3089 4133 intro
3149 4072 3637 4150 prospicientes,

256 4168 608 4230 reconditam
658 4166 1192 4249 pulchritudinem
1235 4168 1445 4229 divino
1490 4171 1795 4231 beneficio
1836 4171 2161 4242 viderunt,
2210 4171 2617 4247 scientiaeque
2664 4170 2802 4229 luce
2843 4170 3194 4229 collustrati
3233 4175 3395 4242 sunt,
3437 4192 3464 4223 π
3517 4175 3638 4229 etc.

256 4264 377 4334 Quae
404 4272 565 4327 certe
596 4266 980 4328 confirmant
1009 4268 1421 4327 necessariam
1453 4286 1586 4329 esse
1631 4264 2030 4329 traditionem
2074 4275 2144 4329 ut
2174 4268 2512 4345 Scriptura
2544 4266 2999 4345 intelligantur,
3041 4268 3309 4344 ﬁdeique
3339 4267 3639 4345 dogmata

255 4361 603 4426 ileﬁniantur
650 4364 733 4425 ab
784 4365 1079 4440 Ecclesia,
1126 4384 1314 4443 penes
1356 4385 1547 4445 quam
1592 4373 1685 4427 est
1727 4368 2081 4446 depositum
2124 4366 2315 4439 istud,
2349 4365 2519 4443 quod
2550 4371 2877 4443 acceptum
2910 4365 2989 4425 ab
3018 4364 3320 4444 apostolis
3348 4371 3555 4425 servat
3583 4371 3646 4426 et

260 4476 470 4539 semper
499 4462 799 4523 servabit.

323 4559 378 4619 Si
426 4558 720 4638 quaedam
769 4566 935 4632 sunt,
988 4580 1128 4639 quae
1185 4559 1341 4621 mira
1389 4560 1585 4622 videri
1629 4562 1889 4641 possint,
1924 4562 2092 4622 dicta
2133 4581 2170 4621 a
2212 4562 2509 4639 Gregorio
2543 4561 2623 4621 ad
2656 4560 3112 4621 defendendam
3146 4560 3414 4638 Spiritus
3445 4560 3646 4619 sancti

262 4652 619 4718 divinitatem
656 4675 669 4729 ;
733 4658 957 4718 mirum
1003 4657 1208 4719 adhuc
1253 4660 1449 4738 magis
1481 4660 1649 4739 quod
1686 4661 1792 4733 ait,
1828 4666 1976 4720 tunc
2007 4660 2307 4738 temporis
2339 4659 2675 4719 nonnullos
2708 4658 2917 4730 fuisse,
2954 4658 3141 4718 etiam
3174 4676 3250 4718 ex
3281 4657 3641 4730 Catholicis,

239 4752 352 4828 'qui
394 4756 679 4833 quamvis
730 4753 1032 4835 Spiritum
1082 4760 1369 4817 sanctum
1426 4757 1735 4836 aequalem
1786 4759 1954 4818 Patri
2004 4765 2066 4818 et
2111 4757 2290 4826 Filio,
2329 4755 3026 4834 consubtantialemque
3058 4755 3404 4827 crederent,
3440 4755 3644 4833 ipsum

267 4853 447 4911 tamen
474 4853 675 4913 Deum
719 4851 1036 4933 appellare
1074 4854 1311 4915 nollent
1347 4874 1360 4916 :
1412 4855 1581 4933 quod
1614 4874 1802 4933 quam
1836 4856 2176 4915 absurdum
2209 4855 2307 4928 sit,
2356 4872 2541 4914 nemo
2591 4872 2718 4913 non
2764 4853 3100 4931 intelligit;
3154 4871 3267 4912 nec
3318 4858 3527 4912 tamen
3581 4853 3648 4912 in

267 4945 492 5009 dubium
522 4952 807 5011 revocari
835 4956 1062 5031 potest,
1095 4969 1236 5011 cum
1269 4957 1396 5012 tam
1430 4948 1655 5012 diserte
1686 4957 1923 5012 asserat
1952 4970 2025 5012 ac
2055 4951 2245 5025 dicat,
2276 4970 2344 5012 se
2376 4948 2569 5012 libere
2600 4949 2983 5029 praedicante
3015 4948 3318 5027 Spiritum
3351 4958 3642 5010 sanctum

272 5041 436 5105 Deum
465 5062 624 5125 esse,
660 5052 1039 5110 commotam
1070 5048 1259 5110 fuisse
1290 5056 1543 5110 terram.

334 5265 369 5298 ‘°
395 5266 555 5324 Joan.
590 5285 707 5335 xw,
740 5271 826 5324 16.

346 5472 405 5546 te)
443 5472 661 5546 Qr.r3i,
686 5491 743 5529 n.
774 5475 865 5528 26.

2081 5475 2145 5546 (ε)
2186 5476 2279 5529 0r.
2312 5474 2366 5539 6,
2406 5490 2463 5527 n.
2494 5473 2583 5525 22.

349 5544 408 5611 te)
444 5544 611 5615 Ibid.,
656 5562 713 5599 n.
744 5546 833 5599 27.

540 5673 802 5732 Parcet.
850 5672 955 5732 Gn.
989 5672 1224 5731 XXXV.
3344 5680 3377 5725 ,ι
