4122 6214
444 286 554 343 107
1445 282 1859 341 ΡΒᾸΞΕΑἸῚΟ
1906 281 2072 339 GENl

2227 279 2452 339 LlS.—
2492 244 2692 339 P'Aas
2741 279 2845 338 111.
3734 285 3854 343 108

576 412 743 503 Οὐκδξν
775 414 876 503 χὰρ
905 413 1079 503 eiith
1110 412 1307 469 οὔποτε

2342 412 2603 503 ςξῖιλΝὶὺίΙ
2635 412 2789 467 enim
2830 412 3206 503 si‘c‘unquam

581 485 745 552 Ὀλὴν
777 485 945 560 ἔαέισε
972 486 1072 560 γὴν
1136 556 1146 560 _
1174 556 1184 560 _
1277 556 1283 560 _

2343 486 2548 560 Totam
2581 486 2891 537 commovit
2924 488 3162 560 terram,

583 560 670 618 Ὠς
702 562 775 610 [iv
786 554 1017 631 εύμαξτός
1047 556 1224 631 παρῥη
1235 556 1320 609 σία

2344 554 2706 631 yt_liber_tas,
2740 572 2857 625 qua
2885 555 3136 631 Spiritus

585 625 1058 702 Θεοῦβοώμὲγου.
1126 625 1168 631 ”
1217 625 1220 626 ν
1302 697 1315 702 _

2342 626 2537 702 Palam
2572 627 2733 702 Deus
2754 625 3104 696 prmdicatur
3135 644 3145 702 :_

582 696 762 775 ‘O_xari
786 696 1059 775 πρόαᾴντη
1088 717 1205 759 τοις
1237 697 1423 775 φιλοῖς

2341 698 2508 775 Quod
2537 696 2875 775 et_i_nvisum
2911 714 3003 752 me
3034 698 3241 752 amicis

579 767 839 842 Tétisixsv,
872 768 1117 842 οἱδαμεν.
1250 767 1259 775 ’

2341 767 2559 838 Effecit,
2594 769 2645 821 id
2684 768 2923 823 scimus.

436 903 585 973 Quae
621 906 830 960 tamen
878 898 1067 958 verba
1106 897 1193 957 sic
1224 895 1590 974 accipienda
1622 913 1752 954 esse
1800 894 2093 969 arbitror,
2128 904 2196 955 ut
2224 895 2300 954 iis
2333 893 2685 972 significare
2715 893 2986 953 voluerit
3018 893 3365 953 mirabilem
3401 897 3852 957 Constantino-

430 998 569 1079 poli
603 996 1017 1057 mutationem
1049 996 1307 1066 factam,
1362 1012 1501 1053 cum
1552 993 1615 1052 in
1669 1011 1743 1052 ea
1797 993 1971 1062 urbe,
2031 1013 2169 1072 quae
2217 992 2580 1070 metropolis
2619 998 2678 1051 et
2712 992 3252 1069 propugnaculum
3287 1000 3421 1051 erat
3453 993 3853 1054 Macedonia-

437 1114 687 1165 norum,
723 1094 995 1173 Spiritus
1026 1092 1223 1152 sancti
1256 1090 1551 1150 divinitas
1602 1090 1797 1168 ipsius
1848 1091 2130 1168 Gregorii
2182 1110 2375 1168 opera
2432 1089 2858 1167 singularique
2887 1089 3079 1149 animi
3110 1090 3473 1149 fortitudine
3507 1092 3850 1168 prredicata

436 1200 551 1255 est.

517 1289 725 1350 Inanis
779 1293 990 1348 autem
1047 1286 1152 1345 ille
1213 1284 1583 1362 scrupulus,
1671 1284 1748 1344 de
1806 1285 2251 1363 praedicatione
2332 1284 2599 1363 Spiritus
2657 1284 2852 1343 sancti
2930 1284 3316 1356 divinitatis,
3394 1304 3520 1345 non
3586 1287 3703 1347 nisi
3780 1288 3847 1347 in

438 1385 814 1466 quibusdam
879 1383 1145 1444 Orientis
1204 1382 1486 1461 partibus
1541 1387 1860 1459 grassatus
1916 1388 2039 1452 est,
2092 1382 2363 1442 maxime
2422 1384 2763 1449 Caesareae;
2827 1380 2913 1440 ita
2969 1385 3036 1440 ut
3093 1381 3280 1441 etiam
3341 1382 3640 1456 Basilius,
3703 1403 3846 1444 cum

437 1482 809 1544 ﬁrmissimis
885 1479 1270 1559 argumentis
1346 1479 1611 1558 Spiritus
1692 1480 1890 1539 sancti
1966 1480 2358 1539 divinitatem
2438 1479 2946 1550 demonstraret,
3023 1497 3166 1537 eum
3242 1497 3375 1539 esse
3449 1480 3646 1540 Deum
3723 1500 3853 1541 non

440 1587 654 1661 aperte
709 1578 1115 1657 praedicaret,
1191 1595 1269 1637 ne
1326 1577 1568 1637 animos
1626 1577 1953 1649 eﬂeraret,
2025 1595 2103 1636 ne
2160 1578 2337 1637 novis
2395 1576 2700 1649 dissidiis,
2773 1574 3073 1652 novisque
3129 1576 3566 1636 vexationibus
3624 1596 3847 1637 ansam

439 1678 783 1759 praeberet,
834 1676 1182 1754 quod.fuse
1232 1675 1633 1753 prosequitur
1683 1676 2014 1752 Gregorius
2062 1674 2346 1734 oratione
2397 1692 2587 1752 quam
2641 1672 2860 1731 habuit
2934 1673 2994 1731 in
3047 1673 3299 1733 laudem
3349 1674 3562 1733 Basilii
3599 1674 3728 1753 (b):
3786 1676 3848 1735 in

439 1775 773 1837 Occidente
830 1792 975 1834 vero
1032 1790 1411 1851 nunquam;
1494 1791 1677 1832 nemo
1735 1772 1899 1832 enim
1957 1772 2086 1832 illic
2148 1773 2450 1850 Spiritum
2510 1776 2795 1831 sanctum
2858 1771 3052 1829 Deum
3120 1770 3327 1830 dicere
3384 1777 3445 1830 et
3501 1771 3849 1849 pradicare

438 1872 770 1933 dubitavit.

518 1970 813 2041 Quamvis
857 1968 933 2027 de
982 1967 1379 2046 processione
1408 1966 1675 2046 Spiritus
1708 1985 1830 2027 non
1865 1973 2012 2045 agat
2043 1967 2406 2045 Gregorius,
2442 1967 2625 2044 plura
2676 1978 2883 2025 tamen
2934 1965 2995 2024 in
3047 1964 3181 2039 ejus
3230 1966 3477 2044 scriptis
3506 1974 3650 2027 sunt
3684 1969 3847 2044 loca,

438 2087 510 2128 ex
546 2068 775 2144 quibus
803 2064 1115 2143 conjicere
1148 2065 1311 2134 licet,
1348 2083 1489 2123 eum
1541 2082 1577 2122 a
1628 2066 1810 2123 Patre
1843 2071 1905 2123 et
1948 2082 1985 2123 a
2016 2063 2171 2123 Filio
2203 2064 2503 2141 Spiritum
2538 2069 2822 2122 sanctum
2856 2061 3192 2140 procedere
3224 2062 3596 2123 arbitratum
3632 2065 3844 2137 fuisse,

440 2172 511 2225 ut
560 2166 677 2224 ista
710 2163 788 2241 (ε)
819 2183 831 2223 ζ
887 2172 1317 2243 Προσκυνοῧντες
1351 2167 1561 2238 Πατέρα
1587 2165 1637 2219 ἐν
1666 2168 1793 2237 Υἱῴ,
1828 2166 1915 2219 καὶ
1950 2166 2067 2219 Γὶὸν

2225 2167 2331 2241 ;γίῳ
2364 2165 2654 2238 Πνεύματι·
2711 2184 2739 2213 ‹‹
2774 2160 3117 2219 Adorantes
3167 2164 3415 2219 Patrem
3467 2162 3530 2219 in
3579 2162 3753 2233 Filio,
3789 2171 3853 2222 et

441 2260 666 2322 Filium
699 2260 761 2317 in
796 2266 1013 2317 sancto
1044 2256 1303 2335 Spiritu.
1338 2278 1365 2313 ιο
1425 2256 1661 2327 Quibus
1692 2255 1896 2315 verbis
1935 2256 1995 2314 id
2028 2257 2405 2334 supponitur
2436 2256 2965 2333 quemadmodum
3001 2257 3189 2316 Filius
3218 2257 3631 2317 substantiam
3664 2278 3841 2318 suam

442 2377 481 2419 a
511 2360 696 2418 Patre
730 2356 946 2427 trahit,
982 2354 1070 2414 sic
1098 2371 1277 2413 suam
1321 2372 1360 2414 a
1408 2353 1563 2413 Filio
1592 2352 1864 2432 Spiritus
1894 2360 2169 2414 sanctus.

1866 2539 1955 2599 De
1982 2539 2429 2600 lncamatc'one.

522 2700 974 2761 Incarnationis
1023 2718 1143 2759 non
1199 2700 1403 2758 minus
1451 2704 1743 2758 accurate
1791 2716 1980 2778 quam
2030 2698 2353 2758 Trinitatis
2404 2698 2763 2775 mysterium
2800 2697 3073 2774 explicat
3106 2698 3462 2775 Gregorius.
3496 2701 3649 2758 Tam
3686 2701 3854 2760 enim

440 2798 707 2876 diligens
736 2804 798 2857 et
830 2803 1160 2857 accuratus
1188 2798 1250 2855 in
1282 2816 1355 2856 eo
1388 2797 1783 2875 exponendo,
1809 2802 1879 2855 ut
1909 2814 1981 2855 ex
2014 2797 2320 2855 immensa
2350 2796 2458 2854 illa
2492 2795 2807 2854 haeresum
2838 2795 3004 2854 circa
3033 2796 3535 2856 Incarnatiouem
3570 2797 3855 2874 cohorte,

439 2915 580 2974 quae
616 2895 796 2955 terris
825 2895 1134 2965 incubuit,
1169 2894 1339 2953 nulla
1390 2894 1469 2953 sit
1512 2913 1699 2972 quam
1750 2893 1996 2953 calamo
2029 2912 2152 2953 non
2186 2894 2534 2961 confixerit,
2572 2900 2750 2952 natas
2780 2893 3010 2970 pariter
3040 2900 3101 2952 et
3131 2894 3501 2952 nasciluras.
3535 2896 3857 2955 Nestoria-

440 3011 662 3054 norum
698 2992 886 3062 enim,
924 2991 1459 3072 Eutychianorum
1512 2998 1573 3051 et
1624 2991 2176 3051 Monothelitarum
2229 2991 2423 3070 impia
2471 2991 2792 3067 dogmata,
2828 3010 2968 3068 quae
3003 2992 3267 3051 necdum
3302 2999 3659 3070 eruperant,
3695 3011 3853 3052 eon-

435 3090 631 3163 vellit,
688 3090 1012 3168 oppositas
1068 3088 1165 3148 his
1213 3088 1617 3167 dogmatibus
1675 3088 1966 3148 veritates
2024 3089 2394 3166 praedicans.
2446 3093 2529 3146 Ac
2583 3088 2786 3165 primo
2835 3088 3085 3167 quidem
3142 3107 3264 3148 non
3318 3089 3504 3149 aliam
3568 3092 3863 3167 agnoscit

436 3187 907 3248 Incarnationis
952 3204 1207 3247 causam
1240 3185 1348 3264 (ά),
1403 3205 1593 3264 quam
1646 3185 1909 3245 humani
1957 3205 2064 3262 ger

2256 3185 2773 3245 restaurationem
2812 3204 2823 3243 :
2887 3192 2975 3253 Τίς
3010 3190 3066 3246 δὲ
3096 3200 3192 3261 τῆς
3224 3192 3659 3267 ἀνθρωπὸτητος,
3690 3196 3751 3262 ἣν
3789 3193 3862 3248 δι’

437 3294 585 3363 ἡμᾶς
620 3290 815 3362 ὑπέστη
852 3291 1000 3359 Θεὸς,
1035 3289 1219 3357 uitta;
1276 3290 1345 3343 “re
1379 3292 1615 3359 σωθῆναι
1650 3290 1863 3351 πάντως
1896 3293 2064 3363 ἡμᾶς·

2238 3292 2291 3363 ip
2321 3287 2501 3364 ἕτερον
2532 3310 2544 3357 ;
2603 3287 2792 3344 Docet
2825 3285 3094 3344 Verbum
3144 3286 3367 3344 animae
3414 3286 3697 3363 proxime
3731 3288 3866 3346 uni-

440 3388 571 3442 tum
608 3382 795 3442 fuisse
826 3381 921 3461 (ε),
974 3380 1305 3457 mediaque
1344 3381 1556 3440 anima
1604 3382 1855 3459 corpori
1888 3398 1901 3439 ε
1956 3388 2053 3441 Διά

2229 3410 2239 3441 ›
2270 3389 2397 3449 Θεὸς
2430 3388 2585 3463 σαρκὶ
2620 3385 2708 3440 διὰ
2750 3386 2917 3456 αέσης
2951 3392 3135 3462 ψυχῆς
3167 3389 3454 3463 ἀνεκράθη,
3486 3390 3575 3442 καὶ
3608 3387 3857 3460 συνεδὲοη

436 3486 504 3538 τὰ
536 3483 794 3539 διεστῶτα
822 3489 889 3557 τῇ
922 3484 1057 3558 πρὸς
1085 3481 1248 3559 ἄμφω
1276 3488 1373 3538 τοῦ
1408 3484 1779 3555 μεσιτεύοντος
1810 3484 2064 3553 οἷκειότη·

2232 3480 2481 3539 ivinitas
2530 3486 2590 3539 et
2637 3498 2885 3557 corpus,
2944 3499 3038 3540 res
3088 3481 3515 3557 discrepantes
3564 3481 3653 3539 ita
3702 3500 3855 3541 con-

433 3577 672 3655 juncta;
718 3585 885 3649 sunt,
921 3578 1148 3637 animae
1198 3577 1552 3635 interventu
1584 3576 1691 3657 (f).
1746 3577 2208 3654 Apollinaristae
2255 3580 2467 3638 Jesum
2502 3578 2817 3637 Christum
2849 3579 3242 3637 Dominicum
3279 3579 3599 3639 hominem
3634 3582 3858 3657 appel-

438 3674 695 3747 labant;
731 3694 858 3754 quo
890 3674 1140 3734 nomine
1188 3692 1221 3733 e
1270 3674 1499 3733 sanctis
1540 3674 1828 3733 Patribus
1860 3674 1955 3733 usi
1983 3682 2129 3733 sunt
2159 3674 2557 3747 Athanasius,
2598 3676 3010 3753 Epiphanius,
3046 3678 3399 3747 Cassianus,
3435 3684 3554 3736 etc.
3587 3695 3598 3748 ;
3639 3697 3857 3737 verum

439 3770 626 3848 longe
674 3772 797 3832 alio
847 3790 1056 3843 sensu,
1110 3771 1423 3830 hominem
1477 3769 1712 3830 scilicet
1754 3771 2098 3847 perfectum
2148 3771 2588 3849 intelligentcs.
2622 3773 3128 3852 Appollinaristaa
3178 3781 3386 3834 autem
3422 3774 3740 3834 hominem
3791 3776 3857 3835 in

436 3866 683 3927 Christo
730 3866 1169 3937 admittebant,
1216 3866 1402 3925 modo
1450 3866 1661 3923 anima
1702 3872 2041 3935 carentem,
2078 3866 2265 3925 modo
2314 3866 2747 3944 intelligentia,
2786 3868 2964 3945 cujus
2996 3870 3231 3929 scilicet
3264 3870 3429 3929 vices
3462 3870 3855 3929 divinitatem

434 3964 725 4042 supplere
777 3963 1111 4035 volebant;
1163 3980 1321 4041 quos
1369 3962 1456 4021 sic
1504 3961 1729 4021 refellit
1773 3964 2106 4040 Gregorius
2138 3962 2272 4043 (g):
2332 3988 2359 4017 «
2398 3966 2610 4041 Neque
2640 3965 2957 4025 hominem
3011 3985 3045 4025 a
3095 3966 3426 4026 divinitate
3458 3985 3856 4044 separamus,

436 4061 661 4139 inquit,
696 4061 803 4121 sed
834 4078 1029 4120 unum
1062 4065 1124 4120 et
1153 4059 1442 4119 eumdem
1481 4059 1870 4137 proﬁtemur,
1909 4084 1936 4115 υ
1991 4067 2109 4120 etc.
2160 4063 2309 4120 Duae
2341 4063 2766 4122 exscribendas
2800 4071 3005 4123 essent
3034 4064 3113 4124 ad
3146 4063 3513 4124 (lledonium
3550 4064 3858 4143 epistolae,

436 4176 577 4236 quae
608 4157 755 4217 olim
790 4158 954 4218 inter
982 4158 1298 4218 orationes
1330 4157 1844 4229 numerabantur,
1882 4176 2041 4235 quas
2082 4158 2244 4218 inter
2293 4176 2344 4219 ιι
2395 4165 2458 4219 et
2503 4176 2584 4219 LII
2634 4161 3034 4239 occupabant
3066 4162 3302 4236 sedem,
3339 4168 3401 4223 et
3430 4168 3589 4223 orat.
3622 4180 3865 4224 xxxvui

439 4254 521 4330 (n.
578 4252 699 4330 13).
760 4276 789 4306 ‹‹
839 4254 957 4323 Qui
1004 4259 1118 4325 est,
1170 4254 1239 4313 fit
1289 4274 1302 4316 :
1372 4254 1478 4333 qui
1528 4260 1776 4314 creatus
1823 4273 1945 4315 non
1996 4260 2111 4328 est,
2165 4262 2463 4329 creatur;
2519 4257 2627 4335 qui
2674 4258 2848 4318 nullo
2901 4258 3039 4318 loco
3094 4259 3403 4321 contineri
3470 4266 3697 4337 potest,
3752 4280 3868 4337 per

438 4348 859 4408 interventum
911 4350 1137 4409 animae
1185 4350 1649 4421 intellectualis,
1704 4352 1867 4410 inter
1914 4351 2303 4412 divinitatem
2354 4360 2415 4413 et
2466 4355 2669 4415 carnis
2716 4356 3089 4429 crassitiem,
3123 4358 3504 4417 continetur.
3540 4357 3655 4427 Qui
3684 4356 3865 4416 locu-

443 4446 638 4525 pletes
670 4445 828 4505 alios
857 4446 1038 4517 ditat,
1072 4453 1444 4524 paupertate
1476 4447 1795 4507 afﬁcitur:
1846 4450 2052 4508 carnis
2100 4451 2265 4509 enim
2318 4469 2471 4510 mea:
2524 4458 2959 4530 paupertatem
2994 4454 3183 4524 subit,
3240 4460 3309 4513 ut
3356 4472 3473 4530 ego
3518 4453 3867 4513 divinitatis

440 4543 637 4620 ipsius
683 4562 833 4623 opes
881 4562 1248 4622 consequar.
1304 4544 1422 4616 Qui
1473 4544 1691 4622 plenus
1742 4550 1856 4619 est,
1909 4547 2313 4607 exinanitur:
2367 4568 2480 4608 sua
2528 4550 2693 4609 enim
2744 4552 2946 4627 gloria
3000 4570 3121 4610 non
3179 4550 3335 4611 nihil
3385 4551 3746 4610 exinanitur
3795 4559 3863 4610 ut

441 4658 559 4718 ego
610 4640 1022 4718 plenitudinis
1068 4641 1262 4720 ipsius
1310 4641 1621 4719 particeps
1677 4642 1989 4702 efﬁciar...
2043 4644 2325 4704 Christus
2377 4646 2654 4706 humana
2701 4649 2932 4719 omnia,
2970 4656 3232 4727 excepto
3266 4656 3523 4727 peccato
3557 4649 3857 4726 suscepit,

440 4744 779 4816 conceptus
825 4738 1076 4816 quidem
1137 4758 1212 4797 ex
1260 4739 1521 4815 virgine,
1574 4739 1787 4798 animo
1838 4746 1899 4799 et
1959 4758 2222 4819 corpore
2278 4761 2316 4802 a
2374 4744 2610 4821 Spiritu
2659 4752 3109 4823 praepurgata;
3174 4765 3317 4805 nam
3378 4752 3439 4805 et
3497 4747 3857 4823 generatio-

434 4854 577 4894 nem
610 4836 850 4895 honore
905 4835 1093 4909 afﬂci,
1152 4843 1212 4896 et
1281 4836 1702 4913 virginitatem
1770 4838 2049 4915 praeferri
2108 4842 2525 4919 oportebat.»
2588 4843 2905 4919 Virginem
2966 4844 3249 4918 Mariam,
3308 4864 3449 4922 qua:
3509 4844 3847 4903 Dominum

438 4935 726 5014 concepit
782 4942 844 4995 et
905 4936 1183 5015 peperit,
1269 4955 1389 4996 non
1448 4936 1637 4996 semel
1700 4944 1949 5005 θεοτόκον
2010 4965 2066 4998 πε

2230 4970 2270 4999 ›ν
2332 4941 2660 5018 appellans
2718 4942 2844 5021 (l1),
2931 4942 3271 5002 anathema
3331 4944 3489 5002 dixit
3568 4944 3858 5003 Nestorio

439 5031 801 5111 priusquam
865 5042 1262 5111 nasceretur,
1338 5035 1536 5113 iisque
1594 5035 1885 5095 omnibus
1943 5038 2049 5114 qui
2106 5037 2267 5097 hanc
2335 5038 2744 5100 honorificam
2802 5040 3291 5118 appellationem
3352 5041 3550 5101 beatae
3613 5042 3858 5118 Virgini

435 5129 747 5190 adimunt.

512 5370 589 5440 (a)
630 5373 816 5441 Carm.
854 5369 929 5425 al.
963 5371 1085 5439 145,
1119 5388 1172 5424 v.
1210 5371 1276 5424 13
1305 5375 1362 5425 et
1392 5388 1513 5440 seq.

1161 5413 1172 5424 .
1210 5371 1276 5424 13
1305 5375 1362 5425 et
1392 5388 1513 5440 seq.
2274 5380 2341 5441 (ε)
2384 5377 2480 5429 Or.
2514 5378 2570 5440 2,
2604 5392 2661 5429 n.
2697 5376 2789 5432 23.

517 5439 588 5518 (ὁ)
631 5439 912 5518 Qrat_._43,
954 5442 1135 5518 u._68,
1166 5443 1261 5497 69.
1478 5439 1485 5440 ί

2280 5439 2356 5516 (Γ)
2396 5446 2641 5518 Socrat.,
2685 5445 2724 5499 l.
2759 5464 2821 5511 II,
2855 5464 2904 5502 c.
2939 5449 3026 5516 46,
3060 5464 3121 5518 p.
3164 5448 3286 5502 161.

517 5513 589 5589 (0)
628 5516 722 5567 Or.
759 5514 844 5589 1ft,
883 5530 940 5568 n.
978 5514 1063 5589 19.
2283 5513 2349 5589 lg)
2393 5517 2576 5589 Epist.
2614 5519 2638 5572 1
2673 5519 2746 5572 ad
2780 5513 3149 5589 Cledoniu'm,
3183 5517 3321 5575 olim
3352 5533 3434 5573 or.
3467 5517 3557 5571 51.

519 5584 592 5651 id)
634 5591 726 5638 ()r.
760 5586 848 5649 30,
884 5602 941 5639 n.
972 5586 1027 5639 2.

2280 5584 2353 5658 (h)
2393 5584 2487 5643 0r.
2521 5589 2610 5651 35,
2646 5606 2701 5642 n.
2738 5590 2788 5644 4.
