4122 6214
256 289 371 347 109
1281 285 1693 345 PR/EFATIO
1740 286 2197 346 GENEltALlS.
2226 322 2298 330 —
2329 290 2530 353 PARS
2574 294 2678 353 Ill.
3566 311 3681 370 110

1782 470 1870 529 De
1900 471 2147 549 angelis.

334 620 517 689 Quod
572 620 830 697 angelos
880 624 1140 697 spectat,
1196 619 1435 677 haerere
1486 619 1732 678 videtur
1781 621 2113 696 Gregorius
2164 623 2330 683 circa
2382 643 2595 686 eorum
2630 632 3031 707 creationem,
3069 644 3381 714 naturam,
3419 652 3677 721 statum,

253 723 316 776 et
350 718 564 777 varios
595 736 814 777 eorum
846 717 1095 776 ordines
1128 733 1141 774 :
1195 717 1257 775 in
1309 735 1381 776 ea
1426 722 1635 776 tamen
1684 736 1825 776 cum
1858 718 2137 797 antiquis
2174 723 2460 782 Patribus
2491 727 2719 786 Gracis
2751 730 2938 792 fuisse
2969 738 3279 798 sententia
3308 742 3575 815 videtur,
3613 717 3683 808 ut

252 815 546 875 crederet
580 821 723 875 ante
755 814 1057 874 mundum
1092 819 1335 874 creatos
1379 832 1510 874 esse
1560 816 1835 891 angelos.
1898 839 1927 869 «
1962 816 2043 895 (a)
2078 819 2381 889 Quoniam
2418 828 2627 882 autem
2678 824 2940 888 bonitati
2992 854 3020 885 ››
3083 833 3308 896 divinae
3373 864 3402 893 «
3452 861 3683 923 nequa.

254 932 455 990 quam
513 913 665 972 satis
715 918 850 972 erat
897 930 1010 971 sua
1057 912 1253 990 ipsius
1298 912 1500 971 solum
1553 912 2082 990 contemplatione
2134 918 2389 994 moveri,
2445 920 2550 979 sed
2601 921 2836 982 bonum
2889 927 3153 990 diffundi
3210 951 3282 994 ac
3341 912 3681 1020 propagari

253 1012 621 1089 oportebat,
680 1016 747 1070 ut
792 1010 977 1088 plura
1024 1015 1250 1082 essent,
1303 1028 1443 1088 quae
1473 1010 1778 1070 beneﬁcio
1811 1010 2229 1087 afﬁcerentur,
2280 1014 2342 1073 id
2392 1016 2555 1076 enim
2598 1038 2859 1081 summa;
2894 1023 3188 1089 bonitatis
3219 1010 3373 1105 erat,
3405 1010 3681 1115 primum

255 1109 589 1185 angelicas
618 1115 679 1167 et
712 1108 995 1167 caelestes
1026 1107 1287 1167 virtutes
1317 1107 1615 1185 cogitavit
1652 1127 1665 1168 :
1716 1114 1905 1185 atque
1934 1108 2051 1168 illa;
2069 1111 2364 1188 cogitatio
2395 1132 2554 1193 opus
2585 1124 2739 1193 erat,
2774 1122 2941 1197 quod
2977 1126 3178 1187 Verbo
3210 1107 3679 1213 conficiebatur,

252 1224 329 1264 ac
368 1206 617 1283 Spiritu
648 1204 1041 1283 explebatur.
1084 1208 1290 1283 Atque
1338 1205 1426 1264 ita
1466 1205 1725 1265 secundi
1754 1205 2118 1284 splendores
2147 1212 2459 1287 procreati
2490 1221 2655 1286 sunt,
2692 1217 2879 1293 primi
2910 1221 3258 1299 splendoris
3287 1230 3638 1299 administri

255 1304 390 1362 sive
426 1302 850 1380 intelligentes
882 1301 1156 1380 spiritus,
1194 1302 1320 1361 sive
1350 1302 1559 1380 ignem
1600 1303 1770 1362 velut
1816 1305 2093 1364 materiae
2134 1315 2451 1384 expertem
2485 1316 2545 1370 et
2575 1312 3039 1392 incorporeum,
3076 1322 3203 1383 sive
3235 1327 3422 1389 aliam
3456 1351 3679 1411 quam-

251 1401 407 1460 dam
443 1407 737 1459 naturam
790 1418 901 1459 eos
948 1400 1306 1459 existimare
1336 1407 1671 1477 oportet.»
1725 1401 2171 1463 Verumtamen
2202 1406 2459 1481 angelos
2520 1432 2548 1463 «
2602 1409 2685 1489 (ὀ)
2732 1413 2998 1492 simplici
3057 1423 3330 1497 quadam
3389 1400 3615 1494 mium
3648 1459 3679 1491 »

252 1498 591 1575 praeditos,
626 1504 687 1558 et
742 1522 771 1552 α
803 1515 995 1575 puras
1028 1505 1283 1558 naturas
1314 1519 1342 1553 ι)
1398 1498 1626 1558 sanxit.
1681 1522 1709 1553 «
1742 1500 1956 1577 Ignem
1989 1522 2017 1556 »
2076 1520 2220 1561 vero
2252 1502 2420 1580 ipsos
2452 1517 2775 1587 nuncupat
2804 1512 2904 1591 (ε),
2950 1533 3075 1575 non
3108 1523 3273 1596 quod
3309 1542 3678 1604 corpoream

252 1595 686 1655 substantiam
722 1595 819 1655 vel
850 1595 1280 1655 tenuissimam
1332 1595 1419 1655 eis
1465 1596 1751 1673 affingat,
1802 1597 1911 1656 sed
1958 1598 2039 1657 ob
2072 1618 2330 1659 munera
2362 1603 2591 1679 quibus
2635 1624 2786 1684 erga
2819 1629 2933 1670 nos
2978 1614 3345 1693 funguntur.
3385 1595 3486 1685 S-ic
3516 1628 3680 1690 Deus

255 1718 284 1746 (ε
326 1693 495 1770 ignis
529 1715 559 1747 »
614 1692 800 1752 etiam
834 1692 897 1751 in
926 1691 1265 1770 Scripturis
1294 1699 1574 1767 vocatur,
1610 1694 1704 1753 vel
1738 1693 1818 1753 ob
1850 1695 2106 1753 nimiam
2143 1697 2503 1773 puritatem,
2557 1703 2650 1761 vel
2704 1707 2783 1764 ob
2825 1691 3375 1785 ﬂagrantissimum
3418 1720 3681 1799 justitise

250 1791 545 1851 studium
598 1808 724 1868 quo
776 1795 1035 1868 peccata
1088 1790 1316 1865 exurit,
1368 1809 1595 1869 pravos
1643 1809 1849 1851 mores
1880 1792 2007 1851 sive
2036 1793 2456 1869 immutando,
2495 1798 2621 1858 sive
2652 1802 3006 1879 plectendo.
3040 1810 3146 1870 His
3177 1817 3397 1876 annuit
3419 1790 3681 1884 sanctus

251 1889 508 1962 doctor,
567 1893 627 1947 et
676 1886 1179 1965 interpretationi
1224 1886 1625 1965 suffragatur.
1689 1889 2040 1965 «Spiritus,
2095 1891 2302 1969 inquit
2345 1892 2450 1972 (d),
2507 1902 2696 1975 atque
2752 1901 2914 1978 ignis
2971 1909 3229 1984 angelus
3283 1917 3678 1994 appellatur;

251 1986 443 2059 illud,
480 1986 633 2064 quia
658 1984 1007 2046 intellectili
1037 1990 1263 2044 natura
1292 1990 1383 2044 est
1415 1985 1735 2063 praeditus,
1770 1986 1911 2059 hoc,
1947 1988 2096 2066 quia
2128 1992 2469 2068 purgandis
2498 1996 2724 2056 animis
2771 2002 3000 2062 nostris
3047 1984 3421 2085 adhibetur;
3475 1984 3680 2094 quan;

252 2084 611 2163 doquidem
660 2083 964 2162 primaria
1005 2101 1257 2161 quoque
1308 2083 1417 2142 illa
1461 2084 1730 2144 essentia
1782 2084 1995 2165 (Deus)
2045 2086 2261 2146 iisdem
2314 2091 2673 2153 nominibus
2716 2096 2779 2155 in
2812 2098 3133 2178 Scriptura
3187 2083 3672 2189 nuncupatur.»

250 2182 526 2241 Videtur
558 2181 793 2241 alicubi
821 2180 899 2259 (e)
960 2181 1217 2258 angelos
1248 2187 1476 2240 natura
1504 2200 1616 2241 sua
1665 2182 1835 2241 omni
1866 2190 2121 2261 peccato
2153 2204 2407 2264 prorsus
2434 2189 2745 2253 immunes
2776 2196 3041 2274 opinari.
3082 2226 3111 2255 »
3167 2180 3471 2275 Qucum-1n
3507 2215 3681 2274 omni

248 2280 511 2357 peccati
559 2279 701 2338 labe
749 2296 987 2349 carere,
1046 2279 1159 2339 Dei
1210 2285 1323 2349 est,
1376 2279 1724 2357 primisque
1773 2287 1834 2340 et
1880 2281 2312 2362 incompositae
2364 2295 2603 2349 naturae
2656 2291 3046 2372 (simplicitas
3091 2303 3256 2363 enim
3307 2317 3530 2385 pacata
3560 2320 3673 2388 est,

248 2382 460 2454 atque
489 2376 568 2436 ab
596 2375 770 2436 omni
800 2374 1055 2435 dissidio
1086 2376 1393 2455 remota);
1454 2377 1754 2437 audacter
1803 2378 1991 2438 etiam
2038 2381 2291 2455 addam,
2349 2390 2410 2444 et
2460 2389 2782 2464 angelicae,
2842 2411 2982 2471 qua
3042 2405 3152 2457 aut
3200 2374 3455 2478 prorsus
3499 2374 3679 2471 extra

248 2473 569 2552 peccandi
615 2472 819 2533 aleam
868 2478 984 2544 est,
1040 2478 1150 2531 aut
1197 2473 1276 2532 ad
1329 2478 1493 2533 certe
1551 2475 1632 2533 ob
1692 2493 1831 2535 eam
1892 2477 2448 2556 propinquitatem,
2501 2502 2691 2561 quam
2752 2488 2831 2548 ad
2882 2493 3077 2554 Deum
3125 2472 3336 2575 habet,
3388 2508 3673 2581 proxime

248 2571 527 2631 accedit.
564 2594 596 2625 »
647 2571 878 2632 Verum
911 2570 1285 2630 sententiam
1316 2576 1426 2630 aut
1453 2577 1828 2649 temperare,
1863 2579 1974 2633 aut
2001 2575 2220 2635 saltem
2255 2580 2595 2657 explanare
2625 2589 3031 2663 sequentibus
3061 2594 3265 2657 dicere
3298 2570 3454 2661 nihil
3504 2611 3676 2667 vetat

255 2694 287 2724 ‹‹
323 2669 416 2747 (f)
460 2668 658 2729 Gestit
686 2668 939 2746 quidem
973 2668 1218 2727 animus
1247 2668 1455 2729 dicere
1484 2670 1562 2729 ad
1596 2669 1831 2729 malum
1863 2670 2219 2734 immobiles
2253 2699 2281 2730 ››
2333 2679 2615 2756 angelos,
2671 2706 2698 2737 ‹‹
2731 2690 2922 2762 atque
2970 2690 3051 2748 ad
3099 2691 3332 2755 bonum
3365 2699 3675 2765 duntaxat

252 2767 679 2844 agitationem
710 2764 1037 2837 habentes,
1074 2770 1289 2843 utpote
1322 2768 1515 2825 Deum
1548 2766 2046 2840 circumstantes,
2080 2789 2150 2831 ac
2194 2774 2491 2850 primario
2540 2779 2647 2838 Dei
2698 2781 2941 2861 fulgore
2983 2788 3403 2868 collucentes;
3456 2816 3671 2860 verum

252 2872 323 2925 ut
355 2883 489 2924 non
522 2864 784 2923 omnino
814 2862 1195 2932 immobiles,
1229 2863 1333 2922 sed
1370 2882 1534 2940 aegre
1567 2864 1829 2925 mobiles
1860 2866 2207 2928 existimem
2239 2889 2312 2931 ac
2344 2871 2574 2947 dicam,
2611 2876 2763 2936 mihi
2794 2885 3128 2957 persuadet
3177 2887 3280 2949 ille
3329 2862 3409 2951 ob
3459 2897 3669 2973 splen-

253 2962 475 3021 dorem
540 2961 808 3031 Lucifer,
864 2960 971 3037 qui
1019 2966 1277 3038 propter
1324 2961 1679 3070 superbiam
1733 2963 1960 3073 caligo,
2014 2972 2075 3024 et
2106 2967 2364 3073 effectus
2394 2977 2508 3043 est,
2543 2979 2605 3032 et
2634 2977 3019 3055 nominatur,
3078 3002 3151 3043 ac
3200 2960 3509 3066 subjectae.
3551 2993 3672 3073 ipsi

248 3059 527 3118 rebelles
583 3062 943 3135 potestates,
1001 3075 1141 3135 quae
1204 3076 1317 3135 per
1373 3058 1521 3117 boni
1580 3060 1794 3137 fugam
1858 3061 2072 3120 vitium
2133 3063 2494 3141 effecerunt,
2547 3070 2829 3151 illudque
2884 3078 3065 3140 nobis
3121 3058 3595 3151 contraxerunt:
3634 3116 3665 3148 »

250 3155 535 3233 Angelos
570 3154 673 3214 hic
703 3153 971 3215 attendit
1001 3154 1219 3232 quales
1249 3161 1446 3228 erant,
1504 3155 1654 3216 dum
1713 3156 1789 3217 de
1846 3158 2057 3219 futura
2111 3161 2269 3221 forte
2322 3164 2529 3226 adhuc
2574 3167 2773 3243 inscii,
2827 3180 2888 3233 et
2938 3178 3212 3239 nondum
3245 3182 3307 3241 in
3340 3187 3672 3249 sanctitate

250 3252 663 3324 constabiliti,
697 3252 896 3311 libero
926 3257 1220 3329 poterant
1267 3251 1525 3312 arbitrio
1583 3273 1617 3312 a
1680 3255 1883 3332 prima
1933 3259 2241 3319 sententia
2290 3260 2355 3320 in
2404 3263 2591 3324 aliam
2651 3268 3006 3347 deﬂectere,
3040 3276 3183 3337 licet
3226 3281 3303 3340 ad
3356 3282 3664 3361 justitiam

255 3350 483 3410 mentis
514 3350 743 3409 aﬂ‘ectu
779 3354 926 3408 tunc
958 3348 1280 3427 proclives,
1318 3350 1736 3428 promptiores
1766 3353 1845 3412 ad
1878 3354 2112 3414 bonum
2147 3376 2334 3434 quam
2369 3360 2450 3420 ad
2491 3362 2724 3425 malum
2758 3377 2984 3431 essent.

336 3472 367 3502 ‹‹
424 3446 507 3525 (g)
572 3446 882 3524 Angelicm
943 3450 1280 3522 potestates
1336 3445 1562 3507 divinae
1620 3449 1963 3510 voluntatis
2022 3453 2322 3514 ministrae
2377 3465 2564 3533 sunt,
2643 3463 2992 3544 roboreque
3050 3490 3174 3531 non
3235 3478 3421 3537 modo
3481 3487 3667 3542 natu-

259 3546 410 3617 rali,
475 3545 588 3604 sed
645 3545 832 3603 etiam
881 3544 1225 3603 adventitio
1286 3544 1553 3622 pollent,
1612 3546 1750 3607 loca
1807 3549 2019 3609 omnia
2076 3562 2452 3629 peragrant,
2513 3564 2646 3617 tum
2695 3562 2776 3621 ob
2836 3565 3163 3629 ministerii
3218 3578 3666 3653 promptitudi-

256 3661 440 3713 nem,
507 3649 637 3701 tum
700 3642 781 3701 ob
844 3651 1083 3701 naturae
1158 3641 1500 3702 levitatem.
1572 3644 1729 3705 Aliae
1787 3645 1977 3706 aliam
2039 3651 2381 3725 quamdam
2440 3654 2608 3714 orbis
2668 3666 2909 3735 partem
2976 3641 3519 3748 complectuntur,
3558 3685 3668 3738 aut

254 3748 419 3799 certe
480 3740 623 3799 aliis
678 3739 969 3817 quaedam
1030 3757 1177 3817 pars
1234 3740 1565 3800 commissa
1624 3751 1735 3814 est,
1788 3750 1859 3803 ut
1914 3746 2088 3805 novit
2142 3748 2249 3825 qui
2307 3750 2439 3811 haec
2486 3753 2799 3816 ordinavit
2846 3778 2917 3818 ac
2973 3739 3276 3826 distinxit.
3328 3770 3421 3828 Ad
3472 3739 3662 3834 unum

259 3856 460 3896 rerum
512 3837 797 3897 omnium
849 3836 1203 3897 Conditoris
1250 3845 1473 3897 nutum
1525 3839 1737 3899 omnia
1785 3840 1849 3899 in
1898 3861 2090 3902 unum
2135 3844 2436 3923 jungunt.
2498 3850 2749 3912 Divinas
2796 3854 3013 3917 laudes
3061 3871 3314 3935 canunt,
3372 3885 3445 3926 ac
3502 3888 3665 3930 sem-

260 3936 567 4012 piternam
598 3935 773 3994 illam
808 3935 1071 4009 gloriam
1106 3934 1483 4013 sempiterno
1512 3936 1859 4012 intuentur,
1892 3944 2008 4000 etc.
2046 3940 2126 4020 (li)
2173 3943 2363 4003 Nobis
2392 3968 2422 4000 »
2476 3947 2664 4007 etiam
2720 3973 2750 4005 «
2781 3952 2856 4011 ad
2904 3957 3144 4032 optima
3187 3978 3453 4041 quasque
3490 3967 3665 4046 adju-

264 4041 464 4093 mento
510 4038 678 4093 sunt.
714 4055 743 4089 »

1239 4185 1326 4245 De
1355 4187 1553 4247 anima
1585 4187 1824 4267 ejusque
1854 4190 2298 4252 immortalitate
2324 4203 2383 4252 et
2423 4196 2672 4274 origine.

340 4356 626 4413 Animam
679 4373 755 4413 ex
805 4355 932 4412 Deo
981 4360 1041 4413 et
1088 4353 1506 4413 immortalem
1557 4374 1689 4415 esse
1739 4356 1924 4416 docet
1968 4357 2035 4436 (i)
2090 4379 2103 4418 :
2169 4381 2199 4417 α
2244 4361 2468 4421 Anima
2518 4382 2593 4424 ex
2644 4360 2769 4428 Ileo
2800 4378 2913 4441 est,
2948 4381 3139 4453 atque
3170 4379 3403 4452 divina,
3445 4402 3664 4463 super-

268 4469 478 4528 naeque
530 4450 877 4510 nobilitatis
925 4452 1260 4528 particeps,
1312 4452 1389 4510 ad
1440 4470 1706 4529 eamque
1774 4473 2167 4533 properans;
2232 4462 2478 4520 tametsi
2534 4464 2739 4526 viliori
2796 4450 3053 4531 interim
3105 4493 3178 4535 ac
3236 4450 3540 4540 deteriori
3585 4484 3666 4544 sit

268 4549 532 4608 astricta.
573 4594 612 4606 ..
667 4547 749 4625 (ﬂ
798 4550 885 4607 De
934 4549 1159 4607 animae
1212 4549 1412 4609 salute
1464 4550 1916 4627 periclitamur,
1975 4573 2117 4631 quae
2161 4554 2347 4617 beata
2392 4563 2454 4618 et
2499 4560 2873 4625 immortalis
2923 4576 3036 4641 est,
3088 4578 3278 4651 atque
3335 4576 3660 4639 immorta-

275 4640 448 4711 libus,
492 4644 589 4704 vel
636 4643 982 4722 suppliciis,
1037 4644 1134 4703 vel
1185 4644 1498 4718 laudibus,
1546 4646 1626 4706 ob
1673 4648 1893 4708 vitium
1948 4657 2057 4710 aut
2106 4651 2399 4714 virtutem
2448 4656 2776 4721 afﬁcietur.
2812 4687 2842 4716 »
2906 4668 3138 4739 Patres,
3174 4640 3379 4731 carnis
3412 4680 3660 4736 tantum

276 4748 416 4799 sunt
451 4748 658 4819 patres
692 4762 705 4802 :

825 4874 915 4929 05'
976 4873 1109 4927 ὅλου
1138 4875 1447 4949 ἀνθρώποιο
1483 4876 1658 4951 βατὴρ
1691 4880 1907 4951 κροτὸς,
1943 4880 2017 4940 ὡς
2052 4881 2349 4954 ἐνέπουσιν,

822 4895 976 5001 Ἀλίῖδ
1009 4945 1165 4998 ὅσσον
1200 4945 1393 5001 σαρκός
1423 4968 1481 4999 τε
1510 4948 1598 5001 καὶ
1633 4947 1861 5001 αἳματος
1890 4970 1900 4979 ·
1938 4952 2264 5001 ἀμωοτὲοων
2302 4956 2349 5001 oi

838 4972 857 5001 ξ

1009 4945 1165 5035 Suam
1200 4945 1393 5041 05.19‘46‘;
1422 4945 1598 5041 ξέκαὶ
1630 4945 1861 5039 ξιῗρξατος
1890 4945 1902 4979 έ
1938 4952 2264 5041 ἀμῗοτὲρων
2301 4945 2394 5027 μὶν

1019 5037 1170 5041 aa,,_..
1229 5039 1234 5041 .
1270 5036 1371 5041 .-_,.
1449 5019 1469 5041 Σ
1504 5025 1559 5041 n,
1608 5024 1632 5033 "

824 5015 1195 5107 Ὀ).λυμὲνω;ι,
1227 5015 1378 5108 τοὺχή
1418 5016 1474 5071 δὲ
1502 5024 1635 5072 Θεοῦ
1666 5015 2090 5108 κ’ρατέοντοξκᾶη
2104 5015 2178 5095 μὰ

824 5090 884 5108 m
993 5090 1018 5108 η
1153 5105 1156 5108 .
1578 5092 1589 5107 ς
1704 5097 1725 5108 -
1762 5094 1771 5108 ι
1923 5095 1985 5108 ην
2121 5097 2131 5108 .

823 5090 1078 5167 Ἐκτοεξεν
1111 5087 1463 5167 εἰσπίπσξουσα
1494 5092 1630 5164 χοὸς
1657 5087 1882 5167 fidem.
1917 5087 2140 5167 Οἶδεν-’ὁ
2169 5087 2343 5167 μίξας,

823 5165 945 5220 Πῶς
974 5160 1036 5213 τὸ
1066 5164 1281 5232 πρῶτον
1314 5158 1551 5233 ἔπνευοίὲ,
1583 5163 1671 5216 καὶ
1704 5164 1881 5219 εἰκόνα
1917 5166 2103 5239 μίξατο
2135 5158 2281 5242 γάίῂ.

458 5317 540 5399 (ἐπ’
574 5322 661 5399 ἓβν
697 5338 753 5377 n'
788 5322 851 5399 9;

2090 5327 2598 5399 mmeama

359 5386 423 5470 (ιι)
457 5388 540 5470 ρτ-
570 5386 661 5470 .34;
696 5410 754 5447 ιι.
794 5393 877 5470 ψ.

2088 5386 2637 5470 (ώωῃηθι

365 5462 875 5539 Ήῳωωβι

2090 5462 2159 5539 (λ)
2203 5469 2297 5525 Or.
2332 5462 2420 5539 40,
2453 5490 2510 5526 η.
2543 5474 2632 5530 36.

363 5524 655 5610 @ma'
796 5609 808 5610 ί
2089 5524 2596 5610 ζῆωλὼῆῐ

368 5596 422 5665 (ε)
455 5600 536 5658 0r.
569 5608 653 5674 40,
695 5624 755 5662 n.
786 5609 840 5661 7.

2086 5596 2583 5683 lamnas.
