4122 6214
424 318 536 376 Hi
1425 309 1840 374 PREFATIO
1888 307 2439 372 GENERALIS.——
2471 309 2671 374 PARS
2717 308 2824 372 III.
3721 309 3838 370 H2

1065 446 1515 527 (Aa)_Non‘totius
1550 445 1807 527 hominis
1839 446 2012 526 homo
2043 449 2209 527 pater
2238 449 2344 508 est,
2382 449 2447 498 ut
2475 445 2586 527 dici
2620 446 2789 509 solet,

1062 518 1437 598 §edutantum
1466 520 1660 572 carnis
1693 523 1748 571 et
1779 516 2111 598 sanguinis,
2147 532 2393 597 quorum
2427 523 2745 598 utrumque

1063 588 1299 660 Peribit.
1334 588 1541 643 Anima
1575 588 1914 660 autemADei
1938 589 2358 660 omnipotentis
2389 588 2748 660 spiraculum
2782 593 2891 652 est,

1071 659 1444 715 Extrinsecus
1479 659 1744 715 incidens
1776 655 1836 714 in
1869 655 2144 715 terrestre
2176 655 2544 730 ﬁgmentum.
2578 659 2746 713 Novit
2779 659 2875 730 qui
2909 657 3145 714 miscuit

1070 733 1369 797 Quomodo
1403 733 1658 803 primum
1691 731 1933 798 afflavit,
1974 747 2040 786 ao
2071 733 2388 803 imaginem
2419 737 2585 786 terra)
2621 733 2880 786 miscuit.

1808 885 2127 944 Peccatum
2157 883 2467 962 originale.

512 1021 828 1100 Originale
860 1025 1188 1101 peccatum
1221 1018 1610 1096 apertissime
1639 1017 1971 1078 confitetur
2003 1035 2014 1075 :
2080 1038 2110 1074 «ι
2139 1019 2334 1077 Totus
2364 1018 2582 1091 cecidi,
2618 1014 2823 1095 inquit
2856 1015 2962 1095 (b),
3011 1021 3200 1092 atque
3241 1015 3321 1075 ob
3354 1015 3542 1094 primi
3571 1016 3845 1076 hominis

431 1120 920 1180 inobedientiam
971 1125 1031 1178 et
1081 1116 1315 1176 diaboli
1367 1117 1652 1176 fraudem
1703 1116 2158 1175 condemnatus
2189 1133 2482 1174 sum....
2518 1113 2594 1194 (ο)
2653 1114 3194 1187 Quemadmodum
3247 1114 3309 1172 in
3360 1113 3554 1173 veteri
3599 1114 3842 1175 Adamo

432 1219 662 1278 mortui
711 1236 949 1291 sumus,
1001 1217 1088 1275 ita
1135 1216 1196 1274 in
1249 1214 1494 1275 Christo
1543 1213 1826 1273 vivamus
1855 1214 1936 1278 ³¹;
1987 1213 2137 1272 dum
2184 1214 2479 1273 nimirum
2535 1231 2676 1272 cum
2736 1211 2980 1272 Christo
3044 1217 3105 1272 ot
3163 1210 3501 1288 nascimur,
3563 1217 3626 1271 et
3674 1213 3841 1275 cruci

432 1317 772 1394 afﬁgimur,
809 1321 870 1374 et
913 1313 1274 1391 sepelimur,
1309 1319 1368 1371 et
1412 1312 1816 1388 resurgimus.
1850 1310 2124 1371 Pulchra
2153 1311 2319 1370 enim
2365 1312 2426 1370 in
2468 1309 2847 1371 contrarium
2888 1311 3150 1370 mutatio
3184 1310 3337 1369 mihi
3367 1309 3694 1370 subeunda
3725 1316 3838 1383 est,

435 1422 501 1474 ut
531 1412 1065 1492 quemadmodum
1099 1427 1174 1470 ex
1205 1409 1492 1470 secundis
1525 1409 1709 1468 rebus
1741 1409 2019 1468 molestae
2052 1409 2378 1480 venerunt,
2415 1408 2501 1467 sic
2546 1407 2731 1467 etiam
2784 1425 2860 1467 ex
2908 1407 3187 1468 molestis
3236 1407 3397 1466 iratae
3445 1414 3508 1466 et
3549 1407 3848 1484 jucundaa

433 1514 714 1572 redeant.
772 1534 799 1564 α
837 1509 955 1571 Ubi
985 1509 1149 1567 enim
1183 1506 1527 1568 abundavit
1569 1513 1917 1585 peccatum,
1955 1505 2487 1584 superabundavit
2515 1511 2577 1564 et
2606 1505 2811 1583 gratia
2839 1506 2918 1559 87':
2956 1527 2984 1559 ››
3039 1511 3099 1564 et
3139 1505 3190 1564 si
3221 1511 3441 1582 gustus
3472 1505 3848 1565 condemna-

435 1611 541 1682 vit,
573 1615 810 1687 quanto
842 1607 1039 1684 magis
1070 1605 1297 1665 Christi
1328 1605 1534 1683 passio
1557 1604 1928 1682 justificavit
1951 1607 1978 1662 ?
2009 1624 2036 1661 »ι
2094 1605 2323 1665 Locum
2359 1605 2526 1664 hunc
2558 1605 2886 1682 exscripsit
2918 1603 3304 1681 Augustinus
3346 1603 3388 1661 l.
3433 1615 3475 1663 ι.
3520 1613 3673 1663 cont.
3718 1598 3846 1663 Jul.

435 1727 489 1768 c.
541 1710 600 1777 5,
656 1726 713 1785 p.
771 1706 912 1776 505,
967 1712 1119 1764 tom.
1169 1705 1241 1762 X.
1293 1702 1628 1780 ’l‘riplicem
1681 1702 2072 1762 nativitatem
2115 1702 2472 1778 Gregorius,
2511 1702 2977 1779 Scripturarum
3011 1701 3408 1773 auctoritate,
3446 1709 3742 1762 numerat
3789 1707 3852 1761 et

435 1805 737 1873 decernit,
774 1821 1040 1881 quarum
1074 1802 1212 1861 duae
1265 1801 1500 1878 priores
1534 1800 1749 1860 vitium
1783 1800 2040 1877 originis
2072 1806 2301 1859 nostra
2333 1799 2700 1870 declarant;
2755 1813 2894 1858 cum
2948 1814 3071 1858 una
3121 1815 3260 1877 qum
3311 1799 3381 1858 ﬁt
3431 1815 3541 1877 per
3592 1813 3845 1879 corpus,

438 1903 676 1963 servilis
725 1903 804 1960 sit
854 1908 916 1960 et
961 1901 1332 1968 libidinosa;
1381 1899 1580 1958 altera
1610 1915 1750 1975 quae
1787 1915 1896 1975 per
1924 1898 2308 1976 baptismum
2343 1897 2520 1956 nobis
2565 1898 2900 1967 confertur,
2954 1897 3187 1957 malum
3236 1897 3453 1974 primas
3501 1899 3846 1958 nativitatis

439 2000 775 2078 depellere,
826 2006 885 2058 et
933 1999 1232 2058 damnum
1287 1997 1583 2056 resarcire
1635 2003 2033 2055 monstretur.
2099 2017 2129 2050 ‹‹
2160 1995 2242 2073 id)
2289 1995 2544 2072 Triplex
2586 1995 2927 2054 nativitatis
2957 2010 3154 2072 genus
3185 1995 3468 2072 agnoscit
3494 1993 3844 2074 Scriptura,

443 2097 711 2174 primum
747 2115 821 2155 ex
869 2095 1258 2174 corporibus,
1295 2095 1563 2153 alterum
1613 2113 1687 2154 ex
1737 2094 2074 2171 baptismo,
2113 2095 2364 2153 tertium
2398 2111 2472 2151 ex
2518 2093 2996 2152 resurrectione.
3030 2094 3263 2152 Horum
3300 2092 3570 2170 primum
3600 2100 3851 2153 noctur-

442 2212 589 2251 num
624 2200 684 2252 et
714 2211 960 2252 servum
996 2198 1106 2263 est,
1134 2210 1206 2250 ac
1236 2209 1376 2250 cum
1421 2191 1678 2250 libidine
1707 2192 2115 2268 conjunctum
2142 2206 2155 2249 :
2185 2191 2452 2251 alterum
2485 2191 2776 2250 diurnum
2811 2196 2873 2249 et
2904 2191 3189 2264 liberum,
3229 2207 3299 2250 ac
3331 2185 3846 2268 depellendarum

439 2291 802 2350 vitiosarum
839 2290 1240 2350 affectionum
1272 2288 1396 2348 vim
1427 2288 1689 2361 habens,
1727 2307 1911 2348 omne
1961 2290 2047 2360 id,
2081 2289 2249 2366 quod
2298 2307 2334 2348 a
2385 2288 2712 2347 nativitate
2744 2293 3134 2348 contractum
3167 2293 3278 2357 est,
3317 2287 3600 2347 velamen
3632 2305 3849 2365 ampu-

438 2395 598 2460 tans,
635 2395 696 2447 et
742 2388 822 2447 ad
873 2406 1212 2466 supernam
1261 2387 1452 2446 vitam
1502 2406 1614 2446 nos
1664 2404 1983 2457 revocans,
2027 2412 2054 2441 ι

2221 2394 2365 2460 ςτῆν
2396 2391 2506 2445 ἄνω
2539 2393 2683 2460 ζωὴν
2717 2391 3075 2466 ὲπανάγουσα.
3128 2385 3325 2446 Radix
3368 2391 3576 2446 tamen
3610 2387 3849 2464 peccati

438 2487 744 2545 exstincta
779 2486 1024 2564 penitus
1057 2503 1181 2544 non
1230 2492 1342 2543 est.
1399 2509 1426 2538 α
1465 2485 1740 2559 Utinam,
1774 2486 1978 2562 inquit
2009 2484 2106 2563 (e),
2160 2486 2438 2544 funditus
2478 2490 2692 2561 pereat
2721 2485 2965 2556 vitium,
3000 2489 3062 2544 et
3110 2484 3382 2562 primum
3416 2481 3583 2543 illius
3612 2501 3844 2557 semen,

438 2601 512 2642 ac
559 2601 793 2660 pravus
843 2581 973 2653 ille,
1024 2582 1132 2659 qui
1179 2581 1634 2640 dormientibus
1681 2581 1861 2641 nobis
1908 2581 2142 2640 zizania
2191 2581 2926 2658 superseminavit”....
2991 2582 3134 2640 Haec
3182 2581 3362 2639 nobis
3401 2579 3640 2658 lignum
3694 2580 3852 2640 illud

439 2682 694 2750 invexit,
749 2685 810 2737 et
859 2697 1113 2738 amarus
1162 2697 1325 2750 esus,
1381 2688 1443 2737 et
1495 2678 1741 2737 invidus
1791 2695 2067 2756 serpens,
2120 2683 2182 2737 et
2230 2677 2329 2736 lex
2375 2679 2630 2751 violata,
2667 2695 2807 2756 qua!
2840 2679 3020 2739 nobis
3049 2679 3212 2738 hanc
3244 2692 3494 2756 poenam
3528 2679 3852 2756 irrogavit,

445 2787 514 2837 ut
561 2780 622 2836 in
678 2778 882 2836 vultus
911 2779 1137 2836 sudore
1171 2776 1348 2835 nobis
1380 2776 1579 2835 victus
1630 2776 1709 2835 sit
1761 2777 2079 2853 parandus
2107 2776 2187 2833 3‘.
2226 2820 2237 2834 .
2269 2817 2283 2834 .
2337 2778 2382 2834 Β
2435 2777 2723 2853 paradiso
2755 2777 3035 2854 dejectus
3067 2793 3228 2849 sum,
3263 2784 3452 2855 atque
3482 2778 3561 2836 ad
3593 2784 3853 2849 terram,

446 2897 522 2937 ex
565 2896 690 2956 qua
737 2885 1096 2954 assumptus
1143 2877 1409 2947 fueram,
1460 2893 1715 2934 aversus
1764 2893 1922 2943 sum,
1976 2875 2039 2933 id
2091 2893 2282 2934 unum
2336 2873 2700 2936 deliciarum
2755 2877 2889 2936 loco
2940 2876 3201 2948 habens,
3249 2876 3418 2954 quod
3467 2876 3860 2936 calamitates

451 2993 622 3034 meas
652 2975 937 3051 cognitas
982 2974 1300 3032 habeam:
1355 2980 1418 3032 et
1470 2987 1583 3049 pro
1632 2974 1860 3049 exigua
1913 2973 2256 3051 voluptate,
2311 2980 2615 3051 perpetuo
2657 2991 2926 3034 mmrore
2956 2975 3293 3034 damnatus
3351 2989 3528 3046 sum;
3591 2989 3860 3052 eamque

455 3091 705 3152 pmnam
741 3072 968 3151 pendo,
1024 3077 1092 3132 ut
1141 3071 1295 3130 mihi
1343 3089 1484 3130 cum
1535 3089 1608 3130 eo
1664 3071 1770 3148 qui
1823 3071 1984 3131 male
2037 3073 2099 3130 in
2149 3086 2350 3132 meam
2398 3073 2740 3132 amicitiam
2772 3073 3044 3150 irrepsit,
3088 3091 3160 3132 ac
3192 3086 3303 3150 per
3332 3071 3572 3132 arboris
3603 3079 3860 3150 gustum

451 3173 512 3230 in
554 3170 838 3230 fraudem
892 3187 987 3228 me
1032 3169 1300 3242 induxit,
1335 3169 1567 3228 bellum
1620 3183 1833 3244 gerere
1886 3169 1965 3227 sit
2021 3186 2290 3229 necesse.
2345 3171 2499 3228 Hinc
2549 3169 2783 3230 factum
2833 3176 2926 3230 est
2976 3176 3044 3229 ut
3090 3170 3152 3229 in
3204 3170 3418 3229 labore
3467 3176 3528 3229 et
3577 3184 3864 3230 aerumna

451 3287 694 3340 nascar,
742 3274 804 3327 et
854 3267 1082 3335 vivam,
1137 3285 1208 3326 ac
1264 3267 1517 3326 moriar.
1569 3266 1723 3325 Hinc
1771 3266 2118 3343 indigentia
2166 3273 2315 3326 nata
2366 3275 2500 3340 est;
2556 3287 2630 3327 ex
2689 3267 3034 3345 indigentia
3081 3268 3394 3346 cupiditas
3441 3265 3734 3338 habendi,
3783 3285 3865 3328 ex

452 3367 794 3445 cupiditate
826 3365 1013 3437 bella,
1049 3384 1123 3424 ex
1174 3364 1352 3424 bellis
1400 3382 1588 3442 porro
1638 3364 1895 3438 tributa,
1931 3365 2162 3442 quibus
2214 3361 2276 3424 in
2328 3365 2539 3425 divina
2589 3367 3110 3425 condemnatione
3157 3365 3312 3424 nihil
3362 3361 3612 3443 gravius
3660 3371 3751 3425 est
3799 3373 3864 3426 et

449 3464 757 3524 acerbius.
819 3484 846 3519 ››
939 3464 1004 3523 S.
1063 3463 1478 3538 Augustintis,
1541 3461 1825 3539 pluribus
1882 3462 1962 3520 ad
2019 3463 2512 3537 conﬁrmandam
2573 3463 2764 3522 ﬁdem
2824 3463 3202 3522 catholicam
3262 3462 3526 3540 prolatis
3584 3464 3865 3540 Gregorii

450 3561 842 3632 testimoniis,
875 3560 958 3618 sic
989 3559 1308 3620 Julianum
1342 3559 1686 3636 alloquitur
1715 3559 1786 3637 (1)
1821 3576 1836 3617 :
1895 3579 1923 3615 ‹‹
1957 3561 2081 3620 Sed
2132 3576 2254 3620 non
2309 3561 2418 3619 tibi
2471 3560 2665 3619 deerit
2717 3561 2930 3638 magni
2978 3561 3248 3620 nominis
3277 3566 3338 3620 et
3389 3562 3559 3620 fama
3587 3561 3866 3621 celeber-

449 3660 606 3720 rima
655 3659 913 3719 illustris
959 3658 1290 3735 episcopus
1337 3657 1526 3716 etiam
1576 3657 1652 3716 de
1702 3658 1986 3734 partibus
2027 3651 2316 3727 Orientis,
2351 3657 2530 3735 cujus
2561 3657 2812 3737 eloquia
2839 3658 3111 3734 ingentis
3146 3659 3366 3716 merito
3397 3658 3638 3734 gratim.
3672 3659 3868 3718 etiam

446 3757 510 3815 in
560 3757 839 3834 linguam
891 3755 1172 3814 Latinam
1228 3753 1531 3813 translata
1563 3769 2013 3831 usquequaque
2045 3754 2428 3813 claruerunt.
2484 3755 2711 3813 Sedeat
2761 3771 2910 3832 ergo
2959 3772 3100 3812 cum
3155 3753 3286 3812 istis
3336 3755 3618 3831 patribus
3673 3755 3865 3814 etiam

447 3861 700 3914 sanctus
732 3853 1084 3930 Gregorius,
1137 3858 1200 3911 et
1253 3869 1392 3910 cum
1442 3851 1530 3910 eis
1580 3855 1702 3910 tua:
1752 3850 2207 3910 criminationis
2258 3851 2508 3910 inanem
2560 3852 2837 3929 patiatur
2888 3850 3235 3911 invidiam:
3292 3851 3439 3910 dum
3476 3857 3683 3910 tamen
3717 3868 3865 3910 cum

445 3954 532 4012 eis
585 3959 805 4013 contra
852 3950 1151 4011 novitiam
1205 3955 1442 4028 pestem
1493 3956 1785 4022 vestram,
1843 3947 2280 4008 medicinalem
2341 3950 2622 4026 proferat
2676 3955 2738 4008 et
2795 3950 2926 4026 ipse
2983 3949 3356 4008 sententiam
3389 3994 3402 4006 .
3436 3995 3448 4006 .
3483 3994 3540 4007 ..
3604 3954 3694 4009 An
3749 3949 3867 4010 tibi

445 4069 640 4128 parva
688 4049 751 4107 in
800 4067 926 4108 uno
976 4047 1273 4124 Gregorio
1308 4047 1743 4125 episcoporum
1779 4046 2176 4105 orientalium
2211 4046 2461 4105 videtur
2491 4047 2880 4106 auctoritas?
2928 4047 3036 4105 Est
3077 4046 3329 4124 quidem
3362 4052 3538 4107 tanta
3568 4062 3864 4131 persona,

449 4155 516 4206 ut
571 4164 772 4223 neque
820 4146 923 4205 ille
978 4146 1094 4204 hoc
1142 4145 1260 4204 nisi
1311 4163 1384 4203 ex
1442 4144 1563 4204 ﬁde
1611 4143 1964 4203 Christiana
2015 4144 2308 4203 omnibus
2358 4143 2684 4204 notissima
2735 4143 2992 4216 diceret,
3048 4162 3162 4202 nec
3209 4143 3299 4202 illi
3357 4163 3499 4204 eum
3550 4149 3674 4204 tam
3729 4145 3862 4204 cla-

447 4262 584 4302 rum
647 4242 953 4302 haberent
1018 4249 1206 4320 atque
1273 4241 1736 4313 venerandum,
1813 4235 1931 4301 nisi
2005 4236 2139 4302 haec
2197 4237 2277 4300 ab
2333 4239 2441 4302 illo
2500 4242 2664 4302 dicta
2740 4261 2815 4301 ex
2889 4241 3114 4319 regula
3186 4242 3526 4302 notissimae
3583 4241 3868 4303 veritatis

447 4346 882 4416 agnoscerent.
919 4362 949 4393 ››

1638 4454 1728 4514 De
1758 4455 2042 4532 baptismo
2082 4465 2139 4514 et
2179 4455 2650 4534 conﬁrmatione.

520 4605 909 4692 Baptismum
961 4607 1239 4692 appellat
1293 4637 1317 4666 α
1355 4605 1636 4672 omnium
1686 4608 1796 4673 Dei
1845 4613 2290 4674 beneficiorum
2352 4615 2906 4693 praeclarissimum
2969 4622 3028 4676 et
3086 4615 3668 4694 praestantissimum
3711 4615 3853 4694 (g);

439 4713 707 4783 Donum,
759 4709 962 4789 inquit
995 4709 1099 4790 (/1),
1153 4730 1471 4781 vocamus,
1527 4711 1812 4788 gratiam,
1867 4711 2272 4790 baptismum,
2329 4714 2707 4785 unctionem,
2763 4713 3312 4786 illuminationem,
3365 4714 3857 4792 incorruptionis

435 4807 897 4882 indumentum,
958 4808 1448 4885 regenerationis
1508 4808 1850 4881 lavacrum,
1913 4810 2222 4887 sigillum,
2286 4829 2358 4870 ac
2417 4811 2688 4888 denique
2747 4810 3263 4871 excellentissime
3323 4811 3544 4889 quovis
3600 4810 3855 4870 nomine

434 4905 869 4983 appellamus.
952 4909 1195 4966 Donum
1257 4905 1522 4977 dicitur,
1603 4906 1751 4983 quia
1808 4906 1924 4978 iis,
2002 4905 2109 4984 qui
2168 4907 2338 4986 prius
2396 4904 2554 4966 nihil
2612 4908 3054 4981 contulerunt,
3117 4908 3324 4968 datur.
3389 4907 3643 4977 Gratia,
3705 4908 3856 4985 quia

431 5003 620 5062 etiam
681 5003 1071 5063 debentibus.
1154 5004 1553 5082 Baptismus,
1633 5001 1781 5081 quia
1847 5011 2175 5082 peccatum
2233 5003 2298 5062 in
2355 5022 2524 5081 aqua
2581 5005 2922 5082 sepelitur,
3007 5007 3272 5079 Unctio,
3353 5004 3501 5083 quia
3557 5022 3731 5064 sacer
3792 5010 3856 5064 et

500 5162 541 5195 δι
583 5162 600 5214 i
633 5165 757 5216 Cor.
786 5179 874 5231 xv,
904 5164 992 5216 2‘3.
1080 5164 1126 5196 ³³
1161 5163 1323 5217 Rom.
1361 5180 1410 5216 v.
1445 5164 1532 5216 20.
1621 5163 1666 5196 ³³
1701 5159 1908 5218 Matth.
1945 5181 2071 5231 xui,
2104 5165 2128 5216 Ξ

1112 5165 1126 5196 ³
1161 5163 1323 5217 Rom.
1361 5180 1410 5216 v.
1445 5164 1532 5216 20.
1621 5163 1666 5196 ³³
1701 5159 1908 5218 Matth.
1945 5181 2071 5231 Xlll,
2104 5165 2192 5220 25.
2282 5165 2327 5198 ³⁸
2357 5165 2498 5220 Gen.
2536 5181 2620 5234 ιιι,
2660 5166 2740 5218 19.

507 5338 577 5407 (ιι)
616 5341 804 5392 Carm.
839 5341 894 5392 in
929 5338 1084 5393 laud.
1122 5341 1302 5410 Virg.,
1337 5357 1388 5406 v,
1417 5337 1521 5391 392
1550 5343 1608 5392 et
1640 5353 1762 5409 seq.

508 5409 582 5478 (ἐν)
624 5409 716 5462 Or.
750 5411 837 5475 '22,
872 5427 928 5464 n.
964 5411 1049 5464 13.

2265 5343 2336 5466 ἓξ)
2379 5342 2435 5396 S.
2474 5345 2748 5411 August,
2795 5340 2832 5394 1.
2888 5359 2904 5395 ι
2949 5350 3096 5396 cont.
3147 5341 3283 5407 Jul.,
3336 5353 3466 5410 pag.
3499 5335 3604 5392 504
3635 5341 3691 5392 et
3719 5339 3851 5405 505,

503 5452 582 5554 eg;
615 5452 716 5534 6.2:
744 5452 837 5545 55:
868 5452 928 5536 ξς]
961 5452 1049 5535 ιῒ·

2199 5452 2235 5465 ”
2265 5452 2343 5554 (ᾧ)
2384 5483 2480 5537 Or.
2514 5484 2601 5549 1.0,
2637 5499 2693 5536 ιι.
2727 5485 2758 5536 3

561 5552 602 5625 ί)
645 5557 739 5625 ()r.
775 5553 863 5625 40,
898 5555 1014 5608 ιι.2.

2265 5552 2344 5625 (ἡ)
2390 5555 2553 5624 Ibid.,
2590 5571 2646 5608 ιι.
2681 5557 2736 5621 3,
2771 5555 2798 5607 4

521 5563 602 5616 (α)
645 5563 739 5606 Ur.
775 5563 863 5616 tU,
898 5563 1014 5608 n.Z.

521 5623 595 5690 (ε)
639 5622 735 5677 Or.
783 5624 868 5692 19,
901 5625 1053 5678 ιι.14.
