4122 6214
283 423 391 481 113
1291 423 1701 486 PR/EFATIO
1749 422 2304 486 GENERALIS.—
2332 424 2530 485 PARS
2579 424 2684 485 Ill.
3571 429 3689 489 114

280 557 661 634 regius....
738 557 1161 634 Illuminatio,
1220 559 1370 636 quia
1426 557 1725 636 splendor
1781 564 1841 621 et
1896 557 2169 619 claritas.
2247 557 2736 631 Indumentum,
2795 559 2944 636 quia
3015 558 3375 637 ignominiaa
3450 569 3691 624 nostrae

284 654 567 717 velamen
627 661 737 728 est,
800 679 826 713 ι
890 661 1008 716 etc.
1069 657 1348 720 Tandem
1409 657 1735 735 quodlibet
1793 663 2116 734 peccatum
2181 662 2408 733 purgat
2464 662 2524 716 et
2578 656 2900 734 abstergit.
2969 683 2998 713 «
3055 659 3138 737 (a)
3190 659 3335 719 Haec
3392 660 3693 738 baptismi

277 753 486 833 gratia
544 759 604 812 et
659 754 928 815 facultas
983 760 1114 828 est,
1176 773 1303 815 non
1359 755 1573 817 orbem
1635 762 1942 816 terrarum
2001 761 2068 814 ut
2124 754 2274 815 olim
2330 754 2645 826 obruens,
2710 757 2816 815 sed
2878 756 3364 833 uniuscujusque
3424 756 3695 821 hominis

279 857 608 928 peccatum
689 870 999 930 purgans,
1082 870 1313 930 easque
1379 853 1839 914 obstructiones
1896 852 1990 911 vel
2052 853 2372 924 maculas,
2452 870 2592 930 quae
2652 853 2800 912 vitio
2861 853 3359 930 contrahuntur,
3438 875 3694 934 prorsus

279 947 667 1027 abstergens.
701 973 731 1004 ››

354 1043 671 1107 Collatum
729 1065 767 1107 a
822 1046 998 1107 laicis
1055 1047 1368 1125 baptisma
1417 1047 1661 1111 irritum
1719 1046 1968 1110 videtur
2023 1046 2412 1109 existimasse
2471 1047 2804 1123 Gregorius
2856 1065 2871 1108 :
2941 1047 3163 1109 saltem
3220 1048 3430 1125 colligi
3487 1068 3561 1112 ex
3619 1065 3691 1112 eo

278 1148 484 1223 potest
538 1143 707 1220 quod
767 1151 982 1206 narrat
1038 1145 1116 1206 de
1171 1164 1268 1216 se,
1332 1163 1471 1207 cum
1531 1147 1813 1209 Caesarea
1871 1145 2198 1222 navigaret
2256 1145 2551 1207 Athenas.
2641 1166 2668 1203 (ι
2716 1144 2868 1206 Orta
2922 1146 3098 1222 gravi
3155 1151 3562 1224 tempestate,
3624 1148 3688 1210 in

276 1239 628 1319 periculum
679 1241 866 1302 miser
916 1261 1232 1313 veneram,
1282 1244 1485 1321 inquit
1515 1243 1624 1321 (ὁ),
1675 1262 1751 1304 ne
1798 1261 1919 1304 non
1970 1243 2251 1304 initiatus
2307 1261 2340 1303 e
2394 1243 2522 1303 vita
2572 1243 2976 1312 discederem,
3028 1242 3414 1320 spiritualem
3458 1263 3687 1322 aquam

274 1337 440 1395 inter
496 1337 789 1397 exitiosas
845 1346 905 1398 et
962 1341 1315 1399 mortiferas
1378 1341 1579 1399 undas
1632 1340 2038 1409 desiderans;
2103 1358 2174 1398 ac
2233 1339 2493 1417 proinde
2554 1340 2938 1412 clamabam,
3001 1339 3442 1410 obsecrabam,
3505 1342 3691 1403 breve

275 1433 597 1511 quoddam
667 1437 968 1513 temporis
1029 1437 1303 1514 spatium
1363 1437 1804 1515 exspectabam
1862 1456 1874 1494 :
1937 1436 2295 1498 clamabant
2346 1437 2536 1499 etiam
2601 1437 2663 1498 in
2713 1436 3038 1498 communi
3085 1437 3231 1498 licet
3285 1438 3423 1499 vitae
3473 1438 3693 1498 discri-

278 1532 469 1605 mine,
522 1533 630 1611 qui
675 1534 861 1594 simul
909 1535 1379 1614 navigabant.»
1433 1535 1780 1595 Verebatur
1830 1535 2186 1611 Gregorius,
2223 1553 2298 1594 ne
2347 1535 2643 1611 baptismi
2690 1535 2895 1611 gratia
2946 1535 3296 1612 privaretur
3345 1536 3689 1598 remedium

273 1636 487 1687 tamen
548 1638 682 1688 erat
739 1631 856 1708 ipsi
917 1632 1231 1709 perfacile,
1298 1633 1346 1691 si
1402 1632 1818 1691 existimasset
1873 1651 2058 1691 manu
2124 1633 2262 1691 laici
2323 1631 2702 1710 baptismum
2762 1650 2941 1710 posse
2997 1632 3286 1693 conferri.
3339 1635 3475 1694 Non
3523 1634 3684 1695 enim

273 1727 534 1785 dubium
597 1728 746 1804 quin
807 1729 1016 1807 plures
1073 1736 1222 1788 tunc
1279 1730 1613 1800 adfuerint,
1672 1730 1888 1791 eadem
1949 1730 2069 1791 ﬁde
2126 1730 2446 1790 informati
2497 1749 2508 1788 :
2579 1754 2604 1784 α
2658 1730 2730 1809 (c)
2781 1730 3022 1807 Quippe
3079 1749 3296 1788 omnes
3352 1729 3432 1789 ad
3489 1749 3680 1792 unum

273 1824 526 1883 ﬂetibus
569 1843 761 1902 genas
809 1826 1146 1904 rigabant;
1206 1827 1526 1905 iunctique
1575 1827 1887 1887 Christum
1941 1846 2086 1887 voce
2136 1827 2532 1906 gemebunda
2582 1827 2914 1887 vocabant.
2967 1850 2995 1880 »
3061 1829 3204 1887 Haec
3254 1832 3462 1887 tamen
3513 1828 3682 1906 apud

271 1939 414 1981 eum
475 1922 680 2000 legere
739 1932 852 1993 est,
915 1943 1056 2004 qua:
1112 1925 1381 2003 primam
1447 1925 1820 1984 sententiam
1879 1926 2197 1985 inﬁrmare
2254 1926 2614 1986 viderentur
2666 1946 2678 1986 :
2747 1949 2776 1980 «
2827 1924 2908 2004 (εἰ)
2967 1925 3178 1995 Quivis
3235 1925 3346 1985 tibi
3402 1925 3683 1987 initiator

269 2020 367 2090 sit,
435 2021 545 2098 qui
598 2021 784 2081 modo
838 2022 1056 2082 eadem
1105 2023 1226 2082 fide
1282 2023 1654 2083 informatus
1701 2029 1810 2082 est.
1847 2048 1875 2077 υ

352 2118 688 2178 Existimat
743 2127 996 2180 sanctus
1044 2121 1265 2181 doctor
1311 2120 1387 2201 (ε)
1446 2139 1551 2180 eos
1603 2121 1733 2198 qui,
1787 2140 1908 2181 non
1959 2121 2212 2199 quidem
2264 2140 2374 2198 per
2422 2126 2876 2199 contemptum,
2937 2121 3014 2180 ad
3063 2120 3360 2199 baptismi
3409 2123 3676 2198 gratiam

269 2233 396 2274 non
459 2218 876 2293 pervenerint,
937 2219 1046 2279 sed
1103 2237 1310 2278 moras
1372 2218 1786 2296 producentes
1844 2225 1988 2278 ante
2046 2225 2402 2296 susceptum
2463 2218 2776 2296 baptisma
2838 2223 3035 2277 morte
3091 2219 3369 2295 corrupti
3426 2219 3676 2291 fuerint,

268 2336 300 2366 α
349 2312 618 2372 leviores
679 2333 896 2393 poenas
954 2317 1233 2389 daturos,
1290 2322 1507 2393 utpote
1564 2315 1671 2392 qui
1722 2333 1847 2374 non
1903 2321 2026 2374 tam
2082 2316 2273 2374 animi
2324 2315 2652 2393 pravitate,
2703 2333 2891 2392 quam
2945 2313 3231 2386 stultitia,
3283 2333 3319 2373 a
3368 2315 3680 2393 baptismo

263 2409 643 2470 aberrarint.
680 2435 709 2466 »
764 2414 850 2472 De
902 2413 1134 2472 adultis
1179 2420 1236 2472 et
1286 2413 1653 2484 infantibus,
1707 2419 1964 2492 propter
2010 2414 2400 2491 inopinatum
2454 2418 2514 2472 et
2561 2412 2905 2471 violentum
2956 2431 3189 2483 casum,
3227 2431 3353 2472 non
3393 2420 3683 2492 suscepta

258 2507 565 2586 baptismi
613 2510 836 2587 gratia,
871 2512 1134 2570 mortuis
1182 2511 1316 2570 haec
1366 2510 1556 2570 habet
1589 2527 1602 2568 :
1654 2535 1683 2564 ‹‹
1714 2510 1796 2588 (f)
1832 2510 2135 2569 Postremi
2184 2510 2476 2587 denique,
2510 2528 2623 2568 nec
2674 2508 2910 2568 ccelesti
2949 2508 3170 2586 gloria,
3206 2527 3319 2568 nec
3359 2510 3680 2588 suppliciis

259 2623 297 2664 a
338 2606 519 2682 justo
568 2607 784 2666 Judice
831 2607 1203 2680 afﬁcientur,
1269 2614 1488 2687 utpote
1549 2609 1655 2686 qui
1713 2607 1856 2667 licet
1912 2607 2141 2684 signati
2201 2625 2324 2666 non
2375 2606 2625 2675 fuerint,
2680 2605 3084 2683 improbitate
3135 2613 3342 2666 tamen
3393 2615 3672 2681 careant,

256 2710 452 2780 atque
501 2703 665 2764 hanc
714 2705 1019 2782 iacturam
1079 2707 1246 2784 passi
1304 2706 1513 2784 potius
1569 2705 1820 2777 fuerint,
1884 2723 2070 2782 quam
2131 2705 2408 2764 fecerint.
2462 2728 2488 2756 »
2550 2706 2693 2762 Haec
2747 2721 2895 2762 vero
2955 2722 3077 2762 non
3137 2704 3223 2763 sic
3281 2705 3666 2782 accipienda,

259 2801 444 2878 quasi
492 2804 805 2863 censuerit
853 2805 1184 2881 Gregorius
1233 2804 1552 2881 originalis
1600 2804 1839 2882 peccati
1888 2821 2105 2881 poenas
2152 2802 2419 2861 infantes
2470 2820 2593 2861 non
2652 2802 2842 2861 luere.
2901 2804 3133 2861 Revera
3189 2802 3460 2862 infantes
3516 2823 3668 2881 sup-

261 2898 464 2976 pliciis
521 2918 648 2959 non
705 2901 1058 2962 afﬁcientur
1113 2903 1281 2980 quod
1339 2903 1652 2981 baptismo
1711 2901 2047 2971 caruerint,
2098 2901 2254 2960 sicut
2315 2918 2426 2960 nec
2484 2899 2704 2972 adulti,
2765 2900 2814 2958 si
2873 2899 3110 2959 desidia
3161 2900 3255 2959 vel
3304 2906 3667 2980 contemptu

260 2996 338 3055 ad
399 2997 789 3076 baptismum
849 3020 973 3060 non
1034 3001 1406 3061 accesserint
1466 3022 1478 3061 :
1563 3000 1869 3080 siquidem
1931 2999 2209 3059 defectus
2266 2999 2369 3057 ille
2428 2998 2824 3076 baptismatis
2883 3016 3009 3058 non
3068 2998 3153 3057 eis
3209 2998 3454 3058 crimini
3511 3002 3668 3061 verti

261 3102 494 3171 posset.
579 3097 823 3157 Interea
897 3099 1040 3158 licet
1088 3099 1287 3159 adulti
1338 3116 1456 3160 non
1529 3099 1869 3177 puniantur
1925 3098 2004 3156 ob
2054 3098 2350 3157 omissum
2407 3096 2741 3174 baptisma,
2799 3115 3017 3175 poenas
3062 3104 3267 3156 tamen
3345 3098 3670 3157 exsolvent

258 3191 332 3250 de
384 3196 663 3270 peccatis
709 3215 848 3273 quae
905 3197 965 3255 in
1026 3197 1153 3256 vita
1202 3204 1692 3275 perpetrarunt;
1753 3197 1839 3255 sic
1899 3203 1961 3256 et
2015 3197 2284 3254 infantes
2341 3202 2564 3254 natura
2625 3194 2733 3253 filii
2792 3195 2898 3254 irae
2956 3198 3013 3253 et
3074 3199 3329 3271 peccato
3379 3194 3671 3272 originali

256 3289 543 3363 obnoxii,
582 3295 804 3352 merito
835 3295 1205 3370 plectentur,
1246 3294 1464 3352 misere
1513 3312 1549 3352 a
1597 3298 1721 3353 Deo
1771 3294 1832 3352 in
1884 3298 2185 3353 aeternum
2234 3293 2490 3370 repulsi,
2535 3299 2601 3351 ut
2632 3292 2965 3369 Gregorius
2997 3291 3179 3351 docet
3215 3308 3227 3348 :
3289 3313 3315 3346 α
3349 3291 3433 3370 (g)
3467 3291 3674 3350 Homi-

258 3406 401 3447 nem
432 3390 678 3450 invidia
708 3391 965 3464 diaboli,
1013 3402 1199 3470 atque
1247 3392 1472 3452 acerbo
1521 3393 1761 3470 peccati
1808 3399 2014 3468 gustu,
2073 3410 2109 3450 a
2156 3393 2283 3452 Deo
2331 3391 2656 3451 conditore
2691 3393 2910 3450 misere
2941 3395 3301 3467 separatum
3333 3389 3668 3467 despicere,

257 3504 292 3544 a
337 3489 474 3546 Deo
525 3488 800 3548 alienum
854 3497 1034 3549 est.»

331 3587 648 3645 Hortatur
703 3594 1016 3664 parentes,
1068 3594 1135 3647 ut
1188 3588 1532 3647 infantibus
1588 3587 1711 3645 suis
1761 3587 2140 3665 baptismum
2201 3585 2470 3645 conferri
2520 3592 2758 3657 curent,
2815 3591 2875 3645 et
2931 3602 3036 3643 eos
3086 3583 3164 3643 ab
3213 3584 3477 3643 infantia
3530 3603 3673 3644 san-

256 3681 544 3741 ctiﬁcari.
607 3708 635 3737 «
688 3683 771 3762 (li)
806 3685 1016 3745 Infans
1065 3685 1176 3744 tibi
1224 3685 1364 3744 est?
1419 3687 1506 3744 Ne
1556 3684 1944 3744 occasionem
1995 3684 2366 3763 improbitas
2423 3684 2729 3762 arripiat:
2785 3683 2861 3741 ab
2915 3681 3178 3740 infantia
3221 3681 3666 3754 sanctiﬁcetur,

255 3781 330 3838 ab
387 3780 548 3858 ipsis
606 3782 962 3860 unguiculis
1013 3785 1272 3861 Spiritui
1327 3790 1742 3845 consecretur.
1770 3785 1846 3841 At
1902 3788 2158 3860 propter
2214 3787 2452 3841 natura
2510 3781 3003 3841 imbecillitatem
3058 3779 3334 3856 sigillum
3389 3779 3673 3838 metuis?

256 3879 456 3948 Quam
509 3879 843 3939 imbecillis
893 3881 1084 3942 animi
1135 3891 1334 3943 mater
1384 3902 1468 3953 es,
1513 3880 1882 3960 pusillaaque
1930 3880 2112 3939 ﬁdei!
2170 3886 2346 3940 Anna
2399 3898 2543 3938 vero
2595 3879 2972 3950 Samuelem,
3021 3879 3190 3957 prius
3240 3877 3425 3936 etiam
3477 3894 3666 3952 quam

263 3985 629 4056 procreatus
687 3983 867 4052 esset,
925 3984 1049 4040 Deo
1107 3983 1298 4053 vovit,
1352 3987 1541 4057 atque
1593 3980 1655 4038 in
1716 3979 1915 4038 lucem
1968 3977 2170 4038 editus
2219 3978 2426 4037 statim
2480 3976 2867 4036 consecravit
2898 3976 2961 4028 ³³.
2996 4000 3024 4029 »
3082 3977 3215 4034 Non
3266 3973 3397 4032 vult
3446 3991 3668 4051 pueros

263 4077 462 4156 prima
516 4083 703 4137 aetate
758 4078 1083 4156 baptizari,
1140 4079 1256 4138 nisi
1307 4079 1473 4157 quod
1525 4084 1743 4154 urgeat
1792 4077 2160 4153 periculum.
2227 4100 2254 4128 ‹‹
2308 4076 2373 4154 (ι)
2415 4078 2500 4134 De
2552 4073 2805 4151 reliquis
2852 4075 2939 4133 ita
2989 4091 3232 4144 censeo,
3286 4079 3352 4131 ut
3401 4071 3668 4133 triennio

264 4182 649 4256 exspectato,
686 4183 793 4235 aut
843 4177 1165 4254 aliquanto
1215 4176 1486 4236 breviori
1535 4176 1631 4234 vel
1680 4174 1948 4251 longiori
1997 4174 2296 4252 temporis
2337 4173 2539 4252 spatio
2581 4172 2748 4252 (nam
2783 4178 2939 4245 tum,
2976 4179 3037 4231 et
3086 4170 3327 4248 mystici
3369 4170 3668 4248 quiddam

263 4275 500 4346 audire,
565 4281 625 4333 et
684 4275 1060 4352 respondere
1117 4281 1394 4352 possunt,
1459 4293 1530 4333 ac
1589 4274 1637 4332 si
1696 4273 1901 4331 minus
1959 4273 2140 4353 plene
2196 4279 2256 4330 et
2314 4278 2529 4330 exacte
2586 4270 2969 4347 intelligunt,
3031 4269 3401 4328 imbuuntur
3459 4275 3670 4328 tamen

265 4379 320 4429 et
374 4372 845 4449 informantur),
904 4372 992 4431 ita
1049 4373 1326 4443 demum,
1388 4390 1617 4448 magno
1677 4370 2078 4450 perfectionis
2135 4376 2530 4428 sacramento
2590 4374 2651 4428 et
2709 4369 2951 4427 animas
3007 4374 3068 4427 et
3124 4385 3391 4444 corpora
3438 4366 3670 4425 sancti-

266 4467 488 4529 ﬁcent.
525 4516 536 4527 .
568 4518 578 4527 .
613 4517 624 4528 .
686 4470 766 4549 (λ’)
805 4473 1067 4548 PrOpter
1096 4470 1456 4548 inopinatos
1505 4475 1564 4527 et
1614 4468 1972 4546 repentinos
2022 4466 2441 4545 periculorum
2476 4468 2769 4545 impetus,
2806 4466 3038 4545 quique
3094 4463 3268 4524 nulla
3317 4483 3435 4541 ope
3482 4470 3671 4540 atque

269 4567 495 4627 auxilio
548 4568 903 4647 propulsari
951 4573 1207 4646 queant,
1262 4567 1511 4626 lavacro
1559 4564 1936 4625 communiri
1987 4564 2246 4624 omnino
2307 4564 2762 4624 conducibilius
2812 4570 2925 4623 est.
2959 4585 2986 4618 υ
3053 4562 3362 4639 Objurgat
3409 4579 3514 4620 eos
3563 4559 3671 4636 qui

271 4661 644 4741 baptismum
679 4665 998 4736 differunt,
1033 4665 1462 4742 subvertitque
1492 4664 1733 4734 inanes,
1767 4681 1923 4741 quas
1953 4662 2332 4722 obstrudunt
2378 4680 2620 4720 causas.
2685 4683 2711 4717 «
2755 4660 2836 4739 (k)
2884 4663 3081 4719 Omne
3131 4659 3243 4718 tibi
3295 4667 3540 4734 tempus
3589 4655 3669 4715 ad

273 4759 649 4820 ablutionem
707 4760 1000 4820 idoneum
1063 4768 1194 4834 est,
1256 4759 1767 4839 quandoquidem
1832 4759 2070 4817 nullum
2131 4765 2379 4835 tempus
2439 4759 2656 4818 mortis
2728 4757 3004 4838 periculo
3078 4762 3281 4814 vacat.
3347 4778 3374 4806 »
3436 4754 3664 4813 Verum

274 4857 540 4917 solemne
598 4859 932 4937 baptisma,
999 4859 1058 4917 in
1118 4859 1535 4937 Cappadocia,
1599 4877 1721 4917 non
1774 4857 1888 4916 nisi
1939 4855 2157 4915 diebus
2210 4854 2489 4927 Paschae,
2541 4857 2935 4914 Pentecostes
2984 4862 3044 4912 et
3086 4851 3455 4931 Epiphaniae
3513 4868 3664 4910 con-

277 4953 603 5016 ferebatur.
662 4957 907 5016 Primus
965 4957 1299 5034 Gregorius
1358 4957 1479 5040 diei
1534 4955 1905 5033 Epiphaniae
1965 4954 2250 5015 meminit
2311 4971 2324 5010 :
2405 4952 2510 5012 sed
2579 4952 2642 5010 in
2701 4953 2949 5011 Oriente
3012 4970 3145 5010 mos
3204 4951 3315 5009 iste
3374 4949 3663 5026 vigebat.

277 5051 342 5128 (0.
391 5055 736 5133 imperante
793 5056 1180 5127 Justiniano,
1245 5073 1352 5114 rex
1407 5055 1816 5125 Herulorum,
1885 5052 2112 5113 Gethes
2171 5051 2458 5124 nomine,
2520 5049 3128 5128 Constantinopolim
3189 5048 3391 5118 venit,
3447 5053 3507 5106 et
3564 5047 3664 5105 die

349 5197 390 5232 ⁸⁸
419 5200 438 5252 l
468 5199 601 5269 Reg.
641 5216 677 5265 ι,
714 5201 797 5265 11,
829 5200 917 5254 28.

356 5327 419 5392 (al
455 5324 542 5379 0r.
575 5328 663 5391 40,
699 5343 755 5378 n.
789 5325 843 5376 7.

2093 5319 2162 5392 (h)
2205 5318 2300 5392 0r.
2335 5319 2422 5383 in,
2457 5336 2514 5392 ιοΖ
2541 5319 2635 5392 47.

363 5327 423 5462 {ag
455 5327 542 5379 0r.
575 5328 663 5391 40,
699 5343 755 5378 n.
789 5327 843 5376 7.

363 5396 416 5474 ψ
458 5396 541 5474 Or.
579 5400 662 5464 18,
697 5415 754 5450 n.

2093 5327 2162 5392 (η)
2205 5327 2300 5373 Ur.
2335 5327 2422 5383 4'),
2457 5336 2513 5372 ῃ.
2551 5327 2583 5372 1'

2089 5392 2149 5474 (il
2201 5391 2371 5474 ibi?»
2405 5407 2462 5444 τι·
2494 5390 2583 5474 ‘7’??-

367 5467 422 5532 lc)
456 5462 749 5523 Carm.'De
776 5471 891 5523 vita
919 5483 1038 5521 sua.
2089 5462 2154 5535 (j)
2199 5463 2369 5535 1bid.,
2403 5480 2460 5516 n.
2496 5462 2562 5535 16
2592 5465 2648 5516 et
2679 5477 2843 5532 seqq.

370 5481 422 5532 lc)
456 5481 630 5523 tzarm.
669 5481 749 5523 De
776 5481 891 5523 vita
919 5483 1038 5521 sua.

370 5536 428 5615 (ἀ)
459 5537 666 5615 40,
703 5558 760 5615 n.
782 5541 888 5615 _26.

2089 5481 2154 5588 (ί)
2199 5481 2369 5544 iniu,
2403 5481 2460 5516 n.
2496 5481 2562 5515 10
2592 5481 2681 5516 et:

2092 5539 2159 5615 (ᾖ)
2204 5534 2374 5615 Ξδκίςν
2398 5551 2466 5615 .9:
2502 5534 2587 5587 13'

373 5598 428 5684 (ei
459 5609 613 5682 1bid.,
646 5598 705 5666 ii.
738 5613 829 5664 23.
2090 5598 2152 5676 (ι)
2202 5598 2367 5660 Paul.
2398 5605 2577 5673 Diac.,
2612 5605 2778 5672 Hist.,
2821 5602 2860 5658 1.
2893 5619 3005 5674 xvr,
3040 5618 3171 5675 pag.
3204 5602 3329 5668 272,
3364 5605 3507 5657 tom.
3540 5598 3665 5655 Xlll

376 5681 432 5750 in
465 5681 592 5737 Ibid.
1968 5702 1971 5704 ·
2023 5679 2161 5733 Bibl.
2196 5680 2350 5732 Patr.

376 5683 432 5746 in
465 5683 592 5737 Ibid.
1968 5702 1971 5704 ·

1968 5702 1971 5704 ·
2023 5683 2161 5733 Bibl.
2196 5683 2349 5732 Patr.

387 5751 434 5819 .0)
466 5751 547 5809 Or.
577 5755 662 5821 39,
699 5771 755 5810 n.
791 5755 876 5807 13.
