4122 6214
434 446 551 506 115
1441 438 1862 500 PREFATIO
1914 439 2062 499 GEN

2234 435 2469 497 LIS.-—-—
2500 436 2696 497 PARS
2740 437 2845 499 ΙΙΙ.
3737 448 3858 507 118

432 579 805 657 Epiphaniae
879 576 1196 654 baptisma
1278 572 1583 651 suscepit,
1674 589 1747 631 ac
1828 590 1941 650 pro
2013 589 2190 631 sacro
2280 571 2450 629 fonte
2522 589 2784 648 sponsor
2866 571 3035 632 illius
3102 573 3235 653 ipse
3304 574 3420 635 fuit
3488 575 3859 655 imperator.

514 677 743 737 Foedus
800 694 941 735 cum
1000 676 1128 733 Deo
1188 673 1247 730 in
1309 671 1685 749 baptismate
1745 674 2137 729 contractum
2189 667 2459 727 ﬁdeliter
2506 668 2881 728 servandum
2943 670 3125 731 docet
3184 673 3520 750 Gregorius
3571 673 3667 732 his
3725 694 3866 734 ver-

432 776 529 835 bis
561 775 689 855 (a):
748 798 777 829 (ι
811 773 979 833 Nihil
1036 770 1209 831 aliud
1270 788 1401 829 esse
1459 768 1583 827 vim
1643 774 1704 827 et
1762 768 2128 827 facultatem
2182 765 2477 843 baptismi
2531 766 2892 826 existimare
2940 768 3261 843 debemus,
3317 789 3507 848 quam
3568 773 3863 833 secundm

432 874 576 933 vitae
625 891 696 932 ac
743 869 1013 949 purioris
1065 867 1309 926 vivendi
1361 865 1619 924 rationis
1670 871 1922 943 pactum
1974 882 2115 923 cum
2168 865 2294 922 Deo
2348 862 2595 922 initum.
2648 867 2737 923 Ac
2785 864 3047 942 proinde
3101 866 3197 926 vel
3252 868 3527 929 maximo
3567 869 3630 927 in
3692 876 3864 929 metu

434 990 651 1032 omnes
709 987 863 1038 esse,
915 974 1103 1045 atque
1151 964 1321 1023 omni
1374 962 1659 1023 custodia
1709 966 1953 1021 nostras
2002 960 2246 1019 animas
2302 978 2548 1019 servare
2597 960 2921 1033 debemus,
2970 980 3051 1021 ne
3109 964 3441 1025 mendacio
3503 965 3688 1025 ﬁdem
3750 986 3866 1045 pa-

434 1076 727 1145 ctumque
786 1066 1049 1125 violasse
1108 1060 1595 1135 comperiamur.
1660 1062 1815 1120 Nam
1874 1077 2015 1119 cum
2077 1059 2156 1118 ad
2218 1064 2436 1117 mutua
2495 1057 2821 1117 hominum
2890 1066 3077 1137 pacta
3134 1061 3449 1121 ﬁrmanda
3505 1064 3669 1123 Deus
3726 1081 3862 1124 me-

434 1167 574 1227 dius
630 1164 917 1225 adhiberi
969 1162 1191 1233 soleat,
1251 1167 1580 1239 quantum,
1639 1176 1876 1237 quaeso,
1940 1156 2287 1235 periculum
2349 1162 2463 1225 est,
2524 1173 2601 1214 ne
2656 1155 2897 1216 foedera
2952 1174 3096 1216 cum
3154 1160 3286 1218 Deo
3354 1159 3491 1237 ipso
3544 1167 3873 1222 contracta

438 1263 808 1343 perfregisse
867 1261 1310 1339 reperiemur;
1391 1276 1506 1327 ac,
1566 1262 1799 1335 praeter
1852 1254 1977 1315 alia
2033 1260 2339 1333 peccata,
2414 1253 2612 1331 ipsius
2668 1272 2923 1331 quoque
2984 1255 3296 1316 mendacii
3354 1256 3522 1336 apud
3580 1258 3873 1319 Veritatis

435 1360 713 1420 tribunal
771 1358 859 1419 rei
917 1355 1348 1437 peregamur?
1391 1378 1421 1408 »

515 1461 605 1518 De
661 1454 1159 1517 conﬁrmationis
1206 1457 1601 1512 sacramento
1665 1450 1784 1510 hoc
1843 1467 2037 1508 unum
2097 1448 2161 1506 in
2218 1447 2465 1526 scriptis
2514 1447 2799 1525 Gregorii
2858 1448 3254 1526 reperimus:
3309 1450 3729 1510 necessarium
3780 1450 3870 1531 (ὁ)

439 1574 595 1630 esse,
656 1560 726 1614 ut
784 1552 1043 1632 perfecti
1100 1551 1295 1611 simus
1353 1548 1715 1621 Christiani,
1778 1553 2067 1622 ἐπιζητεῖτε

2244 1572 2276 1612 ,ς
2309 1552 2407 1619 τὴν
2440 1550 2742 1605 τελείωσιν·
2797 1544 2873 1625 (c)
2932 1552 3121 1624 atque
3181 1553 3645 1608 sacramentum
3698 1548 3872 1609 istud

436 1654 497 1713 in
554 1652 806 1713 nomine
856 1650 1125 1730 Spiritus
1176 1648 1375 1708 sancti
1423 1646 1713 1708 conferri.

1879 1768 1964 1828 De
1993 1766 2413 1828 Eucharz'm'a.

516 1901 694 1973 Quod
755 1897 1164 1960 Eucharistiae
1224 1899 1687 1956 sacramentum
1747 1898 2032 1972 spectat,
2112 1891 2343 1951 realem
2402 1890 2630 1950 Christi
2688 1891 2750 1951 in
2810 1891 3207 1952 Eucharistia
3268 1892 3673 1971 praesentiam
3734 1900 3867 1955 tam

438 2000 652 2060 multis
704 2004 765 2057 et
813 2003 940 2057 tam
999 1993 1342 2075 perspicuis
1390 1991 1763 2053 testimoniis
1811 1990 2098 2068 agnoscit
2152 1989 2507 2067 Gregorius,
2562 1995 2630 2047 ut
2686 1988 2929 2048 nullum
2989 1990 3066 2049 de
3123 1989 3260 2067 ejus
3320 1990 3443 2050 ﬁde
3501 1990 3670 2051 circa
3729 2011 3868 2071 my-

438 2098 695 2159 sterium
754 2095 919 2155 istud
979 2093 1238 2153 dubium
1295 2110 1426 2151 esse
1482 2091 1700 2168 possit.
1769 2113 1796 2144 «
1848 2091 1896 2149 Ο
1955 2088 2066 2147 Dei
2123 2087 2328 2147 cultor
2384 2086 2812 2157 sanctissime,
2853 2110 2881 2141 »
2966 2087 3172 2165 inquit
3227 2086 3353 2167 (d),
3418 2087 3868 2165 Amphilochio

438 2196 737 2265 scribens,
805 2216 835 2247 «
887 2208 965 2250 ne
1017 2188 1328 2250 cuncteris
1374 2206 1553 2248 orare
1608 2193 1669 2246 et
1722 2186 2107 2246 intercedere
2163 2203 2277 2263 pro
2326 2184 2529 2256 nobis,
2587 2185 2839 2261 quando
2890 2185 3057 2244 dicto
3108 2183 3309 2244 allicis
3361 2184 3631 2245 Verbum
3692 2188 3860 2256 Dei;

440 2292 696 2373 quando
755 2291 1082 2349 incruenta
1138 2285 1413 2347 sectione
1465 2302 1693 2369 corpus
1747 2290 1810 2344 et
1873 2283 2243 2361 sanguinem
2317 2282 2712 2343 Dominicum
2788 2300 3007 2355 secas,
3068 2301 3283 2343 vocem
3360 2283 3665 2343 adhibens
3740 2303 3857 2362 pro

436 2390 669 2471 gladio.
704 2410 734 2443 »
788 2388 867 2446 Et
913 2385 1199 2445 oratione
1249 2400 1366 2443 XLV
1418 2381 1506 2461 (n.
1542 2382 1687 2461 19):
1750 2405 1777 2439 α
1809 2385 1955 2455 Lex,
2008 2381 2234 2458 inquit,
2294 2380 2651 2440 fulcientem
2698 2379 2995 2439 baculum
3046 2379 3164 2439 tibi
3212 2380 3586 2458 praescribit,
3632 2382 3857 2444 necubi

438 2487 655 2547 animo
706 2484 958 2555 titubes,
1012 2482 1157 2541 dum
1207 2480 1578 2558 sanguinem
1626 2478 1757 2548 Dei,
1812 2483 1873 2537 et
1932 2478 2312 2555 passionem,
2367 2495 2440 2536 ac
2499 2481 2765 2536 mortem
2816 2476 3019 2548 audis,
3051 2494 3124 2536 ac
3178 2478 3328 2537 dum
3383 2478 3491 2537 Dei
3548 2486 3853 2557 patronus

438 2604 513 2646 ac
570 2584 862 2645 defensor
918 2580 1113 2641 videri
1171 2579 1388 2657 cupis,
1467 2576 1657 2655 impie
1716 2594 1993 2636 corruas.
2053 2575 2211 2646 Quin
2287 2574 2496 2653 potius
2552 2574 2684 2634 sine
2742 2574 2982 2652 pudore
3041 2593 3112 2634 ac
3169 2575 3562 2636 dubitatione
3621 2594 3852 2655 corpus

439 2681 575 2751 ede,
609 2678 977 2756 sanguinem
1009 2676 1174 2747 bibe,
1228 2674 1278 2734 si
1326 2673 1515 2733 modo
1565 2672 1706 2731 vita:
1755 2670 2061 2731 desiderio
2102 2671 2350 2744 teneris,
2388 2688 2503 2730 nec
2548 2669 2941 2731 sermonibus
2970 2670 3047 2731 de
3079 2689 3267 2731 carne
3299 2671 3485 2731 ﬁdem
3518 2672 3854 2750 abrogans,

438 2796 552 2837 nec
600 2776 679 2836 ad
729 2793 859 2847 eos,
914 2774 1021 2852 qui
1068 2774 1144 2832 de
1191 2770 1482 2850 passione
1532 2769 1866 2841 habentur,
1916 2768 2293 2846 impingens.
2349 2768 2603 2828 Innixus
2651 2775 2770 2835 sta.
2822 2768 3040 2828 ﬁrmus
3096 2774 3159 2829 et
3214 2769 3479 2842 stabilis,
3534 2775 3724 2848 atque
3770 2771 3863 2831 ita

442 2879 865 2951 comparatus,
926 2878 995 2931 ut
1050 2870 1227 2929 nulla
1284 2870 1346 2929 in
1406 2887 1471 2927 re
1527 2867 1831 2946 quatiaris
1883 2866 1963 2926 ab
2017 2866 2414 2939 adversariis,
2470 2885 2584 2926 nec
2643 2866 2975 2926 verborum
3035 2866 3249 2945 lepore
3302 2873 3492 2946 atque
3550 2868 3863 2928 illecebris

446 2970 801 3051 abripiat-is.
836 2992 865 3027 η

522 3069 593 3129 In
651 3064 1061 3127 Eucharistim
1121 3062 1591 3125 consecratione
1649 3079 1865 3121 verum
1926 3061 2213 3139 agnoscit
2268 3060 2681 3135 sacriﬁcium,
2750 3080 2891 3121 cum
2953 3062 3039 3121 ait
3096 3063 3424 3141 episcopos
3482 3069 3544 3123 et
3600 3063 3865 3143 presby-

446 3173 612 3228 teros
641 3165 1006 3224 incruentas
1038 3161 1275 3221 hostias
1321 3160 1569 3231 offerre,
1626 3166 1816 3237 atque
1864 3158 2089 3219 altaria
2138 3165 2353 3219 nostra
2409 3159 2497 3218 ita
2553 3159 2882 3238 appellari,
2937 3160 3106 3237 quod
3163 3178 3351 3238 super
3406 3179 3479 3220 ea
3533 3160 3869 3222 incruenta

446 3262 755 3325 sacriﬁcia
810 3260 1154 3320 offerantur
1201 3276 1213 3316 :
1274 3283 1303 3313 «
1353 3257 1423 3336 (e)
1489 3260 1536 3317 Ο
1594 3257 1969 3329 sacerdotes,
2032 3257 2140 3334 qui
2202 3257 2437 3316 hostias
2496 3258 2852 3316 incruentas
2908 3258 3216 3318 oﬁ‘ertis...
3280 3257 3367 3337 (Γ)
3429 3260 3475 3319 Ο
3537 3278 3768 3336 genua,
3827 3278 3866 3319 o

444 3361 697 3441 palmae,
762 3356 1112 3437 purissimis
1172 3359 1366 3415 Deum
1424 3374 1565 3433 qua:
1624 3354 1973 3433 placabatis
2029 3353 2292 3426 hostiis,
2351 3354 2650 3417 Carterii.
2713 3355 3032 3432 quomodo
3090 3356 3436 3415 cessastis?
3494 3378 3522 3413 »
3604 3358 3866 3434 Magnas

444 3459 710 3518 virtutes
767 3456 830 3514 in
891 3472 964 3513 eo
1017 3453 1301 3531 requirit,
1354 3455 1463 3530 qui
1513 3452 1887 3511 sacriﬁcium
1938 3451 2103 3510 istud
2155 3452 2234 3511 ad
2292 3452 2491 3511 altare
2539 3470 2880 3529 supernum
2931 3452 3323 3519 transmittit,
3378 3452 3486 3530 qui
3534 3462 3861 3513 externum

444 3553 845 3623 sacriﬁcium,
902 3552 1057 3610 illud
1115 3568 1489 3628 magnorum
1541 3549 1981 3628 mysteriorum
2015 3550 2393 3627 antitypum,
2445 3548 2647 3608 offert.
2712 3548 2854 3627 «(9)
2903 3550 3037 3619 Quo
3090 3549 3342 3609 tandem
3407 3550 3594 3610 modo
3652 3558 3865 3610 exter-

445 3671 594 3712 num
650 3650 802 3710 illud
853 3648 1302 3708 sacriﬁcium...
1366 3650 1493 3707 Deo
1541 3648 1765 3707 oﬁerre
1817 3647 2140 3714 auderem,
2193 3654 2303 3706 aut
2360 3665 2485 3724 quo
2546 3648 2731 3706 modo
2780 3648 3121 3707 sacerdotis
3173 3646 3457 3707 habitum
3517 3655 3580 3708 et
3632 3666 3865 3708 nomen

443 3750 674 3820 subire,
709 3748 1075 3827 priusquam
1118 3745 1351 3806 sanctis
1398 3744 1694 3823 operibus
1752 3763 1973 3804 manus
2021 3744 2447 3823 puriﬁcassem
2479 3744 2508 3803 ?
2558 3768 2586 3797 ››
2650 3777 2724 3787 ——
2789 3747 2969 3804 «Per
3023 3750 3349 3804 externum
3401 3752 3613 3804 autem
3663 3746 3867 3805 sacri-

444 3847 679 3919 ﬁcium,
732 3844 908 3915 illud,
965 3844 1134 3922 quod
1193 3862 1304 3922 per
1351 3861 1577 3922 panem
1629 3848 1690 3902 et
1737 3841 1949 3900 vinum
2004 3841 2344 3921 peragitur,
2398 3842 2693 3919 intelligit
2741 3841 3096 3919 Gregorius,
3132 3861 3272 3920 qua:
3305 3841 3557 3919 quidem
3590 3842 3650 3902 in
3683 3860 3868 3905 sacra

446 3962 662 4005 mensa
711 3942 1056 4022 preposita,
1111 3958 1223 4019 per
1278 3940 1658 4000 ineffabilem
1721 3939 2063 4018 quamdam
2114 3940 2565 4017 omnipotentis
2614 3940 2725 3999 Dei
2774 3940 2895 3998 vim
2955 3946 3017 4000 et
3058 3926 3459 4011 facultatem,
3512 3939 3574 3999 in
3631 3938 3865 3998 Christi

450 4060 679 4121 corpus
708 4047 769 4101 et
797 4039 1167 4117 sanguinem
1200 4057 1344 4098 vere
1394 4044 1936 4097 commutantur...
1992 4039 2116 4098 Nec
2168 4055 2336 4108 vero,
2391 4037 2540 4115 quin
2595 4037 2712 4096 hoc
2762 4056 2976 4096 verum
3026 4037 3123 4110 sit,
3178 4037 3306 4096 ullo
3356 4042 3540 4115 pacto
3589 4036 3869 4113 ambige,

451 4158 594 4200 cum
626 4139 758 4215 ipse
790 4144 1003 4216 aperte
1033 4136 1222 4209 dicat,
1287 4162 1316 4191 «
1369 4137 1501 4196 Hoc
1559 4141 1652 4195 est
1704 4154 1930 4214 corpus
1964 4153 2193 4207 meum,
2230 4156 2258 4191 ››
2325 4142 2385 4195 et
2449 4159 2477 4189 ‹‹
2510 4135 2619 4195 Hic
2670 4141 2763 4195 est
2792 4135 3045 4213 sanguis
3081 4153 3252 4194 meus
3283 4135 3345 4185 ³⁵.
3383 4158 3412 4189 ››
3468 4134 3623 4205 Quin
3657 4134 3874 4211 potius

452 4232 796 4295 Salvatoris
825 4251 1178 4292 sermonem
1235 4233 1356 4292 ﬁde
1403 4233 1633 4311 accipe.
1700 4235 1856 4292 Nam
1913 4251 2057 4292 cum
2105 4250 2289 4293 verus
2338 4233 2438 4304 sit,
2497 4232 2752 4292 minime
2786 4232 3171 4292 mentitur.»
3234 4236 3379 4292 Haec
3414 4232 3577 4292 Elias
3605 4231 3771 4291 Cret.
3805 4231 3874 4291 in

453 4334 626 4393 Orat.
660 4329 742 4389 al.
780 4333 837 4400 1,
872 4348 1037 4388 nunc
1066 4332 1125 4400 2,
1164 4336 1317 4388 tom.
1354 4330 1428 4397 Il,
1463 4328 1631 4407 apud
1663 4328 1801 4387 Bill.
1839 4346 1902 4406 p.
1937 4328 2076 4400 200,
2104 4330 2244 4388 201.

532 4430 649 4487 Per
703 4427 1099 4486 incruentum
1160 4427 1279 4485 hoc
1336 4426 1731 4492 sacriﬁcium,
1795 4444 1910 4485 nos
1968 4425 2195 4485 Christi
2252 4426 2589 4504 participes
2637 4426 2801 4485 efﬁci
2856 4427 3038 4487 docet
3093 4426 3426 4505 Gregorius
3473 4425 3601 4505 (Ιι);
3669 4450 3699 4480 ‹‹
3752 4428 3877 4485 Per

451 4526 619 4606 quod
675 4524 1109 4603 (incruentum
1170 4522 1584 4600 sacriﬁcium)
1640 4541 1753 4581 nos
1806 4523 2051 4581 Christo
2110 4523 2430 4601 ipsiusque
2490 4524 2885 4602 passionibus
2940 4532 3003 4584 et
3062 4525 3373 4584 divinitati
3431 4523 3869 4584 communica-

455 4642 617 4685 mus.
669 4644 697 4679 ι)
780 4622 942 4681 Sunt
996 4619 1122 4680 alia
1180 4619 1462 4697 Gregorii
1522 4618 1735 4690 verba,
1794 4638 1871 4678 ex
1927 4619 2177 4696 quibus,
2263 4628 2329 4679 ut
2385 4621 2675 4681 observat
2734 4622 3110 4682 Muratorius
3167 4623 3261 4701 (ι’),
3321 4621 3575 4699 probari
3631 4627 3864 4698 potest,

459 4722 628 4799 apud
686 4726 927 4779 veteres
982 4717 1287 4777 sacriﬁcia
1346 4722 1408 4776 et
1484 4734 1698 4795 preces
1768 4734 1884 4794 pro
1938 4715 2013 4775 iis
2067 4716 2176 4794 qui
2229 4717 2629 4778 decesserunt
2682 4719 2743 4777 in
2804 4721 2983 4796 signo
3042 4719 3226 4791 ﬁdei,
3308 4724 3369 4778 et
3426 4718 3749 4778 dormiunt
3802 4719 3870 4777 in

458 4837 680 4880 somno
739 4816 931 4895 pacis,
988 4816 1303 4893 viguisse;
1364 4816 1451 4875 sic
1508 4816 1672 4874 enim
1724 4814 1787 4873 in
1841 4813 2164 4893 epitaphio
2215 4832 2403 4876 cxvm
2453 4816 2694 4876 inducit
2727 4824 3005 4877 mortuos
3037 4817 3401 4895 Gregorium
3463 4821 3525 4876 et
3579 4818 3869 4876 Nonnam

457 4916 785 4994 loquentes
846 4934 860 4973 :
943 4937 970 4968 α
1024 4915 1148 4974 Nos
1205 4913 1291 4991 pii
1348 4919 1639 4990 parentes
1697 4912 2020 4990 Gregorii,
2100 4912 2209 4989 qui
2264 4919 2326 4973 et.
2382 4919 2764 4973 senectutem
2826 4914 3052 4973 redidit
3109 4912 3236 4973 suis
3294 4913 3613 4973 laboribus
3669 4913 3868 4973 levem

461 5019 761 5082 nostram,
821 5018 882 5071 et
940 5029 1105 5070 nunc
1164 5010 1565 5089 prosequitur
1620 5028 1735 5069 nos
1790 5010 2155 5083 sacriﬁciis;
2204 5034 2235 5065 »
2297 5017 2386 5070 καὶ
2418 5022 2507 5070 νῦν
2539 5017 2797 5094 ἀμφιέπει
2830 5017 3057 5079 (luctata.
3110 5014 3233 5071 Nec
3294 5010 3498 5070 minus
3554 5009 3877 5071 oblatione

463 5108 751 5169 sacriﬁcii
783 5126 983 5186 aegros
1029 5126 1105 5166 ex
1156 5108 1375 5168 morbo
1408 5114 1719 5167 recreatos
1765 5108 1984 5168 asserit
2033 5114 2095 5167 et
2142 5115 2551 5186 repraesentat
2581 5117 2833 5168 sanctus
2864 5110 3107 5169 doctor.
3142 5110 3210 5168 In
3242 5107 3601 5185 exemplum
3636 5110 3878 5186 profert

464 5213 704 5287 patrem
763 5224 944 5264 suum
1005 5205 1394 5283 Gregorium,
1458 5223 1572 5264 nec
1630 5223 1752 5265 non
1814 5206 2192 5282 Gorgoniam
2250 5223 2528 5265 sororem
2590 5224 2791 5279 suam,
2852 5224 3121 5284 quorum
3181 5205 3340 5265 alter
3396 5224 3409 5264 :
3503 5228 3533 5259 α
3576 5204 3659 5283 (Ῑ)
3716 5205 3877 5264 lllud

535 5330 579 5365 ³⁸
610 5328 815 5384 Matth.
848 5345 1001 5397 xxvi,
1032 5329 1123 5398 26,
1154 5329 1245 5394 28,
1277 5333 1333 5383 et
1362 5328 1523 5383 alibi.

541 5456 610 5525 (α)
650 5452 745 5508 Or.
779 5454 870 5520 40,
901 5471 958 5508 n.
994 5455 1047 5507 8.

543 5526 616 5595 (ὁ)
658 5528 748 5578 Or.
782 5526 871 5591 34,
906 5542 963 5578 n.
1001 5525 1087 5578 14.

2296 5455 2368 5595 γ’)
2407 5455 2574 5526 Apud
2609 5454 2822 5509 Murat.
2858 5456 3029 5528 epist.
3064 5456 3153 5511 40.

2319 5528 2373 5595 g)
2414 5526 2507 5580 Or.
2539 5527 2593 5593 2,
2628 5543 2684 5580 n.
2716 5527 2806 5579 95.

543 5526 595 5592 (ὁ
658 5528 748 5578 Or.
782 5526 871 5591 34,
906 5542 963 5578 n.
1001 5525 1087 5578 14.

549 5530 620 5667 (δὲ
660 5596 759 5667 Or.
788 5596 877 5663 33,
911 5613 969 5667 n.
1006 5597 1090 5650 17.

2299 5525 2375 5667 (σέ
2414 5525 2507 5580 Or.
2539 5527 2593 5593 2,
2628 5543 2684 5580 n.
2716 5527 2806 5579 95.

2297 5597 2353 5667 (h
2416 5598 2512 5651 Or.
2548 5598 2599 5667 4,
2635 5614 2692 5650 n.
2724 5598 2812 5651 52.

545 5642 620 5749 gas
660 5642 969 5749 ξςίέίεῑῑ
987 5642 1113 5749 ad.
1204 5738 1215 5749 η

2636 5642 2845 5749 Orig,
2878 5684 2932 5739 p.
2968 5669 3089 5723 112.
3199 5730 3216 5747 υ

546 5676 620 5738 (α)
663 5676 844 5739 Epist.
877 5676 953 5721 al.
987 5676 1113 5720 24o.

546 5739 617 5811 (ε)
654 5739 846 5794 Carm.
880 5738 956 5793 al.
994 5738 1077 5809 11,
1110 5754 1163 5792 ν.
1197 5738 1247 5792 1.

2302 5676 2361 5808 ἓῑ)
2411 5676 2609 5723 Anecd.
2649 5676 2844 5738 Graec"

1216 5778 1247 5792 ..
2323 5740 2372 5809 ])
2413 5738 2507 5793 Or.
2546 5740 2630 5805 18,
2664 5757 2720 5794 n.
2754 5740 2844 5795 38.
