4122 6214
274 462 368 523 H7
1230 455 1642 515 PREFATIO
1689 456 2153 516 GENERALIS.
2177 488 2255 500 —-
2282 456 2483 516 PARS
2528 457 2635 517 Ill.
3528 464 3647 523 “8

271 594 490 672 quidem
548 607 685 650 cum
744 588 883 648 aliis
940 587 1301 648 hominibus
1356 608 1688 648 commune
1748 589 1991 661 habuit,
2048 589 2219 667 quod
2277 594 2660 667 aegrotaret;
2724 590 2843 651 hoc
2891 597 3102 651 autem
3134 611 3261 652 non
3290 593 3439 654 item
3472 613 3645 655 com-

268 710 448 762 mune,
506 688 609 748 sed
669 688 1008 747 admodum
1072 687 1405 766 peculiare,
1462 687 1724 765 aliisque
1783 687 2101 747 miraculis
2158 695 2674 748 consentaneum.
2734 691 2887 750 Nam
2951 708 3093 750 cum
3156 711 3479 770 nunquam
3538 694 3645 753 do-

263 792 371 849 lore
424 806 542 846 non
604 792 1014 865 premeretur,
1073 792 1132 845 et
1184 785 1439 863 quidem
1499 803 1780 864 persaepe
1839 785 2100 862 singulis
2158 785 2399 857 diebus,
2453 791 2643 863 atque
2700 786 3014 847 interdum
3075 791 3263 849 etiam
3323 790 3519 863 horis,
3567 810 3644 851 ex

262 888 371 946 sola
421 885 669 961 liturgia
718 883 910 942 robur
958 882 1375 960 concipiebat,
1426 901 1497 941 ac
1565 882 1835 952 morbus,
1890 888 2189 960 tanquam
2241 902 2316 941 ex
2376 883 2581 943 edicto
2641 890 2699 942 et
2756 884 3019 961 imperio
3069 886 3341 963 fugatus,
3393 906 3458 947 se
3505 889 3647 947 sub-

260 983 571 1042 ducebat...
625 980 707 1058 (α)
770 979 883 1038 Illa
940 998 1086 1038 vero
1143 979 1506 1058 (Gorgonia)
1563 997 1702 1038 cum
1764 985 1955 1058 caput
2012 998 2190 1039 suum
2247 980 2383 1058 pari
2433 999 2573 1039 cum
2609 982 2901 1054 clamore,
2940 982 3381 1062 lacrymisque,
3417 985 3645 1063 quibus

260 1078 616 1149 abundabat,
672 1076 1056 1136 mulierculas
1108 1077 1276 1136 illius
1323 1078 1542 1151 instar,
1593 1094 1733 1154 quae
1784 1077 1934 1135 olim
1987 1076 2214 1136 Christi
2262 1079 2453 1156 pedes
2501 1078 2749 1155 rigavit,
2786 1078 2969 1138 altari
2999 1081 3402 1153 admovisset,
3440 1101 3550 1144 nec
3581 1102 3645 1143 se

259 1177 406 1255 prius
456 1176 611 1234 illud
669 1175 1065 1233 dimissuram
1125 1192 1257 1234 esse
1312 1173 1761 1247 denuntiasset,
1825 1192 2014 1251 quam
2076 1175 2405 1234 sanitatem
2465 1175 2886 1252 obtinuisset;
2949 1195 3023 1236 ac
3079 1177 3307 1239 deinde
3365 1179 3483 1240 hoc
3530 1200 3644 1241 suo

259 1276 575 1353 pharmaco
632 1291 861 1350 corpus
919 1278 1117 1332 totum
1180 1272 1591 1348 perfudisset,
1656 1280 1717 1331 et
1773 1272 1823 1331 si
1882 1272 2032 1349 quid
2092 1272 2335 1350 uspiam
2396 1273 2827 1351 antityporum
2885 1275 3143 1353 pretiosi
3199 1278 3478 1355 corporis
3536 1285 3648 1338 aut

255 1370 547 1448 sanguinis
605 1388 826 1429 manus
883 1369 1337 1441 recondiderat,
1401 1369 1463 1427 id
1521 1369 1814 1447 lacrymis
1873 1368 2308 1429 admiscuisset
2354 1370 2413 1448 (o
2472 1388 2600 1428 rem
2659 1371 3153 1452 admirandam),
3217 1375 3428 1434 statim
3486 1374 3644 1435 libe-

255 1477 429 1528 ratam
486 1486 552 1528 se
614 1467 833 1527 morbo
891 1467 1099 1537 sentit,
1163 1477 1352 1544 atque
1412 1472 1473 1526 et
1530 1485 1814 1544 corpore,
1877 1472 1941 1526 et
1996 1467 2231 1535 animo,
2294 1475 2355 1527 et
2416 1476 2623 1527 mente
2676 1468 2829 1528 levis
2876 1469 3159 1529 discedit.
3214 1495 3241 1527 n

322 1569 433 1625 Nec
494 1583 640 1624 vero
698 1582 1078 1642 quemquam
1138 1582 1385 1624 movere
1444 1564 1651 1636 debet,
1713 1565 1881 1642 quod
1941 1565 2295 1641 Gregorius,
2358 1565 2434 1624 de
2491 1566 2884 1626 Eucharistia
2943 1567 3227 1645 loquens,
3290 1568 3526 1647 figuras
3582 1575 3644 1629 et

254 1662 512 1741 antitypa
561 1661 862 1741 appellat.
919 1662 1111 1721 Movit
1164 1667 1371 1720 tamen
1424 1663 1509 1733 id,
1563 1668 1671 1721 aut
1719 1668 1885 1721 certe
1947 1680 2198 1722 movere
2246 1663 2445 1721 visum
2492 1669 2585 1722 est
2644 1664 3000 1723 nonnullos.
3053 1667 3265 1742 Neque
3325 1666 3513 1737 enim,
3548 1667 3640 1725 in-

254 1760 450 1837 quiunt
482 1758 753 1817 ministri
783 1758 1077 1818 Claudius
1124 1764 1184 1817 et
1233 1758 1613 1829 Albertinus,
1661 1758 1754 1817 his
1794 1758 2155 1817 nominibus
2187 1759 2403 1818 fuisset
2433 1778 2581 1818 usus
2613 1760 2947 1836 Gregorius
2997 1760 3049 1819 si
3102 1779 3241 1820 vere
3287 1767 3348 1821 et
3397 1762 3649 1823 realiter

254 1857 454 1918 Christi
509 1875 742 1934 corpus
799 1866 858 1914 et
916 1856 1284 1934 sanguinem
1346 1856 1407 1914 in
1474 1856 1863 1915 Eucharistia
1920 1857 2226 1916 contineri
2282 1858 2720 1916 existimasset.
2783 1857 2950 1917 Elias
3008 1859 3313 1918 Cretensis
3370 1859 3452 1939 (ὁ)
3513 1860 3645 1922 haec

257 1955 485 2014 nomina
542 1955 622 2013 de
683 1953 1076 2014 Eucharistia
1132 1955 1603 2031 interpretatur,
1661 1973 1733 2013 ac
1790 1954 1865 2013 de
1921 1972 2068 2014 vero
2128 1954 2355 2014 Christi
2404 1973 2666 2033 corpore
2726 1962 2787 2015 et
2843 1956 3146 2035 sanguine
3194 1958 3475 2035 exponit.
3524 1960 3646 2018 Sed

255 2061 302 2112 et
342 2053 550 2112 inanes
601 2052 846 2113 Claudii
905 2059 967 2111 et
1022 2052 1328 2112 Albertini
1378 2051 1762 2129 objectiones
1820 2051 2069 2127 refellit,
2122 2070 2195 2111 ac
2248 2053 2529 2112 funditus
2580 2052 2802 2113 evertit
2851 2060 3073 2114 auctor
3118 2054 3325 2133 operis
3370 2055 3462 2115 De
3504 2076 3645 2135 per-

252 2150 506 2229 petuitate
552 2148 717 2228 ﬁdei,
773 2149 881 2208 lib.
936 2166 977 2222 ι,
1032 2167 1085 2208 c.
1120 2152 1179 2219 5,
1238 2168 1298 2226 p.
1330 2152 1427 2221 49,
1475 2155 1628 2208 tom.
1663 2150 1768 2209 Ill.

1685 2316 1775 2377 De
1808 2317 2183 2397 paenitentia.

323 2480 630 2540 Justitiam
686 2480 890 2541 amitti
946 2497 1126 2559 posse
1178 2486 1239 2539 et
1290 2480 1668 2557 recuperari,
1721 2481 1871 2541 satis
1925 2485 2021 2541 tot
2076 2479 2398 2556 lapsorum
2446 2477 2831 2555 experientia
2880 2477 3185 2540 didicerat
3232 2485 3485 2541 sanctus
3532 2481 3645 2542 do~

258 2582 418 2647 ctor;
496 2586 778 2638 attamen
839 2596 917 2637 ne
973 2578 1080 2655 qui
1142 2578 1499 2638 innocentia
1557 2578 1854 2656 baptismi
1910 2578 2290 2647 exciderent,
2352 2594 2514 2636 nova
2571 2576 2999 2636 contrahendo
3058 2584 3335 2654 peccata,
3396 2578 3513 2637 sibi
3571 2579 3647 2638 de

262 2675 422 2733 venia
480 2676 669 2735 nimis
727 2675 1162 2735 blandirentur
1196 2721 1209 2747 ,
1288 2675 1459 2735 aliud
1518 2676 1604 2736 eis
1661 2695 1785 2736 non
1844 2693 2164 2754 superesse
2224 2673 2571 2734 remedium
2630 2682 2861 2751 praeter
2932 2673 3245 2752 lacrymas
3318 2676 3650 2735 denuntiat

262 2772 596 2849 Gregorius,
670 2798 699 2827 «
750 2792 916 2833 nunc
974 2772 1145 2833 aliud
1199 2773 1545 2833 remedium
1600 2781 1778 2834 extra
1830 2774 2139 2852 lacrymas
2170 2771 2410 2832 nullum
2461 2789 2718 2849 prorsus
2746 2771 2895 2831 scio.
2931 2794 2961 2826 »
3020 2771 3178 2843 Quin
3241 2779 3308 2832 ut
3365 2772 3652 2833 homines

258 2886 287 2925 a
330 2877 580 2946 peccato
646 2871 843 2947 magis
900 2870 1210 2929 deterreat
1266 2877 1327 2929 et
1380 2870 1444 2928 in
1496 2870 1743 2947 justitia
1799 2870 2083 2930 stabilius
2142 2869 2491 2940 confirmet,
2555 2875 2768 2927 monet
2824 2887 2930 2927 eos
2987 2869 3421 2945 paenitentiam
3469 2869 3649 2930 labo-

257 2964 461 3024 riosum
513 2986 655 3027 esse
705 2968 1141 3045 pharmacum,
1192 2967 1607 3027 difﬁciliorem
1665 2974 1727 3027 et
1784 2968 2205 3026 molestiorem
2266 2965 2668 3043 disciplinam
2724 2985 2736 3026 :
2802 2989 2832 3020 «
2883 2964 2956 3043 (ε)
3006 2967 3205 3025 Grave
3260 2972 3354 3025 est
3409 2966 3650 3026 facilio-

255 3062 323 3120 ris
378 3064 706 3123 medicinae
759 3064 896 3123 loco
953 3064 1367 3123 difﬁciliorem
1429 3070 1490 3123 et
1548 3064 1968 3125 molestiorem
2025 3063 2347 3135 adhibere,
2410 3081 2502 3135 ac,
2567 3061 2848 3140 projecta
2910 3062 3353 3123 misericordia:
3413 3063 3640 3140 gratia,

255 3160 548 3237 suppliciis
602 3162 877 3239 seipsum
928 3161 1272 3221 obnoxium
1324 3161 1606 3235 reddere,
1663 3168 1852 3240 atque
1902 3180 1978 3221 ex
2025 3161 2237 3220 delicti
2288 3160 2531 3219 ratione
2578 3159 3082 3219 emendationem
3134 3178 3408 3237 aequare.
3442 3161 3649 3230 Quan-

256 3262 357 3315 tam
403 3260 568 3318 enim
636 3260 1059 3338 lacrymarum
1111 3259 1231 3317 vim
1290 3260 1751 3337 impendemus,
1805 3266 1872 3319 ut
1929 3276 2003 3318 ea
2051 3277 2190 3318 cum
2250 3257 2544 3336 baptismi
2602 3257 2770 3316 fonte
2819 3257 3139 3334 exaequari
3199 3257 3442 3335 possit?
3502 3258 3650 3328 Quis

256 3361 430 3414 autem
484 3375 763 3435 sponsor
814 3357 972 3428 erit,
1044 3357 1217 3429 fore,
1295 3365 1362 3415 ut
1418 3357 1560 3416 vitae
1619 3357 1758 3416 ﬁnis
1814 3357 2201 3416 curationem
2262 3360 2617 3432 exspectet,
2682 3372 2755 3413 ac
2814 3372 2939 3413 non
2999 3354 3206 3432 potius
3262 3354 3470 3414 adhuc
3526 3373 3649 3415 aere

254 3451 428 3513 alieno
487 3473 763 3533 pressos,
826 3462 1017 3533 atque
1075 3454 1244 3513 illius
1300 3455 1460 3531 ignis
1519 3455 1741 3515 ardore
1803 3472 1962 3532 opus
2024 3454 2347 3523 habentes,
2407 3451 2685 3511 tribunal
2742 3450 2897 3511 illud
2954 3451 3309 3529 suscipiat?
3364 3454 3457 3511 'l‘u
3514 3452 3650 3530 qui-

256 3548 369 3608 dem
420 3553 712 3623 fortasse,
766 3552 929 3612 bone
988 3557 1050 3612 et
1105 3552 1380 3612 humane
1435 3552 1733 3629 agricola,
1797 3552 2119 3612 dominum
2178 3550 2445 3628 supplex
2496 3548 2769 3627 rogabis,
2805 3555 2873 3607 ut
2930 3548 3216 3608 ﬁculneae
3265 3548 3472 3609 adhuc
3504 3567 3649 3628 par-

257 3652 354 3715 cat,
403 3667 509 3708 nec
570 3668 715 3708 eam
778 3648 1121 3709 sterilitatis
1167 3655 1527 3709 accusatam
1578 3648 1784 3709 adhuc
1833 3649 2134 3719 succidat,
2188 3666 2403 3707 verum
2465 3647 2575 3707 tibi
2632 3647 2957 3725 permittat
3015 3652 3083 3706 ut
3138 3654 3413 3706 stercora
3464 3647 3646 3706 undi-

260 3762 354 3821 que
406 3746 468 3805 in
526 3766 671 3807 eam
735 3746 978 3823 injicias
1006 3746 1071 3815 ³⁷,
1130 3746 1251 3807 hoc
1308 3754 1400 3806 est
1456 3747 1789 3825 lacrymas,
1825 3747 2113 3824 gemitus,
2191 3763 2427 3824 preces,
2489 3744 2915 3817 chameunias,
2979 3744 3244 3822 vigilias,
3304 3744 3530 3803 animae
3590 3750 3650 3802 et

260 3847 506 3920 corporis
565 3845 1082 3916 macerationem,
1145 3862 1217 3904 ac
1288 3844 1557 3922 denique
1614 3845 2069 3904 correctionem
2144 3861 2307 3911 eam,
2372 3860 2513 3920 qua:
2574 3859 2650 3901 ex
2729 3841 2967 3920 peccati
3025 3841 3435 3911 confessione,
3495 3858 3646 3898 con-

262 3942 680 4019 temptiorique
734 3941 875 4000 vitae
932 3960 1157 4018 genere
1216 3942 1460 4001 exsistit
1508 3961 1522 4015 ;
1602 3948 1667 4002 at
1720 3942 2031 4001 incertum
2092 3946 2221 4011 est,
2287 3959 2365 3998 an
2430 3939 2728 3998 Dominus
2787 3938 2875 3997 illi
2934 3944 3169 4015 parcet,
3234 3942 3450 4014 utpote
3506 3955 3647 4014 qua:

263 4037 416 4096 etiam
474 4040 689 4098 locum
750 4039 946 4098 otiose
1006 4044 1292 4116 occupet,
1355 4056 1494 4097 cum
1556 4039 1806 4097 interim
1866 4038 2027 4097 alius
2084 4036 2511 4096 misericordia
2567 4042 2770 4112 egeat,
2823 4044 3014 4112 atque
3070 4036 3152 4093 ob
3209 4034 3650 4111 longanimita-

264 4137 384 4205 tem,
440 4155 585 4213 quas
642 4136 765 4213 ipsi
822 4136 1175 4210 exhibetur,
1238 4135 1510 4195 deterior
1566 4136 1697 4195 fiat.
1732 4160 1761 4189 »

325 4232 475 4293 Licet
536 4234 876 4312 Gregorius
932 4231 1016 4311 (d)
1101 4232 1537 4311 purgationem
1603 4232 1831 4293 animae
1889 4250 1961 4291 ac
2020 4230 2538 4291 instaurationem
2600 4229 2663 4287 in
2722 4228 3051 4306 pristinum
3111 4233 3345 4287 statum
3403 4226 3647 4287 rarissi—

266 4344 403 4388 mam
458 4349 590 4390 esse
651 4335 975 4407 agnoscat,
1034 4336 1097 4389 et
1154 4348 1318 4407 aegre
1380 4330 1630 4389 tandem
1692 4336 1831 4408 post
1887 4329 2168 4389 assiduos
2224 4327 2519 4406 gemitus,
2576 4327 2926 4404 longosque
2986 4327 3231 4386 labores
3288 4325 3653 4385 vulneribus

265 4425 584 4488 cicatricem
645 4428 898 4497 obduci,
946 4428 1172 4487 acriter
1221 4436 1429 4487 tamen
1479 4428 1967 4488 Novatianorum
2026 4426 2327 4487 savitiam
2392 4425 2698 4503 coarguit.
2756 4427 2913 4485 «Tu
2962 4443 3109 4484 vero
3158 4423 3307 4502 quid
3359 4423 3501 4483 ais?
3557 4424 3651 4481 in-

268 4524 410 4599 quit;
459 4545 651 4603 quam
697 4526 896 4603 legem
952 4525 1193 4594 statuis,
1248 4545 1285 4584 o
1337 4544 1494 4584 nove
1540 4524 1874 4597 Pharisaee,
1929 4542 2001 4583 ac
2052 4524 2322 4596 nomine,
2377 4541 2502 4582 non
2552 4528 2760 4583 autem
2820 4522 3013 4581 animi
3068 4521 3413 4600 proposito,
3468 4538 3644 4598 pure,

172 4680 187 4697 ,
268 4638 324 4678 ac
375 4624 589 4682 Novati
649 4623 949 4700 dogmata
996 4641 1138 4682 cum
1190 4623 1404 4681 eadem
1438 4622 1799 4681 infirmitate
1849 4621 2028 4681 nobis
2070 4621 2289 4681 efﬂans
2319 4621 2347 4678 Ἰ
2395 4620 2832 4679 Paenitentiam
2890 4638 3013 4679 non
3068 4618 3404 4679 admittis?
3462 4617 3646 4677 lucti-

268 4715 359 4775 bus
410 4719 619 4779 locum
680 4722 929 4796 negas?
992 4720 1298 4797 lacrymas
1355 4718 1648 4797 laerymis
1706 4738 1831 4777 non
1889 4718 2336 4796 prosequeris?
2406 4718 2655 4778 Utinam
2718 4716 2905 4776 talem
2967 4715 3076 4775 tibi
3124 4716 3404 4793 judicem
3461 4732 3650 4792 expe-

269 4814 357 4873 riri
406 4836 526 4876 non
588 4818 959 4894 contingat!
1038 4817 1430 4895 Benignitate
1489 4818 1637 4877 Jesu
1696 4836 1819 4876 non
1882 4818 2188 4888 moveris,
2269 4815 2377 4893 qui
2434 4813 2830 4873 infirmitates
2904 4818 3150 4873 nostras
3213 4812 3524 4889 suscepit,
3589 4817 3652 4871 et

272 4913 490 4972 morbos
548 4923 797 4973 nostros
855 4915 1129 4992 portavit
1160 4915 1225 4979 ³⁸,
1282 4915 1389 4993 qui
1450 4933 1573 4973 non
1634 4915 1800 4973 venit
1850 4932 2073 4973 vocare
2124 4913 2348 4991 justos,
2404 4912 2511 4971 sed
2572 4917 2929 4991 peccatores
2979 4910 3057 4970 ad
3117 4910 3551 4988 paenitentiam
3581 4909 3646 4979 3°,

269 5009 354 5083 qui
406 5010 892 5071 misericordiam
954 5011 1194 5071 mavult
1242 5030 1429 5089 quam
1488 5011 1860 5071 sacriﬁcium
1894 5011 1958 5077 ‘0,
2020 5012 2127 5089 qui
2178 5010 2534 5087 septuagies
2594 5009 2822 5087 septies
2882 5014 3136 5085 peccata
3194 5006 3583 5066 condonet“
3620 5006 3649 5064 ‘I

269 5104 437 5173 Quam
490 5108 677 5167 beata
731 5114 893 5168 esset
950 5108 1299 5169 sublimitas
1356 5115 1482 5183 tua,
1546 5110 1597 5168 si
1658 5109 1897 5186 puritas
1953 5128 2026 5168 ea
2081 5116 2262 5180 esset,
2314 5126 2436 5167 non
2495 5113 2706 5166 autem
2750 5106 2969 5176 fastus,
3024 5104 3190 5183 leges
3219 5122 3409 5181 supra
3440 5104 3645 5164 homi-

270 5202 345 5259 nis
391 5212 638 5282 captum
697 5208 1049 5277 instituens,
1110 5225 1182 5265 ac
1243 5225 1485 5266 morum
1546 5207 1995 5266 correctionem
2040 5224 2152 5284 per
2202 5204 2705 5283 desperationem
2737 5202 3008 5264 tollens!
3075 5204 3142 5263 In
3202 5202 3419 5262 eodem
3478 5202 3643 5261 enim

272 5299 393 5360 vitio
444 5310 610 5372 sunt,
661 5303 1052 5381 indulgentia
1109 5305 1365 5364 omnino
1422 5304 1980 5364 animadversionis
2029 5322 2275 5383 expers,
2326 5308 2389 5362 et
2440 5302 2880 5362 condemnatio
2935 5300 3110 5361 omni
3158 5300 3339 5360 venia
3386 5318 3642 5373 carens;

275 5393 361 5453 illa
408 5416 620 5459 omnes
677 5400 955 5460 habenas
1012 5401 1202 5474 laxat,
1267 5401 1399 5461 haec
1458 5401 1537 5461 ob
1597 5401 2056 5461 vehementiam
2115 5399 2489 5478 strangulat.
2532 5422 2563 5454 »

332 5546 365 5577 3‘
392 5548 525 5603 Luc.
554 5566 651 5615 xu,
682 5551 804 5603 6-9.
895 5550 938 5585 ³⁸
972 5551 1080 5605 Isa.
1117 5567 1234 5621 LIII,
1267 5552 1318 5605 4.
1409 5550 1454 5584 3°
1484 5550 1661 5605 Marc.
1694 5568 1755 5621 II,
1790 5552 1874 5604 17.
1964 5549 2009 5584 ‘0
2037 5548 2237 5603 Matth.
2276 5565 2353 5617 xx,
2387 5547 2491 5615 13;
2525 5564 2626 5615 xn,
2657 5547 2711 5603 7.
2800 5548 2843 5583 “
2875 5546 3083 5603 Matth.
3116 5561 3274 5614 xvm,
3305 5544 3396 5601 22.

343 5684 401 5759 (ᾳ)
437 5688 525 5743 Or.
560 5689 615 5758 8,
650 5706 704 5744 n.
743 5691 828 5743 18.

2073 5689 2140 5759 (c)
2180 5689 2277 5744 op.
2311 5688 2398 5756 4ο,
2432 5705 2491 5742 n.
2525 5686 2578 5741 9.

344 5758 405 5825 (ὁ)
439 5760 497 5815 ln
528 5778 615 5817 or.
640 5761 712 5817 al.
742 5763 793 5827 1,
816 5777 972 5816 nunc
1000 5761 1036 5814 2
1062 5762 1216 5833 apud
1241 5759 1394 5831 Bill.,
1418 5766 1561 5818 tom.
1590 5764 1659 5827 II,
1685 5778 1743 5833 p.
1764 5761 1889 5816 201.
2076 5758 2146 5831 (ἆ)
2188 5758 2281 5815 Or.
2315 5760 2406 5827 39,
2439 5775 2496 5814 n.
2530 5760 2616 5814 18.
