4122 6214
397 380 512 443 119
1396 386 1815 449 PREFATIO
1864 386 2416 448 GENERALIS.——
2451 386 2646 446 PARS
2694 385 2802 444 lii.
3694 384 3809 444 120

475 514 881 593 Prosequitur
939 516 1272 595 Gregorius
1321 516 1404 597 (a)
1465 537 1697 596 urgens
1753 519 2179 581 Novatianos:
2237 540 2267 575 (ι
2314 518 2531 588 Quid?
2590 536 2666 577 ne
2724 516 3128 595 poenitentem
3193 518 3445 596 quidem
3506 517 3808 579 Davidem

395 610 697 685 admittis,
732 612 831 672 cui
870 613 1302 693 propheticam
1336 634 1589 694 quoque
1620 616 1887 694 gratiam
1943 616 2315 693 paenitentia
2345 615 2786 677 conservavit?
2836 617 2959 675 Nec
2992 633 3285 692 magnum
3317 615 3494 675 illum
3527 619 3805 687 Petrum,

395 708 502 787 qui
559 709 723 770 circa
780 711 1123 771 Salvatoris
1182 712 1535 791 passionem
1593 713 1855 774 humani
1915 712 2151 790 aliquid
2209 730 2540 791 perpessus
2598 713 2748 772 est?
2804 713 2883 771 At
2937 714 3117 771 Jesus
3177 730 3319 772 eum
3379 714 3673 791 suscepit,
3736 730 3812 773 ac

395 806 508 885 per
564 806 872 884 triplicem
922 807 1482 888 interrogationem
1531 817 1595 871 et
1648 810 2103 872 confessionem
2134 810 2201 875 δ’,
2249 809 2560 888 triplicem
2610 808 3071 887 abjurationem
3106 810 3173 877 ⁸³,
3224 810 3489 872 sanavit.
3543 810 3808 881 Quid....

395 921 508 962 nec
565 922 706 963 eum
782 905 1140 988 (admittis)
1215 907 1325 985 qui
1381 908 1609 969 scelere
1668 926 1802 969 sese
1859 909 1922 967 in
1984 907 2284 969 Corintho
2343 905 2689 967 devinxit?
2765 908 2844 965 At
2904 906 3132 965 Paulus
3188 906 3560 967 charitatem
3620 908 3811 967 etiam

393 1019 544 1077 erga
602 1021 743 1062 eum
803 1003 1098 1076 ﬁrmavit,
1159 1005 1346 1065 simul
1406 1012 1595 1084 atque
1652 1024 1793 1068 eum
1854 1006 1932 1066 ad
1993 1004 2314 1066 meliorem
2375 1004 2519 1065 vitae
2575 1004 2818 1081 frugem
2876 1004 3128 1063 rediisse
3184 1005 3533 1083 perspexit,
3592 1005 3811 1065 istam-

393 1117 514 1177 que
575 1119 828 1161 causam
888 1103 1072 1163 affert
1122 1122 1135 1160 :
1198 1122 1275 1164 ne
1340 1126 1369 1161 (ι
1420 1104 1865 1165 abundantiori
1922 1104 2174 1164 tristitia
2234 1102 2646 1162 absorbeatur
2693 1102 2760 1163 ‘i.
2811 1121 2840 1159 ι)
2919 1106 3039 1161 etc.
3100 1103 3276 1173 Quod
3333 1103 3421 1162 ait
3479 1104 3811 1181 Gregorius

393 1196 469 1256 de
520 1199 882 1259 Novatianis
913 1198 997 1280 (ὁ)
1035 1218 1049 1259 ;
1110 1224 1138 1255 ‹‹
1176 1206 1237 1259 In
1289 1202 1488 1263 altero
1539 1219 1672 1261 sevo
1718 1201 1851 1278 igni
1895 1202 2159 1261 fortasse
2203 1198 2715 1278 baptizabuntur,
2750 1198 2857 1276 qui
2906 1205 3259 1277 postremus
3297 1205 3389 1259 est
3437 1200 3807 1278 baptismus,

396 1313 509 1356 nec
559 1297 762 1356 solum
810 1297 1118 1372 acerbior,
1152 1300 1260 1359 sed
1306 1306 1367 1359 et
1416 1299 1793 1370 diuturnior,
1832 1299 1938 1376 qui
1986 1316 2258 1359 crassam
2310 1297 2635 1357 materiam
2692 1298 2895 1357 instar
2952 1297 3077 1356 feni
3127 1297 3509 1376 depascitur,
3557 1296 3815 1375 Vitiique

399 1394 601 1453 omnis
656 1394 973 1455 levitatem
1034 1396 1356 1467 absumit;
1415 1421 1442 1451 »
1502 1398 1662 1457 forte
1714 1396 2008 1475 sperabat
2065 1395 2400 1472 Gregorius
2446 1394 2829 1455 Novatianos
2889 1412 3161 1455 errorem
3222 1414 3402 1455 suum
3463 1396 3811 1473 agnituros,

396 1498 785 1570 quapropter
839 1494 1031 1555 verba
1090 1494 1167 1554 de
1225 1495 1370 1572 igne
1428 1495 1819 1573 purgatorio,
1879 1513 2001 1555 non
2062 1494 2138 1553 de
2197 1499 2430 1554 aeterno
2487 1493 2654 1570 igne,
2713 1502 2780 1552 ut
2837 1499 3019 1571 putat
3073 1494 3321 1554 Nicetes
3372 1494 3471 1573 (c),
3525 1494 3819 1553 videntur

394 1591 823 1669 intelligenda.

1720 1752 1805 1813 De
1842 1751 2069 1812 ordinis
2098 1760 2484 1813 sacramento.

479 1906 566 1963 De
622 1904 860 1969 ordinis
916 1910 1309 1965 sacramento
1366 1924 1489 1966 non
1550 1906 1748 1965 multa
1805 1905 2159 1983 dogmatice
2217 1910 2487 1964 tractata
2539 1902 2601 1961 in
2665 1901 2948 1979 Gregorii
3006 1902 3251 1980 scriptis
3306 1903 3620 1984 reperias,
3698 1904 3820 1964 nisi

401 2001 571 2078 quod
623 2002 934 2081 episcopis
985 2004 1048 2062 in
1106 2003 1501 2063 ordinatione
1560 2003 1861 2081 Spiritum
1922 2009 2207 2063 sanctum
2265 2001 2531 2061 conferri
2606 2006 2891 2060 testatur.
2977 2023 3007 2055 α
3057 2003 3216 2059 Num
3274 2006 3380 2072 tu,
3442 2002 3646 2080 inquit
3706 2000 3811 2082 (ἁ).

398 2098 671 2176 Spiritus
719 2100 916 2159 sancti
967 2119 1091 2159 non
1140 2119 1206 2160 es
1262 2102 1576 2179 particeps
1606 2102 1634 2158 ?
1691 2100 1865 2178 atqui
1919 2101 2189 2159 maxime
2244 2106 2305 2158 te
2365 2098 2484 2158 hoc
2530 2098 2668 2175 ipso
2699 2098 2898 2157 effers.
2935 2119 2961 2153 »
3001 2098 3150 2158 Jure
3192 2097 3403 2157 divino
3436 2104 3718 2176 pastores
3776 2120 3817 2159 a

405 2196 642 2273 populo
691 2197 929 2256 secerni
988 2203 1049 2257 et
1108 2216 1371 2276 praeesse
1428 2198 1610 2257 docet
1640 2198 1732 2278 (θ).
1802 2223 1831 2253 «
1880 2198 2422 2270 Quemadmodum
2481 2196 2544 2255 in
2602 2214 2862 2273 corpore
2920 2195 3086 2254 aliud
3149 2195 3569 2274 principatum
3617 2202 3808 2268 tenet,

405 2310 477 2352 ac
533 2292 726 2352 veluti
786 2295 1098 2372 praesidet,
1151 2295 1320 2355 aliud
1379 2296 1590 2356 subest
1648 2302 1709 2355 et
1766 2296 2048 2374 regitur:
2110 2294 2188 2356 ad
2247 2295 2537 2355 eumdem
2597 2312 2849 2372 quoque
2908 2293 3162 2352 modum
3227 2296 3410 2363 Deus,
3464 2295 3560 2354 vel
3618 2294 3813 2372 aequi-

402 2391 548 2450 tatis
596 2393 756 2470 lege,
790 2412 931 2471 quae
983 2394 1274 2454 meritum
1325 2393 1628 2473 cujusque
1683 2396 2033 2475 perpendit,
2090 2395 2186 2455 vel
2233 2395 2425 2455 etiam
2486 2391 2915 2471 providentia),
2969 2410 3081 2469 per
3140 2392 3328 2470 quam
3389 2393 3604 2454 omnia
3651 2394 3815 2453 inter

404 2506 468 2547 se
519 2487 689 2548 velut
736 2489 1034 2563 devinxit,
1090 2491 1209 2551 hoc
1265 2491 1328 2549 in
1390 2490 1678 2551 Ecclesiis
1736 2492 2080 2566 constituit,
2139 2496 2206 2551 ut
2263 2490 2370 2551 alii
2426 2495 2765 2569 pascantur
2822 2494 2883 2549 et
2941 2494 3224 2566 pareant,
3268 2489 3496 2566 quibus
3527 2489 3818 2551 videlicet

402 2584 464 2645 id
525 2586 739 2646 utilius
796 2593 907 2661 est,
971 2606 1043 2647 ac
1100 2594 1233 2649 tum
1297 2607 1608 2661 sermone,
1661 2595 1793 2649 tum
1843 2607 2055 2668 opere,
2114 2589 2193 2649 ad
2244 2587 2524 2649 officium
2576 2586 2975 2664 dirigantur:
3033 2586 3139 2645 alii
3169 2593 3378 2647 autem
3412 2587 3492 2647 ad
3524 2588 3818 2649 Ecclesiae

403 2681 850 2760 perfectionem
909 2692 1190 2762 pastores
1249 2703 1321 2745 ac
1380 2686 1662 2763 magistri
1717 2686 1858 2757 sint,
1921 2686 2217 2746 nimirum
2283 2686 2392 2765 qui
2446 2685 2711 2757 virtute,
2772 2682 3343 2761 conjunctioneque
3413 2690 3476 2745 et
3543 2684 3819 2746 familia-

405 2777 589 2838 ritate
646 2777 817 2857 apud
874 2783 1092 2852 Deum,
1127 2781 1316 2859 vulgo
1360 2781 1756 2843 sublimiores
1803 2790 1966 2857 sunt,
2023 2783 2329 2844 rationem
2379 2782 2603 2842 animae
2662 2781 2742 2841 ad
2799 2799 3049 2859 corpus,
3100 2787 3209 2841 aut
3268 2781 3493 2842 mentis
3548 2781 3627 2843 ad
3682 2782 3819 2842 ani-

405 2896 573 2936 mam
636 2877 1010 2953 obtinentes,
1070 2886 1140 2941 ut
1197 2880 1331 2940 haec
1391 2881 1541 2954 duo,
1593 2880 1712 2942 hoc
1768 2889 1861 2942 est
1917 2889 1979 2941 et
2030 2882 2095 2943 id
2152 2881 2322 2959 quod
2377 2880 2610 2952 deficit,
2666 2888 2729 2941 et
2782 2879 2846 2940 id
2905 2879 3073 2957 quod
3132 2880 3464 2951 redundat,
3513 2880 3677 2941 inter
3723 2898 3815 2952 se,

405 2976 577 3036 velut
632 2976 693 3035 in
754 2978 1075 3050 membris,
1125 2980 1473 3058 composita
1529 2986 1590 3039 et
1636 2985 1987 3059 compacta,
2023 2980 2402 3057 spiritusque
2434 2996 2739 3056 compage
2789 2996 3072 3037 connexa
3129 2983 3191 3037 et
3247 2977 3560 3055 colligata,
3618 2996 3818 3038 unum

406 3092 656 3153 corpus,
708 3075 881 3136 omni
936 3094 1010 3136 ex
1073 3085 1248 3154 parte
1309 3078 1674 3157 perfectum,
1731 3084 1920 3157 atque
1977 3078 2112 3156 ipso
2169 3077 2438 3146 Christo,
2492 3078 2600 3154 qui
2661 3081 2852 3152 caput
2908 3081 3188 3135 nostrum
3252 3083 3365 3149 est,
3419 3076 3677 3137 omnino
3728 3077 3828 3136 di-

406 3191 599 3251 gnum
660 3173 983 3235 exsistant.
1043 3199 1070 3231 ι)
1132 3175 1309 3235 Ritus
1365 3176 1615 3235 tandem
1672 3176 1901 3254 quibus
1955 3175 2457 3253 inaugurabatur
2510 3174 2815 3252 pontifex,
2876 3172 2962 3233 sic
3018 3173 3334 3247 describit,
3395 3191 3540 3234 eum
3599 3192 3635 3235 a
3692 3192 3821 3252 quo

405 3276 805 3331 consecratus
860 3271 1066 3334 fuerat
1123 3273 1451 3350 alloquens
1490 3274 1584 3353 (ί).
1652 3299 1680 3331 ‹‹
1730 3275 1823 3333 Me
1882 3273 2241 3352 pontificem
2305 3273 2504 3350 ungis,
2570 3290 2643 3333 ac
2704 3271 2933 3349 podere
2988 3270 3208 3348 cingis,
3270 3271 3587 3349 capitique
3645 3272 3820 3333 cida-

406 3367 522 3427 rim
581 3367 895 3447 imponis,
957 3376 1145 3449 atque
1206 3370 1557 3431 holocausti
1614 3370 1957 3449 spiritualis
2012 3370 2199 3432 altari
2256 3370 2595 3441 admoves,
2672 3376 2735 3430 et
2789 3368 3155 3429 initiationis
3210 3368 3475 3428 vitulum
3536 3376 3816 3440 mactas,

408 3482 761 3545 manusque
810 3467 1056 3546 spiritui
1112 3486 1462 3541 consecras,
1499 3474 1560 3529 et
1606 3469 1834 3529 Sancta
1883 3474 2244 3529 sanctorum
2296 3473 2648 3547 spectatum
2696 3466 3062 3539 introducis,
3098 3465 3354 3544 verique
3399 3465 3569 3527 illius
3618 3467 3825 3528 taber-

407 3562 641 3635 naculi,
702 3565 872 3643 quod
929 3584 1054 3626 non
1112 3565 1329 3640 homo,
1386 3566 1490 3627 sed
1550 3570 1716 3628 Deus
1771 3567 2044 3636 finxit“,
2106 3566 2462 3628 ministrum
2522 3566 2740 3626 efﬁcis.
2782 3585 2813 3622 »

488 3660 770 3722 Meminit
826 3661 1078 3723 lectoris
1134 3663 1324 3723 ofﬁcii
1380 3664 1755 3742 Gregorius,
1817 3664 1923 3724 ubi
1979 3671 2195 3726 narrat
2252 3663 2336 3745 (g)
2423 3663 2668 3725 Gallum
2729 3669 2791 3723 et
2839 3662 3202 3736 Julianum,
3264 3662 3371 3740 qui
3427 3668 3647 3739 postea
3702 3665 3824 3724 fuit

406 3759 830 3836 apostata,'in
890 3762 1124 3821 clerum
1184 3762 1423 3840 seipsos
1478 3762 1884 3840 ascripsisse;
1945 3762 2175 3824 «Adeo
2232 3770 2301 3822 ut
2357 3762 2601 3823 divinos
2656 3779 2909 3839 quoque
2966 3760 3163 3820 libros
3216 3760 3570 3821 lectitarent
3624 3761 3820 3839 plebi,

406 3874 531 3916 non
574 3857 778 3917 minus
820 3859 1103 3937 amplum
1143 3858 1207 3918 id
1254 3859 1371 3919 sibi
1412 3865 1475 3920 et
1512 3859 1928 3919 honoriﬁcum
1972 3878 2105 3920 esse
2142 3860 2587 3928 existimantes,
2625 3876 2813 3936 quam
2856 3857 3031 3917 aliud
3074 3858 3342 3935 quidvis,
3374 3858 3503 3919 imo
3535 3858 3820 3919 omnium

408 3961 922 4016 ornamentorum
976 3955 1318 4016 maximum
1368 3958 2080 4035 praestantissimumque
2114 3958 2411 4035 pietatem
2443 3975 2576 4017 esse
2606 3960 2950 4016 censentes.
2990 3978 3019 4010 ι

492 4052 788 4128 Agnoscit
844 4054 1246 4114 disertissime
1312 4054 1653 4133 primatum
1731 4056 1938 4128 Petri,
2015 4074 2201 4133 quem
2264 4053 2713 4133 discipulorum
2771 4053 3052 4114 omnium
3104 4051 3539 4113 charissimam
3596 4054 3822 4132 appel-

408 4148 499 4206 lat
540 4147 643 4226 (l2).
700 4173 729 4203 «
762 4151 896 4208 Non
950 4150 1135 4211 modo
1184 4169 1297 4210 suo
1346 4151 1650 4224 Christus,
1699 4153 1806 4212 sed
1856 4153 2043 4212 etiam
2096 4153 2286 4225 Petri,
2339 4152 2791 4230 discipulorum
2836 4150 3119 4209 omnium
3167 4148 3517 4210 charissimi
3568 4152 3823 4212 nomine

410 4243 848 4304 didrachmum
903 4247 1208 4323 pendit“.
1244 4248 1309 4327 (ι’)
1360 4251 1578 4309 Petrus
1627 4250 2052 4327 apostolorum
2114 4251 2427 4328 princeps,
2480 4249 2586 4309 sed
2637 4247 2930 4309 Ecclesiae
2980 4252 3176 4325 petra,
3228 4266 3349 4307 non
3404 4254 3471 4307 ut
3520 4249 3822 4326 piscator,

411 4339 518 4398 sed
571 4347 634 4399 ut
689 4342 946 4401 fervoris
1004 4352 1267 4405 scatens.
1325 4346 1403 4425 (λ’)
1463 4346 1647 4407 Vides
1704 4348 2239 4423 quemadmodum
2297 4367 2374 4407 ex
2434 4347 2661 4409 Christi
2718 4345 3060 4424 discipulis,
3120 4345 3361 4422 magnis
3418 4345 3632 4423 utique
3680 4364 3824 4406 om-

413 4436 597 4496 nibus
653 4444 715 4497 et
770 4439 1048 4510 excelsis,
1101 4449 1289 4519 atque
1348 4443 1651 4502 electione
1700 4444 1927 4521 dignis,
1976 4444 2078 4503 hic
2134 4450 2315 4522 petra
2372 4451 2648 4513 vocetur,
2704 4450 2891 4521 atque
2942 4442 3231 4503 Ecclesiae
3291 4442 3699 4503 fundamenta
3757 4445 3821 4504 in

415 4552 591 4593 suam
654 4535 837 4596 ﬁdem
892 4537 1159 4615 accipiat
1189 4539 1252 4592 ‘7.
1287 4563 1316 4594 »
1379 4540 1535 4601 Hinc
1592 4559 1630 4601 a
1686 4542 1982 4619 Gregorio
2038 4540 2143 4621 (Ιί),
2206 4565 2233 4596 τι
2278 4543 2499 4601 Petrus
2556 4541 2845 4601 Ecclesiae
2902 4540 3189 4600 columen
3248 4540 3561 4600 dicitur.»

495 4632 673 4691 Hunc
730 4633 1069 4711 primatum
1128 4636 1207 4695 ad
1256 4637 1423 4696 Petri
1481 4655 1869 4698 successores
1926 4656 2211 4698 manasse
2268 4638 2545 4698 declarat
2600 4642 2851 4697 sanctus
2905 4635 3149 4707 doctor,
3206 4638 3553 4696 Romanum
3617 4637 3823 4714 ponti-

418 4728 598 4789 ﬁcem
658 4730 826 4791 orbis
882 4732 1215 4793 Christiani
1273 4734 1625 4813 prmsidem,
1685 4742 1746 4797 et
1805 4735 2059 4796 unitatis
2111 4735 2437 4796 catholica).
2498 4735 2816 4796 vinculum
2874 4733 3259 4811 designans:

988 4890 1204 4965 Τούτων
1240 4890 1523 4965 ostrina,
1618 4892 1711 4965 μὲν
1734 4894 1800 4962 ἦν
1833 4892 1891 4948 ἐκ
1920 4892 2174 4956 πλὲιονος

989 4963 1085 5017 Καὶ
1125 4968 1212 5018 νῦν
1242 4962 1313 5018 ἔτ’
1338 4960 1479 5018 ἔστιν
1512 4960 1800 5039 εῧδρομοξ,
1832 4967 1929 5035 τὴν
1962 4966 2215 5041 Ἑσπέραν

495 5116 540 5149 ⁴²
566 5114 734 5171 Joan.
781 5135 897 5184 xxx,
931 5120 1116 5173 15—17.
1227 5122 1273 5155 ‘3
1303 5120 1509 5178 Matth.
1554 5138 1706 5191 xxvr,
1737 5121 1926 5176 69-75.
2038 5122 2052 5155 ‘

424 5188 466 5222 ⁵⁷
499 5188 697 5243 Matth.
732 5205 846 5257 xvr,
888 5191 968 5244 18.

2203 5121 2329 5177 Cor.
2373 5137 2434 5183 ιι,
2464 5119 2519 5174 7.
2631 5118 2675 5151 ‘5
2705 5117 2873 5173 Hebr.
2916 5133 3039 5181 VIII,
3071 5117 3124 5171 2.
3235 5114 3278 5149 ⁸⁸
3310 5113 3518 5170 Matth.
3559 5131 3699 5183 xvu,

498 5341 572 5409 (a)
615 5338 709 5421 Or.
743 5342 831 5410 39,
865 5359 923 5395 n.
958 5343 1008 5396 1.
2256 5344 2326 5467 (Ξ)
2367 5341 2463 5396 Or.
2498 5343 2549 5412 4,
2584 5358 2641 5395 n.
2674 5341 2763 5395 23.

498 5412 578 5467 (ὁ)
618 5411 783 5467 lbid..
820 5429 877 5466 n.
912 5412 999 5467 19.
2258 5418 2269 5467 l
2320 5416 2331 5467 l
2374 5413 2470 5467 Or.
2505 5414 2590 5467 19.
2630 5429 2688 5466 n.
2728 5414 2763 5465 1:

498 5412 578 5478 (b)
618 5411 783 5475 lbid.,
820 5429 877 5466 n.
912 5412 999 5467 19.
2258 5411 2331 5481 (ἢ)
2374 5413 2470 5467 Or.
2505 5414 2590 5477 19,
2630 5429 2688 5466 n.
2728 5412 2807 5465 13.

499 5484 568 5557 (c_)_
610 5483 779 5557 apud
812 5483 962 5557 Bill.,
1002 5488 1045 5539 t.
1080 5485 1152 5557 il,
1184 5501 1237 5556 p.
1276 5486 1433 5540 1037.
1512 5555 1541 5557 μ
1730 5556 1735 5557 γ
2256 5478 2323 5557 (il
2365 5484 2558 5557 Carm.
2590 5484 2720 5539 adv.
2748 5483 2951 5557 episc.,
2980 5482 3131 5553 apud
3161 5478 3332 5546 Toll.,
3367 5495 3423 5550 p.
3454 5480 3541 5534 25.

503 5552 577 5623 (ά)
617 5552 809 5608 Garm.
841 5556 970 5609 adv.
1002 5552 1204 5626 episc.,
1237 5558 1391 5627 apud
1424 5555 1596 5622 Toll.,
1629 5573 1684 5627 p.
1716 5556 1805 5609 27.
2256 5552 2329 5624 (j)
2369 5558 2459 5609 Or.
2492 5556 2581 5622 3‘3,
2616 5573 2673 5610 n.
2710 5552 2796 5608 18.

501 5628 568 5694 (ε)
609 5629 703 5680 0r.
734 5627 789 5694 2,
826 5642 883 5679 n.
916 5627 970 5679 3.
1278 5626 1290 5627 ί
1634 5626 1643 5627 “
2257 5626 2326 5697 (Ir)
2364 5630 2459 5681 Or.
2492 5627 2545 5694 9,
2580 5644 2638 5681 n.
2677 5628 2730 5681 1.

504 5698 577 5767 (f)
616 5701 710 5751 ()r.
747 5697 831 5765 10,
865 5714 921 5751 n.
952 5697 1005 5751 4.
