4122 6214
250 474 336 534 121
1206 471 1628 532 PREFATIO
1674 471 1878 531 GENE

1990 472 2229 530 LlS.-——
2261 470 2461 531 PARS
2507 467 2613 529 lll.
3498 459 3616 519 “9

742 610 920 660 Πᾶσαν
955 602 1150 677 ξᾶουσα
1175 608 1257 675 τῷ
1288 603 1545 677 σωτηρζῳ
1575 601 1747 677 λόγῳ,

743 679 931 751 infidi;
963 673 1166 751 δᾼίζιαιον
1197 673 1295 751 τὴν
1336 673 1602 751 πρόὲξρον
1627 673 1735 728 τῶν
1769 673 1913 751 {iin

740 746 911 818 Ὅλην
946 742 1202 801 σὲὗουσαν
1233 742 1332 815 ’ἑὴν
1369 742 1869 825 Θεοῦ’συμφωνίάν.

744 872 817 944 (a)
850 873 1267 944 Quodspectat
1296 872 1363 929 ad
1402 870 1634 929 illarum
1670 872 1844 929 ﬁdem
1867 886 1889 944 ;_
1916 875 2083 944 yetus
2116 871 2352 941 quidem
2386 870 2607 939 (Roma)
2632 868 2985 939 jamdudum

746 942 926 1014 Atque
957 942 1131 999 etiam
1164 960 1317 999 nunc
1345 948 1494 1014 recte
1527 944 1725 1014 currit.
1764 942 2134 1001 Occidentem

740 1014 951 1070 Totum
983 1015 1316 1070 devinciens
1346 1013 1587 1069 salutari
1627 1014 1908 1077 doctrina,

740 1086 1247 1151 Quemadmodum
1280 1102 1386 1157 par
1414 1090 1522 1151 est,
1556 1091 1620 1139 ut
1645 1102 1775 1157 quis
1810 1084 2096 1139 universis
2129 1083 2420 1155 praesidet,

737 1158 938 1217 Totam
974 1158 1126 1217 colat
1154 1158 1256 1217 Dei
1288 1157 1679 1216 concordiam.

1448 1281 1535 1341 De
1572 1290 1940 1343 sacramento
1982 1281 2372 1341 matrimonii.

303 1396 532 1454 Bonum
612 1413 744 1455 esse
823 1397 1332 1469 matrimonium,
1411 1397 1517 1457 sed
1594 1401 1806 1457 tamen
1865 1394 2207 1474 virginitati
2288 1392 2792 1472 posthabendum
2852 1396 3060 1451 censet
3117 1389 3447 1466 Gregorius
3506 1388 3610 1469 (ὁ).

242 1516 266 1549 ι
301 1493 531 1553 Bonum
592 1500 687 1553 est
745 1494 1239 1566 matrimonium,
1293 1494 1548 1573 inquit;
1609 1495 1716 1554 sed
1774 1494 1942 1573 quod
1998 1492 2356 1572 virginitate
2415 1490 2814 1570 praestantius
2871 1490 2970 1559 sit,
3022 1486 3226 1546 dicere
3284 1504 3408 1546 non
3469 1505 3618 1564 pos-

236 1607 376 1649 sum.
426 1593 641 1668 Neque
698 1592 863 1651 enim
924 1610 1220 1670 magnum
1280 1592 1520 1670 aliquid
1578 1600 1739 1653 esset
1786 1592 2131 1670 virginitas,
2187 1590 2302 1649 nisi
2362 1608 2423 1649 re
2479 1589 2692 1665 aliqua
2748 1588 2914 1647 bona
2968 1586 3189 1646 melior
3234 1591 3294 1644 et
3350 1585 3616 1662 praecla-

237 1688 343 1747 rior
393 1694 572 1748 esset.
636 1688 840 1750 Nolite
895 1689 1017 1750 hoc
1072 1690 1334 1751 moleste
1393 1692 1572 1763 ferre,
1632 1708 1771 1769 quae
1832 1688 2219 1749 matrimonii
2266 1687 2420 1770 jugo
2479 1686 2776 1764 subjectze
2835 1684 2980 1745 estis
3032 1702 3045 1742 :
3112 1706 3142 1738 ‹‹
3194 1680 3438 1742 Obedz're
3492 1682 3618 1743 Deo

239 1794 439 1865 opm-tet
492 1788 687 1867 magis
739 1805 919 1868 quam
976 1787 1303 1848 hominibus
1332 1787 1395 1842 ⁴⁸.
1445 1810 1473 1843 ››
1541 1790 1849 1849 Caeterum
1911 1788 2116 1856 facite,
2180 1792 2248 1846 ut
2304 1786 2466 1845 inter
2524 1802 2632 1845 vos
2691 1783 2869 1862 quasi
2925 1780 3173 1841 vinculo
3227 1780 3618 1861 constringa-

240 1882 391 1955 mini,
447 1890 508 1943 et
564 1883 839 1962 virgines
894 1890 956 1945 et
1010 1904 1259 1960 uxores,
1320 1892 1510 1963 atque
1571 1904 1761 1945 unum
1826 1884 1958 1945 sitis
2014 1885 2078 1944 in
2136 1883 2426 1955 Domino,
2483 1888 2896 1959 mutuumque
2945 1879 3084 1939 alia:
3132 1878 3397 1938 aliarum
3430 1896 3618 1938 orna-

242 1985 514 2039 mentum.
570 1984 709 2041 Non
769 1988 929 2042 esset
986 1982 1234 2055 caelebs,
1269 1983 1383 2042 nisi
1444 1982 1914 2042 matrimonium
1973 1988 2152 2042 esset.
2202 1980 2378 2042 Unde
2438 1980 2601 2040 enim
2659 1980 2721 2038 in
2781 1979 2942 2037 hanc
2996 1978 3187 2036 vitam
3248 1975 3424 2055 virgo
3484 1994 3621 2055 pro-

239 2076 475 2136 diisset?
529 2080 660 2138 Nec
712 2085 874 2139 esset
933 2078 1346 2139 honoriﬁcum
1407 2084 1468 2139 et
1525 2079 1950 2139 venerandum
2010 2079 2507 2150 matrimonium,
2562 2077 2677 2136 nisi
2736 2075 3040 2153 virginem
3102 2074 3429 2153 proferret,
3480 2080 3613 2133 tum

239 2174 364 2245 Deo,
422 2181 551 2234 tum
616 2175 783 2235 vitae.
833 2200 863 2231 ι»

301 2271 609 2333 Secundae
668 2275 918 2352 nuptias
973 2293 1099 2333 non
1161 2275 1407 2335 videtur
1463 2276 1752 2354 probare.
1813 2276 1935 2336 «Si
1991 2275 2156 2338 enim
2217 2276 2341 2334 duo
2398 2273 2626 2335 Christi
2680 2280 2845 2345 sunt,
2908 2270 3112 2349 inquit
3143 2270 3239 2349 (ε’),
3291 2269 3418 2328 duo
3460 2286 3619 2346 quo-

239 2387 341 2445 que
389 2371 495 2430 viri
543 2372 697 2443 sint,
731 2378 793 2432 et
840 2373 980 2432 duae
1030 2392 1279 2433 uxores.
1314 2374 1378 2433 Si
1426 2380 1636 2433 autem
1684 2392 1844 2433 unus
1892 2372 2195 2445 Christus,
2229 2391 2419 2432 unum
2468 2372 2757 2433 Ecclesiae
2808 2376 3017 2449 caput,
3052 2387 3178 2427 una
3224 2367 3412 2427 etiam
3472 2385 3618 2426 caro

237 2467 322 2539 sit,
370 2470 641 2533 secunda
689 2476 898 2534 autem
950 2477 1305 2549 respuatur.
1357 2472 1534 2543 Quod
1593 2472 1643 2533 si
1698 2472 2037 2535 secundam
2088 2470 2443 2550 prohibeat,
2493 2470 2571 2533 de
2629 2469 2812 2533 tertia
2868 2468 3018 2545 quid
3077 2466 3409 2529 dicendum
3470 2464 3618 2525 est?

238 2564 484 2627 Primum
542 2568 650 2630 lex
709 2574 829 2643 est,
891 2570 1236 2630 secundum
1298 2570 1476 2632 venia
1532 2576 1593 2633 et
1648 2569 2076 2647 indulgentia,
2136 2570 2390 2631 tertium
2446 2567 2766 2646 iniquitas.
2828 2565 2944 2638 Qui
3002 2570 3213 2629 autem
3276 2563 3441 2627 hunc
3496 2581 3618 2623 nu-

237 2680 446 2725 merum
504 2664 775 2739 excedit,
838 2666 1134 2743 porcinus
1190 2666 1376 2745 plane
1433 2672 1545 2740 est,
1609 2673 1825 2745 utpote
1880 2686 1957 2727 ne
2022 2667 2217 2729 multa
2272 2666 2525 2745 quidem
2584 2665 2718 2726 vitii
2772 2663 3062 2741 exempla
3119 2661 3380 2722 habens.
3432 2684 3465 2716 »
3526 2661 3618 2723 Ex

240 2757 318 2820 his
366 2762 567 2824 verbis
620 2763 817 2824 critici
867 2764 1154 2826 nonnulli
1214 2765 1419 2827 minus
1466 2770 1631 2827 recte
1680 2765 2118 2829 existimarunt
2163 2766 2529 2841 Gregorium
2579 2764 2912 2827 damnasse
2956 2760 3261 2823 secundes
3313 2758 3618 2835 nuptias:

238 2858 321 2917 sed
374 2859 714 2935 immerito,
770 2861 815 2921 si
872 2862 1121 2939 quidem
1175 2865 1484 2924 Novatum
1533 2864 1620 2923 ita
1672 2863 2042 2927 sentientem
2093 2863 2423 2941 impugnat
2467 2869 2529 2925 et
2574 2861 2799 2924 refellit
2831 2858 2943 2937 (ά).
3000 2883 3030 2913 ‹‹
3066 2864 3240 2921 Anne
3281 2855 3621 2934 juvenibus

239 2955 455 3031 quidem
512 2957 741 3031 viduis,
806 2967 1065 3038 propter
1122 2960 1323 3023 aetatis
1380 2960 1716 3033 lubricum,
1781 2961 2039 3025 ineundi
2096 2960 2479 3023 matrimonii
2538 2964 2907 3037 potestatem
2970 2956 3177 3021 iacis?
3253 2957 3332 3017 At
3391 2953 3620 3015 Paulus

240 3049 333 3110 hoc
384 3053 591 3113 facere
647 3055 903 3116 minime
961 3056 1271 3117 dubitavit
1301 3058 1443 3117 ‘9....
1502 3057 1570 3137 (ε)
1625 3062 1706 3121 At
1762 3058 1899 3120 hinc
1958 3058 2213 3123 minime
2268 3064 2412 3137 post
2465 3057 2874 3136 baptismum,
2932 3054 3165 3132 inquis.
3226 3053 3361 3124 Quo
3421 3070 3615 3129 argu-

242 3159 415 3211 mento
463 3152 527 3214 id
578 3154 973 3217 conﬁrmas?
1025 3156 1149 3217 Ant
1204 3173 1334 3215 rem
1380 3156 1469 3217 ita
1518 3174 1582 3216 se
1641 3156 1872 3219 habere
1916 3156 2136 3233 proba,
2192 3163 2301 3219 aut
2355 3156 2405 3221 si
2462 3156 2524 3220 id
2583 3155 2827 3233 nequis.
2877 3171 2955 3217 ne
3004 3151 3405 3215 condemnet
3438 3148 3617 3222 000d

240 3247 275 3305 si
323 3267 411 3311 res
463 3250 664 3313 dubia
722 3257 834 3322 est,
895 3252 1104 3315 vincat
1160 3252 1519 3315 humanitas
1577 3260 1640 3316 et
1697 3254 1981 3318 facilitas.
2025 3278 2055 3311 υ

300 3345 677 3424 lmpudicam
734 3348 984 3426 quidem
1046 3350 1367 3413 mulierem
1434 3350 1870 3429 expellendum
1928 3359 2142 3412 censet
2200 3352 2535 3432 Gregorius
2590 3351 2712 3432 (/),
2790 3369 2931 3410 cum
3012 3349 3075 3413 id
3133 3346 3416 3410 Christus
3472 3363 3616 3423 per-

241 3441 484 3517 miserit;
564 3446 831 3523 reliquis
894 3453 1105 3507 autem
1163 3448 1455 3510 omnibus
1508 3449 1571 3508 in
1629 3449 1814 3510 rebus
1872 3448 2066 3512 animi
2121 3450 2417 3527 aequitate
2472 3457 2535 3511 et
2594 3448 2895 3527 patientia
2954 3448 3041 3511 uti
3089 3446 3295 3524 jubet.
3352 3444 3417 3507 Si
3474 3444 3619 3503 fuco

238 3537 391 3600 illitos
446 3548 508 3603 et
564 3560 823 3603 cerussa
873 3544 1114 3605 colores
1168 3552 1231 3607 et
1286 3545 1610 3623 pigmenta
1670 3547 2054 3625 perspexerit
2112 3547 2224 3620 vir,
2284 3546 2407 3610 hoc
2462 3553 2687 3610 ornatu
2747 3545 3074 3608 mulierem
3135 3542 3384 3621 spoliet,
3445 3547 3620 3603 cmte‘

239 3652 397 3713 raque
452 3640 791 3701 inhonesta
849 3648 1134 3721 coerceat
1190 3649 1253 3703 et
1306 3643 1629 3719 reprimat.

300 3734 581 3797 Adulterii
643 3755 835 3798 causa
881 3756 1143 3798 uxorem
1197 3738 1510 3800 dimittere
1569 3740 1701 3800 viro
1763 3739 2190 3817 permittitur;
2254 3741 2499 3805 mulieri
2557 3746 2763 3805 autem
2828 3741 3031 3801 virum
3082 3736 3441 3802 dimittendi
3487 3753 3615 3796 non

242 3830 420 3893 eadem
473 3834 668 3896 datur
723 3836 1037 3897 facultas:
1094 3836 1255 3898 hanc
1312 3836 1512 3914 legem
1574 3855 1696 3899 non
1758 3837 1984 3914 probat
2040 3840 2396 3916 Gregorius,
2458 3857 2724 3915 eamque
2782 3839 3170 3917 impugnat:
3235 3834 3391 3907 Quid
3450 3832 3615 3893 enim

245 3942 407 3991 causa
462 3933 613 4004 fuit,
680 3934 885 4011 inquit
941 3933 1067 4012 (g),
1147 3953 1258 3995 cur
1316 3934 1637 3995 mulierem
1697 3944 2085 4009 coercerent,
2151 3940 2376 3999 marito
2434 3944 2655 4001 contra
2712 3936 3110 4013 indulgerent
3151 3935 3281 3995 ?....
3342 3934 3418 3995 Et
3477 3949 3615 3989 mu-

245 4021 334 4084 lier
379 4030 671 4105 quidem,
749 4049 887 4107 quae
948 4032 1304 4107 improbum
1363 4032 1688 4093 consilium
1746 4034 2043 4095 adversus
2100 4034 2216 4096 viri
2274 4036 2369 4097 sui
2426 4035 2630 4098 cubile
2688 4034 3070 4113 susceperit,
3133 4030 3425 4093 adulterii
3478 4028 3614 4107 pia-

245 4123 356 4185 culo
403 4129 889 4205 constringatur,
950 4128 1494 4207 acerbissimisque
1554 4130 1759 4207 legum
1823 4132 2024 4209 pmnis
2079 4134 2519 4205 excrucietur;
2604 4133 2692 4195 vir
2750 4139 2959 4194 autem
3022 4130 3129 4209 qui
3189 4129 3376 4189 ﬁdem
3434 4126 3615 4188 uxori

245 4217 417 4283 datam
475 4244 588 4303 per
644 4225 1024 4286 adulterium
1079 4226 1424 4296 violaverit,
1480 4227 1635 4288 nulli
1693 4229 2003 4307 supplicio
2056 4230 2365 4293 obnoxius
2421 4232 2555 4294 sit?
2633 4234 2805 4292 Hane
2858 4230 3055 4307 legem
3118 4228 3612 4305 haudquaquam

248 4318 501 4390 probo...
557 4322 686 4383 Viri
743 4329 942 4394 erant,
991 4323 1099 4401 qui
1155 4322 1319 4385 hanc
1368 4324 1567 4400 legem
1629 4332 1995 4400 sanxerunt,
2046 4344 2119 4391 ac
2178 4334 2510 4406 propterea
2558 4329 2856 4391 adversus
2914 4326 3205 4389 mulieres
3252 4324 3380 4384 lata
3430 4330 3543 4383 est.
3584 4347 3611 4378 η

306 4415 626 4498 Episcopos
678 4422 1031 4499 praecipuos
1083 4421 1467 4482 matrimonii
1520 4422 1709 4485 fuisse
1764 4424 2102 4498 ministros,
2156 4426 2508 4504 saepiusque
2558 4426 2912 4487 interfuisse
2962 4425 3110 4483 dum
3161 4422 3611 4493 celebraretur,

246 4516 603 4590 sequentibus
662 4518 1027 4579 conﬁrmari
1086 4525 1308 4597 potest.
1362 4519 1513 4579 Cum
1575 4521 1871 4598 Gregorio
1932 4541 2055 4585 non
2122 4522 2337 4587 liceret
2393 4524 2608 4587 adesse
2657 4522 3047 4601 Olympiadis
3095 4520 3351 4599 nuptiis,
3400 4517 3617 4581 scribit

246 4607 511 4691 ProcOpio
566 4616 651 4695 (Ιι)
717 4638 731 4681 ;
823 4642 854 4672 α
909 4618 1227 4689 Quantum
1284 4616 1361 4676 ad
1424 4616 1809 4680 voluntatem
1867 4619 2134 4691 attinet,
2205 4626 2269 4683 et
2323 4621 2587 4691 adsum,
2667 4627 2729 4682 et
2782 4620 2971 4683 simul
3028 4620 3254 4683 festum
3312 4616 3609 4686 celebro;

246 4702 638 4793 iuvenilesque
693 4715 948 4778 dextras
1001 4715 1165 4775 inter
1220 4732 1286 4774 se
1334 4714 1560 4792 jungo,
1620 4722 1811 4793 atque
1870 4722 2167 4795 utrasque
2224 4719 2332 4783 Dei
2390 4719 2627 4783 manui.
2678 4744 2705 4773 ι

1468 4847 1559 4907 De
1597 4848 1963 4909 invocatione
1989 4860 2346 4911 sanctorum.

309 4957 703 5022 lnvocationls
758 4971 1159 5036 sanctorum,
1223 4967 1411 5042 atque
1467 4962 1776 5045 imprimis
1832 4964 2033 5026 beatae
2091 4967 2401 5046 Virginis,
2478 4968 2651 5028 testis
2707 4965 3233 5046 locupletissimus
3304 4968 3396 5023 est
3465 4963 3619 5022 Gre-

254 5055 444 5126 gorius,
494 5060 600 5119 ubi
652 5060 789 5121 haec
838 5065 1054 5120 narrat
1104 5060 1174 5141 (ι’)
1228 5060 1305 5120 de
1362 5060 1549 5120 beata
1594 5061 1842 5121 Justina
1890 5070 2189 5142 martyre,
2242 5083 2383 5142 quae
2441 5064 2843 5145 «desperatis
2892 5063 3183 5123 omnibus
3226 5060 3364 5122 aliis
3415 5076 3614 5119 reme-

256 5147 343 5207 diis
390 5152 462 5213 ad
517 5157 710 5217 Deum
772 5157 1071 5235 confugit,
1127 5164 1317 5236 atque
1372 5156 1673 5216 adversus
1729 5156 2163 5221 detestabilem
2213 5180 2491 5222 amorem
2548 5181 2846 5243 sponsum
2904 5180 3083 5221 suum
3147 5167 3480 5239 patronum
3540 5172 3613 5215 ac

254 5243 597 5313 defensorem
672 5255 1035 5316 assumit....
1099 5254 1518 5315 Christum....
1601 5254 2043 5335 Virginemque
2101 5260 2362 5320 Mariam
2420 5260 2686 5340 supplex
2743 5261 3117 5334 obsecrans,
3207 5265 3277 5318 ut
3356 5255 3602 5338 pericli-

308 5370 340 5403 ιε
364 5376 473 5429 Act.
502 5394 558 5444 v,
588 5380 675 5433 29.
756 5381 801 5414 ιο
830 5381 849 5434 I
880 5380 1033 5435 Tim.
1064 5396 1121 5446 ν,
1157 5380 1240 5434 14.

310 5496 365 5569 is}
400 5493 573 5569 Carm.
608 5497 681 5551 De
710 5498 825 5552 vita
852 5514 981 5567 sua,
1014 5513 1069 5552 v.
1102 5498 1200 5551 571
1237 5502 1294 5552 et
1327 5512 1491 5567 seqq.
2030 5500 2101 5569 (f)
2145 5500 2240 5555 Or.
2273 5501 2363 5568 37,
2399 5519 2454 5556 n.
2485 5504 2537 5557 8.

328 5500 365 5551 al
400 5500 573 5548 Carm.
608 5500 681 5551 De
710 5500 825 5552 vita
852 5514 981 5567 sua,
1014 5513 1069 5552 v.
1102 5500 1200 5551 571
1237 5502 1294 5552 et
1327 5512 1491 5567 seqq.

328 5560 367 5641 ἐι)
397 5562 601 5645 ρξηδγ,
632 5584 699 5645 n._
726 5570 813 5623 ιο.

869 5514 981 5567 :ua,
1014 5513 1069 5552 v.
1102 5500 1200 5551 571
1237 5502 1294 5552 et
1327 5512 1491 5567 seqq.
2029 5500 2102 5641 é/g
2145 5500 2363 5626 3:837,
2399 5505 2497 5627 11.6!

2050 5587 2082 5641 g
2211 5589 2225 5626 1
2277 5614 2315 5637 .,
2355 5591 2411 5627 n.
2486 5616 2497 5628 .

328 5636 363 5714 ςί
397 5632 641 5714 [ὺὶᾱληὴ.
673 5642 732 5695 8.
761 5712 778 5714 Α

2028 5632 2115 5714 (λ’)
2155 5632 2338 5714 Epist.
2372 5643 2444 5699 al.
2478 5645 2567 5698 57.

312 5700 367 5789 illi!
394 5700 597 5789 ρι’..ξῆ
628 5727 683 5766 n.
719 5712 810 5766 18.

2028 5700 2105 5784 ω’
2140 5700 2234 5769 or‘.
2266 5716 2355 5785 24,
2390 5732 2444 5773 ιι.
2482 5717 2568 5789 10,
2603 5717 2688 5773 11.

318 5771 369 5837 lel
394 5774 452 5829 N.
485 5779 565 5831 19.
