4122 6214
433 443 545 501 123
1424 441 1839 502 PREFATIO
1886 442 2061 502 GEN]

2217 442 2356 501 ωε.
2378 476 2452 485 ——
2483 444 2682 504 PARS
2729 443 2836 504 ΙΙΙ.
3722 454 3837 511 124

427 575 583 633 tanti
645 573 865 651 virgini
925 576 1242 653 suppetias
1299 577 1506 645 ferret,
1563 575 1787 654 jejunii
1846 581 1906 635 et
1963 575 2352 634 chameuniw
2409 575 2752 653 pharmaco
2811 596 2942 638 sese
3002 581 3402 654 communit;
3478 583 3706 660 partim
3776 590 3844 644 ut

429 674 645 731 formae
707 678 1097 731 venustatem
1160 679 1461 752 tanquam
1523 674 1880 732 insidiosam
1942 673 2346 744 obscuraret,
2409 673 2620 751 sicque
2679 676 2942 736 flammae
3005 679 3331 738 materiam
3398 681 3839 753 subtraheret,

429 788 504 829 ac
562 769 836 828 libidinis
885 770 1161 830 fomitem
1212 772 1606 843 absumeret;
1664 771 1887 848 partim
1950 777 2017 828 ut
2075 788 2185 847 per
2242 771 2423 830 fidem
2476 780 2538 832 et
2597 773 3011 835 humilitatem
3075 778 3410 854 propitium
3471 778 3588 837 sibi
3637 782 3836 838 Deum

437 873 497 926 et
555 866 936 925 exorabilem
997 869 1305 928 redderet.
1356 873 1566 946 Neque
1624 869 1786 927 enim
1853 871 2012 926 Deus
2072 867 2200 926 ulla
2261 887 2326 927 re
2357 870 2647 946 perinde,
2683 878 2874 948 atque
2938 874 3294 933 voluntaria
3340 876 3619 953 corporis
3675 877 3840 934 afﬂi-

429 961 726 1028 ctatione,
786 962 1193 1035 conciliatur,
1256 964 1673 1041 lacrymisque
1734 962 2161 1021 misericordia
2221 963 2490 1022 vicissim
2552 966 2808 1041 rependi
2864 968 3042 1026 solet.
3105 991 3131 1022 »
3215 969 3482 1027 Dubium
3544 971 3840 1046 Gregorio

440 1077 563 1118 non
619 1064 752 1117 erat
800 1058 951 1135 quin
1001 1061 1231 1120 sanctis
1278 1062 1339 1120 in
1391 1061 1549 1120 ccelo
1601 1067 1748 1119 nota
1795 1065 2001 1118 essent
2057 1065 2116 1118 et
2170 1066 2318 1120 vota
2367 1068 2598 1131 nostra,
2651 1070 2712 1121 et
2759 1064 3030 1141 plurima
3081 1085 3220 1142 quae
3272 1066 3370 1125 hic
3418 1067 3701 1143 agimus;
3755 1067 3842 1126 sic

437 1155 602 1216 enim
653 1155 727 1214 de
776 1156 1118 1216 Athanasio
1165 1158 1296 1235 jam
1351 1159 1477 1217 vita
1534 1159 1745 1216 functo
1806 1157 2084 1234 loquitur
2132 1155 2265 1235 (a):
2325 1161 2510 1218 «Nos
2562 1166 2769 1218 autem
2823 1162 3059 1221 utinam
3111 1164 3242 1240 ipse
3291 1163 3597 1240 benignus
3656 1165 3839 1224 desu-

439 1271 550 1331 per
596 1259 658 1311 et
710 1253 994 1330 placidus
1051 1256 1338 1334 aspicias,
1401 1263 1586 1333 atque
1646 1255 1812 1314 hunc
1874 1255 2172 1332 populum
2231 1257 2560 1333 gubernes,
2615 1260 2959 1334 perfectum
3011 1261 3296 1338 perfectae
3328 1262 3665 1332 Trinitatis,
3701 1282 3840 1338 quae

436 1352 498 1409 in
532 1353 715 1410 Patre
765 1357 827 1409 et
875 1352 1031 1412 Filio
1081 1361 1141 1412 et
1194 1353 1427 1431 Spiritu
1460 1359 1675 1412 sancto
1725 1352 2095 1429 intelligitur
2156 1359 2216 1412 et
2272 1353 2518 1428 colitur,
2572 1356 3018 1430 adoratorem;
3081 1377 3322 1435 meque,
3379 1359 3684 1436 siquidem
3747 1378 3842 1419 res

430 1454 670 1527 pacatae
728 1449 954 1508 futurae
1014 1451 1156 1522 sint,
1216 1451 1278 1509 in
1337 1451 1464 1510 vita
1520 1457 1760 1520 teneas,
1818 1468 2200 1527 gregemque
2261 1469 2502 1511 mecum
2561 1471 2837 1530 pascas:
2903 1455 2995 1513 sin
3055 1462 3262 1515 autem
3330 1456 3602 1516 Ecclesia
3663 1457 3844 1516 bellis

430 1553 774 1628 ﬂagratura
831 1556 944 1617 est,
1000 1549 1282 1623 reducas,
1336 1554 1445 1608 aut
1501 1567 1804 1613 assumas,
1860 1554 2192 1623 tecumque
2250 1553 2310 1607 et
2358 1567 2498 1607 cum
2561 1551 2650 1608 tui
2709 1552 3014 1610 similibus
3063 1552 3353 1626 colloces,
3411 1555 3655 1613 tametsi
3718 1573 3842 1613 ma-

429 1668 621 1727 gnum
682 1649 760 1708 sit
815 1648 982 1726 quod
1045 1647 1312 1724 postulo.
1377 1671 1403 1700 ι)
1494 1649 1626 1704 Νοη
1686 1653 1929 1704 tantum
1991 1644 2444 1714 Athanasium,
2508 1649 2613 1706 sed
2675 1655 2736 1706 et
2794 1650 3088 1708 Basilium
3147 1651 3400 1710 invocat
3457 1658 3516 1710 et
3574 1653 3839 1728 tjypria-

433 1764 580 1805 num
631 1745 712 1823 (b)
770 1764 783 1817 ;
845 1744 1166 1821 sanctique
1224 1743 1516 1820 martyris
1573 1742 1883 1801 cineribus
1947 1741 2196 1800 morbos
2253 1748 2315 1800 et
2370 1743 2690 1802 daemones
2747 1745 2974 1824 depelli
3031 1747 3245 1806 scribit
3304 1748 3400 1826 (c).
3465 1750 3838 1807 Sanctorum

435 1844 841 1921 reliquiarum
900 1842 1159 1912 cultum,
1223 1839 1704 1911 invocationem,
1742 1840 2272 1910 intercessionem,
2308 1845 2434 1898 tam
2494 1860 2658 1918 saepe
2718 1849 2971 1920 tamque
3029 1851 3244 1921 aperte
3302 1845 3629 1922 profitetur
3687 1848 3842 1906 Gre-

432 1942 665 2018 gorius,
723 1947 790 1999 ut
840 1940 902 1998 id
962 1956 1191 2016 negare
1248 1956 1388 1997 cum
1450 1937 1725 1997 haeretici
1783 1955 1903 1996 non
1957 1936 2214 2014 possint,
2267 1937 2432 2014 piam
2496 1938 2657 1997 hanc
2705 1940 3220 1999 consuetudinem
3277 1959 3502 2000 caecam
3554 1943 3614 2000 in
3664 1942 3842 2001 divos

427 2037 934 2116 superstitionem
993 2035 1313 2114 appellare
1371 2035 1505 2094 ausi
1564 2035 1708 2093 sint.
1771 2037 1863 2094 lta
1921 2033 2352 2112 Dallseus(d):
2413 2037 2652 2095 «Caeca
2701 2037 2760 2095 in
2821 2038 2998 2096 divos
3050 2039 3427 2116 superstitio,
3482 2058 3671 2116 quam
3737 2039 3840 2098 hic

425 2136 558 2214 ipse
615 2135 949 2213 Gregorius
1007 2153 1130 2194 non
1188 2151 1408 2212 parum
1469 2132 1855 2211 promovisse
1912 2132 2040 2191 suis
2097 2138 2156 2191 et
2215 2132 2416 2193 verbis
2471 2139 2532 2193 et
2589 2135 2892 2213 exemplis
2953 2136 3218 2195 videtur.
3284 2161 3311 2191 »

1957 2317 2048 2376 De
2074 2319 2300 2397 gratia.

505 2475 702 2545 Quam
735 2472 971 2551 optime
1003 2472 1352 2550 Augustino
1393 2477 1455 2531 et
1497 2471 1724 2532 Latinis
1757 2470 1947 2530 Graeci
1985 2473 2195 2530 Patres
2234 2471 2294 2529 in
2340 2490 2530 2532 causa
2560 2473 2776 2550 gratiae
2808 2473 3174 2544 assentiant,
3211 2474 3359 2533 satis
3389 2474 3824 2533 confirmatum

425 2577 538 2643 est,
593 2572 861 2630 maxime
914 2588 951 2628 a
999 2569 1359 2628 doctissimo
1412 2568 1706 2628 Meldensi
1756 2569 2090 2646 episcopo;
2144 2574 2203 2626 et
2260 2569 2356 2626 vel
2408 2589 2566 2628 unus
2616 2571 2969 2646 Gregorius,
3029 2572 3089 2629 in
3141 2577 3312 2629 tanto
3362 2572 3527 2648 apud
3585 2573 3833 2630 Graecos

426 2669 680 2729 habitus
728 2668 988 2739 honore,
1044 2667 1162 2726 hoc
1220 2686 1333 2726 suo
1392 2666 1688 2743 suffragio
1739 2666 2070 2724 evinceret.
2135 2665 2324 2724 Plura
2375 2666 2504 2742 jam
2567 2668 2645 2726 ab
2706 2668 3053 2744 Augustino
3112 2669 3408 2727 adversus
3467 2668 3836 2744 Pelagianos

429 2766 625 2824 nostri
655 2763 958 2840 Theologi
992 2764 1347 2823 testimonia
1384 2764 1628 2841 prolata
1668 2770 1832 2834 sunt,
1871 2762 2159 2840 quaedam
2205 2781 2279 2821 ex
2326 2763 2662 2840 deperditis
2695 2765 2887 2836 libris,
2934 2772 2993 2823 et
3038 2766 3283 2841 singula
3325 2773 3446 2824 tam
3485 2765 3836 2843 perspicua,

431 2869 559 2921 tam
611 2863 686 2920 ad
739 2861 1225 2920 controversiam
1262 2861 1715 2938 expediendam
1760 2867 1930 2938 apta,
1968 2867 2035 2918 ut
2081 2861 2464 2936 Augustinus
2511 2863 2644 2939 ipse
2691 2863 2752 2920 in
2806 2863 3102 2940 Gregorio
3153 2864 3345 2940 loqui,
3397 2871 3457 2922 et
3506 2863 3842 2938 Gregorius

437 2960 806 3036 Pelagianos
859 2965 949 3017 tot
996 2965 1138 3017 ante
1188 2977 1384 3017 annos
1432 2959 1755 3017 confutare
1806 2957 2072 3016 voluisse
2122 2958 2501 3018 crederetur.
2553 2962 2696 3019 Haec
2746 2961 2961 3020 lectori
3019 2979 3162 3019 mox
3210 2962 3607 3030 constabunt,
3662 2961 3710 3018 si
3761 2960 3841 3019 ad

433 3057 735 3117 doctrinm
765 3057 971 3135 capita
1017 3075 1158 3134 quae
1205 3055 1583 3115 exhibentur
1626 3055 1944 3134 paulisper
1974 3054 2182 3115 animo
2213 3056 2520 3116 attendat.

515 3155 677 3214 Nihil
741 3173 888 3214 sane
948 3155 1148 3231 magis
1205 3154 1420 3213 auxilii
1493 3154 1684 3214 divini
1743 3154 2174 3214 necessitatem
2236 3156 2486 3232 arguit,
2548 3175 2737 3233 quam
2797 3156 3171 3232 ignorantize
3231 3156 3611 3234 quotidianae
3672 3155 3840 3213 difﬁ-

432 3254 732 3317 cultates,
795 3259 855 3313 et
911 3252 1214 3324 libidinis,
1277 3252 1375 3311 vel
1433 3253 1495 3310 in
1555 3253 1704 3330 ipsis
1765 3251 2146 3328 iustificatis,
2211 3253 2578 3312 miseranda:
2639 3255 3123 3325 commotiones,
3185 3273 3340 3332 quas
3397 3254 3729 3329 Gregorius
3785 3260 3847 3312 et

431 3351 639 3429 palam
701 3351 1020 3409 confessus
1079 3357 1192 3418 est,
1255 3356 1314 3408 et
1371 3367 1584 3408 amare
1643 3349 1969 3425 ingemuit.
2038 3373 2067 3402 «
2108 3350 2345 3409 invidia
2405 3350 2658 3421 diaboli,
2725 3352 2927 3427 inquit
2982 3351 3077 3428 (ρ),
3139 3352 3488 3428 persecutio
3547 3351 3845 3409 adversus

429 3449 537 3508 Dei
598 3448 965 3526 figmentum
1025 3447 1295 3506 excitata
1352 3454 1490 3507 est:
1545 3447 1775 3506 idcirco
1824 3447 1933 3506 Dei
1989 3447 2198 3523 imago
2257 3448 2486 3524 probro
2548 3468 2619 3506 ac
2668 3449 2972 3507 dedecore
3029 3449 3276 3519 affecta,
3321 3457 3381 3508 et
3438 3447 3846 3526 quemadmo-

431 3546 580 3604 dum
633 3545 933 3604 mandato
997 3563 1213 3623 parere
1265 3544 1711 3613 recusavimus,
1769 3544 1856 3603 ita
1914 3543 2180 3603 licentiae
2227 3546 2454 3604 erroris
2514 3546 2720 3604 traditi
2783 3564 3083 3604 sumus.»
3151 3546 3384 3605 Bellum
3445 3546 3560 3604 hoc
3602 3545 3845 3603 intesti-

435 3662 627 3715 num,
707 3643 874 3721 quod
952 3662 1025 3703 ex
1103 3644 1288 3702 variis
1363 3649 1424 3702 et
1501 3642 1912 3701 militantibus
1988 3642 2250 3701 invicem
2331 3643 2660 3701 contrariis
2722 3643 3039 3702 desideriis
3098 3644 3262 3702 intra
3318 3662 3431 3701 nos
3490 3643 3847 3725 frequenter

434 3741 732 3818 exsurgit,
798 3747 922 3799 tam
988 3740 1208 3799 vividis
1265 3740 1578 3800 coloribus
1635 3740 1938 3817 depinxit,
2005 3746 2126 3799 tam
2191 3759 2446 3798 nervose
2504 3741 2848 3817 expressit,
2924 3748 2991 3799 ut
3052 3741 3473 3818 Augustinus,
3548 3740 3845 3798 adversus

433 3840 804 3916 Pelagianos
856 3840 934 3899 de
983 3840 1098 3900 hac
1157 3859 1221 3900 re
1277 3859 1466 3917 agens
1499 3840 1609 3918 (γ’),
1663 3840 2032 3916 Gregorium
2083 3844 2299 3898 testem
2353 3839 2651 3897 adhibere
2702 3859 2824 3897 non
2879 3840 3278 3909 dubitaverit,
3315 3839 3492 3916 cujus
3538 3839 3726 3898 verba
3759 3838 3843 3916 (g)

431 3938 519 3997 sic
578 3938 794 3997 Billius
853 3938 1122 3998 reddidit
1186 3959 1198 3998 :
1287 3961 1314 3990 «
1380 3938 1666 3997 Nondum
1729 3937 1804 3994 de
1863 3936 2110 3994 interno
2168 3935 2376 4005 bello,
2454 3944 2642 4013 atque
2722 3937 2783 3994 in
2845 3937 3309 4013 nobismetipsis
3367 3945 3429 3994 et
3485 3937 3544 3994 in
3605 3935 3844 3994 affecti-

429 4036 545 4094 bus
605 4037 743 4107 sito,
798 4036 987 4094 verba
1046 4036 1225 4107 facio,
1286 4055 1410 4112 quo
1466 4041 1648 4094 nocte
1700 4052 1772 4093 ac
1822 4033 1944 4100 die,
2000 4033 2228 4111 partim
2281 4034 2543 4104 occulte,
2603 4035 2828 4110 partim
2882 4041 3118 4110 aperte,
3171 4034 3248 4092 ab
3299 4033 3669 4092 humilitatis
3717 4051 3846 4090 cor-

434 4151 586 4210 pore
635 4133 1043 4203 divexamur;
1105 4141 1165 4191 et
1223 4135 1301 4192 ab
1360 4153 1434 4192 ea
1492 4151 1632 4210 qua
1679 4151 1792 4191 nos
1855 4150 1965 4210 per
2013 4151 2248 4201 sensus,
2313 4140 2501 4207 atque
2532 4134 2656 4191 alia
2689 4132 2875 4209 hujus
2909 4132 3051 4190 vitae
3083 4132 3564 4202 oblectamenta,
3598 4149 3844 4189 sursum

434 4228 854 4305 deorsumque
884 4237 1110 4300 versat,
1155 4229 1523 4307 jactatione,
1575 4238 1764 4306 atque
1824 4248 1859 4287 a
1910 4230 2041 4288 luto
2101 4229 2292 4302 faecis,
2348 4230 2445 4287 cui
2506 4230 2678 4287 infixi
2731 4248 2965 4301 sumus,
3020 4237 3080 4288 et
3135 4249 3169 4287 a
3230 4231 3470 4307 peccati
3529 4229 3662 4306 lege
3715 4229 3843 4305 spi-

435 4324 592 4384 ritus
650 4325 772 4403 legi
831 4334 1244 4403 repugnante,
1308 4327 1671 4404 regiamque
1728 4329 1790 4385 in
1854 4327 2032 4385 nobis
2089 4327 2453 4403 imaginem,
2511 4335 2572 4386 et
2627 4327 2930 4405 quidquid
2984 4328 3208 4386 divinae
3259 4328 3629 4386 deﬂuxionis
3669 4327 3848 4384 nobis

432 4423 782 4499 inspersum
845 4431 976 4493 est,
1054 4442 1454 4500 corrumpere
1513 4431 1799 4482 conante.
1869 4424 1982 4481 Vix
2041 4443 2229 4500 porro
2288 4426 2665 4501 quisquam,
2749 4445 2860 4484 nec
2920 4427 3033 4484 nisi
3097 4426 3388 4483 diuturna
3452 4424 3846 4502 philosmuhia

431 4520 706 4598 seipsum
767 4520 1101 4591 domuerit,
1157 4527 1345 4597 atque
1402 4521 1631 4579 animae
1690 4520 2081 4578 nobilitatem
2142 4527 2203 4579 et
2257 4521 2603 4581 claritatem
2658 4523 2736 4582 ab
2797 4542 2869 4582 eo
2920 4525 3086 4601 quod
3147 4524 3380 4581 humile
3440 4530 3530 4582 est
3589 4531 3649 4581 et
3701 4541 3842 4579 cum

429 4617 702 4677 tenebris
760 4617 1189 4695 conjunctum.
1242 4616 1546 4694 paulatim
1610 4615 1975 4693 abripuerit.
2031 4617 2123 4674 vel
2174 4619 2368 4674 Deum
2435 4619 2769 4696 propitium
2827 4629 3048 4679 nactus
3107 4622 3208 4688 sit,
3256 4627 3363 4678 aut
3413 4622 3598 4678 etiam
3655 4619 3841 4677 ambo

427 4714 562 4773 hac
621 4713 950 4787 habuerit,
1031 4726 1220 4792 atque
1281 4714 1359 4773 ad
1422 4713 1639 4773 oculos
1697 4731 1939 4772 sursum
2001 4712 2329 4789 erigendos
2387 4733 2573 4790 quam
2641 4718 2909 4776 maxime
2969 4736 3100 4775 ses:
3159 4717 3543 4789 exercuerit,
3633 4716 3840 4792 depri-

429 4818 696 4870 mentem
732 4812 1058 4870 materiam
1114 4830 1408 4889 superare
1465 4816 1738 4888 queat.»
1801 4811 1864 4870 Si
1915 4828 2263 4888 congegere
2313 4812 2524 4870 omnia
2581 4832 2720 4888 quae
2781 4820 3032 4873 sanctus
3081 4815 3299 4872 doctor
3359 4813 3432 4871 de
3492 4814 3610 4872 hoc
3659 4831 3845 4888 argu-

428 4916 638 4968 mento
722 4909 1011 4968 disseruit
1066 4910 1562 4987 susciperemus,
1654 4908 1943 4966 volumen
2024 4927 2181 4986 pene
2247 4909 2557 4986 integrum
2620 4911 3099 4970 exscribendum
3159 4918 3320 4970 esset
3383 4929 3394 4967 '.
3483 4908 3790 4986 siquidem
3829 4941 3842 4962 ν

427 5008 505 5065 ad
567 5007 824 5067 intimos
884 5008 1132 5086 pietatis
1191 5027 1408 5067 sensus
1462 5006 1754 5065 cordibus
1814 5006 2250 5078 instillandos,
2333 5007 2488 5066 nihil
2548 5010 2752 5086 aptius
2810 5011 2870 5067 in
2936 5010 3224 5068 humanis
3288 5008 3596 5087 judicavit
3652 5025 3842 5084 quam

424 5105 856 5183 frequentem.
920 5125 1061 5183 quae
1123 5125 1233 5165 nos
1265 5106 1543 5181 undique
1604 5111 1938 5181 premunt,
2024 5105 2416 5164 miseriarum
2477 5106 3016 5166 enumerationem
3073 5126 3085 5176 ;
3166 5125 3305 5166 cum
3367 5112 3427 5165 et
3483 5105 3843 5182 superbiam

427 5203 761 5262 retundere
819 5210 878 5261 et
935 5204 1011 5261 ad
1077 5203 1493 5262 humilitatem
1555 5201 2030 5278 orationemque
2097 5204 2438 5262 accendere
2517 5210 2643 5262 tam
2723 5204 3056 5263 salubriter
3129 5205 3401 5263 valeant.
3484 5203 3841 5280 Legendum

430 5301 703 5358 maxime
753 5318 1005 5360 carmen
1058 5300 1262 5360 ﬂebile
1313 5299 1481 5377 quod
1549 5297 1630 5357 De
1686 5300 1899 5358 animae
1955 5318 2074 5358 sua?
2129 5300 2564 5360 calamitatibus
2620 5301 2986 5379 inscriptum
3043 5308 3154 5375 est,
3220 5301 3398 5379 cujus
3449 5301 3581 5360 hac
3635 5319 3838 5378 pauca

426 5414 816 5475 promamus.

503 5536 573 5606 (τι)
614 5535 709 5590 Or.
742 5537 833 5604 21,
863 5552 920 5590 n;
954 5537 1043 5590 37.

2263 5539 2331 5607 (ε)
2371 5537 2466 5593 Or.
2500 5540 2591 5606 39,
2627 5557 2683 5594 n.
2715 5541 2769 5594 7.

524 5609 575 5678 ὁ)
616 5607 711 5678 Or.
743 5607 832 5676 43,
864 5623 922 5660 n.
955 5608 1044 5662 81.

2262 5611 2327 5678 (f)
2371 5609 2492 5664 Lib.
2529 5628 2567 5663 ιι
2597 5616 2740 5665 cont.
2772 5613 2906 5678 Jul.,
2941 5631 2998 5668 n.
3033 5615 3084 5668 7.

523 5677 574 5748 ε)
613 5677 709 5734 Or.
740 5679 830 5744 24,
865 5695 923 5733 n.
989 5680 1023 5732 9
1054 5683 1109 5733 et
1139 5679 1224 5733 18.

1139 5679 1224 5733 18.
2261 5677 2332 5748 (g)
2373 5680 2466 5736 Or.
2497 5683 2552 5748 2,
2587 5699 2647 5736 n.
2675 5682 2763 5736 91.

504 5750 580 5816 id)
619 5752 750 5808 Adv.
787 5751 910 5806 Lat.
943 5749 1084 5805 trad.
1117 5751 1192 5805 De
1220 5751 1318 5806 rel.
1349 5750 1519 5819 cultu,
1553 5767 1610 5821 p.
1636 5751 1728 5803 53.
