4122 6214
279 441 378 498 125
1276 430 1685 493 PREFATIO
1731 431 2195 491 GENERALIS.
2219 461 2297 475 —
2326 431 2521 489 PARS
2568 430 2672 489 Ill.
3556 434 3672 492 126

829 571 910 636 (α)
951 571 1109 622 Inest
1141 566 1355 637 quippe
1388 564 1553 637 mihi,
1589 564 1743 619 inest
1776 564 2127 637 lexgduplex,
2163 579 2410 632 quarum
2446 561 2620 616 altera
2655 562 2891 637 quidem
2926 564 3075 618 bona

823 635 1049 694 Bonum
1083 635 1342 692 sectatur
1371 655 1382 703 ;
1419 636 1600 690 altera
1628 640 1823 689 autem
1857 635 2106 689 deterior
2139 638 2394 689 sectatur
2426 650 2550 703 qua:
2584 635 2736 688 mala
2767 640 2923 688 sunt.

831 715 908 765 Ac
939 727 1006 767 ea
1036 710 1294 780 quidem,
1329 724 1455 780 quae
1488 710 1702 780 mentis
1733 711 1840 780 est,
1879 713 2078 780 parata
2108 712 2196 759 est

826 784 910 836 Ad
945 777 1613 840 obediendum’Cbristo,
1650 779 1922 848 gradiens
1952 779 2022 830 ad
2056 777 2242 830 lucem
2277 793 2287 828 :

827 854 1021 908 Altera
1054 857 1272 918 autem,
1305 868 1428 921 quae
1461 849 1652 903 carnis
1683 855 1771 903 est
1801 855 1855 902 et
1885 849 2208 919 sanguinis,
2244 851 2511 921 prompta
2541 853 2628 900 est

827 926 913 978 Ad
949 918 1360 994 excipiendum
1393 921 1592 986 Belial,
1617 922 1766 994 dum
1799 921 1866 974 ad
1901 918 2170 994 tenebras
2203 918 2526 994 trahitur...

827 997 928 1050 His
960 990 1154 1050 autem
1189 994 1582 1065 pugnantibus
1613 992 1907 1065 inspector
1938 990 2368 1065 venitccelitus.

823 1068 1075 1138 Spiritus
1107 1062 1302 1136 magni
1328 1066 1457 1138 Dei,
1493 1071 1549 1138 et
1581 1062 1758 1117 menti
1802 1079 2042 1138 manum
2077 1063 2272 1117 dedit:

820 1134 1090 1209 Corporis
1123 1134 1431 1209 perniciosi
1463 1135 1690 1190 solvens
1724 1134 2066 1200 tumultum,
2103 1139 2275 1202 atque
2309 1138 2564 1187 atrorum

821 1207 1208 1281 Compescens
1241 1207 1511 1281 vitiorum
1545 1208 1786 1281 fluctum
1819 1214 2246 1281 assurgentem.

822 1281 934 1336 Sed
967 1275 1166 1334 tamen
1197 1279 1464 1333 rabidum
1504 1278 1711 1331 retinet
1739 1275 2013 1340 furorem,
2051 1293 2154 1330 nec
2187 1275 2333 1328 bello

821 1352 1061 1406 Desistit
1089 1367 1244 1414 caro,
1274 1349 1634 1419 iuclinatque
1667 1348 1782 1403 huc
1809 1354 1864 1402 et
1899 1347 2038 1401 illuc
2073 1364 2284 1418 pugna.

821 1423 1122 1478 Interdum
1155 1422 1390 1490 quidem
1427 1417 1619 1474 mente
1649 1436 1782 1474 caro
1812 1417 2102 1473 domatur.
2142 1417 2366 1472 Rursus
2399 1417 2542 1471 alias

821 1495 1050 1549 Fortem
1085 1509 1317 1548 carnem
1354 1509 1517 1546 mens
1551 1492 1840 1562 sequitur,
1874 1507 1989 1545 non
2021 1490 2260 1562 volens;

817 1567 926 1620 Sed
959 1565 1102 1620 illud
1137 1564 1374 1634 quidem
1410 1560 1772 1633 concupiscit
1804 1563 1954 1631 quod
1992 1561 2201 1634 melius
2234 1565 2340 1614 est.
2381 1560 2542 1622 Quod
2575 1565 2770 1614 autem
2803 1561 2948 1626 odit,

915 1638 1064 1717 du_m_
1089 1633 1246 1717 facit,
1279 1636 1668 1717 perniciosam
1682 1710 1688 1717 Α
1703 1634 1967 1714 deplorat
1990 1633 2359 1717 servitutem,

820 1709 888 1762 Et
919 1707 1099 1779 patris
1131 1703 1461 1778 primigenii
1495 1703 1919 1776 deceptionem,
1952 1710 2008 1758 et
2042 1703 2591 1779 matrisunefandam

821 1775 1396 1851 Transgressionem,
1434 1775 1653 1832 nostrai
1677 1782 1920 1831 matrem
1950 1776 2208 1830 stultitim
2243 1775 2306 1827 ⁵ο.

259 1923 472 1981 Tantas
527 1940 851 1982 aerumnas
906 1923 1050 1981 vitae
1110 1921 1403 1982 humanm
1466 1921 1623 1980 mira
1681 1920 1981 1979 varietate
2039 1927 2099 1978 et
2157 1918 2392 1977 intimis
2441 1918 2776 1995 gemitibus
2826 1918 3157 1978 lamentari
3190 1937 3314 1977 non
3349 1917 3659 1993 defatiga-

260 2025 384 2090 tur,
445 2025 538 2079 tot
604 2019 784 2079 malis
842 2026 902 2079 et
958 2019 1208 2079 fletibus
1265 2026 1326 2078 et
1383 2018 1654 2097 querelis
1709 2018 1991 2078 solamen
2050 2017 2442 2095 aliquantum
2503 2036 2575 2075 ac
2637 2017 2943 2076 medelam
3006 2018 3287 2076 conferre
3345 2024 3658 2092 satagens.

255 2122 323 2175 At
378 2117 542 2176 unde
599 2119 884 2178 levamen
941 2124 1223 2196 speraret
1277 2118 1395 2176 nisi
1452 2137 1488 2176 a
1547 2117 1766 2195 spiritu
1825 2116 2066 2193 gratiae,
2119 2135 2305 2193 quem
2357 2123 2484 2174 tam
2535 2116 2679 2175 altis
2731 2117 3034 2193 suspiriis,
3088 2135 3159 2175 ac
3220 2116 3376 2175 votis
3424 2117 3660 2174 ferven-

259 2214 408 2273 tibus
467 2215 805 2288 sollicitat,
886 2223 947 2275 et
1004 2215 1082 2275 ad
1143 2234 1206 2275 se
1266 2216 1516 2275 allicere
1577 2215 1850 2274 nititur?
1902 2215 2075 2274 Sicut
2130 2213 2322 2290 igitur
2378 2214 2742 2273 innumeras
2799 2214 3024 2273 animai
3082 2214 3478 2272 inﬁrmitates
3534 2231 3656 2271 non

260 2311 546 2387 neglexit,
607 2313 714 2372 sed
773 2314 923 2372 satis
979 2313 1275 2384 deﬂevit;
1337 2313 1424 2372 sic
1481 2312 1791 2372 medicum
1849 2312 2128 2371 bonitate
2187 2316 2248 2370 et
2304 2311 2586 2389 potentia
2643 2312 2843 2372 solum
2904 2312 3136 2371 morbis
3188 2319 3316 2371 tam
3369 2311 3566 2370 acutis
3597 2316 3658 2370 et

261 2409 570 2469 tenacibus
629 2411 922 2471 curandis
977 2411 1270 2471 idoneum
1336 2430 1458 2470 non
1513 2410 1739 2470 desinit
1795 2410 2115 2488 appellare
2176 2431 2188 2468 :
2270 2416 2331 2468 et
2386 2410 2914 2487 quemadmodum
2979 2409 3315 2469 voluntatis
3389 2409 3655 2485 languo-

264 2524 382 2564 rem
443 2514 500 2566 et
558 2509 850 2567 inertiam
910 2509 986 2568 ad
1064 2510 1298 2568 bonum
1359 2510 1591 2587 ubique
1647 2514 1941 2586 expertus
1998 2517 2059 2567 et
2128 2509 2444 2567 confessus
2501 2514 2592 2566 est
2645 2526 2658 2578 ;
2745 2508 2832 2567 ita
2887 2507 3190 2586 quidquid
3265 2507 3412 2566 boni
3470 2506 3538 2565 ﬁt
3591 2507 3654 2564 in

262 2603 428 2662 nobis
484 2611 542 2663 et
601 2624 640 2664 a
699 2605 897 2676 nobis,
951 2605 1030 2665 ad
1087 2609 1282 2665 Deum
1340 2607 1544 2666 cordis
1595 2606 1857 2665 humani
1906 2611 2206 2665 motorem
2259 2605 2578 2664 efﬁcacem
2629 2606 2857 2665 referre
2901 2613 2963 2664 et
3008 2605 3128 2682 ipsi
3173 2604 3482 2663 ascribere
3531 2623 3655 2662 non

267 2699 453 2759 haesit.
534 2703 780 2762 Bonum
843 2721 1028 2763 omne
1087 2721 1122 2762 a
1180 2707 1305 2763 Deo
1361 2704 1608 2763 initium
1669 2721 1914 2762 sumere
1967 2711 2026 2762 et
2081 2704 2160 2762 ad
2219 2703 2402 2762 ﬁnem
2466 2704 2762 2780 perduci,
2846 2704 3058 2780 paucis
3134 2703 3238 2761 sed
3297 2701 3657 2761 decretoriis

267 2802 563 2858 testatur:
635 2801 878 2871 «Deus,
941 2801 1148 2878 inquit
1202 2800 1307 2879 (ὁ),
1372 2819 1408 2859 a
1462 2820 1587 2878 quo
1647 2800 1878 2859 bonum
1939 2819 2122 2860 omne
2183 2801 2424 2858 initium
2488 2801 2680 2873 ducit,
2742 2807 2930 2878 atque
2988 2802 3062 2858 ad
3120 2801 3304 2859 finem
3366 2799 3654 2877 perduci-

266 2900 375 2965 tur,
434 2896 707 2955 oratioui
767 2898 1112 2974 opitulator
1168 2898 1442 2957 accedat.
1484 2923 1511 2953 ι)

330 2991 705 3070 Principium
755 2993 903 3052 boni
954 2995 1182 3071 operis,
1227 2993 1488 3071 justitiae
1547 3002 1607 3054 et
1666 2993 1960 3054 bonitatis
2016 2995 2077 3054 in
2139 2995 2392 3055 homine
2441 2996 2578 3054 fons
2638 3002 2699 3055 et
2755 2995 2952 3072 origo,
2995 2996 3164 3054 haud
3197 2995 3383 3054 dubie
3412 2994 3654 3053 sincera

266 3086 419 3160 ﬁdes,
472 3090 657 3167 cujus
716 3090 958 3150 initium
1019 3099 1079 3151 et
1134 3094 1484 3171 profectum
1545 3093 1780 3170 absque
1843 3093 1966 3152 ulla
2022 3094 2419 3152 cunctatione
2475 3094 2807 3170 Gregorius
2865 3097 2991 3153 Deo
3049 3093 3372 3170 assignat:
3440 3117 3469 3146 «
3517 3093 3654 3151 'I‘ri-

265 3186 528 3258 nitatem,
597 3188 800 3267 inquit
862 3189 956 3267 (c),
1019 3208 1054 3248 o
1117 3191 1249 3260 viri,
1309 3191 1493 3249 unius
1548 3191 1807 3250 Deitatis
1864 3209 1994 3250 esse
2050 3192 2390 3261 fateamini,
2456 3198 2589 3263 aut,
2648 3192 2697 3250 si
2756 3192 2952 3268 magis
3011 3193 3236 3269 placet,
3298 3190 3482 3249 unius
3542 3208 3652 3247 na-

265 3287 450 3355 tura;
513 3291 710 3362 atque
767 3285 930 3344 hanc
983 3305 1199 3346 vocem
1258 3288 1466 3366 (Deus)
1523 3307 1560 3348 a
1618 3288 1853 3366 Spiritu
1915 3288 2086 3348 vobis
2145 3289 2620 3366 postulabimus.
2679 3290 2860 3348 Dabit
2905 3291 3067 3348 enim
3121 3290 3399 3366 profecto
3432 3305 3651 3346 secun-

269 3377 436 3453 dum,
501 3383 616 3459 qui
670 3383 939 3460 primum
999 3384 1189 3443 dedit.
1253 3409 1281 3439 »
1369 3385 1506 3444 Jam
1576 3386 1740 3444 enim
1800 3385 2100 3462 Spiritum
2157 3393 2442 3444 sanctum
2503 3388 2668 3446 Patri
2726 3393 2783 3445 et
2844 3387 2998 3446 Filio
3059 3384 3652 3445 consubstantialem

262 3477 680 3551 crediderant,
767 3481 873 3540 sed
933 3484 1129 3540 Deum
1189 3482 1469 3560 proﬁteri
1525 3483 1990 3541 inﬁciabantur.
2051 3485 2179 3542 Hoc
2238 3484 2592 3544 testimonio
2674 3503 2818 3542 usus
2879 3491 2970 3542 est
3023 3483 3447 3560 Augustinus,
3540 3481 3650 3539 lib.

261 3571 332 3632 De
383 3575 532 3636 dono
581 3579 1068 3657 perseverantiae,
1128 3580 1234 3639 sed
1293 3581 1650 3658 interpretis
1704 3580 2034 3640 oscitantia
2098 3600 2219 3640 non
2281 3582 2433 3639 nihil
2493 3582 2948 3658 depravatum,
3014 3588 3079 3641 ut
3138 3581 3297 3640 bene
3356 3585 3656 3639 notarunt

261 3672 377 3744 eius
432 3674 709 3733 editores
765 3674 1108 3737 novissimi.

326 3768 473 3838 Quid
534 3771 767 3831 mirum
820 3771 964 3830 inde
1013 3772 1063 3830 si
1112 3779 1364 3832 sanctus
1416 3774 1637 3833 doctor
1684 3779 1962 3836 errantes
2011 3794 2048 3833 a
2097 3778 2223 3834 Deo
2277 3775 2618 3833 illuminari
2668 3781 2728 3833 et
2786 3775 3105 3834 immutari
3166 3775 3457 3851 postulet,
3513 3792 3655 3833 cum

264 3863 416 3935 ﬁdes,
450 3887 646 3945 quam
707 3887 741 3926 a
800 3871 927 3928 Deo
987 3870 1164 3929 nobis
1223 3871 1441 3929 donari
1501 3871 1864 3943 declaravit,
1919 3872 2052 3931 sola
2107 3872 2495 3932 inﬁdelitatis
2552 3872 2840 3932 tenebras
2899 3872 3247 3931 discutiat?
3313 3871 3489 3942 «Qui
3537 3891 3650 3929 au-

265 3967 394 4034 tem,
450 3966 663 4044 inquit
718 3964 829 4044 (d),
889 3966 1080 4043 ligata
1138 3969 1429 4045 exponit,
1489 3975 1550 4027 et
1607 3988 1798 4028 nexus
1857 3969 2176 4041 dissolvit,
2235 3989 2305 4028 ac
2367 3970 2543 4028 nobis
2597 3970 2661 4027 in
2722 3976 2990 4028 mentem
3054 3970 3337 4039 induxit,
3402 3975 3469 4026 ut
3522 3968 3657 4027 vio‘

257 4058 544 4120 ientorum
612 4062 986 4138 dogmatum
1049 4064 1452 4142 obliquitates
1509 4067 1928 4138 solveremus,
2011 4067 2282 4126 maxime
2340 4067 2589 4144 quidem
2650 4067 2920 4144 optarim
2984 4075 3051 4125 ut
3127 4068 3240 4125 hos
3319 4067 3656 4144 (Arianos)

265 4166 544 4232 mmutet,
602 4178 675 4219 ac
739 4179 852 4237 pro
909 4163 1376 4239 argutatoribus
1437 4163 1592 4240 pios,
1629 4170 1688 4222 et
1747 4183 1857 4241 pro
1920 4164 2011 4235 iis,
2065 4166 2172 4241 qui
2230 4182 2394 4222 nunc
2451 4165 2871 4242 appellantur,
2903 4165 3285 4224 Christianos
3335 4164 3584 4224 efﬁciat.
3624 4187 3650 4218 ››

323 4258 437 4315 Nec
497 4258 611 4335 qui
670 4258 858 4317 ﬁdem
913 4260 1301 4337 acceperint,
1358 4261 1473 4319 sibi
1523 4261 1653 4338 jam
1715 4263 1863 4320 satis
1923 4280 2054 4320 esse
2114 4261 2496 4320 arbitrentur
2554 4268 2622 4320 ut
2677 4261 2971 4339 deinceps
3029 4262 3345 4339 quoslibet
3406 4262 3655 4340 pietatis

259 4361 411 4412 actus
467 4362 779 4423 exerant;
842 4357 948 4416 sed
1008 4358 1214 4416 adhuc
1263 4367 1322 4417 et
1374 4377 1621 4436 semper
1667 4360 1817 4436 ipsis
1866 4359 2101 4418 auxilio
2161 4360 2371 4419 divino
2423 4378 2582 4436 opus
2631 4378 2784 4432 esse,
2843 4367 2909 4418 ut
2943 4367 3106 4419 recte
3140 4360 3331 4418 velint
3364 4367 3653 4436 recteque

259 4458 451 4525 agant,
514 4461 771 4513 sanctus
823 4455 1064 4526 doctor,
1125 4474 1200 4514 ne
1260 4456 1465 4515 fallaci
1524 4457 1906 4516 conﬁdentia
1959 4458 2291 4516 czecutiant
2348 4463 2408 4516 et
2466 4457 2714 4528 cadant,
2779 4476 2883 4516 eos
2945 4464 3229 4535 potenter
3289 4475 3647 4516 commone-

262 4546 410 4617 facit,
474 4551 877 4629 explanando
940 4553 1057 4612 hoc
1116 4554 1458 4613 Salvatoris
1517 4555 1822 4614 effatum:
1892 4557 2090 4613 «Non
2151 4573 2365 4613 omnes
2425 4555 2683 4631 capiunt
2739 4555 2997 4613 verbum
3060 4556 3198 4624 hoc,
3263 4555 3369 4613 sed
3429 4554 3654 4631 quibus

263 4643 456 4704 datum
517 4653 611 4706 est
636 4649 702 4707 ⁵¹.
738 4670 765 4703 ι)
834 4652 1174 4726 Postquam
1225 4653 1300 4728 (θ)
1356 4671 1391 4710 a
1454 4652 1881 4710 voluntatibus
1939 4652 2231 4711 humanis
2289 4670 2535 4710 omnem
2596 4652 2851 4710 fatale-m
2911 4655 3338 4711 necessitatem
3402 4651 3648 4727 repulit,

266 4736 601 4804 libertatem
656 4747 1041 4818 asserendo;
1097 4747 1226 4821 jam
1289 4755 1358 4807 ut
1413 4768 1627 4808 eorum
1681 4749 1786 4825 qui
1839 4749 1957 4808 sibi
1989 4749 2064 4808 de
2115 4749 2379 4825 prOpriis
2409 4749 2641 4806 viribus
2673 4749 2931 4808 nimium
2964 4749 3378 4807 blandiuntur
3409 4748 3656 4824 frangat

261 4841 624 4915 superbiam,
686 4844 870 4901 verba
934 4844 1108 4902 Pauli
1169 4846 1411 4921 magnis
1470 4847 1714 4904 intonat
1771 4846 2076 4904 vocibus:
2146 4848 2340 4904 «Non
2401 4853 2492 4905 est
2549 4845 2836 4915 volentis,
2903 4864 3104 4922 neque
3163 4845 3489 4914 currentis,
3544 4845 3648 4904 sed

262 4934 586 4996 miserantis
635 4940 742 4998 Dei
776 4940 855 5009 52;
891 4964 920 4994 »
984 4959 1059 4999 ex
1117 4943 1343 5018 quibus
1388 4944 1473 5001 sic
1525 4944 1711 5002 infert
1763 4961 1773 5000 :
1843 4969 1868 4997 ‹‹
1925 4944 2234 5012 Quoniam
2286 4944 2449 5002 enim
2503 4945 2787 5001 nonnulli
2835 4950 2997 5014 sunt,
3035 4943 3138 5020 qui
3174 4943 3253 5000 ob
3290 4948 3451 5002 recte
3484 4942 3648 5001 facta

259 5029 333 5087 ita
377 5035 598 5093 animis
646 5036 1010 5106 efferuntur,
1069 5045 1134 5096 ut
1193 5039 1250 5096 id
1303 5045 1501 5098 totum
1556 5041 1668 5098 sibi
1720 5040 1870 5116 ipsis
1919 5040 2254 5111 ascribant,
2312 5059 2422 5098 nec
2476 5041 2819 5118 quidquam
2869 5042 3170 5108 Creatori,
3222 5046 3281 5099 et
3325 5040 3644 5118 sapientiae

263 5143 456 5188 eorum
524 5134 788 5204 auctori,
849 5152 920 5192 ac
976 5135 1286 5194 bonorum
1343 5139 1622 5195 omnium
1683 5138 2136 5215 suppeditatori
2197 5145 2521 5215 acceptum
2588 5141 2822 5202 ferant,
2889 5139 2982 5195 his
3045 5139 3244 5197 verbis
3306 5157 3409 5196 eos
3467 5138 3649 5196 docet

263 5225 513 5300 Paulus,
577 5231 739 5307 quod
801 5231 1002 5308 ipsum
1062 5233 1248 5291 etiam
1312 5241 1477 5294 recte
1539 5235 1693 5294 velle
1751 5234 1964 5293 divino
2021 5234 2299 5310 indigeat
2357 5234 2637 5307 auxilio;
2700 5236 2864 5306 imo,
2930 5237 3154 5294 rectius
3213 5237 3472 5311 loquar,
3538 5252 3644 5293 vo-

266 5316 452 5381 luntas
508 5343 760 5403 quoque
815 5327 975 5404 ipsa,
1038 5335 1100 5387 et
1155 5329 1374 5388 electio
1433 5349 1674 5401 eorum,
1736 5349 1876 5407 quae
1934 5339 2105 5390 recta
2162 5337 2221 5389 et
2279 5349 2419 5389 cum
2483 5332 2689 5391 ofﬁcio
2748 5331 3086 5408 conjuncta
3142 5338 3308 5402 sunt,
3367 5331 3646 5389 divinum

324 5459 363 5491 ⁸ο
391 5461 555 5518 Rom.
586 5481 684 5532 vn,
725 5466 900 5520 15-25.
979 5467 1020 5500 ⁶¹
1053 5467 1256 5522 Matth.
1290 5485 1405 5536 xu,
1438 5470 1523 5524 11.
1602 5471 1645 5504 ⁵³
1675 5471 1840 5525 Rom.
1877 5487 1953 5537 1x,
1992 5471 2077 5524 16.

326 5593 393 5673 ξιξ)
431 5595 619 5673 ςειιφ.
654 5599 706 5668 4,
739 5615 794 5673 v_.
828 5601 892 5654 71
924 5604 981 5655 et
1009 5616 1171 5672 seqq.
2069 5603 2142 5673 (ἀ)
2183 5604 2276 5657 Or.
2310 5603 2398 5669 29,
2435 5621 2490 5657 n.
2523 5605 2613 5657 21.

329 5664 388 5745 gb‘)
428 5666 519 5745 ρι’.
552 5669 607 5745 t3,
638 5664 700 5723 ni
731 5671 819 5745 1?.
1090 5664 1108 5671 ’
1134 5664 1149 5672 ’

1090 5664 1108 5671 ’
1134 5664 1149 5672 ’
2068 5664 2137 5745 (ε)
2178 5674 2272 5729 0r.
2305 5664 2395 5743 37,’
2428 5693 2484 5728 η.
2523 5677 2604 5729 13.

328 5732 390 5801 (ε)
426 5737 518 5792 Or.
551 5732 638 5808 41,
672 5759 729 5796 n.
762 5741 820 5797 8.
