4122 6214
437 422 549 483 127
1441 426 1858 488 ΡΗιΕΕΑΤΙΟ
1905 426 2457 490 GENEBALIS.-—
2485 427 2685 492 PARS
2731 426 2836 490 ill.
3722 425 3846 487 198

436 555 752 630 quoddam
805 556 1178 618 beneﬁcium
1228 564 1340 632 est,
1399 565 1588 638 atque
1645 579 1682 619 a
1742 561 1849 621 Dei
1895 561 2283 640 benignitate
2335 579 2696 621 manans....
2747 559 2981 623 Idcirco
3032 559 3164 623 ait:
3225 582 3256 616 α
3308 576 3431 617 non
3483 557 3775 630 volentis,
3825 582 3852 612 υ

433 649 494 708 id
548 658 660 725 est,
712 673 836 712 non
887 654 1087 714 solum
1140 656 1430 728 volentis,
1498 682 1528 711 «
1576 675 1689 718 nec
1742 659 2114 720 currentis»
2177 659 2399 734 solum,
2471 682 2501 712 «
2545 658 2650 716 sed
2702 681 2730 711 »
2795 657 2983 717 etiam
3047 680 3074 710 α
3113 655 3461 716 miserentis
3489 655 3621 713 Dei.
3662 680 3689 710 »
3753 658 3847 715 ita

434 749 731 824 quoniam
791 752 949 810 velle
1009 772 1259 846 quoque
1316 755 1521 833 ipsum
1579 774 1615 814 a
1675 759 1800 816 Deo
1858 762 1971 832 est,
2032 757 2271 835 optimo
2323 757 2465 834 jure
2521 762 2720 818 totum
2782 758 2906 816 Deo
2966 754 3328 834 assignavit.
3372 753 3852 823 Quantumlibet

436 865 671 922 curras,
724 855 1187 930 quantumlibet
1237 862 1455 929 certes,
1518 875 1675 936 opus
1729 857 1924 916 habes
1981 875 2055 917 eo
2110 857 2219 934 qui
2275 857 2385 916 dat
2440 873 2759 916 coronam.
2828 876 2856 911 (ι
2906 853 3034 913 Nisi
3084 853 3385 913 Dominus
3444 851 3857 912 aedificaverit

437 947 734 1022 domum,
812 952 877 1011 in
936 972 1165 1013 vanum
1225 955 1671 1016 laboraverunt
1728 956 1835 1036 qui
1895 955 2208 1018 aediﬁcant
2263 973 2426 1020 eam.
2504 953 2632 1018 Nisi
2691 952 2995 1013 Dominus
3065 951 3430 1014 custodierit
3486 949 3848 1014 civitatem,

436 1045 666 1106 frustra
723 1049 941 1127 vigilat
989 1052 1097 1129 qui
1146 1053 1417 1113 custodit
1464 1072 1601 1114 eam
1633 1054 1700 1113 ⁵³.
1742 1079 1768 1109 »
1821 1055 1989 1125 Scio,
2040 1053 2266 1132 inquit.
2310 1054 2479 1131 quod
2527 1071 2640 1114 nec
2688 1051 2995 1115 velocium
3046 1069 3264 1115 cursus
3311 1055 3404 1109 est
3452 1066 3566 1107 nec
3613 1046 3849 1106 bellum

433 1143 711 1219 lortium,
748 1167 860 1208 nec
901 1151 1320 1227 pugnantium
1354 1152 1636 1224 victoria,
1673 1170 1787 1212 nec
1833 1169 2130 1233 prospere
2163 1149 2594 1230 navigantium
2643 1154 2860 1233 portus
2894 1166 2908 1222 ;
2970 1148 3079 1208 sed
3127 1147 3238 1212 Dei
3285 1153 3394 1218 est,
3431 1152 3493 1205 et
3523 1144 3847 1204 victoriam

434 1241 680 1314 aﬁ‘erre,
717 1252 778 1304 et
815 1247 1194 1307 incolumem
1227 1249 1529 1328 scapham
1561 1251 1622 1309 in
1655 1255 1905 1329 portum
1937 1249 2300 1330 perducere.
2334 1271 2362 1304 υ

516 1340 671 1409 Quid
737 1343 971 1421 plura?
1031 1352 1091 1404 et
1139 1347 1288 1424 quid
1340 1348 1457 1407 sibi
1508 1367 1804 1426 arrogare
1854 1348 2133 1409 humana
2179 1347 2470 1407 voluntas
2523 1351 2888 1424 praesumat,
2940 1362 3084 1408 cum
3132 1350 3195 1406 et
3239 1344 3374 1422 ipsa
3423 1341 3590 1401 bona
3620 1338 3850 1400 volun-

436 1442 556 1510 tas,
608 1446 667 1498 et
716 1442 937 1503 electio
988 1444 1063 1503 ad
1116 1452 1282 1505 recte
1329 1447 1666 1523 agendum,
1721 1454 1782 1507 et
1831 1446 2010 1507 labor
2059 1451 2119 1505 et
2167 1463 2384 1505 cursus
2434 1449 2495 1504 et
2540 1443 2804 1503 victoria
2855 1448 2912 1502 et
2962 1441 3382 1511 incolumitas,
3435 1446 3496 1499 et
3543 1436 3852 1516 quidquid

435 1535 696 1611 cogitari
755 1546 958 1616 potest
1019 1561 1216 1620 usque
1273 1543 1352 1603 ad
1413 1544 1801 1621 triumphum
1861 1550 1924 1604 et
1978 1543 2230 1621 plenam
2290 1547 2426 1620 post
2489 1541 2768 1619 pericula
2823 1539 3262 1611 securitatem,
3325 1544 3524 1597 totum
3584 1540 3710 1596 Deo
3770 1535 3850 1594 sit

435 1635 675 1711 optimo
727 1637 870 1714 jure
932 1640 1394 1698 tribuendum?
1451 1642 1607 1701 Hinc
1667 1642 1716 1700 si
1771 1646 1896 1701 Deo
1955 1659 2239 1710 munera,
2299 1640 2464 1716 grati
2521 1639 2716 1698 animi
2791 1638 3113 1715 obsequia,
3176 1637 3400 1696 offerre
3460 1635 3849 1696 studeamus,

437 1751 562 1791 non
623 1751 656 1791 a
715 1734 894 1793 nobis
951 1742 1250 1814 tanquam
1312 1757 1386 1797 ex
1445 1738 1623 1798 nobis
1679 1738 1814 1801 haec
1869 1757 2274 1822 promamus,
2323 1737 2431 1798 sed
2490 1743 2792 1814 tanquam
2869 1736 3034 1796 dona
3107 1735 3301 1816 ipsius
3360 1733 3848 1803 muniﬁcentia,

435 1836 625 1906 prout
678 1838 847 1903 sunt,
907 1833 1186 1893 dicemus
1243 1836 1298 1893 ei
1357 1841 1419 1894 et
1474 1854 1812 1895 voveamus
1863 1854 1876 1908 ;
1939 1836 2108 1914 quod
2166 1841 2227 1894 et
2283 1835 2532 1912 pietatis
2590 1833 2862 1893 ofﬁcium
2925 1835 3051 1893 Deo
3109 1831 3532 1910 gratissimum
3590 1838 3684 1890 est
3740 1849 3855 1890 no-

438 1928 657 2006 bisque
715 1930 1221 1991 saluberrimum.
1290 1934 1559 2006 «Alius,
1619 1934 1824 2011 inquit
1881 1932 1984 2012 (a),
2048 1934 2253 1993 minus
2309 1933 2587 2010 quidem,
2649 1933 2812 1991 alius
2867 1931 3093 2010 majus,
3152 1948 3371 1991 omnes
3426 1935 3635 1989 tamen
3693 1929 3857 1988 citra

439 2027 868 2105 exceptionem
929 2029 1290 2103 oii‘eramus,
1349 2032 1410 2090 in
1471 2050 1628 2109 opus
1683 2032 2060 2109 perfectum,
2120 2032 2183 2090 in
2241 2030 2671 2091 habitaculum
2729 2028 2988 2103 Christi,
3047 2031 3110 2088 in
3169 2028 3471 2106 templum
3530 2033 3845 2099 sanctum,

438 2126 927 2186 architectonica
987 2128 1256 2206 Spiritus
1331 2135 1464 2188 arte
1539 2130 1878 2189 constructi
1953 2136 2015 2188 et
2070 2129 2516 2207 coagmentati.
2551 2127 2709 2188 illud
2769 2128 3021 2205 quidem
3078 2126 3335 2186 minime
3388 2124 3652 2184 dubium
3709 2131 3844 2197 est,

437 2223 609 2300 quin,
663 2223 908 2283 etiamsi
967 2227 1180 2284 omnia
1237 2226 1708 2298 contulerimus,
1769 2227 1971 2286 minus
2023 2232 2232 2285 tamen
2283 2224 2573 2285 collaturi
2620 2226 2833 2296 simus,
2888 2242 3076 2302 quam
3128 2224 3506 2301 accepimus.
3557 2221 3846 2293 Quando.

331 2349 333 2352 ⁴
438 2320 689 2398 quidem
751 2322 943 2380 divini
1001 2323 1286 2383 beneﬁcii
1343 2331 1433 2383 est
1489 2326 1656 2403 quod
1715 2343 1962 2397 sumus,
2025 2324 2195 2400 quod
2251 2325 2447 2382 Deum
2508 2322 2975 2401 cognoscimus,
3039 2321 3335 2399 quodque
3387 2320 3610 2391 etiam,
3670 2320 3841 2396 quod

439 2418 816 2490 offeramus,
902 2420 1230 2480 habemus.
1294 2443 1320 2477 ι)
1407 2423 1686 2482 Tandem
1747 2421 2088 2499 quemlibet
2163 2421 2512 2498 profectum
2572 2419 2634 2478 in
2688 2419 2916 2478 virtute
2987 2418 3355 2490 fecerimus,
3441 2417 3844 2495 quantumvis

437 2517 844 2576 immutemur
900 2518 962 2576 in
1023 2519 1263 2591 melius,
1319 2539 1444 2578 non
1500 2520 1677 2579 nobis
1736 2519 2144 2597 gratulemur,
2199 2519 2305 2577 sed
2355 2518 2482 2576 Deo
2528 2516 2763 2595 gratias
2820 2517 3184 2586 referamus,
3241 2515 3419 2593 cujus
3465 2514 3728 2574 dextera
3774 2513 3844 2573 ﬁt

439 2615 574 2674 haec
633 2615 1001 2693 quotidiana
1059 2634 1300 2675 morum
1360 2616 1737 2686 emendatio,
1799 2623 1866 2676 ut
1925 2615 2261 2693 Gregorius
2319 2615 2651 2674 conﬁrmat
2708 2614 2843 2674 haec
2895 2614 3085 2673 verba
3143 2613 3480 2690 Scriptura)
3537 2611 3846 2686 interpre-

438 2714 678 2772 tando:
733 2737 759 2767 α
795 2712 935 2773 Νοη
983 2713 1296 2794 apparebz's
1346 2715 1406 2773 in
1454 2723 1758 2794 conspectu
1804 2733 1927 2773 meo
1975 2733 2185 2774 vacuus
2215 2715 2259 2748 “
2289 2736 2315 2770 υ
2369 2733 2381 2774 :
2442 2715 2727 2773 «Verum
2778 2712 2829 2771 si
2876 2711 3024 2790 quid
3076 2711 3323 2789 pulchri
3370 2710 3584 2781 habes,
3633 2715 3844 2768 tecum

433 2811 617 2870 feres.
677 2814 756 2870 At
807 2829 993 2881 nunc,
1056 2813 1259 2889 inquit
1307 2811 1411 2891 (ὁ),
1474 2813 1717 2872 diverso
1776 2813 1964 2872 modo
2022 2831 2220 2871 novus
2277 2829 2532 2889 appara,
2585 2811 2673 2873 sic
2730 2827 2976 2888 nempe,
3038 2816 3109 2868 ut
3162 2814 3330 2869 totus
3386 2806 3842 2866 immuteris....

436 2909 592 2967 Huic
654 2909 836 2982 festo,
891 2911 1165 2969 muneris
1221 2910 1383 2982 loco,
1436 2911 1801 2989 praeclaram
1862 2911 2272 2970 mutationem
2325 2909 2498 2980 offer,
2554 2927 2625 2968 ac
2682 2925 2758 2968 ne
2813 2909 2900 2967 sic
2957 2907 3210 2985 quidem
3271 2905 3606 2984 magniﬁce,
3656 2906 3733 2965 de
3785 2913 3846 2964 te

433 3007 686 3076 sentias,
737 3025 953 3066 verum
1013 3009 1110 3067 dic
1168 3027 1309 3068 cum
1365 3009 1641 3069 Davide:
1700 3031 1729 3063 «
1763 3011 1905 3068 Haec
1955 3009 2218 3068 mutatio
2266 3009 2536 3068 dexterae
2586 3006 2922 3078 Excelsi“,
2957 3027 2984 3062 υ
3036 3025 3074 3066 a
3121 3023 3248 3083 quo
3297 3009 3629 3084 promanat
3658 3003 3843 3082 quid-

431 3105 582 3181 quid
643 3106 722 3164 ab
783 3105 1144 3166 hominibus
1203 3114 1368 3167 recte
1424 3115 1487 3168 et
1542 3125 1683 3166 cum
1742 3108 1928 3166 laude
1986 3107 2316 3184 geritur.»

512 3202 660 3273 Quis
717 3209 927 3262 autem
986 3205 1149 3264 inter
1205 3210 1299 3264 tot
1353 3205 1674 3283 pericula,
1756 3210 1848 3264 tot
1906 3205 2320 3265 tentationum
2379 3203 2594 3282 praelia
2651 3203 2869 3262 ﬁrmus
2923 3208 2983 3262 et
3038 3203 3295 3262 securus
3352 3200 3715 3279 gradietur,
3793 3200 3845 3260 si

434 3299 603 3359 solus
661 3307 878 3362 contra
937 3301 1147 3362 hostes
1207 3309 1332 3362 tam
1392 3303 1823 3363 formidandos
1876 3321 2159 3380 pugnare
2217 3308 2480 3379 cogatur
2527 3303 2556 3360 ?
2634 3304 2809 3361 Nunc
2868 3319 3016 3378 ergo
3074 3299 3544 3361 sollicitationes
3601 3297 3841 3370 mundi,

430 3396 740 3475 impulsus
796 3399 1053 3471 diaboli,
1115 3401 1319 3459 carnis
1376 3401 1788 3473 titillationes,
1850 3401 2214 3478 cupidinum
2275 3407 2482 3467 aestus,
2550 3405 2612 3458 et
2667 3398 2974 3477 quidquid
3031 3397 3312 3457 animum
3371 3415 3408 3459 a
3465 3395 3694 3458 virtute
3744 3395 3850 3456 de-

423 3492 617 3572 jicere
667 3501 890 3572 potest,
926 3516 1244 3575 superare,
1281 3500 1696 3576 comprimere
1745 3505 1806 3558 et
1852 3499 2268 3576 exstinguere,
2306 3497 2514 3557 nullus
2555 3515 2704 3557 sane
2746 3501 2952 3574 potest
2991 3495 3108 3554 nisi
3147 3513 3266 3573 ope
3304 3494 3516 3554 divina
3563 3495 3845 3553 munitus

431 3599 492 3651 et
521 3593 796 3671 adjutus,
853 3602 920 3654 ut
963 3596 1296 3673 Gregorius
1343 3597 1527 3656 docet
1556 3597 1680 3676 (c):

1073 3720 1132 3773 Si
1163 3721 1386 3787 tremis,
1422 3721 1561 3790 quia
1591 3720 1869 3791 stipulam
1909 3719 2166 3774 scintilla
2207 3718 2348 3773 levis
2394 3718 2658 3773 accendit
2690 3735 2701 3771 :

1068 3791 1324 3846 Conﬁde.
1361 3792 1551 3846 imber
1590 3807 1619 3846 e
1652 3791 1793 3846 coelo
1833 3791 2197 3862 refrigerabit
2225 3791 2519 3862 ingentem
2556 3791 2876 3844 ﬂammam.

432 3904 667 3974 Quibus
721 3905 1009 3966 addenda
1065 3925 1206 3984 qua
1263 3907 1650 3984 Augustinus
1709 3905 1793 3986 (d)
1870 3925 1945 3966 ex
2007 3906 2332 3984 deperdito
2390 3923 2580 3983 opere
2640 3904 2920 3981 Gregorii
2978 3903 3288 3982 decerpsit
3359 3908 3420 3961 et
3503 3901 3761 3980 protulit
3829 3920 3843 3962 :

439 4027 466 4060 «
515 4007 739 4065 Anima
788 4026 1084 4085 namque,
1139 4025 1280 4067 cum
1332 4008 1395 4066 in
1452 4007 1772 4067 laboribus
1819 4007 2004 4066 fuerit
2055 4012 2117 4066 et
2171 4007 2231 4065 in
2296 4006 2621 4084 angustiis,
2673 4024 2812 4065 cum
2866 4004 3176 4065 hostiliter
3227 4011 3484 4081 urgetur
3535 4021 3572 4063 a
3628 4019 3840 4076 carne,

435 4107 583 4159 tunc
641 4103 717 4162 ad
777 4106 972 4163 Deum
1033 4105 1280 4181 refugit,
1341 4112 1401 4165 et
1457 4105 1777 4183 cognoscit
1835 4105 2000 4163 unde
2058 4104 2281 4164 debeat
2339 4104 2639 4163 auxilium
2699 4121 2976 4181 poscere.
3033 4127 3059 4156 ι»

515 4200 654 4257 Jam
713 4219 858 4259 vero
919 4208 985 4260 ut
1043 4203 1158 4261 sibi
1217 4222 1550 4281 supernam
1604 4205 1895 4262 virtutem
1959 4201 2266 4270 conciliet,
2328 4200 2478 4277 quid
2533 4199 2895 4278 sapientius,
2957 4197 3108 4276 quid
3167 4197 3478 4257 salubrius
3537 4197 3844 4274 languens

437 4301 496 4354 et
553 4295 864 4357 invalidus
921 4301 1322 4377 excogitaret,
1385 4321 1573 4378 quam
1639 4307 1839 4361 totum
1900 4300 2126 4358 divinae
2185 4299 2403 4376 gratiae
2459 4316 2522 4357 se
2579 4297 3006 4370 committere,
3070 4295 3195 4355 suis
3253 4295 3580 4355 conatibus
3630 4295 3840 4355 nullo—

439 4392 623 4451 modo
677 4394 1063 4453 subnixum?
1117 4400 1238 4456 Nec
1293 4398 1497 4457 minus
1547 4399 1942 4476 probandum
1994 4398 2067 4471 si,
2101 4395 2408 4474 quidquid
2459 4399 2680 4472 potest,
2717 4394 3021 4474 quidquid
3065 4393 3250 4465 valet,
3284 4391 3527 4452 Christo
3577 4392 3848 4453 libenter

435 4490 646 4549 omnia
678 4491 1001 4551 concedat.

1076 4618 1140 4687 (ε)
1185 4619 1245 4672 in
1279 4622 1353 4684 te,
1387 4616 1632 4680 Christe,
1672 4617 1799 4688 plus
1831 4618 2014 4674 habeo
2047 4618 2270 4672 ﬁducita
2302 4634 2477 4688 quam
2521 4617 2576 4673 in
2612 4615 2916 4671 conatibus
2949 4615 3158 4673 meis...

1075 4692 1139 4760 (f)
1184 4689 1260 4742 Ex
1292 4694 1366 4752 te,
1413 4689 1469 4742 in
1502 4695 1575 4756 te,
1611 4687 1802 4755 Beate,
1836 4707 2040 4744 rursus
2071 4690 2301 4743 intueor
2326 4687 2515 4760 robur
2541 4704 2803 4760 meum...

1075 4758 1142 4827 ig)
1188 4761 1304 4814 Rex
1335 4760 1579 4827 Christe,
1615 4767 1676 4815 tu
1710 4760 1852 4814 mihi
1885 4761 2095 4831 patria,
2130 4761 2325 4826 robur,
2361 4759 2591 4829 divitiae,
2626 4758 2843 4813 omnia.

431 4879 504 4934 lit
558 4882 797 4953 quanta
853 4877 931 4935 sit
991 4877 1208 4954 gratiae
1265 4877 1484 4948 virtus,
1549 4883 1786 4955 quanta
1843 4878 1978 4955 ejus
2036 4878 2098 4936 in
2159 4877 2348 4937 corde
2406 4880 2713 4936 movendo
2766 4874 3125 4944 efﬁcacitas,
3185 4873 3366 4934 nobis
3412 4873 3684 4952 graviter
3740 4872 3840 4931 in-

431 4973 659 5045 culcat,
721 4974 870 5033 dum
928 4975 1112 5034 toties
1173 4976 1414 5052 profert
1470 4975 1774 5035 miracula
1830 4995 1970 5054 quae
2029 4975 2312 5035 Christus
2369 4975 2738 5054 corporibus
2795 4972 3089 5033 sanandis
3144 4971 3357 5044 edidit,
3411 4978 3479 5030 ut
3535 4971 3669 5050 ejus
3725 4989 3842 5049 po-

435 5071 693 5131 tentiam
755 5072 1059 5131 illustrius
1117 5073 1526 5132 demonstret.
1624 5099 1652 5127 ‹‹
1708 5074 1918 5133 Jesum
1976 5073 2248 5147 videbis,
2331 5073 2535 5151 inquit
2588 5070 2710 5153 (ἡ),
2768 5070 3132 5150 angelorum
3193 5067 3535 5129 ministerio
3595 5068 3718 5140 uti,
3780 5074 3845 5128 et

439 5172 690 5232 morbos
743 5192 960 5233 omnes
1011 5193 1083 5232 ac
1139 5173 1475 5249 languores
1522 5191 1765 5246 curare,
1816 5180 1876 5233 et
1933 5179 2214 5233 mortuos
2271 5174 2346 5234 ad
2410 5173 2599 5233 vitam
2655 5190 2966 5240 revocare,
3009 5169 3541 5250 quemadmodum
3597 5169 3838 5230 utinam

437 5275 496 5329 te
552 5288 803 5348 quoque
862 5269 1005 5330 ﬁdei
1065 5272 1370 5350 pravitate
1429 5278 1833 5332 mortuum.»
1894 5274 2160 5332 Tantam
2218 5271 2443 5331 divinae
2498 5271 2717 5350 gratiae
2766 5270 3084 5344 ﬁduciam,
3135 5274 3375 5330 tantam
3429 5269 3506 5329 de
3552 5285 3666 5329 sua
3705 5267 3843 5328 efﬁ-

507 5413 550 5446 ⁵³
582 5411 735 5467 Psal.
770 5429 957 5477 cxxvx,
994 5415 1043 5467 1.
1121 5415 1166 5447 δι
1199 5413 1371 5468 Exod.
1408 5431 1594 5482 xxxxv,
1628 5416 1715 5468 20.
1795 5416 1838 5449 ⁸⁵
1869 5414 2020 5470 Psal.
2056 5432 2240 5481 Lxxw,
2277 5416 2362 5469 11.

507 5547 582 5616 (α)
625 5546 718 5599 Or.
755 5547 842 5612 19,
877 5563 932 5601 n.
967 5548 1021 5601 8.
2268 5549 2334 5609 (ei
2376 5549 2568 5602 Carm.
2599 5547 2689 5600 97.

510 5615 579 5686 (b)
621 5617 715 5690 Or.
751 5619 836 5684 44,
871 5636 927 5690 η.
961 5619 1013 5670 8.

2265 5615 2338 5690 (Γ)
2380 5619 2572 5673 Carm.
2609 5623 2660 5685 8,
2692 5635 2748 5673 v.
2787 5617 3012 5689 penult.

509 5690 577 5757 (ε)
619 5689 920 5761 Carm.al.
955 5691 1006 5757 3,
1039 5707 1090 5744 v.
1128 5691 1217 5753 66,
1249 5690 1337 5742 67.

2267 5690 2338 5761 ig)
2378 5690 2569 5746 Carm.
2603 5695 2689 5745 De
2717 5695 2827 5745 reb.
2861 5707 2996 5754 suis,
3029 5689 3184 5744 circa
3213 5689 3411 5744 ﬁnem.

511 5762 584 5829 id)
624 5763 794 5830 Aug,
829 5759 867 5814 1.
900 5777 956 5815 χι
989 5771 1130 5816 cont.
1165 5762 1298 5826 Jul.,
1335 5779 1389 5814 n.
1423 5762 1476 5815 7.
2269 5759 2340 5833 (ἢ)
2383 5761 2476 5816 Or.
2512 5762 2602 5831 38,
2636 5779 2693 5815 n.
2729 5763 2813 5815 16.
