4152 6208
254 299 354 361 139
1234 287 1647 354 PR/EFATIO
1694 289 1894 352 GENE

1992 289 2245 352 tLlS.—
2275 289 2474 351 PARS
2520 289 2626 350 ΙΙΙ.
3515 293 3632 353 130

249 433 481 494 cacitate
527 428 888 507 opinionem
940 433 1000 486 et
1055 427 1580 488 existimationem
1630 429 1694 488 in
1756 427 1966 488 mente
2015 425 2258 496 habult,
2316 432 2382 485 ut
2431 426 2704 485 carmine
2757 425 2842 485 De
2889 425 3058 484 rebus
3103 427 3220 484 suis
3275 444 3346 485 ea
3399 427 3629 487 virtute

252 547 358 610 qua
405 528 551 588 olim
600 526 881 586 Christus
933 526 1184 586 morbos
1233 526 1494 605 depulit,
1552 527 1866 586 daamones
1916 521 2296 597 exturbavit,
2349 531 2628 584 mortuos
2684 525 2760 584 ab
2809 524 3022 584 inferis
3071 525 3388 595 excitavit,
3443 526 3629 586 simili

252 629 588 708 operatione
646 626 770 684 vim
827 624 1045 703 gratias
1103 625 1164 682 in
1198 637 1375 683 suam
1410 625 1685 684 animam
1746 641 1997 684 exerere
2038 621 2470 683 ardentissime
2528 630 2802 702 exoptet.

1523 761 1597 825 (τι)
1639 753 1868 811 Fortem
1900 761 2059 811 tuam
2093 771 2334 810 manum

1007 824 1190 893 Mitte,
1224 831 1280 882 et
1311 824 1589 883 dolorum
1615 827 1700 882 fer
1730 827 2078 894 remedium,
2113 845 2176 881 ac
2208 826 2266 881 in
2302 842 2391 881 me
2424 825 2619 882 omnia

1007 898 1306 972 miracula,
1340 905 1396 954 et
1428 900 1830 972 prodigiorum
1862 900 2158 966 virtutem,
2191 905 2258 953 ut
2288 898 2427 954 olim
2461 899 2719 954 ostende.

1010 971 1134 1043 Dic,
1166 976 1222 1026 et
1253 972 1554 1026 celerrime
1585 972 1775 1027 ﬂuxus
1808 972 2169 1043 sanguineus
2202 972 2452 1043 desinat.

1009 1039 1127 1115 Dic,
1150 1048 1217 1115 et
1250 1059 1557 1113 porcorum
1589 1060 1822 1115 gregem
1856 1039 2201 1098 in'furorem
2235 1047 2365 1115 agat
2397 1039 2642 1114 legionis

1009 1113 1284 1184 Spiritus,
1319 1120 1376 1168 et
1407 1116 1465 1168 in
1501 1113 1660 1169 mare
1689 1113 1878 1181 cadat,
1911 1119 1969 1169 et
2000 1129 2031 1168 a
2063 1129 2154 1168 me
2186 1113 2433 1170 recedat.

1011 1186 1256 1255 Lepram
1290 1186 1522 1241 tristem
1554 1202 1803 1250 remove,
1839 1185 2036 1240 lumen
2068 1187 2303 1240 accedat

1013 1256 1210 1311 Oculis
1238 1258 1424 1322 caecis,
1461 1262 1517 1312 et
1547 1274 1718 1313 aures
1750 1275 1958 1312 sonum
1992 1258 2256 1312 audiant.

1011 1328 1247 1383 Aridam
1281 1346 1521 1383 manum
1554 1343 1744 1384 meam
1777 1330 2037 1383 extende.
2073 1327 2317 1399 Vincula
2349 1327 2559 1399 lingua:

1017 1400 1265 1470 Rumpe,
1297 1406 1354 1454 et
1383 1401 1597 1472 pedum
1630 1403 1801 1455 ﬁrma
1831 1413 2100 1472 gressum
2133 1397 2401 1455 debilem.

1016 1477 1095 1543 Ex
1126 1472 1351 1527 modico
1385 1489 1531 1543 pane
1563 1473 1731 1528 satia.
1766 1474 1970 1527 Sterne
2000 1489 2160 1527 mare

1018 1537 1320 1598 Terribile.
1358 1537 1732 1615 splendidius
1772 1543 1891 1599 sole
1921 1560 2180 1598 corusca.

1016 1615 1150 1685 Fige
1183 1611 1448 1669 membra
1477 1613 1962 1686 ingravescentis,
1997 1618 2053 1670 et
2084 1628 2150 1669 ex
2183 1611 2428 1686 mortuis

1015 1683 1242 1740 Rursus
1272 1687 1495 1741 suscita
1528 1683 1818 1741 {fetentem
1851 1711 1863 1751 ;
1897 1703 1998 1740 nec
2032 1703 2124 1740 me
2155 1683 2608 1752 infructuosum,

1011 1757 1324 1828 Postquam
1359 1759 1537 1813 veluti
1569 1760 1745 1813 ﬁcum
1777 1759 2011 1826 videris,
2045 1757 2345 1813 arefacias.

251 1882 425 1959 Igitur
480 1881 789 1941 miracula
845 1897 984 1959 quae
1040 1881 1322 1941 Christus
1379 1882 1574 1942 edidit
1631 1883 1999 1961 corporibus
2055 1878 2390 1942 sanitatem
2451 1883 2871 1953 restituendo,
2957 1882 3203 1942 nonnisi
3282 1883 3502 1944 umbra
3578 1893 3642 1946 et

259 1980 451 2058 ﬁgurae
502 1979 948 2039 miraculorum
1001 1998 1142 2058 quas
1191 1981 1467 2058 quotidie
1516 1987 1836 2058 operatur,
1889 1981 2039 2040 dum
2103 1981 2388 2040 homines
2446 1981 2525 2039 ad
2583 1981 2850 2040 salutem
2907 1981 3194 2052 reducit;
3248 1999 3360 2041 nec
3419 1983 3651 2044 minori

259 2080 461 2138 virtute
516 2095 591 2137 ac
650 2077 932 2155 potentia
985 2077 1047 2136 in
1106 2078 1346 2137 animus
1405 2079 1537 2156 agit
1594 2093 1783 2156 quam
1842 2077 1904 2137 in
1963 2092 2268 2156 corpora,
2332 2078 2616 2155 quinimo
2676 2078 2922 2156 majorl,
2989 2094 3127 2136 cum
3188 2085 3249 2137 et
3308 2080 3650 2142 voluntatis

259 2176 719 2254 repugnantiam
779 2173 1156 2252 compellere
1210 2191 1458 2234 necesse
1516 2175 1614 2247 sit,
1677 2181 1740 2234 et
1795 2175 1930 2252 ejus
1987 2175 2342 2235 libertatem
2395 2175 2784 2252 permulcere
2842 2191 2913 2234 ac
2965 2181 3252 2246 tractare,
3309 2182 3376 2234 ut
3422 2194 3651 2255 pravos

258 2270 438 2329 cordis
485 2269 748 2329 affectus
793 2286 913 2328 non
966 2269 1270 2346 cogendo,
1333 2269 1441 2329 sed
1497 2269 1658 2329 mira
1715 2270 2022 2329 suavitate
2082 2269 2500 2340 immutando,
2560 2271 2839 2329 animum
2889 2270 2968 2329 ad
3016 2289 3079 2328 sc
3127 2271 3466 2331 efficaciter
3498 2291 3643 2332 con.

262 2374 462 2427 vertat.

332 2467 386 2525 Si
443 2465 664 2544 gratiae
725 2465 1157 2524 necessitatem
1215 2470 1276 2524 et
1335 2466 1458 2524 vim
1515 2466 1703 2525 tantis
1762 2465 2009 2526 attollat
2062 2465 2312 2535 studiis,
2375 2465 2704 2543 mqualiter
2758 2464 3172 2525 saluberrima
3229 2483 3370 2544 quae
3428 2469 3653 2528 exinde

265 2564 526 2623 oriantur
601 2563 853 2640 pietatis
911 2563 1150 2622 monita
1207 2564 1471 2641 prodere
1545 2563 1665 2641 ipsi
1725 2582 1876 2622 cura
1933 2571 2062 2635 est,
2144 2571 2210 2622 ut
2275 2563 2363 2622 sic
2418 2564 2662 2623 sincera
2719 2563 2880 2640 grati
2934 2565 3127 2623 animi
3182 2567 3529 2625 reverentia
3586 2586 3656 2625 ac

269 2662 453 2720 cordis
499 2661 858 2720 humilitate
908 2661 1176 2738 gratiam
1231 2661 1308 2720 ad
1355 2681 1469 2721 nos
1516 2661 1930 2739 pelliciamus,
1984 2669 2046 2721 et
2095 2661 2348 2721 assidua
2395 2662 2676 2722 oratione
2721 2680 3091 2740 summaque
3140 2661 3466 2739 vigilantia
3515 2683 3653 2724 eam

262 2759 314 2818 in
368 2757 540 2819 nobis
607 2761 933 2818 foveamus
991 2765 1052 2818 et
1108 2756 1556 2836 adaugeamus.

711 2892 788 2963 (ᾳ)
829 2890 1091 2963 Gradior,
1126 2907 1240 2946 non
1276 2892 1400 2945 sine
1434 2892 1654 2962 praemii
1690 2908 1813 2963 spe,
1847 2891 1997 2946 inter
2027 2893 2378 2946 currendum
2415 2892 2675 2963 membra
2709 2892 3083 2963 protendens,

708 2961 1005 3034 Christum
1038 2961 1261 3018 habens
1298 2980 1396 3032 pro
1431 2961 1649 3031 afflatu,
1685 2961 1978 3017 Christum
2013 2979 2114 3033 pro
2150 2965 2372 3029 robore,
2408 2981 2510 3034 pro
2545 2961 2753 3033 opibus
2796 2961 3179 3034 amplissimis
3214 2980 3225 3016 :

713 3033 818 3095 Qui
852 3032 995 3087 mihi
1029 3039 1085 3088 et
1116 3033 1479 3105 perspicaces
1512 3034 1730 3102 oculos,
1777 3037 1832 3088 et
1865 3032 2172 3105 prosperos
2205 3032 2695 3105 cursus—prastat.

714 3105 849 3159 Sine
879 3105 1006 3176 ipso
1039 3121 1243 3160 omnes
1273 3121 1423 3160 vana
1453 3104 1711 3160 ludibria
1741 3104 1882 3159 sunt
1912 3104 2206 3172 mortales,

714 3176 779 3248 Et
812 3177 1026 3230 mortui
1058 3177 1334 3248 viventes,
1378 3177 1560 3232 fastidi
1596 3177 1845 3248 peccatis

712 3245 912 3316 Neque
944 3248 1098 3303 enim
1133 3245 1257 3301 sine
1291 3265 1420 3302 aere
1451 3245 1646 3303 vidisti
1678 3247 1967 3302 volantem
1988 3263 2164 3316 avem
2195 3266 2207 3314 ;

713 3315 910 3389 Neque
939 3320 1067 3374 sine
1098 3332 1250 3390 aqua
1283 3319 1459 3374 maris
1493 3337 1694 3374 cursor
1722 3318 1938 3374 natavit
1969 3315 2303 3388 delphinus.

712 3390 804 3444 Sic
836 3406 947 3461 nec
971 3389 1096 3444 sine
1125 3389 1350 3445 Christo
1385 3392 1652 3446 mortalis
1696 3393 1900 3461 pedem
1935 3391 2164 3445 attollit.

714 3460 1101 3533 Quamobrem
1137 3477 1206 3516 ne
1240 3462 1486 3516 nimium
1521 3460 1805 3533 glorieris,
1842 3478 1944 3516 nec
1977 3467 2088 3515 tuae

709 3529 944 3604 Viribus
976 3534 1188 3587 mentis
1223 3533 1504 3601 conﬁdas,
1528 3529 1646 3588 'etsi
1683 3549 2032 3604 magnopere
2065 3531 2295 3601 sapiens
2331 3529 2508 3604 fueris
2545 3549 2555 3584 :

715 3603 913 3673 Neque
945 3604 1200 3663 aliquem
1231 3605 1436 3659 videns
1468 3602 1864 3675 abjectiorem,
1903 3602 1968 3657 in
2002 3604 2185 3657 altum
2219 3602 2522 3675 aittollaris,

712 3676 886 3740 Quasi
922 3675 1199 3730 omnibus
1231 3676 1497 3748 superior
1527 3674 1630 3739 sis,
1661 3681 1717 3731 et
1747 3677 1814 3731 ad
1851 3680 2063 3731 metam
2096 3674 2336 3745 propius
2369 3675 2630 3728 accedas.

345 3799 474 3856 llaec
534 3797 762 3875 procul
819 3797 1012 3858 dubio
1070 3799 1217 3858 satis
1275 3799 1569 3858 evincunt
1627 3801 1875 3858 Graecos
1933 3800 2169 3868 Patres,
2231 3803 2291 3856 et
2350 3797 2620 3856 maxime
2682 3797 3072 3872 Gregorium,
3136 3796 3211 3854 de
3271 3797 3473 3871 gratia
3535 3802 3658 3854 tam

277 3892 432 3953 docte
483 3902 546 3954 et
608 3895 961 3956 luculenter
1014 3910 1203 3974 quam
1265 3896 1518 3956 Latinos
1577 3896 1917 3968 disserere,
1995 3913 2109 3956 nec
2171 3896 2374 3954 minus
2429 3895 2632 3972 ipsam
2702 3894 3046 3971 praedicare
3102 3899 3164 3952 et
3221 3892 3661 3952 commendare

276 3986 549 4052 sollicitos
597 3993 814 4054 fuisse.

1829 4090 1916 4152 De
1942 4090 2081 4170 ﬁde.

344 4195 450 4255 Per
502 4191 696 4256 ﬁdem
754 4196 857 4257 via
911 4192 1131 4257 salutis
1186 4196 1561 4274 capescitur,
1618 4196 1912 4275 salusque
1971 4203 2396 4274 comparatur.
2459 4197 2796 4256 Doctorum
2860 4196 3093 4275 pariter
3149 4201 3211 4255 et
3266 4195 3662 4256 indoctorum

280 4294 357 4349 est
405 4292 625 4369 ﬁdes";
718 4313 750 4350 α
806 4294 884 4374 (c)
943 4297 1100 4354 Nam
1156 4293 1207 4354 si
1264 4295 1325 4353 in
1385 4287 1664 4354 eruditos
1719 4298 1966 4355 tantum
2023 4295 2191 4354 viros
2248 4293 2499 4354 caderet
2554 4293 2746 4364 ﬁdes,
2833 4294 2991 4353 nihil
3047 4296 3174 4354 Deo
3235 4294 3439 4352 minus
3497 4293 3668 4353 dives

279 4385 417 4448 foret
445 4407 459 4448 ἶ
517 4415 546 4446 n
625 4398 690 4452 Εἰ
722 4390 769 4451 δ’
799 4398 875 4455 εἷς
909 4393 1107 4476 σοφοὺς
1139 4395 1355 4452 ἔπιπτεν
1396 4401 1430 4467 ἠ
1477 4398 1656 4460 πίστις
1696 4394 1881 4472 μόνον,
1912 4407 1919 4448 l

2027 4401 2193 4473 5παρ⁹
2223 4401 2356 4469 ἡμῖν
2397 4395 2547 4451 οὐδὲν
2587 4399 2652 4466 ἦν
2699 4400 3033 4473 πενὲστερον.
3097 4393 3460 4452 Sermonem
3520 4391 3667 4449 simn

281 4483 436 4560 plicis
491 4485 641 4549 ﬁdei
695 4489 982 4550 sufﬁcere
1039 4490 1221 4550 docet
1276 4489 1610 4566 Gregorius
1669 4503 1682 4548 :
1760 4495 1921 4571 Λόγος

2026 4518 2067 4571 [ρ
2104 4495 2256 4571 ἀρκεῖ
2285 4495 2371 4549 καὶ
2420 4494 2588 4568 ψιλῆς
2616 4497 2715 4564 τῆς
2747 4495 3002 4565 πίστεως,
3050 4495 3164 4568 μεθ’
3214 4494 3278 4563 ἧς
3321 4489 3560 4568 ἀτέχνως
3606 4494 3666 4548 τὸ

281 4586 421 4642 πλέον
452 4594 611 4661 σώζει
648 4594 806 4663 sedc;
874 4611 902 4645 (ι
953 4587 1034 4667 (d)
1093 4590 1246 4646 Nam
1309 4605 1512 4646 sermo
1571 4588 1870 4666 simplicis
1926 4587 2073 4646 ﬁdei
2131 4587 2382 4655 sufﬁcit,
2446 4606 2585 4646 cum
2647 4603 2772 4665 qua
2831 4603 2974 4666 pars
3030 4587 3356 4646 hominum
3396 4586 3670 4644 maxima

280 4680 519 4742 salutem
579 4691 923 4763 comparat.
986 4709 1015 4740 »
1107 4685 1401 4762 Mysteria
1459 4690 1712 4758 autem,
1805 4686 2077 4745 maxime
2152 4703 2300 4745 vero
2357 4685 2716 4757 Trinitatis,
2804 4686 3052 4763 penitus
3109 4702 3486 4762 cognoscere
3544 4701 3668 4740 non

283 4782 803 4854 praesumendum,
863 4789 925 4843 et
981 4782 1360 4861 perscrutari
1415 4783 1609 4842 nefas.
1700 4806 1729 4837 «
1787 4785 1876 4843 Ne
1929 4783 2132 4843 Patris
2190 4789 2479 4842 naturam
2535 4782 2857 4861 inquiras,
2917 4782 3122 4861 inquit
3181 4781 3289 4859 (e),
3351 4778 3670 4856 Unigeniti

284 4882 489 4951 ortum,
541 4880 810 4959 Spiritus
855 4881 1056 4940 sancti
1103 4877 1368 4958 gloriam
1429 4886 1491 4939 et
1545 4881 1945 4959 potentiam;
2007 4899 2221 4952 unam,
2273 4881 2552 4958 inquam,
2589 4887 2650 4940 et
2699 4881 2983 4940 eamdem
3044 4880 3108 4938 in
3159 4877 3357 4937 tribus
3389 4875 3670 4956 personis

285 4969 551 5035 deitatem
612 4985 672 5037 et
731 4978 1104 5050 claritatem,
1165 4976 1555 5037 individuam
1612 4975 1786 5037 illam
1849 4985 2166 5050 naturam,
2227 4996 2300 5037 ac
2355 4978 2830 5050 confessionem,
2893 4985 2954 5038 et
3019 4977 3305 5054 gloriam,
3370 4991 3670 5053 spemque

283 5065 585 5134 hominum
641 5075 762 5135 ﬁde
840 5074 1269 5154 prreditorum.
1333 5075 1540 5136 Verba
1613 5075 1760 5146 illa,
1843 5075 2072 5152 quibus
2145 5075 2331 5134 simul
2390 5093 2530 5134 cum
2609 5076 2771 5135 lacte
2835 5073 3114 5134 imbutus
3170 5092 3271 5142 es,
3354 5071 3669 5131 mordicus

287 5167 456 5228 retine
516 5188 529 5228 :
619 5173 921 5233 sermonis
976 5176 1186 5231 autem
1247 5176 1310 5230 et
1367 5170 1814 5249 disputationis
1873 5190 2090 5232 curam
2154 5171 2598 5231 eruditioribus
2660 5173 2912 5232 manda.
2972 5172 3135 5232 Satis
3188 5187 3499 5248 superque
3561 5168 3671 5227 tibi

290 5266 364 5319 est
410 5264 882 5330 fundamentum
945 5268 1231 5329 habere:
1295 5273 1689 5347 superstruat
1746 5269 2147 5329 architectus.
2203 5291 2230 5324 »
2296 5271 2431 5328 Non
2490 5269 2763 5347 cujusvis
2822 5289 2954 5330 esse
3011 5270 3099 5329 ait
3155 5269 3231 5327 de
3289 5268 3416 5326 Deo
3476 5265 3664 5324 disse-

287 5373 442 5432 rere;
503 5365 610 5424 sed
643 5365 737 5426 his
767 5367 1075 5427 duntaxat
1121 5365 1241 5425 hoc
1294 5366 1570 5425 muneris
1617 5366 1946 5439 incumbit,
2002 5367 2110 5445 qui
2162 5367 2552 5426 exactissime
2602 5374 2746 5426 sunt
2794 5367 3126 5445 explorati.
3197 5389 3226 5420 ‹‹
3276 5366 3413 5423 Non
3471 5361 3673 5439 cujus-

291 5454 361 5512 vis
411 5466 517 5533 est,
576 5465 779 5543 inquit
823 5465 907 5544 (ί)
985 5463 1062 5522 de
1120 5466 1246 5522 Deo
1303 5462 1626 5538 disserere,
1691 5483 1837 5535 non,
1899 5465 2178 5542 inquam,
2248 5463 2596 5539 cujusvis...
2663 5463 2902 5523 Addam
2964 5465 3148 5523 etiam
3215 5479 3336 5520 non
3397 5457 3670 5537 cujusvis

344 5589 408 5729 (ag
444 5591 631 5650 Carm.
668 5598 741 5652 De
769 5597 880 5652 reb.
910 5599 1050 5662 suis,
1083 5594 1238 5649 circa
1268 5595 1465 5650 ﬁnem.

347 5658 385 5722 (ὁ
438 5661 623 5722 Carm.
652 5665 742 5729 59,
783 5680 840 5722 v.
871 5662 940 5721 98
970 5671 1026 5722 et
1055 5675 1218 5729 seqq.

940 5599 1050 5662 uis,
1083 5594 1238 5649 circa
1268 5595 1465 5650 ﬁnem.
1667 5658 1688 5670 ,ι
2081 5595 2153 5666 (d)
2196 5594 2300 5655 1b.,
2335 5610 2386 5648 v.
2424 5595 2577 5649 1228.

937 5679 940 5713 ι
970 5671 1026 5722 et
1055 5675 1218 5729 seqq.
1667 5663 1674 5672 ’
2081 5667 2153 5729 (e)
2195 5669 2290 5720 Or.
2321 5666 2410 5729 32,
2444 5683 2501 5719 n.
2534 5667 2577 5718 2·

347 5658 404 5729 (bl
438 5661 623 5722 Carm.
652 5665 742 5737 59,
783 5680 840 5750 γ.
871 5662 940 5721 98
970 5658 1218 5791 et'seqq.

347 5729 400 5796 (ε)
435 5735 619 5794 Carm.
650 5740 721 5796 De
753 5743 866 5796 vita
893 5754 1014 5806 sua,
1048 5754 1098 5791 v.
1167 5737 1290 5791 230.

983 5658 1218 5791 st'seqq.
2081 5658 2153 5810 (φ
2195 5669 2290 5720 Or.
2321 5666 2410 5735 32,
2444 5683 2501 5719 n.
2534 5667 2623 5720 21.

983 5755 1014 5806 ι,
1048 5754 1098 5791 v.
1167 5737 1290 5791 230.
2089 5741 2101 5804 (
2147 5737 2163 5807 )
2205 5735 2300 5791 Or.
2334 5735 2424 5804 27,
2459 5753 2513 5790 n.
2549 5738 2601 5791 3.

344 5729 400 5796 (ε)
435 5735 619 5794 Carm.
650 5729 866 5796 De'vita
893 5754 1014 5806 sua,
1048 5754 1098 5791 ν.
1133 5729 1290 5791 1230.
2205 5735 2300 5791 Or.
2334 5729 2424 5804 27,
2459 5753 2513 5790 n.
2549 5738 2601 5791 3.
