4152 6208
430 292 535 349 i3!
1417 275 1836 337 PRJEFATIO
1882 273 2435 335 GENERALIS.—
2470 278 2669 338 mas
2714 280 2821 341 III.
3726 296 3846 356 432

431 421 761 498 temporis,
825 435 935 476 nec
994 415 1158 490 apud
1222 409 1507 488 quosvis,
1570 425 1683 466 nec
1745 406 1819 464 de
1876 405 2221 482 quibusvis,
2283 407 2390 466 sed
2450 415 2619 469 certo
2679 415 2960 490 tempore
3020 423 3082 477 et
3142 421 3311 498 apud
3371 429 3572 483 certos
3635 423 3845 484 homi-

429 538 639 579 nes....
695 520 828 575 Non
881 512 1215 590 cujuslibet
1263 507 1538 585 quidem,
1590 503 1886 582 quoniam
1946 503 2040 561 his
2090 503 2401 564 duntaxat
2449 505 2569 566 hoc
2620 511 2895 569 muneris
2940 512 3270 590 incumbit,
3307 518 3414 596 qui
3447 520 3848 582 exactissime

431 616 736 693 explorati
786 618 951 681 sunt,
1006 628 1076 668 ac
1131 603 1615 682 contemplando
1665 603 1848 678 longe
1900 608 2358 678 processerunt,
2425 605 2722 682 priusque
2772 608 2958 668 etiam
3019 619 3079 670 et
3136 633 3386 693 corpus,
3448 623 3510 676 et
3566 618 3841 678 animam

431 735 467 774 a
523 713 816 772 vitiorum
851 707 1137 769 sordibus
1173 708 1570 783 purgarunt;
1630 706 1761 772 aut,
1818 707 1880 758 ut
1940 699 2300 776 parcissime
2330 699 2572 778 loquar,
2619 703 2750 780 jam
2785 704 2904 765 hoc
2937 716 3153 785 agunt,
3219 719 3283 771 ut
3341 731 3406 773 se
3456 733 3492 773 ει
3544 716 3843 776 vitiorum

428 814 568 871 labe
631 818 1068 889 purgent....
1130 803 1390 873 Quando
1451 807 1660 859 autem
1693 798 1721 854 ?
1779 804 1908 856 tum
1958 797 2268 867 videlicet,
2324 817 2462 856 cum
2524 799 2603 859 ab
2665 809 2922 863 externo
2971 805 3104 866 luto
3155 815 3216 867 et
3262 812 3532 871 tumultu
3567 814 3840 891 quietem

427 909 693 987 agimus,
748 924 859 964 nec
916 904 1207 981 princeps
1256 898 1450 957 nostri
1513 914 1653 973 pars
1708 895 2012 972 improbis
2070 895 2369 972 vagisque
2422 896 2773 957 simulacris
2821 903 3353 965 confunditur...
3385 954 3397 966 .
3457 911 3640 987 Apud
3684 931 3842 988 quos

427 1007 672 1084 porro?
727 1007 962 1080 Nempe
1021 999 1190 1077 apud
1248 1015 1376 1066 eos,
1438 995 1543 1073 qui
1604 1011 1731 1052 rem
1789 992 2154 1068 hujusmodi
2211 993 2486 1052 studiose
2543 1013 2615 1054 ac
2673 998 2833 1057 serio
2893 1002 3379 1079 amplectuntur,
3434 1007 3666 1084 quique
3715 1028 3842 1068 non

429 1110 496 1164 ut
553 1101 878 1180 quidpiam
940 1097 1136 1168 aliud,
1196 1095 1281 1153 sic
1334 1093 1451 1151 hoc
1501 1108 1751 1168 quoque
1801 1089 2014 1167 inepta
2063 1090 2420 1167 nugacitate
2471 1102 2956 1171 prosequuntur,
3009 1108 3149 1176 post
3199 1102 3501 1162 circenses
3551 1104 3734 1165 ludos
3782 1113 3843 1166 et

427 1198 808 1278 spectacula,
861 1201 1002 1274 post
1060 1191 1402 1260 cautiones,
1456 1192 1597 1265 post
1651 1187 1921 1262 denique
1979 1204 2168 1262 quam
2229 1186 2429 1245 ventri
2486 1193 2548 1246 et
2601 1189 2674 1248 iis
2734 1209 2873 1267 quae
2932 1201 3075 1254 sunt
3127 1197 3242 1256 sub
3300 1205 3515 1258 ventre
3559 1201 3837 1262 indulse-

425 1300 572 1358 rint.
626 1296 741 1368 Qui
800 1293 1051 1372 quidem
1107 1291 1192 1349 ita
1251 1287 1488 1367 perdite
1547 1283 1750 1344 affecti
1797 1289 1960 1354 sunt,
2019 1289 2086 1342 ut
2143 1282 2263 1342 hoc
2316 1302 2565 1362 quoque
2619 1286 2680 1344 in
2732 1289 3332 1353 oblectamentorum
3396 1304 3575 1373 parte
3623 1318 3838 1359 nume-

428 1403 586 1467 rent,
625 1394 917 1454 nimirum
968 1390 1043 1449 de
1092 1386 1318 1446 divinis
1367 1385 1551 1443 rebus
1599 1382 1844 1458 nugari,
1881 1387 2068 1458 atque
2114 1387 2339 1458 arguta
2383 1381 2804 1460 disputatione
2851 1397 3234 1451 concertare.
3268 1394 3404 1453 Jam
3457 1395 3535 1454 de
3584 1397 3837 1474 quibus,

426 1501 487 1554 et
541 1509 869 1570 quousque
928 1483 1436 1565 disputandum?
1512 1484 1599 1540 De
1657 1479 1754 1537 his
1811 1478 2056 1550 solum,
2119 1497 2259 1556 quae
2317 1479 2550 1556 ingenii
2608 1484 2802 1541 nostri
2863 1486 3226 1559 modulum,
3289 1496 3479 1569 atque
3537 1494 3840 1556 auditoris

422 1598 677 1670 captum
729 1607 852 1648 non
900 1585 1245 1646 excedunt.
1280 1627 1292 1639 .
1326 1628 1336 1638 .
1371 1626 1382 1638 .
1419 1578 1503 1657 (α)
1556 1582 1766 1655 Neque
1814 1595 1962 1635 vero
2016 1576 2152 1635 haec
2203 1577 2534 1656 quisquam
2586 1580 2674 1639 ita
2722 1582 3011 1660 accipiat.
3062 1587 3241 1663 quasi
3288 1590 3483 1648 Deum
3533 1599 3839 1670 perpetua

421 1689 725 1749 memoria
783 1683 1113 1745 colendum
1172 1698 1304 1740 esse
1363 1695 1761 1754 negem....
1824 1677 1947 1733 Nec
2007 1675 2172 1734 enim
2233 1681 2360 1734 tam
2420 1695 2586 1754 saepe
2643 1679 2927 1756 spiritum
2989 1682 3234 1755 ducere,
3298 1705 3486 1763 quam
3546 1689 3657 1747 Dei
3709 1709 3836 1750 me-

422 1787 672 1847 minisse
729 1785 1076 1853 debemus;
1137 1779 1292 1848 imo,
1351 1777 1402 1834 si
1457 1774 1580 1833 dici
1638 1778 1863 1851 potest,
1917 1772 2088 1832 aliud
2148 1773 2302 1831 nihil
2362 1793 2552 1851 quam
2613 1775 2731 1835 hoc
2793 1778 3323 1841 faciendum....
3384 1785 3710 1859 Quocirca,
3762 1807 3838 1848 ne

421 1886 563 1963 quis
620 1887 923 1961 perpetuo
981 1882 1177 1938 Deum
1234 1872 1536 1934 memoria
1592 1876 1823 1940 teneat,
1885 1869 2054 1928 haud
2115 1877 2280 1940 veto,
2341 1871 2448 1929 sed
2508 1890 2584 1932 ne
2643 1873 2719 1932 de
2779 1877 2904 1933 Deo
2960 1876 3235 1954 disputet
3285 1898 3298 1951 ;
3362 1881 3488 1940 imo
3548 1901 3660 1942 nec
3723 1884 3839 1945 hoc

421 1981 751 2060 prohibeo,
812 1979 871 2037 id
932 1975 1094 2034 enim
1159 1974 1327 2051 pium
1389 1977 1503 2039 est,
1567 1969 1672 2027 sed
1729 1986 1804 2026 ne
1863 1968 2387 2045 intempestive.»

498 2078 674 2149 Quod
734 2082 943 2135 autem
1007 2071 1277 2131 maxime
1336 2067 1629 2147 prohibet
1687 2066 2020 2142 Gregorius
2076 2065 2231 2124 illud
2292 2072 2424 2134 est,
2499 2087 2574 2126 ne
2632 2069 2708 2126 de
2769 2072 3077 2147 mysteriis
3136 2075 3361 2134 nostris
3419 2076 3837 2140 immoderato

419 2175 667 2236 dicendi
724 2173 821 2232 vel
882 2168 1193 2231 scribendi
1252 2166 1458 2226 studio
1518 2165 1932 2222 irreverenter
1989 2162 2399 2240 disputemus.
2487 2189 2514 2217 α
2569 2165 2652 2243 (ὁ)
2713 2168 2869 2226 lllud
2927 2169 3147 2229 saltem
3209 2172 3374 2232 inter
3433 2192 3545 2233 nos
3603 2195 3834 2238 conve-

417 2275 570 2343 niat,
633 2277 698 2330 ut
757 2267 1018 2347 mystica
1077 2263 1360 2342 mystice,
1421 2266 1483 2321 et
1541 2266 1758 2319 sancta
1813 2264 2025 2318 sancte
2086 2260 2572 2337 proloquamur,
2637 2282 2746 2321 nec
2808 2264 2871 2322 in
2933 2267 3226 2343 profanas
3285 2287 3506 2338 aures,
3571 2291 3712 2348 quae
3769 2275 3831 2332 in

415 2372 642 2446 vulgus
691 2365 897 2426 efferri
955 2364 1126 2422 nefas
1181 2367 1296 2432 est,
1348 2357 1803 2437 projiciamus;
1866 2374 1978 2414 nec
2035 2356 2352 2433 patiamur
2401 2359 2818 2435 religiosiores
2867 2381 3057 2438 quam
3116 2382 3227 2425 nos
3288 2367 3483 2427 videri
3541 2386 3668 2439 eos,
3723 2372 3826 2448 qui

416 2470 733 2529 dazmones
790 2464 1057 2523 adorant
1113 2466 1172 2519 et
1233 2457 1508 2535 turpium
1566 2453 1923 2513 fabularum
1983 2472 2055 2512 ac
2113 2472 2319 2513 rerum
2380 2455 2618 2515 cultum
2680 2458 3073 2535 proﬁtentur.
3123 2486 3150 2515 ››

1579 2596 1668 2656 De
1701 2594 1943 2654 lectione
1974 2594 2260 2654 librorum
2289 2596 2672 2656 ethnicorum.

497 2722 720 2784 Juveni
772 2719 1166 2779 ethnicorum
1230 2714 1531 2772 librorum
1592 2709 1845 2768 lectioni
1899 2709 2287 2768 incumbenti
2343 2709 2479 2768 haec
2539 2711 2797 2770 consilia
2853 2712 2962 2773 dat
3019 2716 3408 2792 Gregorius:
3475 2743 3500 2773 κ
3557 2719 3628 2798 (ς)
3683 2721 3833 2780 Din-

421 2827 642 2901 genter
703 2816 956 2896 optimis
1032 2811 1376 2889 disciplinis
1448 2807 1789 2877 incumbe,
1865 2811 1927 2865 et
1990 2807 2051 2864 in
2112 2805 2284 2865 libris
2347 2813 2713 2884 poetarum,
2795 2810 3230 2871 historicorum
3312 2819 3818 2891 commentariis,

419 2920 650 2979 ﬂuente
698 2921 1020 2976 oratorum
1065 2909 1380 2981 facundia,
1424 2905 1758 2965 subtilibus
1803 2903 2320 2982 philosophorum
2369 2906 2879 2967 meditationibus
2927 2914 3121 2969 temet
3158 2929 3413 2985 exerce;
3461 2914 3547 2973 sic
3596 2921 3828 2988 tamen,

423 3023 488 3076 ut
545 3013 887 3093 prudenter
945 3010 1006 3067 in
1067 3005 1357 3067 omnibus
1417 3004 1584 3062 hisce
1643 3001 1922 3060 verseris.
1976 3001 2173 3060 Debes
2231 3001 2394 3059 enim
2454 3003 2766 3078 sapienter
2813 3022 2888 3062 ex
2947 3005 3032 3064 eis
3089 3007 3381 3084 colligere
3435 3029 3834 3090 quaecunque

423 3120 568 3172 sunt
626 3110 850 3180 utilia;
912 3113 1258 3182 contraque
1307 3101 1519 3162 solerti
1568 3099 1808 3177 judicio
1868 3099 2062 3158 vitare
2108 3099 2413 3177 quidquid
2461 3099 2526 3157 in
2575 3100 2836 3177 singulis
2885 3110 2975 3162 est
3024 3105 3308 3178 noxium,
3359 3107 3646 3186 adeoque
3697 3111 3834 3189 apis

421 3216 663 3288 arguta:
708 3204 1080 3266 industriam
1130 3201 1380 3261 imitari.
1419 3202 1572 3258 Nam
1626 3216 1697 3257 ea
1747 3196 2128 3274 quibuslibet
2177 3196 2435 3256 ﬂoribus
2483 3198 2751 3257 insidere
2802 3219 2939 3258 cum
2993 3205 3404 3278 consueverit,
3439 3205 3514 3265 de
3567 3207 3832 3284 singulis

429 3307 604 3366 utilia
660 3311 905 3364 tantum
965 3299 1280 3376 decerpit,
1360 3295 1664 3372 singulari
1716 3293 1987 3371 quadam
2049 3294 2355 3386 sapientia
2416 3299 2705 3354 naturam
2765 3297 2962 3375 ipsam
3028 3301 3388 3377 magistram
3446 3310 3679 3363 secuta.
3735 3307 3829 3365 'l‘u

418 3424 566 3464 vero
626 3401 931 3461 rationem
995 3415 1259 3474 sequens
1317 3395 1441 3453 alia
1497 3391 1749 3470 quidem
1813 3391 2067 3467 largiter
2122 3391 2406 3469 decerpe,
2469 3392 2519 3451 si
2577 3412 2715 3470 quae
2776 3396 3069 3472 prodesse
3126 3405 3445 3474 possunt:
3509 3401 3556 3459 si
3619 3409 3827 3461 autem

417 3500 651 3579 aliquid
714 3497 955 3574 ejusmo
984 3495 1022 3553 li
1081 3493 1160 3551 sit
1190 3499 1257 3551 ut
1315 3491 1757 3550 detrimentum
1816 3489 2059 3558 afferat,
2122 3489 2406 3549 celeriter
2460 3490 2777 3550 intellecta
2827 3495 2912 3552 rei
2972 3496 3278 3572 pravitate
3336 3498 3535 3556 avola.
3585 3499 3829 3577 Quippe

423 3617 592 3657 mens
651 3594 1012 3655 hominibus
1069 3592 1218 3650 data
1272 3598 1365 3648 est
1412 3587 1545 3666 ejus
1594 3586 1950 3655 celeritatis,
2008 3592 2072 3644 ut
2125 3587 2422 3646 velociter
2471 3587 2809 3648 admodum
2861 3592 3112 3652 avolare
3164 3594 3377 3670 possit.
3430 3594 3826 3674 Quapropter

418 3694 722 3775 quidquid
780 3693 858 3751 ab
921 3691 994 3749 iis
1055 3687 1465 3767 perscriptum
1527 3691 1657 3755 est,
1741 3684 1837 3743 vel
1914 3683 1990 3742 ad
2071 3683 2315 3743 virtutis
2392 3684 2641 3744 laudem
2720 3692 2908 3763 atque
2988 3689 3541 3765 praedicationem,
3622 3695 3716 3753 vel
3793 3712 3827 3754 e

417 3795 661 3852 diverso
719 3791 797 3849 ad
858 3789 1146 3847 vitiorum
1210 3782 1756 3862 reprehensionem
1811 3799 1822 3845 ;
1909 3799 1981 3839 ea
2058 3786 2125 3838 tu
2201 3782 2383 3839 velim
2461 3782 2764 3858 singulari
2837 3785 3042 3844 studio
3101 3804 3479 3863 cognoscas,
3559 3806 3631 3847 ac
3689 3796 3822 3848 tum

418 3897 686 3949 mentem
750 3894 811 3946 et
869 3901 1120 3946 sensum
1174 3900 1388 3942 eorum
1451 3880 1736 3950 retineas,
1793 3884 1922 3936 tum
1981 3878 2270 3937 dictionis
2329 3879 2728 3952 elegantiam.
2789 3881 2938 3951 Quae
2995 3890 3204 3942 autem
3265 3885 3340 3943 de
3392 3885 3510 3944 diis
3565 3886 3827 3964 scripse-

416 3994 581 4060 runt,
634 3987 908 4063 insignes
957 4000 1156 4058 nugas
1205 3978 1614 4047 continentia,
1667 3976 1839 4035 verbi
1889 3975 2112 4052 gratia,
2167 3976 2410 4035 fabulas
2457 3976 2820 4037 inhonestas
2865 3998 2936 4038 ac
2985 3981 3202 4052 foedas,
3259 3981 3565 4042 malorum
3615 3984 3830 4060 genio-

411 4104 551 4143 rum
601 4083 937 4152 doctrinas,
979 4079 1240 4148 fabulas,
1276 4078 1556 4153 inquam,
1593 4081 1725 4133 tum
1771 4073 1890 4132 risu
1942 4079 2075 4133 tum
2127 4073 2420 4150 lacrymis
2469 4074 2729 4152 dignas;
2778 4077 2914 4136 haac
2963 4078 3175 4137 omnia
3217 4084 3514 4157 tanquam
3564 4080 3825 4158 laqueos

411 4188 469 4239 et
528 4179 849 4256 decipulas
905 4195 1215 4236 aversare.
1267 4176 1547 4249 Cumque
1598 4171 1782 4230 simul
1834 4176 2097 4248 utraque
2147 4171 2392 4248 legeris,
2444 4171 2593 4231 deos
2643 4172 2920 4250 ipsorum
2977 4179 3037 4234 et
3084 4175 3420 4248 orationes,
3472 4177 3622 4237 deos
3673 4179 3819 4237 ridi-

411 4277 626 4341 culos,
703 4282 765 4334 et
823 4274 1135 4333 orationes
1192 4271 1545 4337 amabiles;
1628 4268 1777 4326 deos
1851 4268 2104 4344 quidem
2163 4268 2306 4327 illos
2363 4267 2795 4345 voluptuarios
2874 4289 3135 4350 respue,
3213 4291 3428 4332 verum
3506 4275 3824 4335 orationes

413 4373 669 4430 maximi
729 4371 914 4430 facito
969 4390 980 4429 :
1063 4369 1242 4445 quasi
1302 4367 1535 4425 scilicet
1592 4366 1668 4423 de
1726 4368 1941 4425 eodem
2004 4366 2225 4425 frutice
2284 4366 2494 4443 spinas
2553 4373 2812 4438 caveto,
2902 4375 2962 4428 et
3020 4388 3193 4429 rosas
3248 4370 3557 4448 decepito.
3618 4375 3822 4450 Atque

413 4470 545 4528 haec
605 4468 859 4546 quidem
920 4466 1156 4543 optima
1214 4463 1288 4521 de
1346 4461 1644 4521 doctrinis
1701 4463 2016 4521 extraneis
2073 4464 2172 4523 lex
2235 4463 2505 4522 fuerit.»
2561 4465 2790 4524 Eadem
2849 4467 3196 4544 praescribit
3244 4469 3508 4528 Basilius
3557 4471 3823 4547 Magnus

410 4567 601 4626 libros
658 4565 1050 4625 ethnicorum
1113 4558 1483 4637 legentibus.

1454 4688 1536 4748 De
1580 4698 1860 4768 potestate
1908 4692 2225 4770 temporali
2265 4703 2319 4752 et
2368 4695 2776 4756 ecclesiastica.

491 4812 648 4882 Quid
708 4811 782 4870 de
844 4814 1152 4887 potestate
1209 4803 1542 4881 temporali
1601 4803 1878 4880 cogitare
1935 4805 2318 4879 debeamus,
2395 4815 2585 4886 atque
2643 4810 2827 4868 etiam
2894 4812 3042 4889 quid
3100 4813 3376 4889 cogitare
3433 4812 3701 4872 debeant
3776 4814 3817 4872 ii

409 4911 549 4988 ipsi,
613 4910 718 4986 qui
777 4927 850 4967 ea
906 4904 1184 4982 insigniti
1242 4908 1407 4973 sunt,
1473 4901 1567 4960 his
1622 4901 1827 4959 verbis
1884 4903 2197 4980 signiﬁcat
2255 4907 2587 4983 Gregorius
2649 4926 2660 4965 :
2737 4931 2764 4964 ‹‹
2823 4907 2907 4987 (ιι)
2967 4911 3407 4987 Imperatores,
3474 4929 3817 4988 purpuram

409 5007 992 5067 revereamini....
1054 5000 1417 5079 Cognoscite
1475 5003 1779 5076 quantum
1840 4999 1900 5058 id
1961 5003 2062 5076 sit,
2122 5004 2291 5082 quod
2352 5011 2569 5063 vestrae
2627 5005 2772 5064 ﬁdei
2829 5008 3229 5068 commissum
3291 5015 3414 5084 est,
3475 5017 3816 5086 quantum-

408 5125 528 5182 que
589 5105 751 5164 circa
807 5122 917 5162 vos
980 5099 1370 5178 mysterium.
1433 5095 1613 5156 Orbis
1671 5097 1996 5157 universus
2055 5101 2270 5160 manui
2328 5107 2548 5160 vestrae
2607 5103 2926 5180 subjectus
2980 5111 3114 5176 est,
3195 5106 3547 5165 diademate
3621 5124 3816 5184 parvo

403 5209 593 5280 atque
651 5203 877 5279 exiguo
936 5217 1145 5278 panno
1202 5201 1501 5255 retentus.
1564 5195 1803 5270 Supera
1857 5196 2108 5272 quidem
2170 5198 2361 5257 solius
2417 5199 2528 5258 Dei
2584 5206 2774 5272 sunt;
2837 5203 3037 5262 infera
3093 5211 3302 5264 autem
3362 5209 3567 5263 vestra
3625 5205 3815 5263 etiam

401 5306 568 5360 sunt.
619 5298 895 5360 Subditis
927 5295 1146 5356 vestris
1197 5293 1346 5352 deos
1394 5310 1505 5351 vos
1556 5291 1874 5368 praebete;
1937 5293 2124 5355 liceat
2174 5296 2338 5355 enim
2395 5296 2696 5357 audacius
2749 5300 2986 5378 aliquid
3032 5301 3281 5361 dicere:
3343 5326 3372 5356 ‹‹
3405 5304 3526 5361 Cor
3555 5300 3717 5378 regis
3749 5301 3812 5359 in

406 5423 433 5450 ((
471 5415 654 5456 manu
698 5396 807 5454 Dei
839 5400 929 5454 est
958 5393 1022 5463 5°,
1059 5414 1086 5449 »
1143 5396 1211 5449 ut
1242 5408 1318 5448 ex
1349 5387 1671 5464 Scriptura
1702 5390 1994 5450 audimus
2023 5411 2096 5452 ac
2128 5394 2459 5453 credimus.
2495 5395 2604 5453 Hic
2635 5395 2964 5472 imperium
2999 5405 3270 5458 vestrum
3305 5399 3405 5468 sit,
3443 5416 3566 5457 non
3598 5403 3807 5457 autem

473 5513 516 5544 ⁸⁸
547 5513 708 5566 Prov.
744 5527 858 5576 xxx,
900 5511 942 5561 1.

493 5638 544 5707 a)
585 5635 681 5699 Qr.
714 5635 807 5704 27,
841 5651 898 5687 n.
932 5633 982 5686 ἆ.
2234 5635 2299 5707 (ρ)
2340 5633 2536 5707 Carm.
2568 5635 2639 5688 ad
2667 5635 2999 5707 Seleucum,
3032 5655 3084 5694 ν.
3121 5640 3191 5693 35
3219 5643 3276 5694 et
3306 5653 3461 5707 seqq.

493 5654 523 5690 a
585 5638 681 5699 Qr.
714 5638 807 5704 27,
841 5651 898 5687 n.
932 5638 982 5686 4.
2251 5638 2299 5700 c)
2340 5638 2531 5687 Carm.
2568 5638 2639 5688 ad
2667 5638 2781 5691 Sele

471 5638 544 5779 lbi
586 5708 758 5777 Ibid.,
790 5723 848 5761 n.
880 5707 934 5759 5.
2233 5641 2307 5776 id)
2345 5707 2441 5760 Or.
2477 5704 2569 5773 36,
2602 5720 2659 5759 n.
2696 5709 2781 5764 11.
