  <div class='ocr_page' id='page_1' title='image "/cluster/home/n/w/nwhite01/storage/ocr_20150623/35/hvd.32044054100326/072.png"; bbox 0 0 4152 6208; ppageno 0'>
   <div class='ocr_carea' id='block_1_1' title="bbox 278 264 1918 334">
    <p class='ocr_par' dir='ltr' id='par_1_1' title="bbox 278 264 1910 330">
     <span class='ocr_line' id='line_1_1' title="bbox 278 264 1910 330; baseline -0.006 0"><span class='ocrx_word' id='word_1_1' title='bbox 278 273 375 330; x_wconf 78' lang='grc'>133</span> <span class='ocrx_word' id='word_1_2' title='bbox 1242 264 1658 324; x_wconf 68' lang='grc' dir='ltr'>ΡΒΑΞῈΑΤΙΟ</span> <span class='ocrx_word' id='word_1_3' title='bbox 1704 265 1910 324; x_wconf 86' lang='lat' dir='ltr'>GENE</span> 
     </span>
    </p>
   </div>
   <div class='ocr_carea' id='block_1_2' title="bbox 2009 264 3649 334">
    <p class='ocr_par' dir='ltr' id='par_1_2' title="bbox 2009 265 3649 334">
     <span class='ocr_line' id='line_1_2' title="bbox 2009 265 3649 334; baseline 0.008 -12"><span class='ocrx_word' id='word_1_4' title='bbox 2009 265 2252 324; x_wconf 79' lang='lat' dir='ltr'>.LIS.-—</span> <span class='ocrx_word' id='word_1_5' title='bbox 2293 267 2491 326; x_wconf 71' lang='lat' dir='ltr'>PARS</span> <span class='ocrx_word' id='word_1_6' title='bbox 2539 267 2644 325; x_wconf 86' lang='lat' dir='ltr'>Ill.</span> <span class='ocrx_word' id='word_1_7' title='bbox 3533 277 3649 334; x_wconf 71' lang='grc'>134</span> 
     </span>
    </p>
   </div>
   <div class='ocr_carea' id='block_1_3' title="bbox 269 395 3652 481">
    <p class='ocr_par' dir='ltr' id='par_1_3' title="bbox 269 395 3652 481">
     <span class='ocr_line' id='line_1_3' title="bbox 269 395 3652 481; baseline 0.001 -17"><span class='ocrx_word' id='word_1_8' title='bbox 269 408 322 464; x_wconf 91' lang='lat' dir='ltr'>in</span> <span class='ocrx_word' id='word_1_9' title='bbox 367 421 510 463; x_wconf 89' lang='lat' dir='ltr'>auro</span> <span class='ocrx_word' id='word_1_10' title='bbox 559 408 617 460; x_wconf 91' lang='lat' dir='ltr'>et</span> <span class='ocrx_word' id='word_1_11' title='bbox 665 401 725 459; x_wconf 93' lang='lat' dir='ltr'>in</span> <span class='ocrx_word' id='word_1_12' title='bbox 775 398 1172 460; x_wconf 76' lang='lat' dir='ltr'>exercitibus.</span> <span class='ocrx_word' id='word_1_13' title='bbox 1230 397 1453 467; x_wconf 85' lang='lat' dir='ltr'>Aulici,</span> <span class='ocrx_word' id='word_1_14' title='bbox 1507 413 1816 474; x_wconf 82' lang='lat' dir='ltr'>proceres,</span> <span class='ocrx_word' id='word_1_15' title='bbox 1869 413 1942 454; x_wconf 92' lang='lat' dir='ltr'>ac</span> <span class='ocrx_word' id='word_1_16' title='bbox 1994 395 2367 456; x_wconf 82' lang='lat' dir='ltr'>sublimibus</span> <span class='ocrx_word' id='word_1_17' title='bbox 2417 397 2658 457; x_wconf 88' lang='lat' dir='ltr'>thronis</span> <span class='ocrx_word' id='word_1_18' title='bbox 2709 406 2770 457; x_wconf 89' lang='lat' dir='ltr'>et</span> <span class='ocrx_word' id='word_1_19' title='bbox 2800 398 3210 474; x_wconf 76' lang='lat' dir='ltr'>dignitatibus</span> <span class='ocrx_word' id='word_1_20' title='bbox 3242 401 3538 481; x_wconf 83' lang='lat' dir='ltr'>insignes,</span> <span class='ocrx_word' id='word_1_21' title='bbox 3575 426 3652 467; x_wconf 90' lang='lat' dir='ltr'>ne</span> 
     </span>
    </p>
   </div>
   <div class='ocr_carea' id='block_1_4' title="bbox 268 494 3650 578">
    <p class='ocr_par' dir='ltr' id='par_1_4' title="bbox 268 494 3650 578">
     <span class='ocr_line' id='line_1_4' title="bbox 268 494 3650 578; baseline 0.001 -16"><span class='ocrx_word' id='word_1_22' title='bbox 268 505 336 562; x_wconf 88' lang='lat' dir='ltr'>ob</span> <span class='ocrx_word' id='word_1_23' title='bbox 392 501 725 578; x_wconf 84' lang='lat' dir='ltr'>potentiam</span> <span class='ocrx_word' id='word_1_24' title='bbox 781 514 1160 573; x_wconf 82' lang='lat' dir='ltr'>magnopere</span> <span class='ocrx_word' id='word_1_25' title='bbox 1211 495 1453 553; x_wconf 89' lang='lat' dir='ltr'>animos</span> <span class='ocrx_word' id='word_1_26' title='bbox 1501 494 1794 563; x_wconf 73' lang='lat' dir='ltr'>efferatis,</span> <span class='ocrx_word' id='word_1_27' title='bbox 1858 512 1970 552; x_wconf 91' lang='lat' dir='ltr'>nec</span> <span class='ocrx_word' id='word_1_28' title='bbox 2025 495 2099 552; x_wconf 91' lang='lat' dir='ltr'>de</span> <span class='ocrx_word' id='word_1_29' title='bbox 2158 495 2529 554; x_wconf 81' lang='lat' dir='ltr'>mortalibus</span> <span class='ocrx_word' id='word_1_30' title='bbox 2588 497 2771 555; x_wconf 90' lang='lat' dir='ltr'>rebus</span> <span class='ocrx_word' id='word_1_31' title='bbox 2830 503 3129 575; x_wconf 88' lang='lat' dir='ltr'>tanquam</span> <span class='ocrx_word' id='word_1_32' title='bbox 3188 501 3650 564; x_wconf 85' lang='lat' dir='ltr'>immortalibus</span> 
     </span>
    </p>
   </div>
   <div class='ocr_carea' id='block_1_5' title="bbox 266 591 3644 676">
    <p class='ocr_par' dir='ltr' id='par_1_5' title="bbox 266 591 3644 676">
     <span class='ocr_line' id='line_1_5' title="bbox 266 591 3644 676; baseline 0.001 -17"><span class='ocrx_word' id='word_1_33' title='bbox 266 598 546 676; x_wconf 82' lang='lat' dir='ltr'>cogitetis.</span> <span class='ocrx_word' id='word_1_34' title='bbox 583 597 792 656; x_wconf 88' lang='lat' dir='ltr'>Fidem</span> <span class='ocrx_word' id='word_1_35' title='bbox 829 593 1310 671; x_wconf 89' lang='lat' dir='ltr'>imperatoribus</span> <span class='ocrx_word' id='word_1_36' title='bbox 1354 598 1616 663; x_wconf 87' lang='lat' dir='ltr'>servate,</span> <span class='ocrx_word' id='word_1_37' title='bbox 1667 592 1774 650; x_wconf 90' lang='lat' dir='ltr'>sed</span> <span class='ocrx_word' id='word_1_38' title='bbox 1825 591 1995 668; x_wconf 88' lang='lat' dir='ltr'>prius</span> <span class='ocrx_word' id='word_1_39' title='bbox 2053 595 2203 663; x_wconf 92' lang='lat' dir='ltr'>Deo,</span> <span class='ocrx_word' id='word_1_40' title='bbox 2259 599 2514 670; x_wconf 87' lang='lat' dir='ltr'>propter</span> <span class='ocrx_word' id='word_1_41' title='bbox 2561 612 2747 671; x_wconf 90' lang='lat' dir='ltr'>quem</span> <span class='ocrx_word' id='word_1_42' title='bbox 2807 595 2902 653; x_wconf 85' lang='lat' dir='ltr'>his</span> <span class='ocrx_word' id='word_1_43' title='bbox 2960 596 3147 656; x_wconf 88' lang='lat' dir='ltr'>etiam</span> <span class='ocrx_word' id='word_1_44' title='bbox 3198 599 3422 675; x_wconf 88' lang='lat' dir='ltr'>quibus</span> <span class='ocrx_word' id='word_1_45' title='bbox 3471 620 3644 662; x_wconf 91' lang='lat' dir='ltr'>com-</span> 
     </span>
    </p>
   </div>
   <div class='ocr_carea' id='block_1_6' title="bbox 266 691 1091 755">
    <p class='ocr_par' dir='ltr' id='par_1_6' title="bbox 266 691 1091 755">
     <span class='ocr_line' id='line_1_6' title="bbox 266 691 1091 755; baseline -0.016 0"><span class='ocrx_word' id='word_1_46' title='bbox 266 697 415 755; x_wconf 84' lang='lat' dir='ltr'>missi</span> <span class='ocrx_word' id='word_1_47' title='bbox 470 703 529 752; x_wconf 93' lang='lat' dir='ltr'>et</span> <span class='ocrx_word' id='word_1_48' title='bbox 585 691 794 751; x_wconf 89' lang='lat' dir='ltr'>traditi</span> <span class='ocrx_word' id='word_1_49' title='bbox 849 691 1015 750; x_wconf 87' lang='lat' dir='ltr'>estis.</span> <span class='ocrx_word' id='word_1_50' title='bbox 1063 714 1091 743; x_wconf 82' lang='lat'>»</span> 
     </span>
    </p>
   </div>
   <div class='ocr_carea' id='block_1_7' title="bbox 332 787 3654 870">
    <p class='ocr_par' dir='ltr' id='par_1_7' title="bbox 332 787 3654 870">
     <span class='ocr_line' id='line_1_7' title="bbox 332 787 3654 870; baseline 0.001 -19"><span class='ocrx_word' id='word_1_51' title='bbox 332 792 815 852; x_wconf 88' lang='lat' dir='ltr'>Ecclesiasticam</span> <span class='ocrx_word' id='word_1_52' title='bbox 880 794 1252 865; x_wconf 87' lang='lat' dir='ltr'>potestatem</span> <span class='ocrx_word' id='word_1_53' title='bbox 1308 787 1621 864; x_wconf 87' lang='lat' dir='ltr'>agnoscit,</span> <span class='ocrx_word' id='word_1_54' title='bbox 1687 787 1905 863; x_wconf 90' lang='lat' dir='ltr'>hisque</span> <span class='ocrx_word' id='word_1_55' title='bbox 1958 787 2162 845; x_wconf 87' lang='lat' dir='ltr'>verbis</span> <span class='ocrx_word' id='word_1_56' title='bbox 2222 805 2430 846; x_wconf 89' lang='lat' dir='ltr'>coram</span> <span class='ocrx_word' id='word_1_57' title='bbox 2494 789 2787 864; x_wconf 66' lang='lat' dir='ltr'>praefecto</span> <span class='ocrx_word' id='word_1_58' title='bbox 2845 791 3180 867; x_wconf 67' lang='lat' dir='ltr'>provinciae</span> <span class='ocrx_word' id='word_1_59' title='bbox 3233 795 3535 870; x_wconf 73' lang='lat' dir='ltr'>praedicat</span> <span class='ocrx_word' id='word_1_60' title='bbox 3591 804 3654 857; x_wconf 90' lang='lat' dir='ltr'>et</span> 
     </span>
    </p>
   </div>
   <div class='ocr_carea' id='block_1_8' title="bbox 265 883 3654 964">
    <p class='ocr_par' dir='ltr' id='par_1_8' title="bbox 265 883 3654 964">
     <span class='ocr_line' id='line_1_8' title="bbox 265 883 3654 964; baseline 0 -14"><span class='ocrx_word' id='word_1_61' title='bbox 265 898 500 950; x_wconf 90' lang='lat' dir='ltr'>tuetur:</span> <span class='ocrx_word' id='word_1_62' title='bbox 564 912 590 944; x_wconf 74' lang='grc' dir='ltr'>(ι</span> <span class='ocrx_word' id='word_1_63' title='bbox 642 887 719 963; x_wconf 56' lang='grc' dir='ltr'>(α)</span> <span class='ocrx_word' id='word_1_64' title='bbox 771 887 892 944; x_wconf 86' lang='lat' dir='ltr'>Vos</span> <span class='ocrx_word' id='word_1_65' title='bbox 952 903 1202 962; x_wconf 91' lang='lat' dir='ltr'>quoque</span> <span class='ocrx_word' id='word_1_66' title='bbox 1247 884 1507 960; x_wconf 90' lang='lat' dir='ltr'>imperio</span> <span class='ocrx_word' id='word_1_67' title='bbox 1561 902 1697 942; x_wconf 92' lang='lat' dir='ltr'>meo</span> <span class='ocrx_word' id='word_1_68' title='bbox 1756 902 1826 941; x_wconf 89' lang='lat' dir='ltr'>ac</span> <span class='ocrx_word' id='word_1_69' title='bbox 1884 883 2110 942; x_wconf 85' lang='lat' dir='ltr'>throno</span> <span class='ocrx_word' id='word_1_70' title='bbox 2169 883 2264 940; x_wconf 85' lang='lat' dir='ltr'>lex</span> <span class='ocrx_word' id='word_1_71' title='bbox 2319 884 2545 942; x_wconf 84' lang='lat' dir='ltr'>Christi</span> <span class='ocrx_word' id='word_1_72' title='bbox 2604 885 2876 962; x_wconf 88' lang='lat' dir='ltr'>subjicit.</span> <span class='ocrx_word' id='word_1_73' title='bbox 2932 889 3264 964; x_wconf 89' lang='lat' dir='ltr'>Imperium</span> <span class='ocrx_word' id='word_1_74' title='bbox 3325 892 3488 950; x_wconf 91' lang='lat' dir='ltr'>enim</span> <span class='ocrx_word' id='word_1_75' title='bbox 3540 911 3654 951; x_wconf 90' lang='lat' dir='ltr'>nos</span> 
     </span>
    </p>
   </div>
   <div class='ocr_carea' id='block_1_9' title="bbox 261 980 3649 1066">
    <p class='ocr_par' dir='ltr' id='par_1_9' title="bbox 261 980 3649 1066">
     <span class='ocr_line' id='line_1_9' title="bbox 261 980 3649 1066; baseline 0.001 -21"><span class='ocrx_word' id='word_1_76' title='bbox 261 1004 491 1064; x_wconf 89' lang='lat' dir='ltr'>quoque</span> <span class='ocrx_word' id='word_1_77' title='bbox 550 984 824 1061; x_wconf 88' lang='lat' dir='ltr'>gerimus</span> <span class='ocrx_word' id='word_1_78' title='bbox 877 1002 889 1053; x_wconf 88' lang='lat'><strong>;</strong></span> <span class='ocrx_word' id='word_1_79' title='bbox 979 982 1141 1040; x_wconf 89' lang='lat' dir='ltr'>addo</span> <span class='ocrx_word' id='word_1_80' title='bbox 1200 981 1385 1039; x_wconf 89' lang='lat' dir='ltr'>etiam</span> <span class='ocrx_word' id='word_1_81' title='bbox 1459 980 1854 1057; x_wconf 62' lang='lat' dir='ltr'>prmstantius</span> <span class='ocrx_word' id='word_1_82' title='bbox 1914 998 1984 1039; x_wconf 90' lang='lat' dir='ltr'>ac</span> <span class='ocrx_word' id='word_1_83' title='bbox 2045 981 2376 1057; x_wconf 83' lang='lat' dir='ltr'>perfectius</span> <span class='ocrx_word' id='word_1_84' title='bbox 2438 1001 2450 1040; x_wconf 87' lang='lat'><strong>:</strong></span> <span class='ocrx_word' id='word_1_85' title='bbox 2543 981 2657 1039; x_wconf 88' lang='lat' dir='ltr'>nisi</span> <span class='ocrx_word' id='word_1_86' title='bbox 2715 1001 2859 1041; x_wconf 90' lang='lat' dir='ltr'>vero</span> <span class='ocrx_word' id='word_1_87' title='bbox 2919 1003 3166 1060; x_wconf 74' lang='lat' dir='ltr'>aequum</span> <span class='ocrx_word' id='word_1_88' title='bbox 3231 987 3307 1046; x_wconf 91' lang='lat' dir='ltr'>sit</span> <span class='ocrx_word' id='word_1_89' title='bbox 3362 989 3649 1066; x_wconf 89' lang='lat' dir='ltr'>spiritum</span> 
     </span>
    </p>
   </div>
   <div class='ocr_carea' id='block_1_10' title="bbox 260 1076 3646 1165">
    <p class='ocr_par' dir='ltr' id='par_1_10' title="bbox 260 1076 3646 1165">
     <span class='ocr_line' id='line_1_10' title="bbox 260 1076 3646 1165; baseline 0.001 -22"><span class='ocrx_word' id='word_1_90' title='bbox 260 1083 434 1155; x_wconf 83' lang='lat' dir='ltr'>carui,</span> <span class='ocrx_word' id='word_1_91' title='bbox 484 1088 544 1141; x_wconf 91' lang='lat' dir='ltr'>et</span> <span class='ocrx_word' id='word_1_92' title='bbox 602 1079 878 1140; x_wconf 73' lang='lat' dir='ltr'>coelestia</span> <span class='ocrx_word' id='word_1_93' title='bbox 944 1078 1203 1136; x_wconf 90' lang='lat' dir='ltr'>terrenis</span> <span class='ocrx_word' id='word_1_94' title='bbox 1255 1078 1558 1136; x_wconf 85' lang='lat' dir='ltr'>cedere.»</span> <span class='ocrx_word' id='word_1_95' title='bbox 1615 1080 1737 1135; x_wconf 89' lang='lat' dir='ltr'>Nec</span> <span class='ocrx_word' id='word_1_96' title='bbox 1788 1076 1994 1134; x_wconf 90' lang='lat' dir='ltr'>minus</span> <span class='ocrx_word' id='word_1_97' title='bbox 2053 1083 2259 1136; x_wconf 89' lang='lat' dir='ltr'>tamen</span> <span class='ocrx_word' id='word_1_98' title='bbox 2313 1078 2699 1155; x_wconf 88' lang='lat' dir='ltr'>principibus</span> <span class='ocrx_word' id='word_1_99' title='bbox 2751 1087 3077 1156; x_wconf 91' lang='lat' dir='ltr'>parentum</span> <span class='ocrx_word' id='word_1_100' title='bbox 3131 1101 3261 1141; x_wconf 78' lang='lat' dir='ltr'>esse</span> <span class='ocrx_word' id='word_1_101' title='bbox 3310 1087 3493 1145; x_wconf 89' lang='lat' dir='ltr'>docet</span> <span class='ocrx_word' id='word_1_102' title='bbox 3524 1087 3646 1165; x_wconf 83' lang='lat' dir='ltr'>(b):</span> 
     </span>
    </p>
   </div>
   <div class='ocr_carea' id='block_1_11' title="bbox 262 1174 3647 1258">
    <p class='ocr_par' dir='ltr' id='par_1_11' title="bbox 262 1174 3647 1258">
     <span class='ocr_line' id='line_1_11' title="bbox 262 1174 3647 1258; baseline 0.004 -25"><span class='ocrx_word' id='word_1_103' title='bbox 262 1179 760 1240; x_wconf 76' lang='lat' dir='ltr'>«Submittamus</span> <span class='ocrx_word' id='word_1_104' title='bbox 817 1195 952 1240; x_wconf 88' lang='lat' dir='ltr'>nos.</span> <span class='ocrx_word' id='word_1_105' title='bbox 1006 1183 1138 1234; x_wconf 91' lang='lat' dir='ltr'>tum</span> <span class='ocrx_word' id='word_1_106' title='bbox 1199 1178 1344 1244; x_wconf 90' lang='lat' dir='ltr'>Deo,</span> <span class='ocrx_word' id='word_1_107' title='bbox 1397 1181 1526 1233; x_wconf 91' lang='lat' dir='ltr'>tum</span> <span class='ocrx_word' id='word_1_108' title='bbox 1588 1174 1691 1232; x_wconf 89' lang='lat' dir='ltr'>alii</span> <span class='ocrx_word' id='word_1_109' title='bbox 1751 1174 1909 1246; x_wconf 91' lang='lat' dir='ltr'>aliis,</span> <span class='ocrx_word' id='word_1_110' title='bbox 1961 1180 2093 1232; x_wconf 90' lang='lat' dir='ltr'>tum</span> <span class='ocrx_word' id='word_1_111' title='bbox 2153 1174 2225 1232; x_wconf 87' lang='lat' dir='ltr'>iis</span> <span class='ocrx_word' id='word_1_112' title='bbox 2284 1176 2389 1252; x_wconf 83' lang='lat' dir='ltr'>qui</span> <span class='ocrx_word' id='word_1_113' title='bbox 2447 1175 2508 1233; x_wconf 91' lang='lat' dir='ltr'>in</span> <span class='ocrx_word' id='word_1_114' title='bbox 2567 1177 2746 1234; x_wconf 92' lang='lat' dir='ltr'>terris</span> <span class='ocrx_word' id='word_1_115' title='bbox 2802 1176 3135 1255; x_wconf 90' lang='lat' dir='ltr'>imperium</span> <span class='ocrx_word' id='word_1_116' title='bbox 3194 1190 3464 1258; x_wconf 91' lang='lat' dir='ltr'>gerunt:</span> <span class='ocrx_word' id='word_1_117' title='bbox 3520 1188 3647 1245; x_wconf 91' lang='lat' dir='ltr'>Deo</span> 
     </span>
    </p>
   </div>
   <div class='ocr_carea' id='block_1_12' title="bbox 257 1271 3643 1360">
    <p class='ocr_par' dir='ltr' id='par_1_12' title="bbox 257 1271 3643 1360">
     <span class='ocr_line' id='line_1_12' title="bbox 257 1271 3643 1360; baseline 0.003 -25"><span class='ocrx_word' id='word_1_118' title='bbox 257 1277 490 1354; x_wconf 91' lang='lat' dir='ltr'>quidem</span> <span class='ocrx_word' id='word_1_119' title='bbox 553 1274 844 1333; x_wconf 92' lang='lat' dir='ltr'>omnibus</span> <span class='ocrx_word' id='word_1_120' title='bbox 901 1275 977 1330; x_wconf 88' lang='lat' dir='ltr'>de</span> <span class='ocrx_word' id='word_1_121' title='bbox 1036 1273 1259 1340; x_wconf 82' lang='lat' dir='ltr'>causis,</span> <span class='ocrx_word' id='word_1_122' title='bbox 1313 1271 1418 1330; x_wconf 85' lang='lat' dir='ltr'>alii</span> <span class='ocrx_word' id='word_1_123' title='bbox 1477 1283 1684 1330; x_wconf 88' lang='lat' dir='ltr'>autem</span> <span class='ocrx_word' id='word_1_124' title='bbox 1738 1271 1875 1329; x_wconf 88' lang='lat' dir='ltr'>aliis</span> <span class='ocrx_word' id='word_1_125' title='bbox 1927 1277 2184 1349; x_wconf 88' lang='lat' dir='ltr'>propter</span> <span class='ocrx_word' id='word_1_126' title='bbox 2231 1271 2556 1330; x_wconf 89' lang='lat' dir='ltr'>charitatis</span> <span class='ocrx_word' id='word_1_127' title='bbox 2604 1274 2855 1332; x_wconf 74' lang='lat' dir='ltr'>fmdus:</span> <span class='ocrx_word' id='word_1_128' title='bbox 2911 1277 3298 1355; x_wconf 89' lang='lat' dir='ltr'>principibus</span> <span class='ocrx_word' id='word_1_129' title='bbox 3350 1281 3643 1360; x_wconf 90' lang='lat' dir='ltr'>denique,</span> 
     </span>
    </p>
   </div>
   <div class='ocr_carea' id='block_1_13' title="bbox 256 1367 3648 1452">
    <p class='ocr_par' dir='ltr' id='par_1_13' title="bbox 256 1367 3648 1452">
     <span class='ocr_line' id='line_1_13' title="bbox 256 1367 3648 1452; baseline 0.002 -21"><span class='ocrx_word' id='word_1_130' title='bbox 256 1379 494 1450; x_wconf 89' lang='lat' dir='ltr'>propter</span> <span class='ocrx_word' id='word_1_131' title='bbox 552 1372 836 1430; x_wconf 85' lang='lat' dir='ltr'>ordinem</span> <span class='ocrx_word' id='word_1_132' title='bbox 901 1369 1292 1446; x_wconf 70' lang='lat' dir='ltr'>publicaeque</span> <span class='ocrx_word' id='word_1_133' title='bbox 1351 1367 1695 1445; x_wconf 64' lang='lat' dir='ltr'>disciplina:</span> <span class='ocrx_word' id='word_1_134' title='bbox 1753 1368 2114 1439; x_wconf 89' lang='lat' dir='ltr'>rationem;</span> <span class='ocrx_word' id='word_1_135' title='bbox 2193 1368 2381 1444; x_wconf 89' lang='lat' dir='ltr'>idque</span> <span class='ocrx_word' id='word_1_136' title='bbox 2438 1376 2613 1428; x_wconf 90' lang='lat' dir='ltr'>tanto</span> <span class='ocrx_word' id='word_1_137' title='bbox 2673 1371 2860 1429; x_wconf 86' lang='lat' dir='ltr'>etiam</span> <span class='ocrx_word' id='word_1_138' title='bbox 2921 1374 3140 1450; x_wconf 89' lang='lat' dir='ltr'>magis,</span> <span class='ocrx_word' id='word_1_139' title='bbox 3203 1384 3440 1452; x_wconf 85' lang='lat' dir='ltr'>quanto</span> <span class='ocrx_word' id='word_1_140' title='bbox 3495 1379 3648 1439; x_wconf 84' lang='lat' dir='ltr'>faci-</span> 
     </span>
    </p>
   </div>
   <div class='ocr_carea' id='block_1_14' title="bbox 258 1463 1731 1540">
    <p class='ocr_par' dir='ltr' id='par_1_14' title="bbox 258 1463 1731 1540">
     <span class='ocr_line' id='line_1_14' title="bbox 258 1463 1731 1540; baseline -0.007 -14"><span class='ocrx_word' id='word_1_141' title='bbox 258 1470 494 1529; x_wconf 89' lang='lat' dir='ltr'>lioribus</span> <span class='ocrx_word' id='word_1_142' title='bbox 550 1468 676 1526; x_wconf 88' lang='lat' dir='ltr'>illis</span> <span class='ocrx_word' id='word_1_143' title='bbox 735 1484 806 1525; x_wconf 89' lang='lat' dir='ltr'>ac</span> <span class='ocrx_word' id='word_1_144' title='bbox 861 1465 1330 1540; x_wconf 89' lang='lat' dir='ltr'>benignioribus</span> <span class='ocrx_word' id='word_1_145' title='bbox 1389 1463 1645 1522; x_wconf 90' lang='lat' dir='ltr'>utimur.</span> <span class='ocrx_word' id='word_1_146' title='bbox 1705 1490 1731 1516; x_wconf 87' lang='grc'>››</span> 
     </span>
    </p>
   </div>
   <div class='ocr_carea' id='block_1_15' title="bbox 1241 1622 2645 1703">
    <p class='ocr_par' dir='ltr' id='par_1_15' title="bbox 1241 1622 2645 1703">
     <span class='ocr_line' id='line_1_15' title="bbox 1241 1622 2645 1703; baseline 0.001 -20"><span class='ocrx_word' id='word_1_147' title='bbox 1241 1624 1323 1683; x_wconf 86' lang='lat' dir='ltr'>De</span> <span class='ocrx_word' id='word_1_148' title='bbox 1364 1623 1705 1681; x_wconf 71' lang='lat' dir='ltr'>hierarchz&#39;a</span> <span class='ocrx_word' id='word_1_149' title='bbox 1743 1633 1796 1681; x_wconf 86' lang='lat' dir='ltr'>et</span> <span class='ocrx_word' id='word_1_150' title='bbox 1835 1622 2110 1682; x_wconf 60' lang='lat' dir='ltr'>caelibatu</span> <span class='ocrx_word' id='word_1_151' title='bbox 2146 1625 2645 1703; x_wconf 70' lang='lat' dir='ltr'>presbyterorum.</span> 
     </span>
    </p>
   </div>
   <div class='ocr_carea' id='block_1_16' title="bbox 323 1766 3649 1856">
    <p class='ocr_par' dir='ltr' id='par_1_16' title="bbox 323 1766 3649 1856">
     <span class='ocr_line' id='line_1_16' title="bbox 323 1766 3649 1856; baseline 0.002 -26"><span class='ocrx_word' id='word_1_152' title='bbox 323 1772 488 1842; x_wconf 83' lang='lat' dir='ltr'>Quod</span> <span class='ocrx_word' id='word_1_153' title='bbox 550 1771 778 1829; x_wconf 88' lang='lat' dir='ltr'>attinet</span> <span class='ocrx_word' id='word_1_154' title='bbox 834 1766 1288 1837; x_wconf 89' lang='lat' dir='ltr'>hierarchiam,</span> <span class='ocrx_word' id='word_1_155' title='bbox 1355 1766 1457 1824; x_wconf 93' lang='lat' dir='ltr'>ubi</span> <span class='ocrx_word' id='word_1_156' title='bbox 1520 1766 1852 1842; x_wconf 84' lang='lat' dir='ltr'>Gregorius</span> <span class='ocrx_word' id='word_1_157' title='bbox 1911 1767 1987 1824; x_wconf 93' lang='lat' dir='ltr'>de</span> <span class='ocrx_word' id='word_1_158' title='bbox 2048 1766 2214 1825; x_wconf 92' lang='lat' dir='ltr'>clero</span> <span class='ocrx_word' id='word_1_159' title='bbox 2272 1769 2966 1846; x_wconf 85' lang='lat' dir='ltr'>Constantinopolitano</span> <span class='ocrx_word' id='word_1_160' title='bbox 3031 1773 3219 1831; x_wconf 89' lang='lat' dir='ltr'>verba</span> <span class='ocrx_word' id='word_1_161' title='bbox 3276 1775 3457 1848; x_wconf 84' lang='lat' dir='ltr'>facit,</span> <span class='ocrx_word' id='word_1_162' title='bbox 3519 1779 3649 1856; x_wconf 82' lang='lat' dir='ltr'>epi-</span> 
     </span>
    </p>
   </div>
   <div class='ocr_carea' id='block_1_17' title="bbox 257 1863 3649 1953">
    <p class='ocr_par' dir='ltr' id='par_1_17' title="bbox 257 1863 3649 1953">
     <span class='ocr_line' id='line_1_17' title="bbox 257 1863 3649 1953; baseline 0.001 -23"><span class='ocrx_word' id='word_1_163' title='bbox 257 1887 594 1948; x_wconf 88' lang='lat' dir='ltr'>scoporum,</span> <span class='ocrx_word' id='word_1_164' title='bbox 661 1866 1192 1944; x_wconf 85' lang='lat' dir='ltr'>presbyterorum,</span> <span class='ocrx_word' id='word_1_165' title='bbox 1253 1864 1657 1922; x_wconf 91' lang='lat' dir='ltr'>diaconorum</span> <span class='ocrx_word' id='word_1_166' title='bbox 1719 1869 1779 1922; x_wconf 89' lang='lat' dir='ltr'>et</span> <span class='ocrx_word' id='word_1_167' title='bbox 1839 1863 2138 1922; x_wconf 92' lang='lat' dir='ltr'>lectorum</span> <span class='ocrx_word' id='word_1_168' title='bbox 2206 1870 2443 1923; x_wconf 90' lang='lat' dir='ltr'>tantum</span> <span class='ocrx_word' id='word_1_169' title='bbox 2508 1866 2789 1926; x_wconf 88' lang='lat' dir='ltr'>meminit</span> <span class='ocrx_word' id='word_1_170' title='bbox 2847 1867 2943 1945; x_wconf 82' lang='lat' dir='ltr'>(c).</span> <span class='ocrx_word' id='word_1_171' title='bbox 3026 1893 3054 1922; x_wconf 88' lang='lat'><strong><em>«</em></strong></span> <span class='ocrx_word' id='word_1_172' title='bbox 3123 1871 3267 1930; x_wconf 92' lang='lat' dir='ltr'>Vide</span> <span class='ocrx_word' id='word_1_173' title='bbox 3326 1875 3649 1953; x_wconf 90' lang='lat' dir='ltr'>presbyte-</span> 
     </span>
    </p>
   </div>
   <div class='ocr_carea' id='block_1_18' title="bbox 259 1961 3648 2039">
    <p class='ocr_par' dir='ltr' id='par_1_18' title="bbox 259 1961 3648 2039">
     <span class='ocr_line' id='line_1_18' title="bbox 259 1961 3648 2039; baseline 0.002 -13"><span class='ocrx_word' id='word_1_174' title='bbox 259 1987 444 2026; x_wconf 91' lang='lat' dir='ltr'>rorum</span> <span class='ocrx_word' id='word_1_175' title='bbox 505 1965 884 2030; x_wconf 89' lang='lat' dir='ltr'>concilium,</span> <span class='ocrx_word' id='word_1_176' title='bbox 966 1963 1192 2022; x_wconf 88' lang='lat' dir='ltr'>canitie</span> <span class='ocrx_word' id='word_1_177' title='bbox 1250 1967 1310 2020; x_wconf 92' lang='lat' dir='ltr'>et</span> <span class='ocrx_word' id='word_1_178' title='bbox 1369 1961 1701 2039; x_wconf 88' lang='lat' dir='ltr'>prudentia</span> <span class='ocrx_word' id='word_1_179' title='bbox 1760 1966 2163 2037; x_wconf 89' lang='lat' dir='ltr'>ornatorum,</span> <span class='ocrx_word' id='word_1_180' title='bbox 2227 1963 2634 2022; x_wconf 91' lang='lat' dir='ltr'>diaconorum</span> <span class='ocrx_word' id='word_1_181' title='bbox 2695 1965 3280 2028; x_wconf 86' lang='lat' dir='ltr'>modestiam.....</span> <span class='ocrx_word' id='word_1_182' title='bbox 3345 1971 3648 2034; x_wconf 90' lang='lat' dir='ltr'>lectorum</span> 
     </span>
    </p>
   </div>
   <div class='ocr_carea' id='block_1_19' title="bbox 258 2059 3652 2148">
    <p class='ocr_par' dir='ltr' id='par_1_19' title="bbox 258 2059 3652 2148">
     <span class='ocr_line' id='line_1_19' title="bbox 258 2059 3652 2148; baseline 0.002 -24"><span class='ocrx_word' id='word_1_183' title='bbox 258 2065 746 2124; x_wconf 88' lang='lat' dir='ltr'>concinnitatem.</span> <span class='ocrx_word' id='word_1_184' title='bbox 811 2087 836 2114; x_wconf 85' lang='grc'>››</span> <span class='ocrx_word' id='word_1_185' title='bbox 927 2062 1168 2119; x_wconf 91' lang='lat' dir='ltr'>Primos</span> <span class='ocrx_word' id='word_1_186' title='bbox 1246 2060 1305 2117; x_wconf 92' lang='lat' dir='ltr'>in</span> <span class='ocrx_word' id='word_1_187' title='bbox 1389 2059 1741 2118; x_wconf 83' lang='lat' dir='ltr'>bierarchia</span> <span class='ocrx_word' id='word_1_188' title='bbox 1801 2059 2223 2118; x_wconf 88' lang='lat' dir='ltr'>ecclesiastica</span> <span class='ocrx_word' id='word_1_189' title='bbox 2282 2062 2514 2136; x_wconf 90' lang='lat' dir='ltr'>gradus</span> <span class='ocrx_word' id='word_1_190' title='bbox 2572 2063 2886 2139; x_wconf 91' lang='lat' dir='ltr'>episcopi,</span> <span class='ocrx_word' id='word_1_191' title='bbox 2969 2067 3275 2126; x_wconf 88' lang='lat' dir='ltr'>secundos</span> <span class='ocrx_word' id='word_1_192' title='bbox 3335 2081 3652 2148; x_wconf 87' lang='lat' dir='ltr'>occupant</span> 
     </span>
    </p>
   </div>
   <div class='ocr_carea' id='block_1_20' title="bbox 259 2157 3645 2235">
    <p class='ocr_par' dir='ltr' id='par_1_20' title="bbox 259 2157 3645 2235">
     <span class='ocr_line' id='line_1_20' title="bbox 259 2157 3645 2235; baseline 0.002 -15"><span class='ocrx_word' id='word_1_193' title='bbox 259 2163 590 2221; x_wconf 84' lang='lat' dir='ltr'>sacerdotes</span> <span class='ocrx_word' id='word_1_194' title='bbox 645 2181 657 2220; x_wconf 91' lang='lat'><strong>:</strong></span> <span class='ocrx_word' id='word_1_195' title='bbox 720 2160 796 2218; x_wconf 88' lang='lat' dir='ltr'>ad</span> <span class='ocrx_word' id='word_1_196' title='bbox 859 2159 1291 2235; x_wconf 68' lang='lat' dir='ltr'>episcopatum</span> <span class='ocrx_word' id='word_1_197' title='bbox 1351 2175 1471 2215; x_wconf 89' lang='lat' dir='ltr'>non</span> <span class='ocrx_word' id='word_1_198' title='bbox 1533 2157 1648 2214; x_wconf 91' lang='lat' dir='ltr'>nisi</span> <span class='ocrx_word' id='word_1_199' title='bbox 1707 2175 1814 2234; x_wconf 91' lang='lat' dir='ltr'>per</span> <span class='ocrx_word' id='word_1_200' title='bbox 1875 2157 2197 2216; x_wconf 86' lang='lat' dir='ltr'>inferiores</span> <span class='ocrx_word' id='word_1_201' title='bbox 2254 2159 2487 2234; x_wconf 89' lang='lat' dir='ltr'>gradus</span> <span class='ocrx_word' id='word_1_202' title='bbox 2543 2160 3018 2220; x_wconf 88' lang='lat' dir='ltr'>ascendebatur.</span> <span class='ocrx_word' id='word_1_203' title='bbox 3086 2165 3374 2233; x_wconf 86' lang='lat' dir='ltr'>Quandiu</span> <span class='ocrx_word' id='word_1_204' title='bbox 3433 2168 3645 2228; x_wconf 86' lang='lat' dir='ltr'>Eccle-</span> 
     </span>
    </p>
   </div>
   <div class='ocr_carea' id='block_1_21' title="bbox 257 2254 3648 2334">
    <p class='ocr_par' dir='ltr' id='par_1_21' title="bbox 257 2254 3648 2334">
     <span class='ocr_line' id='line_1_21' title="bbox 257 2254 3648 2334; baseline 0.002 -15"><span class='ocrx_word' id='word_1_205' title='bbox 257 2263 334 2320; x_wconf 86' lang='lat' dir='ltr'>sia</span> <span class='ocrx_word' id='word_1_206' title='bbox 389 2261 636 2324; x_wconf 75' lang='lat' dir='ltr'>floruit,</span> <span class='ocrx_word' id='word_1_207' title='bbox 721 2264 780 2316; x_wconf 89' lang='lat' dir='ltr'>et</span> <span class='ocrx_word' id='word_1_208' title='bbox 838 2257 1014 2332; x_wconf 91' lang='lat' dir='ltr'>vigor</span> <span class='ocrx_word' id='word_1_209' title='bbox 1073 2255 1416 2332; x_wconf 66' lang='lat' dir='ltr'>disciplinae</span> <span class='ocrx_word' id='word_1_210' title='bbox 1473 2255 1640 2312; x_wconf 89' lang='lat' dir='ltr'>stetit</span> <span class='ocrx_word' id='word_1_211' title='bbox 1699 2254 2068 2324; x_wconf 91' lang='lat' dir='ltr'>incolumis,</span> <span class='ocrx_word' id='word_1_212' title='bbox 2154 2256 2436 2332; x_wconf 88' lang='lat' dir='ltr'>quisquis</span> <span class='ocrx_word' id='word_1_213' title='bbox 2496 2257 2570 2315; x_wconf 91' lang='lat' dir='ltr'>ad</span> <span class='ocrx_word' id='word_1_214' title='bbox 2631 2276 2993 2334; x_wconf 90' lang='lat' dir='ltr'>supremum</span> <span class='ocrx_word' id='word_1_215' title='bbox 3055 2263 3384 2322; x_wconf 83' lang='lat' dir='ltr'>sacerdotii</span> <span class='ocrx_word' id='word_1_216' title='bbox 3444 2267 3648 2326; x_wconf 90' lang='lat' dir='ltr'>hono-</span> 
     </span>
    </p>
   </div>
   <div class='ocr_carea' id='block_1_22' title="bbox 259 2351 3645 2437">
    <p class='ocr_par' dir='ltr' id='par_1_22' title="bbox 259 2351 3645 2437">
     <span class='ocr_line' id='line_1_22' title="bbox 259 2351 3645 2437; baseline 0.002 -21"><span class='ocrx_word' id='word_1_217' title='bbox 259 2376 371 2416; x_wconf 87' lang='lat' dir='ltr'>rem</span> <span class='ocrx_word' id='word_1_218' title='bbox 432 2355 892 2434; x_wconf 88' lang='lat' dir='ltr'>promovendus</span> <span class='ocrx_word' id='word_1_219' title='bbox 952 2359 1124 2423; x_wconf 89' lang='lat' dir='ltr'>erat,</span> <span class='ocrx_word' id='word_1_220' title='bbox 1199 2353 1280 2411; x_wconf 92' lang='lat' dir='ltr'>ob</span> <span class='ocrx_word' id='word_1_221' title='bbox 1339 2351 1684 2410; x_wconf 89' lang='lat' dir='ltr'>sanctitatis</span> <span class='ocrx_word' id='word_1_222' title='bbox 1746 2352 2034 2410; x_wconf 92' lang='lat' dir='ltr'>meritum</span> <span class='ocrx_word' id='word_1_223' title='bbox 2096 2353 2570 2424; x_wconf 88' lang='lat' dir='ltr'>assumebatur,</span> <span class='ocrx_word' id='word_1_224' title='bbox 2633 2373 2704 2412; x_wconf 89' lang='lat' dir='ltr'>ac</span> <span class='ocrx_word' id='word_1_225' title='bbox 2762 2356 3095 2432; x_wconf 89' lang='lat' dir='ltr'>diligenter</span> <span class='ocrx_word' id='word_1_226' title='bbox 3152 2359 3227 2418; x_wconf 90' lang='lat' dir='ltr'>de</span> <span class='ocrx_word' id='word_1_227' title='bbox 3287 2361 3422 2437; x_wconf 88' lang='lat' dir='ltr'>ejus</span> <span class='ocrx_word' id='word_1_228' title='bbox 3480 2365 3645 2437; x_wconf 86' lang='lat' dir='ltr'>vita,</span> 
     </span>
    </p>
   </div>
   <div class='ocr_carea' id='block_1_23' title="bbox 260 2452 3648 2529">
    <p class='ocr_par' dir='ltr' id='par_1_23' title="bbox 260 2452 3648 2529">
     <span class='ocr_line' id='line_1_23' title="bbox 260 2452 3648 2529; baseline 0.002 -14"><span class='ocrx_word' id='word_1_229' title='bbox 260 2458 514 2516; x_wconf 86' lang='lat' dir='ltr'>moribus</span> <span class='ocrx_word' id='word_1_230' title='bbox 573 2463 636 2515; x_wconf 88' lang='lat' dir='ltr'>et</span> <span class='ocrx_word' id='word_1_231' title='bbox 692 2455 977 2514; x_wconf 85' lang='lat' dir='ltr'>doctrina</span> <span class='ocrx_word' id='word_1_232' title='bbox 1029 2452 1494 2529; x_wconf 80' lang='lat' dir='ltr'>exquirebatur.</span> <span class='ocrx_word' id='word_1_233' title='bbox 1549 2453 1775 2511; x_wconf 86' lang='lat' dir='ltr'>Verum</span> <span class='ocrx_word' id='word_1_234' title='bbox 1837 2470 1962 2528; x_wconf 92' lang='lat' dir='ltr'>quo</span> <span class='ocrx_word' id='word_1_235' title='bbox 2021 2459 2301 2528; x_wconf 90' lang='lat' dir='ltr'>tempore</span> <span class='ocrx_word' id='word_1_236' title='bbox 2363 2454 2633 2512; x_wconf 91' lang='lat' dir='ltr'>nefanda</span> <span class='ocrx_word' id='word_1_237' title='bbox 2687 2455 3060 2515; x_wconf 84' lang='lat' dir='ltr'>Arianorum</span> <span class='ocrx_word' id='word_1_238' title='bbox 3124 2457 3378 2520; x_wconf 63' lang='lat' dir='ltr'>haeresis</span> <span class='ocrx_word' id='word_1_239' title='bbox 3436 2463 3648 2523; x_wconf 85' lang='lat' dir='ltr'>omnia</span> 
     </span>
    </p>
   </div>
   <div class='ocr_carea' id='block_1_24' title="bbox 262 2548 3646 2634">
    <p class='ocr_par' dir='ltr' id='par_1_24' title="bbox 262 2548 3646 2634">
     <span class='ocr_line' id='line_1_24' title="bbox 262 2548 3646 2634; baseline 0.002 -22"><span class='ocrx_word' id='word_1_240' title='bbox 262 2555 508 2625; x_wconf 87' lang='lat' dir='ltr'>miscuit,</span> <span class='ocrx_word' id='word_1_241' title='bbox 571 2553 672 2611; x_wconf 91' lang='lat' dir='ltr'>hic</span> <span class='ocrx_word' id='word_1_242' title='bbox 734 2551 887 2610; x_wconf 91' lang='lat' dir='ltr'>ordo</span> <span class='ocrx_word' id='word_1_243' title='bbox 947 2549 1370 2627; x_wconf 87' lang='lat' dir='ltr'>perturbatus,</span> <span class='ocrx_word' id='word_1_244' title='bbox 1442 2548 1822 2608; x_wconf 69' lang='lat' dir='ltr'>conculcatas</span> <span class='ocrx_word' id='word_1_245' title='bbox 1881 2549 2068 2626; x_wconf 81' lang='lat' dir='ltr'>leges.</span> <span class='ocrx_word' id='word_1_246' title='bbox 2134 2551 2285 2609; x_wconf 88' lang='lat' dir='ltr'>llinc</span> <span class='ocrx_word' id='word_1_247' title='bbox 2342 2551 2464 2609; x_wconf 60' lang='lat' dir='ltr'>illa</span> <span class='ocrx_word' id='word_1_248' title='bbox 2524 2553 2803 2629; x_wconf 89' lang='lat' dir='ltr'>Gregorii</span> <span class='ocrx_word' id='word_1_249' title='bbox 2861 2555 3130 2630; x_wconf 57' lang='lat' dir='ltr'>querela</span> <span class='ocrx_word' id='word_1_250' title='bbox 3188 2555 3272 2634; x_wconf 74' lang='grc' dir='ltr'>(ά)</span> <span class='ocrx_word' id='word_1_251' title='bbox 3339 2577 3349 2617; x_wconf 95' lang='lat'>:</span> <span class='ocrx_word' id='word_1_252' title='bbox 3433 2582 3459 2611; x_wconf 83' lang='lat'>«</span> <span class='ocrx_word' id='word_1_253' title='bbox 3522 2562 3646 2620; x_wconf 87' lang='lat' dir='ltr'>Nos</span> 
     </span>
    </p>
   </div>
   <div class='ocr_carea' id='block_1_25' title="bbox 261 2646 3640 2730">
    <p class='ocr_par' dir='ltr' id='par_1_25' title="bbox 261 2646 3640 2730">
     <span class='ocr_line' id='line_1_25' title="bbox 261 2646 3640 2730; baseline 0.002 -23"><span class='ocrx_word' id='word_1_254' title='bbox 261 2672 386 2711; x_wconf 88' lang='lat' dir='ltr'>vero</span> <span class='ocrx_word' id='word_1_255' title='bbox 444 2657 722 2719; x_wconf 88' lang='lat' dir='ltr'>cunctos,</span> <span class='ocrx_word' id='word_1_256' title='bbox 785 2648 963 2707; x_wconf 87' lang='lat' dir='ltr'>facile</span> <span class='ocrx_word' id='word_1_257' title='bbox 1021 2647 1402 2706; x_wconf 88' lang='lat' dir='ltr'>collocamus</span> <span class='ocrx_word' id='word_1_258' title='bbox 1459 2646 1519 2704; x_wconf 91' lang='lat' dir='ltr'>in</span> <span class='ocrx_word' id='word_1_259' title='bbox 1581 2647 1926 2705; x_wconf 89' lang='lat' dir='ltr'>antistitum</span> <span class='ocrx_word' id='word_1_260' title='bbox 1986 2646 2164 2715; x_wconf 90' lang='lat' dir='ltr'>solia,</span> <span class='ocrx_word' id='word_1_261' title='bbox 2230 2649 2414 2707; x_wconf 88' lang='lat' dir='ltr'>modo</span> <span class='ocrx_word' id='word_1_262' title='bbox 2471 2649 2587 2725; x_wconf 91' lang='lat' dir='ltr'>ipsi</span> <span class='ocrx_word' id='word_1_263' title='bbox 2643 2649 2831 2709; x_wconf 90' lang='lat' dir='ltr'>velint</span> <span class='ocrx_word' id='word_1_264' title='bbox 2885 2671 2896 2710; x_wconf 77' lang='grc' dir='ltr'>ε</span> <span class='ocrx_word' id='word_1_265' title='bbox 2968 2670 3366 2730; x_wconf 89' lang='lat' dir='ltr'>nequaquam</span> <span class='ocrx_word' id='word_1_266' title='bbox 3428 2674 3640 2714; x_wconf 86' lang='lat' dir='ltr'>recen-</span> 
     </span>
    </p>
   </div>
   <div class='ocr_carea' id='block_1_26' title="bbox 256 2743 3643 2824">
    <p class='ocr_par' dir='ltr' id='par_1_26' title="bbox 256 2743 3643 2824">
     <span class='ocr_line' id='line_1_26' title="bbox 256 2743 3643 2824; baseline 0.002 -19"><span class='ocrx_word' id='word_1_267' title='bbox 256 2751 430 2820; x_wconf 87' lang='lat' dir='ltr'>tium,</span> <span class='ocrx_word' id='word_1_268' title='bbox 507 2758 618 2806; x_wconf 90' lang='lat' dir='ltr'>aut</span> <span class='ocrx_word' id='word_1_269' title='bbox 681 2746 1072 2824; x_wconf 89' lang='lat' dir='ltr'>priscorum,</span> <span class='ocrx_word' id='word_1_270' title='bbox 1153 2745 1248 2802; x_wconf 91' lang='lat' dir='ltr'>vel</span> <span class='ocrx_word' id='word_1_271' title='bbox 1309 2743 1584 2802; x_wconf 91' lang='lat' dir='ltr'>actiones</span> <span class='ocrx_word' id='word_1_272' title='bbox 1639 2743 2142 2814; x_wconf 87' lang='lat' dir='ltr'>considerantes,</span> <span class='ocrx_word' id='word_1_273' title='bbox 2225 2745 2318 2803; x_wconf 92' lang='lat' dir='ltr'>vel</span> <span class='ocrx_word' id='word_1_274' title='bbox 2376 2745 2767 2817; x_wconf 88' lang='lat' dir='ltr'>doctrinam,</span> <span class='ocrx_word' id='word_1_275' title='bbox 2849 2748 2940 2806; x_wconf 90' lang='lat' dir='ltr'>vel</span> <span class='ocrx_word' id='word_1_276' title='bbox 3001 2753 3643 2813; x_wconf 66' lang='lat' dir='ltr'>conversationem...</span> 
     </span>
    </p>
   </div>
   <div class='ocr_carea' id='block_1_27' title="bbox 258 2839 3648 2925">
    <p class='ocr_par' dir='ltr' id='par_1_27' title="bbox 258 2839 3648 2925">
     <span class='ocr_line' id='line_1_27' title="bbox 258 2839 3648 2925; baseline 0.002 -24"><span class='ocrx_word' id='word_1_277' title='bbox 258 2848 367 2902; x_wconf 53' lang='lat' dir='ltr'>Son</span> <span class='ocrx_word' id='word_1_278' title='bbox 428 2865 530 2904; x_wconf 90' lang='lat' dir='ltr'>eos</span> <span class='ocrx_word' id='word_1_279' title='bbox 589 2843 902 2901; x_wconf 81' lang='lat' dir='ltr'>antistites</span> <span class='ocrx_word' id='word_1_280' title='bbox 953 2841 1236 2909; x_wconf 88' lang='lat' dir='ltr'>facimus,</span> <span class='ocrx_word' id='word_1_281' title='bbox 1298 2840 1405 2916; x_wconf 92' lang='lat' dir='ltr'>qui</span> <span class='ocrx_word' id='word_1_282' title='bbox 1465 2839 1676 2914; x_wconf 77' lang='lat' dir='ltr'>aliquo</span> <span class='ocrx_word' id='word_1_283' title='bbox 1735 2840 2032 2917; x_wconf 88' lang='lat' dir='ltr'>temporis</span> <span class='ocrx_word' id='word_1_284' title='bbox 2088 2841 2290 2917; x_wconf 85' lang='lat' dir='ltr'>spatio</span> <span class='ocrx_word' id='word_1_285' title='bbox 2353 2841 2578 2899; x_wconf 85' lang='lat' dir='ltr'>fuerint</span> <span class='ocrx_word' id='word_1_286' title='bbox 2624 2843 3001 2914; x_wconf 85' lang='lat' dir='ltr'>examinati;</span> <span class='ocrx_word' id='word_1_287' title='bbox 3067 2847 3172 2904; x_wconf 91' lang='lat' dir='ltr'>sed</span> <span class='ocrx_word' id='word_1_288' title='bbox 3234 2848 3340 2925; x_wconf 91' lang='lat' dir='ltr'>qui</span> <span class='ocrx_word' id='word_1_289' title='bbox 3400 2861 3648 2909; x_wconf 89' lang='lat' dir='ltr'>suomet</span> 
     </span>
    </p>
   </div>
   <div class='ocr_carea' id='block_1_28' title="bbox 252 2936 3643 3022">
    <p class='ocr_par' dir='ltr' id='par_1_28' title="bbox 252 2936 3643 3022">
     <span class='ocr_line' id='line_1_28' title="bbox 252 2936 3643 3022; baseline 0.002 -23"><span class='ocrx_word' id='word_1_290' title='bbox 252 2941 462 3017; x_wconf 88' lang='lat' dir='ltr'>judicio</span> <span class='ocrx_word' id='word_1_291' title='bbox 517 2942 694 3017; x_wconf 86' lang='lat' dir='ltr'>digni</span> <span class='ocrx_word' id='word_1_292' title='bbox 750 2939 1124 2997; x_wconf 77' lang='lat' dir='ltr'>videntur.»</span> <span class='ocrx_word' id='word_1_293' title='bbox 1189 2937 1343 2995; x_wconf 87' lang='lat' dir='ltr'>Hinc</span> <span class='ocrx_word' id='word_1_294' title='bbox 1404 2944 1527 2994; x_wconf 89' lang='lat' dir='ltr'>tam</span> <span class='ocrx_word' id='word_1_295' title='bbox 1591 2936 1817 3006; x_wconf 90' lang='lat' dir='ltr'>tristes,</span> <span class='ocrx_word' id='word_1_296' title='bbox 1869 2943 1993 2995; x_wconf 87' lang='lat' dir='ltr'>tam</span> <span class='ocrx_word' id='word_1_297' title='bbox 2057 2939 2356 2996; x_wconf 82' lang='lat' dir='ltr'>luctuosae</span> <span class='ocrx_word' id='word_1_298' title='bbox 2417 2938 2602 3015; x_wconf 85' lang='lat' dir='ltr'>hujus</span> <span class='ocrx_word' id='word_1_299' title='bbox 2663 2941 2957 3017; x_wconf 90' lang='lat' dir='ltr'>temporis</span> <span class='ocrx_word' id='word_1_300' title='bbox 3007 2941 3447 3022; x_wconf 86' lang='lat' dir='ltr'>episcOporum</span> <span class='ocrx_word' id='word_1_301' title='bbox 3485 2947 3643 3006; x_wconf 85' lang='lat' dir='ltr'>ima-</span> 
     </span>
    </p>
   </div>
   <div class='ocr_carea' id='block_1_29' title="bbox 266 3033 3646 3121">
    <p class='ocr_par' dir='ltr' id='par_1_29' title="bbox 266 3033 3646 3121">
     <span class='ocr_line' id='line_1_29' title="bbox 266 3033 3646 3121; baseline 0.002 -25"><span class='ocrx_word' id='word_1_302' title='bbox 266 3041 432 3114; x_wconf 83' lang='lat' dir='ltr'>gines,</span> <span class='ocrx_word' id='word_1_303' title='bbox 488 3048 618 3098; x_wconf 92' lang='lat' dir='ltr'>tam</span> <span class='ocrx_word' id='word_1_304' title='bbox 681 3037 873 3114; x_wconf 85' lang='lat' dir='ltr'>nigris</span> <span class='ocrx_word' id='word_1_305' title='bbox 932 3035 1245 3094; x_wconf 89' lang='lat' dir='ltr'>coloribus</span> <span class='ocrx_word' id='word_1_306' title='bbox 1303 3033 1380 3091; x_wconf 89' lang='lat' dir='ltr'>ab</span> <span class='ocrx_word' id='word_1_307' title='bbox 1429 3033 1564 3110; x_wconf 88' lang='lat' dir='ltr'>ipso</span> <span class='ocrx_word' id='word_1_308' title='bbox 1612 3033 1674 3091; x_wconf 90' lang='lat' dir='ltr'>in</span> <span class='ocrx_word' id='word_1_309' title='bbox 1726 3033 2107 3092; x_wconf 88' lang='lat' dir='ltr'>carminibus</span> <span class='ocrx_word' id='word_1_310' title='bbox 2158 3034 2522 3093; x_wconf 68' lang='lat' dir='ltr'>efformataa.</span> <span class='ocrx_word' id='word_1_311' title='bbox 2577 3037 2675 3094; x_wconf 85' lang='lat' dir='ltr'>Sic</span> <span class='ocrx_word' id='word_1_312' title='bbox 2730 3037 2789 3094; x_wconf 93' lang='lat' dir='ltr'>in</span> <span class='ocrx_word' id='word_1_313' title='bbox 2839 3039 3121 3100; x_wconf 89' lang='lat' dir='ltr'>oratione</span> <span class='ocrx_word' id='word_1_314' title='bbox 3171 3042 3246 3100; x_wconf 90' lang='lat' dir='ltr'>de</span> <span class='ocrx_word' id='word_1_315' title='bbox 3297 3043 3413 3103; x_wconf 91' lang='lat' dir='ltr'>hoc</span> <span class='ocrx_word' id='word_1_316' title='bbox 3465 3063 3646 3121; x_wconf 89' lang='lat' dir='ltr'>argu-</span> 
     </span>
    </p>
   </div>
   <div class='ocr_carea' id='block_1_30' title="bbox 261 3131 3635 3216">
    <p class='ocr_par' dir='ltr' id='par_1_30' title="bbox 261 3131 3635 3216">
     <span class='ocr_line' id='line_1_30' title="bbox 261 3131 3635 3216; baseline 0.003 -23"><span class='ocrx_word' id='word_1_317' title='bbox 261 3145 441 3196; x_wconf 86' lang='lat' dir='ltr'>mento</span> <span class='ocrx_word' id='word_1_318' title='bbox 491 3136 564 3215; x_wconf 88' lang='lat' dir='ltr'>(e)</span> <span class='ocrx_word' id='word_1_319' title='bbox 628 3154 640 3193; x_wconf 88' lang='lat'>:</span> <span class='ocrx_word' id='word_1_320' title='bbox 723 3159 748 3188; x_wconf 79' lang='grc' dir='ltr'>α</span> <span class='ocrx_word' id='word_1_321' title='bbox 802 3135 1080 3192; x_wconf 91' lang='lat' dir='ltr'>Aliorum</span> <span class='ocrx_word' id='word_1_322' title='bbox 1148 3150 1243 3190; x_wconf 90' lang='lat' dir='ltr'>me</span> <span class='ocrx_word' id='word_1_323' title='bbox 1306 3131 1545 3209; x_wconf 86' lang='lat' dir='ltr'>puduit,</span> <span class='ocrx_word' id='word_1_324' title='bbox 1608 3131 1716 3208; x_wconf 90' lang='lat' dir='ltr'>qui</span> <span class='ocrx_word' id='word_1_325' title='bbox 1772 3149 1912 3190; x_wconf 92' lang='lat' dir='ltr'>cum</span> <span class='ocrx_word' id='word_1_326' title='bbox 1979 3131 2286 3208; x_wconf 80' lang='lat' dir='ltr'>plerisque</span> <span class='ocrx_word' id='word_1_327' title='bbox 2342 3132 2537 3190; x_wconf 90' lang='lat' dir='ltr'>nihilo</span> <span class='ocrx_word' id='word_1_328' title='bbox 2601 3134 2885 3193; x_wconf 91' lang='lat' dir='ltr'>meliores</span> <span class='ocrx_word' id='word_1_329' title='bbox 2943 3136 3087 3207; x_wconf 89' lang='lat' dir='ltr'>sint,</span> <span class='ocrx_word' id='word_1_330' title='bbox 3148 3145 3338 3216; x_wconf 90' lang='lat' dir='ltr'>atque</span> <span class='ocrx_word' id='word_1_331' title='bbox 3396 3142 3635 3202; x_wconf 85' lang='lat' dir='ltr'>utinam</span> 
     </span>
    </p>
   </div>
   <div class='ocr_carea' id='block_1_31' title="bbox 257 3227 3634 3309">
    <p class='ocr_par' dir='ltr' id='par_1_31' title="bbox 257 3227 3634 3309">
     <span class='ocr_line' id='line_1_31' title="bbox 257 3227 3634 3309; baseline 0.002 -18"><span class='ocrx_word' id='word_1_332' title='bbox 257 3254 357 3293; x_wconf 86' lang='lat' dir='ltr'>non</span> <span class='ocrx_word' id='word_1_333' title='bbox 411 3237 595 3294; x_wconf 89' lang='lat' dir='ltr'>etiam</span> <span class='ocrx_word' id='word_1_334' title='bbox 664 3233 859 3291; x_wconf 93' lang='lat' dir='ltr'>multo</span> <span class='ocrx_word' id='word_1_335' title='bbox 920 3230 1183 3309; x_wconf 88' lang='lat' dir='ltr'>pejores,</span> <span class='ocrx_word' id='word_1_336' title='bbox 1247 3229 1457 3299; x_wconf 90' lang='lat' dir='ltr'>illotis,</span> <span class='ocrx_word' id='word_1_337' title='bbox 1525 3235 1590 3287; x_wconf 92' lang='lat' dir='ltr'>ut</span> <span class='ocrx_word' id='word_1_338' title='bbox 1645 3229 1765 3287; x_wconf 91' lang='lat' dir='ltr'>dici</span> <span class='ocrx_word' id='word_1_339' title='bbox 1824 3227 2000 3297; x_wconf 90' lang='lat' dir='ltr'>solet,</span> <span class='ocrx_word' id='word_1_340' title='bbox 2066 3227 2378 3300; x_wconf 89' lang='lat' dir='ltr'>manibus,</span> <span class='ocrx_word' id='word_1_341' title='bbox 2455 3230 2859 3308; x_wconf 88' lang='lat' dir='ltr'>profanisque</span> <span class='ocrx_word' id='word_1_342' title='bbox 2916 3233 3142 3293; x_wconf 90' lang='lat' dir='ltr'>animis</span> <span class='ocrx_word' id='word_1_343' title='bbox 3198 3236 3258 3293; x_wconf 94' lang='lat' dir='ltr'>in</span> <span class='ocrx_word' id='word_1_344' title='bbox 3318 3239 3634 3297; x_wconf 87' lang='lat' dir='ltr'>sanctissi-</span> 
     </span>
    </p>
   </div>
   <div class='ocr_carea' id='block_1_32' title="bbox 258 3323 3634 3411">
    <p class='ocr_par' dir='ltr' id='par_1_32' title="bbox 258 3323 3634 3411">
     <span class='ocr_line' id='line_1_32' title="bbox 258 3323 3634 3411; baseline 0.001 -22"><span class='ocrx_word' id='word_1_345' title='bbox 258 3350 337 3390; x_wconf 85' lang='lat' dir='ltr'>ma</span> <span class='ocrx_word' id='word_1_346' title='bbox 384 3333 677 3411; x_wconf 78' lang='lat' dir='ltr'>mysteria</span> <span class='ocrx_word' id='word_1_347' title='bbox 728 3347 858 3388; x_wconf 88' lang='lat' dir='ltr'>sese</span> <span class='ocrx_word' id='word_1_348' title='bbox 913 3328 1208 3395; x_wconf 84' lang='lat' dir='ltr'>inferunt,</span> <span class='ocrx_word' id='word_1_349' title='bbox 1267 3345 1337 3385; x_wconf 90' lang='lat' dir='ltr'>ac</span> <span class='ocrx_word' id='word_1_350' title='bbox 1398 3326 1761 3403; x_wconf 91' lang='lat' dir='ltr'>priusquam</span> <span class='ocrx_word' id='word_1_351' title='bbox 1821 3325 1991 3401; x_wconf 89' lang='lat' dir='ltr'>digni</span> <span class='ocrx_word' id='word_1_352' title='bbox 2050 3325 2192 3390; x_wconf 84' lang='lat' dir='ltr'>sint,</span> <span class='ocrx_word' id='word_1_353' title='bbox 2251 3323 2354 3403; x_wconf 91' lang='lat' dir='ltr'>qui</span> <span class='ocrx_word' id='word_1_354' title='bbox 2414 3327 2491 3384; x_wconf 91' lang='lat' dir='ltr'>ad</span> <span class='ocrx_word' id='word_1_355' title='bbox 2553 3346 2648 3385; x_wconf 93' lang='lat' dir='ltr'>res</span> <span class='ocrx_word' id='word_1_356' title='bbox 2695 3347 2902 3388; x_wconf 84' lang='lat' dir='ltr'>sacras</span> <span class='ocrx_word' id='word_1_357' title='bbox 2934 3332 3258 3403; x_wconf 89' lang='lat' dir='ltr'>accedant,</span> <span class='ocrx_word' id='word_1_358' title='bbox 3293 3335 3634 3393; x_wconf 89' lang='lat' dir='ltr'>sacrarium</span> 
     </span>
    </p>
   </div>
   <div class='ocr_carea' id='block_1_33' title="bbox 257 3424 3631 3508">
    <p class='ocr_par' dir='ltr' id='par_1_33' title="bbox 257 3424 3631 3508">
     <span class='ocr_line' id='line_1_33' title="bbox 257 3424 3631 3508; baseline 0.001 -21"><span class='ocrx_word' id='word_1_359' title='bbox 257 3431 426 3506; x_wconf 89' lang='lat' dir='ltr'>ipsum</span> <span class='ocrx_word' id='word_1_360' title='bbox 483 3430 812 3500; x_wconf 91' lang='lat' dir='ltr'>ambiunt,</span> <span class='ocrx_word' id='word_1_361' title='bbox 900 3434 961 3486; x_wconf 91' lang='lat' dir='ltr'>et</span> <span class='ocrx_word' id='word_1_362' title='bbox 1020 3427 1250 3485; x_wconf 90' lang='lat' dir='ltr'>circum</span> <span class='ocrx_word' id='word_1_363' title='bbox 1313 3430 1774 3482; x_wconf 88' lang='lat' dir='ltr'>sacrosanctam</span> <span class='ocrx_word' id='word_1_364' title='bbox 1837 3441 2110 3481; x_wconf 85' lang='lat' dir='ltr'>mensam</span> <span class='ocrx_word' id='word_1_365' title='bbox 2171 3441 2302 3481; x_wconf 89' lang='lat' dir='ltr'>sese</span> <span class='ocrx_word' id='word_1_366' title='bbox 2363 3424 2623 3483; x_wconf 87' lang='lat' dir='ltr'>invicem</span> <span class='ocrx_word' id='word_1_367' title='bbox 2701 3435 2994 3503; x_wconf 89' lang='lat' dir='ltr'>premunt</span> <span class='ocrx_word' id='word_1_368' title='bbox 3063 3448 3134 3488; x_wconf 89' lang='lat' dir='ltr'>ac</span> <span class='ocrx_word' id='word_1_369' title='bbox 3213 3433 3631 3508; x_wconf 91' lang='lat' dir='ltr'>protrudunt,</span> 
     </span>
    </p>
   </div>
   <div class='ocr_carea' id='block_1_34' title="bbox 257 3521 3633 3606">
    <p class='ocr_par' dir='ltr' id='par_1_34' title="bbox 257 3521 3633 3606">
     <span class='ocr_line' id='line_1_34' title="bbox 257 3521 3633 3606; baseline 0.002 -22"><span class='ocrx_word' id='word_1_370' title='bbox 257 3535 537 3606; x_wconf 66' lang='lat' dir='ltr'>tanquam‘</span> <span class='ocrx_word' id='word_1_371' title='bbox 586 3547 710 3586; x_wconf 91' lang='lat' dir='ltr'>non</span> <span class='ocrx_word' id='word_1_372' title='bbox 771 3525 1015 3584; x_wconf 89' lang='lat' dir='ltr'>virtutis</span> <span class='ocrx_word' id='word_1_373' title='bbox 1075 3521 1471 3598; x_wconf 87' lang='lat' dir='ltr'>exemplum,</span> <span class='ocrx_word' id='word_1_374' title='bbox 1528 3521 1634 3581; x_wconf 90' lang='lat' dir='ltr'>sed</span> <span class='ocrx_word' id='word_1_375' title='bbox 1694 3521 1890 3579; x_wconf 90' lang='lat' dir='ltr'>victus</span> <span class='ocrx_word' id='word_1_376' title='bbox 1947 3521 2210 3597; x_wconf 89' lang='lat' dir='ltr'>parandi</span> <span class='ocrx_word' id='word_1_377' title='bbox 2268 3522 2659 3582; x_wconf 87' lang='lat' dir='ltr'>occasionem</span> <span class='ocrx_word' id='word_1_378' title='bbox 2721 3530 2782 3583; x_wconf 89' lang='lat' dir='ltr'>et</span> <span class='ocrx_word' id='word_1_379' title='bbox 2838 3527 3184 3586; x_wconf 90' lang='lat' dir='ltr'>subsidium</span> <span class='ocrx_word' id='word_1_380' title='bbox 3244 3529 3410 3589; x_wconf 88' lang='lat' dir='ltr'>hunc</span> <span class='ocrx_word' id='word_1_381' title='bbox 3464 3532 3633 3591; x_wconf 90' lang='lat' dir='ltr'>ordi-</span> 
     </span>
    </p>
   </div>
   <div class='ocr_carea' id='block_1_35' title="bbox 259 3617 3636 3703">
    <p class='ocr_par' dir='ltr' id='par_1_35' title="bbox 259 3617 3636 3703">
     <span class='ocr_line' id='line_1_35' title="bbox 259 3617 3636 3703; baseline 0.001 -20"><span class='ocrx_word' id='word_1_382' title='bbox 259 3645 371 3684; x_wconf 88' lang='lat' dir='ltr'>nem</span> <span class='ocrx_word' id='word_1_383' title='bbox 416 3646 543 3686; x_wconf 89' lang='lat' dir='ltr'>esse</span> <span class='ocrx_word' id='word_1_384' title='bbox 587 3624 972 3703; x_wconf 88' lang='lat' dir='ltr'>judicantes,</span> <span class='ocrx_word' id='word_1_385' title='bbox 1026 3639 1097 3680; x_wconf 89' lang='lat' dir='ltr'>ac</span> <span class='ocrx_word' id='word_1_386' title='bbox 1142 3639 1264 3679; x_wconf 92' lang='lat' dir='ltr'>non</span> <span class='ocrx_word' id='word_1_387' title='bbox 1319 3638 1546 3678; x_wconf 91' lang='lat' dir='ltr'>munus</span> <span class='ocrx_word' id='word_1_388' title='bbox 1603 3617 1940 3678; x_wconf 88' lang='lat' dir='ltr'>referendis</span> <span class='ocrx_word' id='word_1_389' title='bbox 1992 3618 2337 3678; x_wconf 81' lang='lat' dir='ltr'>rationibus</span> <span class='ocrx_word' id='word_1_390' title='bbox 2384 3620 2754 3694; x_wconf 85' lang='lat' dir='ltr'>obnoxium,</span> <span class='ocrx_word' id='word_1_391' title='bbox 2804 3623 2910 3682; x_wconf 92' lang='lat' dir='ltr'>sed</span> <span class='ocrx_word' id='word_1_392' title='bbox 2954 3624 3287 3703; x_wconf 91' lang='lat' dir='ltr'>imperium</span> <span class='ocrx_word' id='word_1_393' title='bbox 3337 3629 3415 3686; x_wconf 90' lang='lat' dir='ltr'>ab</span> <span class='ocrx_word' id='word_1_394' title='bbox 3462 3630 3636 3688; x_wconf 91' lang='lat' dir='ltr'>omni</span> 
     </span>
    </p>
   </div>
   <div class='ocr_carea' id='block_1_36' title="bbox 259 3724 921 3783">
    <p class='ocr_par' dir='ltr' id='par_1_36' title="bbox 259 3724 921 3783">
     <span class='ocr_line' id='line_1_36' title="bbox 259 3724 921 3783; baseline 0.003 -4"><span class='ocrx_word' id='word_1_395' title='bbox 259 3740 482 3783; x_wconf 85' lang='lat' dir='ltr'>censura</span> <span class='ocrx_word' id='word_1_396' title='bbox 539 3724 850 3782; x_wconf 91' lang='lat' dir='ltr'>immune.</span> <span class='ocrx_word' id='word_1_397' title='bbox 897 3745 921 3773; x_wconf 72' lang='grc' dir='ltr'><strong>ι</strong></span> 
     </span>
    </p>
   </div>
   <div class='ocr_carea' id='block_1_37' title="bbox 319 3814 3632 3899">
    <p class='ocr_par' dir='ltr' id='par_1_37' title="bbox 319 3814 3632 3899">
     <span class='ocr_line' id='line_1_37' title="bbox 319 3814 3632 3899; baseline 0.001 -20"><span class='ocrx_word' id='word_1_398' title='bbox 319 3823 376 3879; x_wconf 94' lang='lat' dir='ltr'>ln</span> <span class='ocrx_word' id='word_1_399' title='bbox 431 3823 683 3881; x_wconf 86' lang='lat' dir='ltr'>Oriente</span> <span class='ocrx_word' id='word_1_400' title='bbox 747 3817 1091 3896; x_wconf 89' lang='lat' dir='ltr'>presbyteri</span> <span class='ocrx_word' id='word_1_401' title='bbox 1152 3835 1274 3875; x_wconf 90' lang='lat' dir='ltr'>non</span> <span class='ocrx_word' id='word_1_402' title='bbox 1332 3823 1458 3873; x_wconf 91' lang='lat' dir='ltr'>tam</span> <span class='ocrx_word' id='word_1_403' title='bbox 1517 3815 1726 3873; x_wconf 91' lang='lat' dir='ltr'>stricte</span> <span class='ocrx_word' id='word_1_404' title='bbox 1783 3814 2016 3873; x_wconf 66' lang='lat' dir='ltr'>cmlibis</span> <span class='ocrx_word' id='word_1_405' title='bbox 2075 3814 2215 3872; x_wconf 74' lang='lat' dir='ltr'>vitae</span> <span class='ocrx_word' id='word_1_406' title='bbox 2272 3814 2470 3892; x_wconf 91' lang='lat' dir='ltr'>legem</span> <span class='ocrx_word' id='word_1_407' title='bbox 2529 3816 2889 3876; x_wconf 90' lang='lat' dir='ltr'>observasse</span> <span class='ocrx_word' id='word_1_408' title='bbox 2947 3820 3272 3891; x_wconf 90' lang='lat' dir='ltr'>videntur,</span> <span class='ocrx_word' id='word_1_409' title='bbox 3345 3823 3494 3899; x_wconf 93' lang='lat' dir='ltr'>quin</span> <span class='ocrx_word' id='word_1_410' title='bbox 3555 3824 3632 3882; x_wconf 91' lang='lat' dir='ltr'>ab</span> 
     </span>
    </p>
   </div>
   <div class='ocr_carea' id='block_1_38' title="bbox 257 3912 3632 3997">
    <p class='ocr_par' dir='ltr' id='par_1_38' title="bbox 257 3912 3632 3997">
     <span class='ocr_line' id='line_1_38' title="bbox 257 3912 3632 3997; baseline 0.001 -23"><span class='ocrx_word' id='word_1_411' title='bbox 257 3935 314 3975; x_wconf 83' lang='lat' dir='ltr'>ea</span> <span class='ocrx_word' id='word_1_412' title='bbox 365 3920 546 3997; x_wconf 88' lang='lat' dir='ltr'>aliqui</span> <span class='ocrx_word' id='word_1_413' title='bbox 611 3918 1002 3982; x_wconf 79' lang='lat' dir='ltr'>recederent.</span> <span class='ocrx_word' id='word_1_414' title='bbox 1065 3914 1233 3991; x_wconf 92' lang='lat' dir='ltr'>quod</span> <span class='ocrx_word' id='word_1_415' title='bbox 1292 3914 1422 3991; x_wconf 88' lang='lat' dir='ltr'>ipse</span> <span class='ocrx_word' id='word_1_416' title='bbox 1481 3913 1791 3990; x_wconf 84' lang='lat' dir='ltr'>signiﬁcat</span> <span class='ocrx_word' id='word_1_417' title='bbox 1849 3912 2210 3989; x_wconf 90' lang='lat' dir='ltr'>Gregorius,</span> <span class='ocrx_word' id='word_1_418' title='bbox 2276 3913 2380 3970; x_wconf 93' lang='lat' dir='ltr'>ubi</span> <span class='ocrx_word' id='word_1_419' title='bbox 2437 3913 2650 3972; x_wconf 91' lang='lat' dir='ltr'>scribit</span> <span class='ocrx_word' id='word_1_420' title='bbox 2707 3933 2838 3974; x_wconf 89' lang='lat' dir='ltr'>esse</span> <span class='ocrx_word' id='word_1_421' title='bbox 2895 3917 3201 3992; x_wconf 87' lang='lat' dir='ltr'>quosdam</span> <span class='ocrx_word' id='word_1_422' title='bbox 3263 3919 3369 3994; x_wconf 94' lang='lat' dir='ltr'>qui</span> <span class='ocrx_word' id='word_1_423' title='bbox 3427 3920 3632 3996; x_wconf 89' lang='lat' dir='ltr'>bapti-</span> 
     </span>
    </p>
   </div>
   <div class='ocr_carea' id='block_1_39' title="bbox 257 4008 3634 4093">
    <p class='ocr_par' dir='ltr' id='par_1_39' title="bbox 257 4008 3634 4093">
     <span class='ocr_line' id='line_1_39' title="bbox 257 4008 3634 4093; baseline 0.001 -23"><span class='ocrx_word' id='word_1_424' title='bbox 257 4031 427 4074; x_wconf 86' lang='lat' dir='ltr'>smum</span> <span class='ocrx_word' id='word_1_425' title='bbox 484 4021 564 4074; x_wconf 91' lang='lat' dir='ltr'>ab</span> <span class='ocrx_word' id='word_1_426' title='bbox 627 4033 700 4073; x_wconf 92' lang='lat' dir='ltr'>eo</span> <span class='ocrx_word' id='word_1_427' title='bbox 759 4012 1124 4090; x_wconf 81' lang='lat' dir='ltr'>presbytero</span> <span class='ocrx_word' id='word_1_428' title='bbox 1183 4010 1375 4068; x_wconf 92' lang='lat' dir='ltr'>velint</span> <span class='ocrx_word' id='word_1_429' title='bbox 1433 4010 1766 4086; x_wconf 85' lang='lat' dir='ltr'>suscipere,</span> <span class='ocrx_word' id='word_1_430' title='bbox 1821 4009 1904 4087; x_wconf 83' lang='lat'>(/&#39;)</span> <span class='ocrx_word' id='word_1_431' title='bbox 1960 4031 1987 4065; x_wconf 90' lang='lat'><strong>«</strong></span> <span class='ocrx_word' id='word_1_432' title='bbox 2033 4009 2140 4086; x_wconf 91' lang='lat' dir='ltr'>qui</span> <span class='ocrx_word' id='word_1_433' title='bbox 2190 4008 2416 4067; x_wconf 72' lang='lat' dir='ltr'>caelebs</span> <span class='ocrx_word' id='word_1_434' title='bbox 2465 4009 2564 4082; x_wconf 89' lang='lat' dir='ltr'>sit,</span> <span class='ocrx_word' id='word_1_435' title='bbox 2599 4011 2706 4088; x_wconf 90' lang='lat' dir='ltr'>qui</span> <span class='ocrx_word' id='word_1_436' title='bbox 2756 4011 3155 4072; x_wconf 70' lang='lat' dir='ltr'>continentia:</span> <span class='ocrx_word' id='word_1_437' title='bbox 3210 4012 3392 4073; x_wconf 89' lang='lat' dir='ltr'>laude</span> <span class='ocrx_word' id='word_1_438' title='bbox 3443 4021 3634 4093; x_wconf 91' lang='lat' dir='ltr'>atque</span> 
     </span>
    </p>
   </div>
   <div class='ocr_carea' id='block_1_40' title="bbox 256 4107 1505 4188">
    <p class='ocr_par' dir='ltr' id='par_1_40' title="bbox 256 4107 1505 4188">
     <span class='ocr_line' id='line_1_40' title="bbox 256 4107 1505 4188; baseline -0.005 -21"><span class='ocrx_word' id='word_1_439' title='bbox 256 4112 504 4188; x_wconf 86' lang='lat' dir='ltr'>angelica</span> <span class='ocrx_word' id='word_1_440' title='bbox 563 4111 814 4170; x_wconf 89' lang='lat' dir='ltr'>vivendi</span> <span class='ocrx_word' id='word_1_441' title='bbox 874 4109 1114 4169; x_wconf 90' lang='lat' dir='ltr'>ratione</span> <span class='ocrx_word' id='word_1_442' title='bbox 1175 4107 1418 4166; x_wconf 87' lang='lat' dir='ltr'>ﬂoreat.</span> <span class='ocrx_word' id='word_1_443' title='bbox 1478 4129 1505 4162; x_wconf 86' lang='lat'>»</span> 
     </span>
    </p>
   </div>
   <div class='ocr_carea' id='block_1_41' title="bbox 1544 4265 2317 4327">
    <p class='ocr_par' dir='ltr' id='par_1_41' title="bbox 1544 4265 2317 4327">
     <span class='ocr_line' id='line_1_41' title="bbox 1544 4265 2317 4327; baseline -0.001 -2"><span class='ocrx_word' id='word_1_444' title='bbox 1544 4267 1629 4325; x_wconf 87' lang='lat' dir='ltr'>De</span> <span class='ocrx_word' id='word_1_445' title='bbox 1665 4267 1858 4327; x_wconf 73' lang='lat' dir='ltr'>causis</span> <span class='ocrx_word' id='word_1_446' title='bbox 1893 4265 2317 4326; x_wconf 73' lang='lat' dir='ltr'>ecclesiasticis.</span> 
     </span>
    </p>
   </div>
   <div class='ocr_carea' id='block_1_42' title="bbox 319 4399 3629 4484">
    <p class='ocr_par' dir='ltr' id='par_1_42' title="bbox 319 4399 3629 4484">
     <span class='ocr_line' id='line_1_42' title="bbox 319 4399 3629 4484; baseline 0.001 -20"><span class='ocrx_word' id='word_1_447' title='bbox 319 4409 644 4466; x_wconf 87' lang='lat' dir='ltr'>Causarum</span> <span class='ocrx_word' id='word_1_448' title='bbox 705 4403 1239 4465; x_wconf 86' lang='lat' dir='ltr'>eccesiasticarum</span> <span class='ocrx_word' id='word_1_449' title='bbox 1293 4400 1536 4477; x_wconf 88' lang='lat' dir='ltr'>judices</span> <span class='ocrx_word' id='word_1_450' title='bbox 1591 4407 1770 4461; x_wconf 90' lang='lat' dir='ltr'>erant</span> <span class='ocrx_word' id='word_1_451' title='bbox 1830 4401 2106 4478; x_wconf 90' lang='lat' dir='ltr'>episc0pi</span> <span class='ocrx_word' id='word_1_452' title='bbox 2161 4418 2173 4470; x_wconf 90' lang='lat'>;</span> <span class='ocrx_word' id='word_1_453' title='bbox 2237 4405 2298 4458; x_wconf 93' lang='lat' dir='ltr'>et</span> <span class='ocrx_word' id='word_1_454' title='bbox 2353 4399 2402 4458; x_wconf 91' lang='lat' dir='ltr'>si</span> <span class='ocrx_word' id='word_1_455' title='bbox 2463 4400 2715 4476; x_wconf 89' lang='lat' dir='ltr'>quando</span> <span class='ocrx_word' id='word_1_456' title='bbox 2775 4421 2871 4462; x_wconf 87' lang='lat' dir='ltr'>res</span> <span class='ocrx_word' id='word_1_457' title='bbox 2929 4404 3362 4466; x_wconf 73' lang='lat' dir='ltr'>ecclesiasticae</span> <span class='ocrx_word' id='word_1_458' title='bbox 3424 4407 3629 4484; x_wconf 87' lang='lat' dir='ltr'>publi-</span> 
     </span>
    </p>
   </div>
   <div class='ocr_carea' id='block_1_43' title="bbox 259 4495 3627 4580">
    <p class='ocr_par' dir='ltr' id='par_1_43' title="bbox 259 4495 3627 4580">
     <span class='ocr_line' id='line_1_43' title="bbox 259 4495 3627 4580; baseline 0.001 -21"><span class='ocrx_word' id='word_1_459' title='bbox 259 4502 326 4560; x_wconf 85' lang='lat' dir='ltr'>cis</span> <span class='ocrx_word' id='word_1_460' title='bbox 377 4505 675 4580; x_wconf 67' lang='lat' dir='ltr'>praetoriis</span> <span class='ocrx_word' id='word_1_461' title='bbox 734 4501 1246 4568; x_wconf 88' lang='lat' dir='ltr'>traducebantur,</span> <span class='ocrx_word' id='word_1_462' title='bbox 1308 4499 1369 4556; x_wconf 91' lang='lat' dir='ltr'>id</span> <span class='ocrx_word' id='word_1_463' title='bbox 1429 4516 1592 4574; x_wconf 62' lang='lat' dir='ltr'>aegre</span> <span class='ocrx_word' id='word_1_464' title='bbox 1650 4498 1956 4570; x_wconf 76' lang='lat' dir='ltr'>ferebant,</span> <span class='ocrx_word' id='word_1_465' title='bbox 2017 4503 2078 4555; x_wconf 89' lang='lat' dir='ltr'>et</span> <span class='ocrx_word' id='word_1_466' title='bbox 2135 4495 2358 4554; x_wconf 81' lang='lat' dir='ltr'>exinde</span> <span class='ocrx_word' id='word_1_467' title='bbox 2413 4499 2839 4580; x_wconf 69' lang='lat' dir='ltr'>querimonias</span> <span class='ocrx_word' id='word_1_468' title='bbox 2896 4502 3062 4578; x_wconf 90' lang='lat' dir='ltr'>apud</span> <span class='ocrx_word' id='word_1_469' title='bbox 3134 4502 3378 4580; x_wconf 92' lang='lat' dir='ltr'>judices</span> <span class='ocrx_word' id='word_1_470' title='bbox 3437 4503 3627 4564; x_wconf 85' lang='lat' dir='ltr'>habe-</span> 
     </span>
    </p>
   </div>
   <div class='ocr_carea' id='block_1_44' title="bbox 260 4561 3629 4680">
    <p class='ocr_par' dir='ltr' id='par_1_44' title="bbox 260 4561 3629 4680">
     <span class='ocr_line' id='line_1_44' title="bbox 260 4561 3629 4680; baseline 0.001 -26"><span class='ocrx_word' id='word_1_471' title='bbox 260 4561 853 4680; x_wconf 22' lang='lat' dir='ltr'>bantivutnepistola</span> <span class='ocrx_word' id='word_1_472' title='bbox 902 4597 1181 4674; x_wconf 89' lang='lat' dir='ltr'>Gregorii</span> <span class='ocrx_word' id='word_1_473' title='bbox 1229 4561 1303 4654; x_wconf 84' lang='lat' dir='ltr'>de</span> <span class='ocrx_word' id='word_1_474' title='bbox 1352 4561 1644 4673; x_wconf 65' lang='lat' dir='ltr'>episcopo</span> <span class='ocrx_word' id='word_1_475' title='bbox 1694 4561 2044 4671; x_wconf 45' lang='lat' dir='ltr'>Bospho&#39;rio</span> <span class='ocrx_word' id='word_1_476' title='bbox 2095 4561 2466 4671; x_wconf 75' lang='lat' dir='ltr'>argumento</span> <span class='ocrx_word' id='word_1_477' title='bbox 2489 4561 2631 4654; x_wconf 60' lang='lat' dir='ltr'>’est.</span> <span class='ocrx_word' id='word_1_478' title='bbox 2694 4617 2720 4650; x_wconf 89' lang='lat'><strong>«</strong></span> <span class='ocrx_word' id='word_1_479' title='bbox 2754 4561 3176 4674; x_wconf 43' lang='lat' dir='ltr'>Hanc|tibi,a»</span> <span class='ocrx_word' id='word_1_480' title='bbox 3229 4599 3432 4678; x_wconf 88' lang='lat' dir='ltr'>inquit</span> <span class='ocrx_word' id='word_1_481' title='bbox 3479 4561 3629 4659; x_wconf 81' lang='lat' dir='ltr'>scri-</span> 
     </span>
    </p>
   </div>
   <div class='ocr_carea' id='block_1_45' title="bbox 261 4693 3625 4776">
    <p class='ocr_par' dir='ltr' id='par_1_45' title="bbox 261 4693 3625 4776">
     <span class='ocr_line' id='line_1_45' title="bbox 261 4693 3625 4776; baseline 0.002 -26"><span class='ocrx_word' id='word_1_482' title='bbox 261 4693 382 4754; x_wconf 87' lang='lat' dir='ltr'>bens</span> <span class='ocrx_word' id='word_1_483' title='bbox 434 4701 717 4758; x_wconf 79' lang='lat' dir='ltr'>Nectario</span> <span class='ocrx_word' id='word_1_484' title='bbox 779 4698 880 4774; x_wconf 87' lang='lat' dir='ltr'>(g),</span> <span class='ocrx_word' id='word_1_485' title='bbox 947 4720 974 4749; x_wconf 89' lang='grc'>‹‹</span> <span class='ocrx_word' id='word_1_486' title='bbox 1028 4693 1447 4772; x_wconf 86' lang='lat' dir='ltr'>precationem</span> <span class='ocrx_word' id='word_1_487' title='bbox 1506 4711 1695 4752; x_wconf 89' lang='lat' dir='ltr'>ausus</span> <span class='ocrx_word' id='word_1_488' title='bbox 1753 4710 1892 4751; x_wconf 90' lang='lat' dir='ltr'>sum</span> <span class='ocrx_word' id='word_1_489' title='bbox 1952 4693 2177 4751; x_wconf 72' lang='lat' dir='ltr'>offerre</span> <span class='ocrx_word' id='word_1_490' title='bbox 2241 4710 2348 4768; x_wconf 93' lang='lat' dir='ltr'>pro</span> <span class='ocrx_word' id='word_1_491' title='bbox 2409 4693 2930 4754; x_wconf 88' lang='lat' dir='ltr'>reverendissimo</span> <span class='ocrx_word' id='word_1_492' title='bbox 2988 4696 3280 4774; x_wconf 91' lang='lat' dir='ltr'>episcopo</span> <span class='ocrx_word' id='word_1_493' title='bbox 3343 4699 3625 4776; x_wconf 88' lang='lat' dir='ltr'>Bospho-</span> 
     </span>
    </p>
   </div>
   <div class='ocr_carea' id='block_1_46' title="bbox 261 4789 3630 4870">
    <p class='ocr_par' dir='ltr' id='par_1_46' title="bbox 261 4789 3630 4870">
     <span class='ocr_line' id='line_1_46' title="bbox 261 4789 3630 4870; baseline 0.002 -23"><span class='ocrx_word' id='word_1_494' title='bbox 261 4793 446 4852; x_wconf 85' lang='lat' dir='ltr'>rio.....</span> <span class='ocrx_word' id='word_1_495' title='bbox 507 4795 1005 4856; x_wconf 86' lang='lat' dir='ltr'>Controversiam</span> <span class='ocrx_word' id='word_1_496' title='bbox 1078 4797 1244 4849; x_wconf 91' lang='lat' dir='ltr'>certe</span> <span class='ocrx_word' id='word_1_497' title='bbox 1317 4790 1392 4848; x_wconf 92' lang='lat' dir='ltr'>de</span> <span class='ocrx_word' id='word_1_498' title='bbox 1449 4789 2090 4849; x_wconf 88' lang='lat' dir='ltr'>circummanentibus</span> <span class='ocrx_word' id='word_1_499' title='bbox 2161 4794 2442 4846; x_wconf 83' lang='lat' dir='ltr'>exortam</span> <span class='ocrx_word' id='word_1_500' title='bbox 2518 4789 2647 4865; x_wconf 91' lang='lat' dir='ltr'>ipse</span> <span class='ocrx_word' id='word_1_501' title='bbox 2720 4790 3011 4850; x_wconf 90' lang='lat' dir='ltr'>nimirum</span> <span class='ocrx_word' id='word_1_502' title='bbox 3083 4794 3381 4853; x_wconf 89' lang='lat' dir='ltr'>dissolves</span> <span class='ocrx_word' id='word_1_503' title='bbox 3447 4795 3630 4870; x_wconf 79' lang='lat' dir='ltr'>juxta</span> 
     </span>
    </p>
   </div>
   <div class='ocr_carea' id='block_1_47' title="bbox 261 4885 3630 4970">
    <p class='ocr_par' dir='ltr' id='par_1_47' title="bbox 261 4885 3630 4970">
     <span class='ocr_line' id='line_1_47' title="bbox 261 4885 3630 4970; baseline 0.001 -25"><span class='ocrx_word' id='word_1_504' title='bbox 261 4887 488 4965; x_wconf 89' lang='lat' dir='ltr'>Spiritus</span> <span class='ocrx_word' id='word_1_505' title='bbox 548 4894 837 4970; x_wconf 86' lang='lat' dir='ltr'>gratiam,</span> <span class='ocrx_word' id='word_1_506' title='bbox 891 4908 1030 4968; x_wconf 71' lang='lat' dir='ltr'>qua:</span> <span class='ocrx_word' id='word_1_507' title='bbox 1087 4889 1148 4945; x_wconf 92' lang='lat' dir='ltr'>in</span> <span class='ocrx_word' id='word_1_508' title='bbox 1211 4894 1267 4946; x_wconf 88' lang='lat' dir='ltr'>te</span> <span class='ocrx_word' id='word_1_509' title='bbox 1326 4894 1436 4957; x_wconf 90' lang='lat' dir='ltr'>est,</span> <span class='ocrx_word' id='word_1_510' title='bbox 1492 4894 1552 4946; x_wconf 89' lang='lat' dir='ltr'>et</span> <span class='ocrx_word' id='word_1_511' title='bbox 1605 4905 1914 4946; x_wconf 88' lang='lat' dir='ltr'>canonum</span> <span class='ocrx_word' id='word_1_512' title='bbox 1978 4894 2279 4945; x_wconf 89' lang='lat' dir='ltr'>tenorem.</span> <span class='ocrx_word' id='word_1_513' title='bbox 2333 4885 2489 4944; x_wconf 92' lang='lat' dir='ltr'>Illud</span> <span class='ocrx_word' id='word_1_514' title='bbox 2549 4893 2754 4945; x_wconf 90' lang='lat' dir='ltr'>autem</span> <span class='ocrx_word' id='word_1_515' title='bbox 2816 4889 3070 4948; x_wconf 90' lang='lat' dir='ltr'>minime</span> <span class='ocrx_word' id='word_1_516' title='bbox 3131 4892 3452 4950; x_wconf 87' lang='lat' dir='ltr'>ferendum</span> <span class='ocrx_word' id='word_1_517' title='bbox 3506 4898 3630 4951; x_wconf 55' lang='lat' dir='ltr'>tua),</span> 
     </span>
    </p>
   </div>
   <div class='ocr_carea' id='block_1_48' title="bbox 265 4983 3627 5062">
    <p class='ocr_par' dir='ltr' id='par_1_48' title="bbox 265 4983 3627 5062">
     <span class='ocr_line' id='line_1_48' title="bbox 265 4983 3627 5062; baseline 0.002 -21"><span class='ocrx_word' id='word_1_518' title='bbox 265 4991 588 5049; x_wconf 61' lang='lat' dir='ltr'>reverentia</span> <span class='ocrx_word' id='word_1_519' title='bbox 647 4991 969 5054; x_wconf 84' lang='lat' dir='ltr'>videatur,</span> <span class='ocrx_word' id='word_1_520' title='bbox 1044 4985 1211 5062; x_wconf 91' lang='lat' dir='ltr'>quod</span> <span class='ocrx_word' id='word_1_521' title='bbox 1273 4992 1486 5043; x_wconf 87' lang='lat' dir='ltr'>nostra</span> <span class='ocrx_word' id='word_1_522' title='bbox 1542 4985 1806 5062; x_wconf 87' lang='lat' dir='ltr'>publicis</span> <span class='ocrx_word' id='word_1_523' title='bbox 1879 4983 2186 5062; x_wconf 71' lang='lat' dir='ltr'>praetoriis</span> <span class='ocrx_word' id='word_1_524' title='bbox 2244 4984 2674 5042; x_wconf 91' lang='lat' dir='ltr'>traducantur.</span> <span class='ocrx_word' id='word_1_525' title='bbox 2757 4989 2909 5045; x_wconf 80' lang='lat' dir='ltr'>Nam</span> <span class='ocrx_word' id='word_1_526' title='bbox 2968 4989 3215 5048; x_wconf 80' lang='lat' dir='ltr'>tametsi</span> <span class='ocrx_word' id='word_1_527' title='bbox 3273 4991 3395 5049; x_wconf 91' lang='lat' dir='ltr'>sint</span> <span class='ocrx_word' id='word_1_528' title='bbox 3449 4989 3627 5048; x_wconf 88' lang='lat' dir='ltr'>Chri-</span> 
     </span>
    </p>
   </div>
   <div class='ocr_carea' id='block_1_49' title="bbox 263 5080 3627 5164">
    <p class='ocr_par' dir='ltr' id='par_1_49' title="bbox 263 5080 3627 5164">
     <span class='ocr_line' id='line_1_49' title="bbox 263 5080 3627 5164; baseline 0.003 -27"><span class='ocrx_word' id='word_1_529' title='bbox 263 5084 432 5156; x_wconf 81' lang='lat' dir='ltr'>stiani,</span> <span class='ocrx_word' id='word_1_530' title='bbox 496 5095 561 5146; x_wconf 89' lang='lat' dir='ltr'>ut</span> <span class='ocrx_word' id='word_1_531' title='bbox 617 5097 780 5147; x_wconf 88' lang='lat' dir='ltr'>certe</span> <span class='ocrx_word' id='word_1_532' title='bbox 838 5086 944 5145; x_wconf 88' lang='lat' dir='ltr'>Dei</span> <span class='ocrx_word' id='word_1_533' title='bbox 1005 5083 1388 5158; x_wconf 88' lang='lat' dir='ltr'>benignitate</span> <span class='ocrx_word' id='word_1_534' title='bbox 1443 5089 1606 5153; x_wconf 90' lang='lat' dir='ltr'>sunt,</span> <span class='ocrx_word' id='word_1_535' title='bbox 1664 5082 1973 5160; x_wconf 84' lang='lat' dir='ltr'>ejusmodi</span> <span class='ocrx_word' id='word_1_536' title='bbox 2028 5080 2420 5157; x_wconf 89' lang='lat' dir='ltr'>negotiorum</span> <span class='ocrx_word' id='word_1_537' title='bbox 2468 5081 2764 5157; x_wconf 88' lang='lat' dir='ltr'>judices;</span> <span class='ocrx_word' id='word_1_538' title='bbox 2830 5085 2979 5161; x_wconf 93' lang='lat' dir='ltr'>quid</span> <span class='ocrx_word' id='word_1_539' title='bbox 3034 5104 3365 5146; x_wconf 91' lang='lat' dir='ltr'>commune</span> <span class='ocrx_word' id='word_1_540' title='bbox 3415 5089 3627 5164; x_wconf 89' lang='lat' dir='ltr'>gladio</span> 
     </span>
    </p>
   </div>
   <div class='ocr_carea' id='block_1_50' title="bbox 267 5178 3626 5262">
    <p class='ocr_par' dir='ltr' id='par_1_50' title="bbox 267 5178 3626 5262">
     <span class='ocr_line' id='line_1_50' title="bbox 267 5178 3626 5262; baseline 0.003 -28"><span class='ocrx_word' id='word_1_541' title='bbox 267 5184 312 5236; x_wconf 89' lang='lat' dir='ltr'>et</span> <span class='ocrx_word' id='word_1_542' title='bbox 359 5184 644 5260; x_wconf 82' lang='lat' dir='ltr'>spiritui?</span> <span class='ocrx_word' id='word_1_543' title='bbox 720 5183 896 5255; x_wconf 85' lang='lat' dir='ltr'>Quod</span> <span class='ocrx_word' id='word_1_544' title='bbox 956 5181 1005 5239; x_wconf 91' lang='lat' dir='ltr'>si</span> <span class='ocrx_word' id='word_1_545' title='bbox 1061 5181 1248 5240; x_wconf 90' lang='lat' dir='ltr'>etiam</span> <span class='ocrx_word' id='word_1_546' title='bbox 1309 5180 1842 5249; x_wconf 91' lang='lat' dir='ltr'>concesserimus,</span> <span class='ocrx_word' id='word_1_547' title='bbox 1923 5178 2239 5256; x_wconf 90' lang='lat' dir='ltr'>quomodo</span> <span class='ocrx_word' id='word_1_548' title='bbox 2296 5183 2404 5235; x_wconf 89' lang='lat' dir='ltr'>aut</span> <span class='ocrx_word' id='word_1_549' title='bbox 2464 5178 2717 5238; x_wconf 90' lang='lat' dir='ltr'>ubinam</span> <span class='ocrx_word' id='word_1_550' title='bbox 2771 5181 3055 5257; x_wconf 87' lang='lat' dir='ltr'>justum,</span> <span class='ocrx_word' id='word_1_551' title='bbox 3137 5184 3626 5262; x_wconf 90' lang='lat' dir='ltr'>disputationem</span> 
     </span>
    </p>
   </div>
   <div class='ocr_carea' id='block_1_51' title="bbox 267 5273 3625 5359">
    <p class='ocr_par' dir='ltr' id='par_1_51' title="bbox 267 5273 3625 5359">
     <span class='ocr_line' id='line_1_51' title="bbox 267 5273 3625 5359; baseline 0.002 -22"><span class='ocrx_word' id='word_1_552' title='bbox 267 5273 324 5332; x_wconf 82' lang='lat' dir='ltr'>de</span> <span class='ocrx_word' id='word_1_553' title='bbox 373 5277 478 5339; x_wconf 81' lang='lat' dir='ltr'>ﬁde</span> <span class='ocrx_word' id='word_1_554' title='bbox 534 5299 674 5341; x_wconf 91' lang='lat' dir='ltr'>cum</span> <span class='ocrx_word' id='word_1_555' title='bbox 733 5281 869 5340; x_wconf 90' lang='lat' dir='ltr'>aliis</span> <span class='ocrx_word' id='word_1_556' title='bbox 918 5276 1356 5339; x_wconf 89' lang='lat' dir='ltr'>controversiis</span> <span class='ocrx_word' id='word_1_557' title='bbox 1403 5276 1771 5354; x_wconf 86' lang='lat' dir='ltr'>implicari?</span> <span class='ocrx_word' id='word_1_558' title='bbox 1801 5297 1830 5332; x_wconf 72' lang='grc' dir='ltr'><strong><em>υ</em></strong></span> <span class='ocrx_word' id='word_1_559' title='bbox 1897 5275 2074 5346; x_wconf 87' lang='lat' dir='ltr'>Quod</span> <span class='ocrx_word' id='word_1_560' title='bbox 2135 5275 2253 5333; x_wconf 92' lang='lat' dir='ltr'>hac</span> <span class='ocrx_word' id='word_1_561' title='bbox 2303 5274 2569 5352; x_wconf 88' lang='lat' dir='ltr'>epistola</span> <span class='ocrx_word' id='word_1_562' title='bbox 2624 5279 2986 5355; x_wconf 87' lang='lat' dir='ltr'>postulabat</span> <span class='ocrx_word' id='word_1_563' title='bbox 3016 5282 3371 5359; x_wconf 86' lang='lat' dir='ltr'>Gregorius,</span> <span class='ocrx_word' id='word_1_564' title='bbox 3407 5301 3625 5343; x_wconf 89' lang='lat' dir='ltr'>conse-</span> 
     </span>
    </p>
   </div>
   <div class='ocr_carea' id='block_1_52' title="bbox 331 5460 1971 5530">
    <p class='ocr_par' dir='ltr' id='par_1_52' title="bbox 331 5465 808 5530">
     <span class='ocr_line' id='line_1_52' title="bbox 331 5465 808 5530; baseline 0.006 -14"><span class='ocrx_word' id='word_1_565' title='bbox 331 5479 386 5526; x_wconf 34' lang='grc' dir='ltr'>και</span> <span class='ocrx_word' id='word_1_566' title='bbox 425 5465 510 5518; x_wconf 87' lang='lat' dir='ltr'>0r.</span> <span class='ocrx_word' id='word_1_567' title='bbox 549 5468 630 5530; x_wconf 81' lang='lat' dir='ltr'>l7,</span> <span class='ocrx_word' id='word_1_568' title='bbox 667 5485 721 5520; x_wconf 88' lang='lat' dir='ltr'>n.</span> <span class='ocrx_word' id='word_1_569' title='bbox 756 5470 808 5519; x_wconf 76' lang='lat'>8.</span> 
     </span>
    </p>
   </div>
   <div class='ocr_carea' id='block_1_53' title="bbox 887 5460 2527 5530">
    <p class='ocr_par' dir='ltr' id='par_1_53' title="bbox 2054 5460 2527 5530">
     <span class='ocr_line' id='line_1_53' title="bbox 2054 5460 2527 5530; baseline -0.002 -16"><span class='ocrx_word' id='word_1_570' title='bbox 2054 5462 2116 5530; x_wconf 85' lang='lat' dir='ltr'>(e)</span> <span class='ocrx_word' id='word_1_571' title='bbox 2159 5460 2252 5514; x_wconf 91' lang='lat' dir='ltr'>0r.</span> <span class='ocrx_word' id='word_1_572' title='bbox 2296 5460 2350 5528; x_wconf 83' lang='lat'>2,</span> <span class='ocrx_word' id='word_1_573' title='bbox 2386 5476 2441 5513; x_wconf 92' lang='lat' dir='ltr'>n.</span> <span class='ocrx_word' id='word_1_574' title='bbox 2474 5461 2527 5513; x_wconf 92' lang='lat'>8.</span> 
     </span>
    </p>
   </div>
   <div class='ocr_carea' id='block_1_54' title="bbox 329 5509 1969 5603">
    <p class='ocr_par' dir='ltr' id='par_1_54' title="bbox 329 5509 808 5603">
     <span class='ocr_line' id='line_1_54' title="bbox 329 5509 808 5603; baseline 0.015 -19"><span class='ocrx_word' id='word_1_575' title='bbox 329 5509 389 5598; x_wconf 61' lang='lat' dir='ltr'>ii)</span> <span class='ocrx_word' id='word_1_576' title='bbox 428 5509 599 5603; x_wconf 45' lang='lat' dir='ltr'>iam</span> <span class='ocrx_word' id='word_1_577' title='bbox 617 5509 808 5591; x_wconf 59' lang='lat' dir='ltr'>’nt‘ct&#39;</span> 
     </span>
    </p>
   </div>
   <div class='ocr_carea' id='block_1_55' title="bbox 956 5509 2596 5603">
    <p class='ocr_par' dir='ltr' id='par_1_55' title="bbox 2056 5509 2596 5603">
     <span class='ocr_line' id='line_1_55' title="bbox 2056 5509 2596 5603; baseline 0.004 -18"><span class='ocrx_word' id='word_1_578' title='bbox 2056 5509 2122 5602; x_wconf 55' lang='lat' dir='ltr'>tr)</span> <span class='ocrx_word' id='word_1_579' title='bbox 2163 5509 2254 5585; x_wconf 58' lang='lat'>(3;:</span> <span class='ocrx_word' id='word_1_580' title='bbox 2293 5509 2596 5603; x_wconf 48' lang='lat'>[15,156.</span> 
     </span>
    </p>
   </div>
   <div class='ocr_carea' id='block_1_56' title="bbox 329 5601 1969 5674">
    <p class='ocr_par' dir='ltr' id='par_1_56' title="bbox 329 5601 1574 5674">
     <span class='ocr_line' id='line_1_56' title="bbox 329 5601 1574 5674; baseline 0.017 -21"><span class='ocrx_word' id='word_1_581' title='bbox 329 5605 381 5662; x_wconf 75' lang='lat' dir='ltr'>(cl</span> <span class='ocrx_word' id='word_1_582' title='bbox 417 5606 500 5660; x_wconf 90' lang='lat' dir='ltr'>Or.</span> <span class='ocrx_word' id='word_1_583' title='bbox 536 5601 622 5674; x_wconf 80' lang='grc'>42,</span> <span class='ocrx_word' id='word_1_584' title='bbox 663 5626 719 5661; x_wconf 90' lang='lat' dir='ltr'>n.</span> <span class='ocrx_word' id='word_1_585' title='bbox 757 5609 842 5661; x_wconf 87' lang='grc'>11.</span> <span class='ocrx_word' id='word_1_586' title='bbox 1176 5673 1182 5674; x_wconf 20' lang='grc' dir='ltr'>ί</span> <span class='ocrx_word' id='word_1_587' title='bbox 1314 5671 1345 5674; x_wconf 81' lang='lat'>__</span> <span class='ocrx_word' id='word_1_588' title='bbox 1563 5672 1574 5674; x_wconf 74' lang='lat'><strong><em>_</em></strong></span> 
     </span>
    </p>
   </div>
   <div class='ocr_carea' id='block_1_57' title="bbox 899 5601 2539 5674">
    <p class='ocr_par' dir='ltr' id='par_1_57' title="bbox 1176 5601 2539 5674">
     <span class='ocr_line' id='line_1_57' title="bbox 1176 5601 2539 5674; baseline 0 -17"><span class='ocrx_word' id='word_1_589' title='bbox 1176 5673 1182 5674; x_wconf 14' lang='grc' dir='ltr'><em>γ</em></span> <span class='ocrx_word' id='word_1_590' title='bbox 1314 5671 1345 5674; x_wconf 80' lang='lat'>__</span> <span class='ocrx_word' id='word_1_591' title='bbox 1563 5672 1574 5674; x_wconf 75' lang='lat'><strong><em>_</em></strong></span> <span class='ocrx_word' id='word_1_592' title='bbox 2057 5603 2124 5674; x_wconf 68' lang='grc' dir='ltr'>ω)</span> <span class='ocrx_word' id='word_1_593' title='bbox 2167 5603 2267 5672; x_wconf 88' lang='lat' dir='ltr'>Ep.</span> <span class='ocrx_word' id='word_1_594' title='bbox 2303 5601 2380 5656; x_wconf 89' lang='lat' dir='ltr'>al.</span> <span class='ocrx_word' id='word_1_595' title='bbox 2414 5603 2539 5657; x_wconf 86' lang='grc'>227.</span> 
     </span>
    </p>
   </div>
   <div class='ocr_carea' id='block_1_58' title="bbox 334 5671 1604 5749">
    <p class='ocr_par' dir='ltr' id='par_1_58' title="bbox 334 5671 1604 5749">
     <span class='ocr_line' id='line_1_58' title="bbox 334 5671 1604 5749; baseline -0.007 -12"><span class='ocrx_word' id='word_1_596' title='bbox 334 5675 390 5738; x_wconf 63' lang='grc' dir='ltr'>λά)</span> <span class='ocrx_word' id='word_1_597' title='bbox 427 5671 617 5734; x_wconf 56' lang='grc' dir='ltr'>ϐαι-ω(</span> <span class='ocrx_word' id='word_1_598' title='bbox 640 5681 767 5734; x_wconf 87' lang='lat' dir='ltr'>adv.</span> <span class='ocrx_word' id='word_1_599' title='bbox 802 5677 1001 5749; x_wconf 87' lang='lat' dir='ltr'>episc.,</span> <span class='ocrx_word' id='word_1_600' title='bbox 1036 5673 1189 5745; x_wconf 89' lang='lat' dir='ltr'>apud</span> <span class='ocrx_word' id='word_1_601' title='bbox 1223 5671 1395 5737; x_wconf 85' lang='lat' dir='ltr'>Toll.,</span> <span class='ocrx_word' id='word_1_602' title='bbox 1429 5689 1482 5744; x_wconf 92' lang='lat' dir='ltr'>p.</span> <span class='ocrx_word' id='word_1_603' title='bbox 1517 5672 1604 5728; x_wconf 88' lang='lat'>39.</span> 
     </span>
    </p>
   </div>
  </div>
