4152 6208
435 264 547 325 135
1433 262 1851 324 PBEFATIU
1898 261 2075 325 GEN]

2197 265 2358 325 lLlS.
2396 291 2475 308 --
2517 258 2717 325 ΡΑΡιε
2761 259 2869 326 llI.
3724 268 3837 334 136

429 406 610 460 cutus
663 400 931 468 videtur,
991 399 1509 476 occasionemque
1569 398 1810 458 dedisse
1867 400 2167 478 rescripto
2224 399 2598 473 Theodosii,
2659 400 2806 461 dato
2865 405 2899 459 4
2960 401 3138 461 Febr.
3201 418 3302 462 an.
3364 405 3480 463 384
3537 406 3631 465 vel
3689 408 3829 480 385,

430 499 512 557 ad
545 501 840 576 Optatum
875 498 1128 575 {Egypti
1169 497 1557 574 praefectum,
1615 511 1741 574 quo
1801 497 2096 566 sancitur,
2164 496 2308 574 «((1)
2359 510 2437 554 ne
2493 513 2726 556 nomen
2787 498 3248 576 episcoporum,
3309 503 3402 561 vel
3462 517 3676 562 eorum
3729 506 3835 581 qui

429 597 721 656 Ecclesiae
779 594 1250 654 necessitatibus
1308 593 1615 667 serviunt,
1677 594 1754 652 ad
1805 592 2046 670 judicia
2095 594 2222 652 sive
2281 593 2743 653 ordinariorum
2802 609 2929 655 sive
2987 599 3628 659 extraordinariorum
3691 617 3834 678 per-

430 693 741 752 trahatur.
804 693 1046 751 Habent
1104 691 1194 749 illi
1243 691 1490 768 judices
1547 709 1731 765 suos,
1809 710 1921 750 nec
1979 691 2324 768 quidquam
2385 690 2482 749 his
2557 692 2821 768 publicis
2889 710 3220 754 commune
3296 713 3438 755 cum
3515 697 3759 774 legibus
3817 715 3832 756 :

431 795 737 867 quantum
799 787 878 847 ad
935 801 1155 846 causas
1213 792 1419 846 tamen
1477 785 1927 845 ecclesiasticas
1979 786 2269 864 pertinet,
2329 802 2485 864 quas
2541 787 2719 847 decet
2777 789 3117 867 episcopali
3175 791 3549 851 auctoritate
3606 791 3835 852 decidi.

431 888 919 962 Quibuscunque
975 884 1167 962 igitur
1225 889 1394 943 mota
1451 884 1637 944 fuerit
1691 880 1954 961 quaestio
2013 899 2153 962 quas
2213 885 2292 943 ad
2353 884 2768 944 Christianam
2841 889 3147 963 pertineat
3201 890 3639 963 sanctitatem,
3728 908 3836 951 eos

429 984 672 1045 decebit
719 983 834 1043 sub
890 1001 963 1042 eo
1010 982 1224 1061 judice
1284 981 1554 1059 litigare,
1605 982 1712 1060 qui
1771 981 1997 1060 prtesul
2054 987 2146 1041 est
2203 981 2264 1040 in
2324 983 2450 1041 suis
2508 983 2790 1061 partibus
2838 985 3117 1044 omnium
3169 987 3654 1060 sacerdotum,»
3709 995 3830 1048 etc.

1668 1085 1753 1147 De
1800 1085 2130 1167 virginibus
2175 1096 2230 1147 et
2273 1088 2591 1149 monac/22's.

509 1185 841 1248 Notatione
899 1185 1156 1264 dignum
1219 1181 1490 1244 maxime
1539 1183 1705 1262 quod
1766 1185 1853 1244 ait
1911 1186 2243 1262 Gregorius
2300 1185 2378 1244 de
2436 1183 2782 1263 virginibus
2840 1189 2964 1247 Deo
3025 1189 3444 1262 consecratis,
3505 1190 3707 1269 deque
3761 1185 3833 1252 iis

429 1285 745 1356 omnibus,
797 1283 906 1363 qui
963 1287 1103 1361 post
1161 1286 1527 1359 nuncupata
1581 1281 1707 1342 Deo
1767 1288 1935 1354 vota,
1985 1284 2290 1361 promissa
2347 1301 2471 1343 non
2524 1290 2746 1344 curant
2798 1283 3176 1362 persolvere,
3229 1291 3337 1347 aut
3385 1289 3658 1365 graviter
3700 1290 3833 1349 ofﬁ-

431 1383 595 1446 cium
653 1383 948 1444 deserunt
989 1398 1002 1439 :

894 1479 964 1547 ib)
1007 1477 1114 1542 Qui
1146 1476 1537 1548 virginitatem
1569 1476 1794 1532 Christo
1825 1478 1946 1548 regi
1987 1477 2216 1544 obtulit,

895 1548 1195 1604 Rationale
1226 1548 1598 1617 sacriﬁcium,
1630 1548 1928 1602 victimam
1964 1549 2350 1615 incruentam,

894 1621 1142 1692 Nuptias
1174 1621 1220 1674 si
1256 1621 1530 1691 deinceps
1561 1620 1878 1691 quaesierit,
1913 1633 2028 1674 non
2055 1621 2287 1689 jactura
2319 1625 2544 1675 tantum
2578 1619 2685 1690 illi,
2720 1636 2917 1677 verum
2951 1623 3334 1692 gravissimus

895 1694 992 1747 Est
1020 1709 1212 1762 casus,
1248 1693 1420 1746 morti
1454 1692 1777 1763 proximus,
1814 1709 1875 1745 ac
1908 1696 2187 1763 praeterea
2217 1693 2594 1763 opprobrium
2628 1693 3008 1748 indelebile...

891 1764 1030 1826 Quis
1061 1779 1192 1818 vero
1223 1762 1468 1818 audiens
1500 1763 1843 1834 Sapphlram
1888 1762 2179 1818 infelicem
2212 1769 2268 1817 et
2298 1762 2585 1818 Ananiam

893 1837 1076 1890 Lucro
1109 1835 1206 1906 qui
1239 1851 1345 1888 suo
1378 1835 1593 1906 malam
1629 1840 1873 1906 mortem
1907 1839 2344 1906 commutarunt
2374 1837 2437 1904 ⁵⁷,

894 1912 1017 1961 Non
1050 1902 1316 1976 vereatur
1347 1902 1433 1959 vel
1467 1903 1668 1960 leviter
1692 1905 1983 1976 promissa
2015 1904 2226 1976 violare
2252 1907 2278 1959 ?

896 1972 1173 2049 Regulam
1207 1979 1381 2032 etiam
1416 1977 1547 2046 quis
1579 1970 1817 2049 auream
1850 1991 1981 2030 cum
2018 1970 2216 2031 furtim
2251 1974 2644 2048 subripuisset

893 2051 934 2103 E
983 2048 1183 2120 populi
1227 2049 1604 2120 primoribus,
1639 2048 1824 2103 inscio
1855 2049 2022 2120 duce,

893 2118 1126 2175 Vestem
1159 2118 1516 2190 et‘pecuniaa
1551 2119 1882 2184 modicum;
1915 2119 2022 2172 toti
2055 2118 2249 2173 nocuit
2282 2119 2515 2190 populo.

894 2191 1051 2245 Talis
1084 2195 1190 2258 est,
1226 2187 1320 2261 qui
1356 2189 1744 2262 virginitatem
1779 2189 2104 2262 amplexus,
2139 2187 2297 2245 retro
2326 2187 2630 2261 graditur;
2663 2194 2763 2244 aut
2794 2187 2969 2245 etiam
3002 2192 3271 2246 deterior.

510 2297 798 2362 Nazianzi
857 2296 1311 2358 monachorum
1372 2295 1666 2356 exercitia
1723 2294 1809 2356 sic
1861 2291 2151 2356 describit
2209 2297 2541 2374 Gregorius
2594 2293 2676 2375 _(c)
2737 2316 2750 2358 :
2841 2319 2867 2351 ut
2931 2297 3206 2374 Vigiliae,
3264 2297 3525 2375 jejunia,
3594 2318 3827 2376 preces,

429 2399 763 2479 lacrymze,
847 2396 1077 2456 callosa
1134 2413 1379 2473 genua,
1458 2393 1728 2473 pectoris
1784 2395 2412 2465 converberationes,
2493 2393 2823 2472 suspirium
2885 2413 2959 2453 ex
3022 2395 3148 2455 imo
3210 2415 3511 2468 manans,
3594 2416 3828 2475 pernox

431 2495 638 2569 statio,
698 2491 922 2555 mentis
978 2489 1057 2552 ad
1114 2495 1308 2552 Deum
1370 2487 1825 2570 peregrinatio,
1882 2487 2084 2551 tenuis
2141 2492 2303 2550 inter
2357 2492 2664 2551 orandum
2727 2489 2942 2564 fletus,
3006 2491 3392 2553 audientium
3454 2494 3696 2553 animos
3755 2491 3834 2553 ad

433 2594 978 2673 compunctionem
1038 2587 1326 2663 incitans,
1407 2589 1766 2667 psallentes,
1827 2587 1936 2649 Dei
1994 2585 2259 2667 gloriam
2329 2589 2735 2661 celebrantes,
2795 2590 2992 2667 legem
3053 2591 3298 2650 Domini
3357 2591 3460 2650 diu
3520 2598 3835 2669 noctuque

431 2694 847 2765 meditantes,
907 2687 1316 2748 exaltationes
1374 2687 1482 2746 Dei
1538 2685 1601 2746 in
1657 2685 2016 2764 gutturibus
2068 2686 2113 2720 δε
2194 2688 2510 2759 ferentes;
2573 2694 2761 2765 atque
2820 2687 2955 2747 haec
3014 2689 3198 2748 etiam
3258 2689 3398 2748 vitae
3456 2691 3583 2749 Deo
3641 2696 3838 2767 gratae

431 2790 695 2869 pulchra
742 2785 974 2847 indicia
1031 2793 1091 2844 et
1149 2791 1542 2862 argumenta,
1577 2785 1876 2862 tacitique
1907 2803 2251 2862 praecones,
2298 2785 2552 2845 sordida
2599 2782 2897 2845 nimirum
2955 2790 3015 2845 et
3069 2786 3358 2865 squalida
3407 2805 3607 2861 coma,
3646 2786 3837 2865 pedes

431 2890 605 2962 nudi,
663 2893 726 2946 et
781 2885 1159 2963 apostolicos
1208 2884 1548 2954 imitantes,
1604 2881 1759 2942 nihil
1817 2890 2134 2942 mortuum
2193 2881 2480 2955 ferentes,
2543 2890 2692 2962 apta
2750 2891 2811 2943 et
2864 2884 3188 2945 moderata
3245 2892 3525 2958 tonsura,
3571 2886 3840 2945 amictus

430 2989 656 3046 fastum
712 3000 1022 3053 coercens,
1075 2999 1230 3040 zona
1279 2981 1358 3039 ob
1408 2986 1666 3039 ornatus
1716 2977 2070 3056 neglectum
2129 2981 2299 3039 culta
2355 2987 2416 3040 et
2472 2988 2820 3040 ornata.....
2875 2982 3094 3041 oculus
3143 2981 3395 3042 minime
3439 3001 3649 3060 vagus,
3687 2983 3838 3042 sub-

431 3087 590 3144 risus
647 3081 1041 3141 blandus.....
1123 3078 1436 3136 silentium
1499 3096 1783 3137 sermone
1842 3077 2279 3156 praestantius,
2358 3079 2637 3138 laudatio
2696 3079 2824 3138 sale
2883 3079 3178 3150 condita,
3255 3097 3380 3139 non
3437 3079 3517 3139 ad
3587 3080 3839 3139 blandi-

431 3185 550 3243 tias
607 3185 1006 3256 comparata,
1064 3175 1169 3235 sed
1229 3176 1306 3234 ad
1369 3175 1628 3234 meliora
1686 3175 1996 3252 dirigens,
2056 3173 2412 3252 obiurgatio
2471 3173 2834 3236 laudatione
2891 3175 3355 3253 optabilior.....
3420 3179 3640 3237 modus
3700 3183 3834 3237 tum

432 3282 497 3340 in
556 3295 889 3338 commune
947 3272 1331 3353 prodeundi,
1393 3278 1526 3331 tum
1585 3271 1946 3344 secedendi,
2014 3273 2129 3331 hoc
2186 3281 2254 3330 ut
2311 3269 2428 3350 ipsi
2485 3273 2753 3351 Spiritus
2807 3274 3115 3351 mysteriis
3174 3274 3585 3347 imbuantur;
3647 3283 3836 3352 atque

432 3380 521 3438 ita
578 3382 957 3451 utrumque,
1034 3376 1102 3430 ut
1158 3376 1220 3429 et
1277 3371 1340 3429 in
1397 3369 1717 3430 communi
1782 3365 2177 3429 solitudinem
2258 3378 2542 3444 servent,
2620 3375 2680 3431 et
2734 3370 2798 3429 in
2854 3369 3190 3431 solitudine
3245 3372 3583 3431 fraternam
3647 3369 3836 3432 bene-

431 3473 766 3534 volentiam
827 3475 888 3530 el
947 3467 1315 3528 charitatem
1355 3483 1367 3537 ;
1428 3473 1510 3542 et,
1565 3485 1703 3543 qum
1755 3466 1851 3525 his
1903 3465 2109 3525 adhuc
2162 3466 2403 3544 majora
2451 3474 2511 3526 et
2560 3467 2925 3527 sublimiora
2966 3474 3130 3540 sunt,
3165 3487 3314 3546 opes
3347 3466 3407 3527 in
3441 3476 3835 3547 paupertate,

430 3569 738 3650 possessio
795 3569 856 3627 in
916 3565 1438 3644 peregrinatione,
1490 3564 1693 3642 gloria
1747 3564 1809 3622 in
1870 3570 2258 3643 contemptu,
2312 3564 2590 3642 potentia
2646 3566 2708 3623 in
2763 3563 3148 3637 infirmitate,
3202 3563 3550 3625 fecunditas
3603 3562 3662 3625 in
3715 3585 3839 3625 cae-

427 3669 648 3739 libatu,
709 3664 1016 3743 siquidem
1079 3663 1522 3741 prestantiores
1577 3661 1740 3720 fetus
1795 3659 1888 3720 illi
1944 3668 2108 3735 sunt,
2170 3661 2276 3740 qui
2334 3663 2672 3722 secundum
2734 3661 2928 3722 Deum
2993 3662 3321 3736 exsistunt,
3386 3679 3574 3742 quam
3634 3661 3743 3743 qui
3801 3681 3840 3724 a

426 3785 613 3826 carne
671 3772 875 3823 ortum
937 3762 1222 3821 ducunt:
1288 3760 1395 3837 qui
1452 3759 1689 3819 deliciis
1750 3759 2003 3819 minime
2047 3759 2296 3818 studere
2357 3779 2468 3838 pro
2526 3759 2760 3820 deliciis
2821 3761 3104 3832 habent;
3165 3759 3272 3838 qui
3334 3762 3506 3839 regni
3564 3761 3833 3822 caelestis

425 3881 612 3924 causa
673 3861 940 3921 humiles
999 3872 1164 3930 sunt,
1215 3859 1321 3936 qui
1376 3857 1526 3916 nihil
1589 3857 1650 3915 in
1711 3852 1944 3916 mundo
1994 3851 2230 3918 habent
2277 3864 2338 3917 et
2395 3877 2587 3936 supra
2638 3855 2939 3918 mundum
2992 3855 3318 3933 exsistunt,
3371 3859 3476 3936 qui
3528 3859 3713 3920 etiam
3764 3859 3826 3918 in

427 3981 613 4024 carne
673 3967 850 4021 extra
906 3978 1157 4019 carnem
1216 3957 1473 4030 vivunt,
1536 3957 1643 4034 qui
1702 3975 1816 4034 pro
1875 3956 2159 4034 portione
2218 3959 2413 4016 Deum
2472 3953 2748 4029 habent,
2819 3959 2928 4035 qui
2986 3961 3242 4038 propter
3296 3977 3558 4036 regnum
3613 3955 3830 4037 inopia

426 4062 738 4131 laborant,
801 4064 862 4117 et
916 4063 1175 4136 propter
1231 4054 1511 4132 inopiam
1570 4059 1857 4130 regnant.
1909 4074 1937 4108 ))

507 4162 593 4217 De
652 4154 975 4215 monachis
1033 4159 1094 4214 et
1151 4151 1494 4230 virginibus
1549 4152 1676 4210 Deo
1733 4151 1927 4209 sacris
1984 4150 2070 4210 sic
2127 4150 2354 4237 iterum
2412 4152 2476 4210 in
2530 4147 2806 4212 carmine
2863 4148 3130 4214 iambico
3171 4149 3307 4232 (d):

1241 4258 1351 4313 Sed
1385 4257 1536 4327 quod
1568 4271 1802 4326 semper
1839 4269 1905 4309 ac
1935 4255 2210 4310 omnibus
2242 4256 2620 4312 notissimum
2652 4263 2759 4327 est,

1239 4326 1439 4382 Cernis
1471 4328 1787 4398 insomnes
1808 4326 2100 4398 virginum
2135 4328 2514 4398 psalmodias,

1243 4400 1515 4453 Virorum
1551 4413 1617 4453 ac
1649 4395 1962 4453 mulierum
1997 4395 2216 4453 natura
2247 4395 2580 4464 oblitorum,

1239 4473 1389 4534 Quot
1417 4475 1473 4524 et
1501 4469 1762 4537 qualium
1790 4470 1802 4523 ι
1837 4485 2016 4539 quam
2047 4470 2120 4524 ad
2152 4469 2524 4526 Divinitatem
2555 4472 2959 4539 accedentium

1245 4536 1656 4612 Concineniaem
1689 4546 1744 4595 ct
1780 4536 2006 4612 angelis
2039 4541 2487 4612 respondentem
2519 4536 2760 4597 chorum

1243 4611 1567 4684 DUplicem,
1600 4611 1659 4664 in
1692 4610 1831 4666 cmlo
1864 4610 1921 4666 et
1952 4611 2010 4666 in
2043 4610 2197 4667 terra
2227 4613 2583 4684 ordinatum,

1247 4681 1460 4738 Divinas
1491 4683 1854 4738 laudatorem
1890 4684 2216 4754 majestatis
2247 4690 2306 4740 et
2336 4681 2580 4740 natura.

427 4797 558 4854 Non
621 4808 748 4853 una
803 4792 1083 4854 omnium
1145 4791 1454 4869 virginum
1512 4791 1662 4860 vita,
1725 4790 2070 4869 eademque
2127 4792 2377 4853 vivendi
2432 4793 2765 4853 instituta:

925 4900 997 4970 (θ)
1024 4893 1090 4973 Al
1122 4894 1214 4973 μξν
1249 4894 1545 4973 ὁμηγερέες
1577 4891 1736 4973 ξυνὸν⁵
1757 4891 1933 4973 πόθομνη
1954 4896 2318 4973 ἀμφιέπουσαι

993 4966 1250 5041 Οὐράνίου
1471 4969 1558 5021 ἴσα
1584 4987 1643 5020 τε
1679 4966 1844 5040 μέτρα
1880 4966 2022 5040 βίω.

426 5069 578 5131 Alias
635 5071 886 5149 quidem
947 5070 1132 5129 simul
1191 5073 1630 5146 congregatis,
1691 5068 1807 5127 sub
1867 5086 1992 5128 uno
2050 5069 2334 5128 conclavi
2388 5086 2721 5130 commune
2779 5069 3024 5130 vivendi
3080 5069 3435 5130 institutum
3491 5069 3831 5132 servabant

427 5183 761 5229 commune
806 5167 1184 5228 desiderium
1243 5169 1523 5228 foventes
1578 5165 1849 5225 caelestis
1907 5165 2074 5243 vitae,
2134 5167 2495 5246 similesque
2553 5167 2801 5228 vivendi
2861 5167 3080 5228 modos
3133 5174 3387 5229 secutae.

991 5271 1067 5346 At
1088 5270 1133 5325 δ’
1165 5271 1248 5346 ἄρ’
1281 5271 1391 5346 tota
1419 5265 1662 5346 τοκὲᾳσσι
1696 5270 2008 5346 παρήμαναξ
2044 5269 2409 5346 αὸρανὲουσιν,

995 5344 1085 5396 Ἢὶ
1114 5338 1460 5418 καάιγνήτοις
1496 5338 1723 5415 μάρτυσι
1755 5338 2128 5416 άωῴροσύνηςί

500 5461 541 5492 ⁵⁷
572 5461 695 5514 Act.
729 5477 781 5528 v,
817 5461 966 5514 1-11.
1043 5461 1085 5494 ⁵⁸
1117 5459 1266 5514 Psal.
1296 5477 1475 5527 cxux,
1506 5459 1559 5511 6.

503 5561 572 5622 (α)
599 5558 745 5629 Lege
768 5559 820 5624 3,
845 5559 998 5629 apud
1019 5556 1496 5624 Sirmundum,in
1521 5549 1841 5629 appendice
1863 5553 2073 5612 Codicis
2257 5558 2321 5629 (cl
2366 5557 2461 5611 0r.
2501 5557 2556 5620 6,
2589 5573 2645 5610 n.
2679 5560 2732 5609 2.

503 5571 572 5622 (α)
601 5571 745 5629 Lege
768 5571 820 5624 ὅ,
845 5571 998 5629 apud
1019 5571 1496 5624 birmunaum,in
1521 5571 1841 5678 appellatos
1863 5571 2073 5612 uoazczs
2257 5571 2321 5627 ((‘l
2366 5571 2461 5611 Ur.
2501 5571 2556 5620 ο,
2589 5573 2645 5610 n.
2679 5571 2756 5636 z._

432 5629 647 5709 TheodL,
679 5636 820 5683 tom.
843 5631 878 5709 _l
911 5646 1066 5709 oper.
1103 5630 1418 5709 variorum.
1440 5645 1514 5709 'p.
1583 5625 1674 5681 '.0.
2257 5628 2331 5709 id)
2372 5629 2562 5709 Carm.
2594 5629 2672 5709 pne
2701 5630 2920 5709 virtute:

504 5630 647 5692 eod.,
679 5636 820 5683 tom.
860 5631 878 5683 Ι
911 5646 1066 5702 oper.
1103 5630 1418 5684 variorum.
1454 5645 1514 5698 p.
1543 5630 1674 5681 720.
2257 5630 2311 5681 ⁴’ίί
2373 5630 2562 5682 Carm.
2594 5630 2672 5682 De
2701 5630 2920 5682 virtute.

501 5700 572 5770 (b)
606 5700 797 5769 Carm,
830 5702 882 5771 4,
916 5703 990 5758 De
1016 5717 1178 5773 preco.
1208 5700 1277 5756 ad
1306 5701 1561 5769 virgines.
2254 5630 2331 5770 isi
2365 5703 2553 5754 Carm.
2589 5698 2675 5766 48,
2709 5696 2781 5753 ad
2813 5697 3162 5756 Hellenium.
