4122 6214
261 346 337 404 l37
1191 341 1600 404 PR/EFATIO
1647 340 2108 403 GENERALIS.
2145 376 2218 386 ——
2249 342 2448 404 PARS
2496 343 2601 404 Ill.
3457 345 3574 405 138

247 478 363 537 Aliae
389 493 517 535 vero
547 475 707 535 intra
764 484 1056 554 paternas
1105 476 1324 536 domos
1381 478 1644 536 inﬁrmis
1702 476 2058 536 assidebant
2115 475 2502 553 parentibus,
2539 494 2806 555 quorum
2861 494 3073 536 curam
3130 477 3578 555 suscipiebant,

245 580 388 653 atque
415 574 586 633 etiam
647 572 956 638 afﬁnium.
992 591 1148 652 quos
1203 593 1331 634 suae
1391 574 1787 634 continentiae
1821 579 2006 633 testes
2063 573 2407 634 habebant.
2439 574 2540 634 Sic
2597 574 2983 647 Marcelline,
3017 574 3215 634 sancti
3264 574 3585 634 Ambrosii

239 690 394 745 soror,
426 688 589 730 sacra
630 672 757 730 Deo
808 671 923 730 fuit
978 671 1152 749 virgo
1186 672 1250 730 in
1309 672 1583 751 paternis
1641 672 1968 742 domibus;
2003 670 2090 730 sic
2146 672 2553 730 Eustochium
2613 670 2699 731 sic
2758 671 3090 750 Principia,
3127 672 3394 750 aliasque
3450 691 3577 733 non

240 787 430 848 pauca,
485 768 964 848 Hieronymiano
1022 770 1265 830 calamo
1320 770 1673 841 celebratae,
1732 788 1872 847 quae
1931 769 2117 828 nullis
2182 787 2246 828 se
2304 768 2699 828 monasteriis
2746 769 3140 839 addixerant,
3192 774 3253 828 et
3308 768 3423 828 sub
3456 787 3581 830 una

233 873 504 944 parentum
553 883 698 926 cura
756 866 1092 945 degebant.
1127 867 1576 945 Progrediente
1630 872 1935 944 tempore,
1973 866 2207 925 abusus
2237 866 2543 943 irrepsere
2576 881 2589 922 :
2626 865 2945 924 nonnullae
2981 883 3058 924 ex
3089 864 3184 924 his
3231 866 3580 944 virginibus

235 963 516 1034 interdum,
537 968 643 1022 aut
665 963 1030 1042 parentibus
1052 964 1473 1043 fratribusque
1491 964 1758 1037 orbata;
1785 969 1893 1022 aut
1921 963 2305 1034 inﬁrmitate,
2335 967 2444 1022 aut
2474 967 2864 1042 paupertate,
2899 969 3008 1021 aut
3029 962 3167 1021 aliis
3187 961 3460 1023 incitatae
3484 981 3584 1024 ra-

233 1061 479 1133 tionibus,
510 1061 765 1121 clericos
794 1079 1113 1140 vagosque
1146 1063 1493 1123 monachos
1523 1063 1584 1121 in
1610 1061 2088 1122 contubernium
2112 1060 2464 1121 asciverunt
2490 1078 2502 1132 ;
2541 1067 2729 1138 atque
2751 1059 2839 1119 ita
2860 1060 3093 1120 factum
3128 1067 3220 1120 est
3240 1065 3310 1120 ut
3348 1079 3578 1139 paren-

233 1166 331 1217 tum
362 1178 424 1218 ac
455 1161 709 1219 fratrum
744 1159 884 1220 loco
915 1160 1320 1220 succederent
1340 1160 1546 1220 clerici
1577 1161 1702 1219 sive
1726 1159 2042 1234 monachi,
2078 1156 2431 1226 συνείσακτοι,
2464 1157 2898 1229 introductitii,
2934 1157 3042 1235 qui
3084 1159 3271 1217 etiam
3305 1158 3583 1219 honestis

231 1257 538 1316 nominibus
557 1257 742 1316 talem
775 1263 835 1316 et
856 1263 983 1317 tam
1009 1259 1262 1318 noxiam
1289 1258 1806 1318 consuetudinem
1832 1257 2233 1335 obtegebant.
2257 1256 2412 1315 Hinc
2431 1261 2848 1334 agapetorum
2873 1261 2935 1315 et
2950 1264 3359 1332 agapetarum
3379 1258 3578 1334 origo,

229 1354 414 1432 quibus
435 1354 787 1414 nominibus
811 1362 937 1414 tam
965 1355 1382 1433 periculosam
1407 1355 1652 1414 vivendi
1675 1373 1959 1415 normam
1983 1354 2385 1414 decorabant.
2419 1353 2574 1412 Hinc
2630 1358 2986 1412 sanctorum
3008 1353 3286 1419 Patrum.
3312 1354 3584 1414 maxime

232 1453 539 1530 Hieronymi
586 1453 859 1530 querelae
892 1454 1275 1532 deplorantis
1305 1454 1610 1513 inﬁictum
1660 1453 2005 1531 virginitati
2040 1453 2272 1512 vulnus
2299 1470 2312 1523 ;
2338 1452 2399 1510 in
2432 1451 2613 1529 epist.
2649 1450 2737 1510 De
2788 1449 3052 1510 custodia
3100 1451 3468 1529 virginitatis
3501 1451 3580 1512 ad

228 1550 582 1614 Eustochium
612 1568 624 1608 :
693 1575 720 1604 ‹‹
754 1552 954 1610 Pudet
985 1551 1187 1612 dicere
1216 1551 1436 1631 inquit,
1467 1552 1624 1630 proh
1655 1551 1867 1610 nefasl
1903 1551 2100 1622 triste,
2139 1550 2243 1609 sed
2276 1566 2491 1609 verum
2524 1554 2637 1608 est.
2674 1548 2851 1610 Unde
2899 1549 2961 1607 in
3012 1549 3320 1608 Ecclesias
3349 1567 3578 1628 agape-

226 1654 389 1707 tarum
431 1649 618 1726 pestis
660 1648 946 1708 introiit?
981 1650 1158 1710 Unde
1189 1650 1319 1709 sine
1350 1649 1558 1727 nupiis
1587 1649 1756 1708 aliud
1789 1667 2012 1708 nomen
2045 1666 2316 1708 uxorum
2349 1648 2376 1704 ?
2407 1649 2540 1706 Imo
2589 1646 2754 1706 unde
2804 1664 3035 1706 novum
3087 1646 3578 1707 concubinarum

227 1747 425 1820 genus?
453 1769 480 1800 ››
517 1752 634 1806 etc.
669 1747 886 1807 Tantis
918 1748 1099 1808 malis
1128 1748 1325 1808 sancti
1375 1749 1588 1807 Patres
1631 1747 1900 1825 querelis
1947 1746 2095 1818 suis,
2128 1744 2664 1806 admonitionibus
2711 1749 2774 1804 et
2828 1743 3092 1822 scriptis,
3130 1761 3243 1803 nec
3286 1763 3410 1804 non
3440 1762 3582 1804 con-

227 1843 336 1903 cilia
361 1845 572 1904 severis
603 1845 825 1904 edictis
853 1845 1101 1905 obviam
1132 1846 1220 1906 ire
1251 1865 1376 1907 non
1407 1851 1766 1917 cessarunt;
1794 1863 1934 1924 qum
1966 1844 2214 1922 quidem
2250 1844 2301 1903 si
2322 1843 2571 1920 singula
2601 1859 3094 1903 commemorare
3116 1841 3363 1901 animus
3393 1848 3573 1902 esset.

225 1941 378 2017 longa
405 1942 576 2002 nobis
608 1943 881 2002 texenda
909 1949 1072 2003 esset
1102 1943 1381 2004 historia.
1418 1947 1563 2004 Hz—ec
1593 1943 1822 2002 dixisse
1868 1948 1963 2002 sat
2013 1948 2144 2016 est;
2177 1941 2281 2021 qui
2316 1941 2499 2019 plura
2552 1939 2740 2015 volet,
2775 1939 2943 2016 legat
2970 1938 3224 2000 Antonii
3254 1938 3580 1999 Muratorii

226 2038 682 2118 Disquisitionem
714 2039 785 2100 de
815 2039 1144 2121 Sym‘sactis
1171 2051 1224 2101 et
1253 2042 1538 2123 Agapetis
1566 2041 1628 2102 in
1659 2039 1969 2102 Anecdotis
2001 2038 2239 2110 Graecis,
2293 2044 2436 2112 etc.,
2471 2037 2711 2098 Patavii
2759 2037 2939 2108 in-4°,
2974 2055 3075 2096 an.
3113 2037 3291 2111 1709,
3334 2053 3398 2115 p.
3431 2038 3574 2098 218.

861 2376 1301 2440 Observationes
1330 2379 1490 2440 circa
1515 2377 1796 2441 Ecclesiae
1826 2377 2198 2460 disciplinam
2223 2397 2296 2440 ex
2327 2377 2598 2460 Gregorii
2644 2380 2897 2461 scriptis.

279 2637 529 2697 Plurima
558 2639 622 2698 in
663 2637 941 2715 Gregorii
991 2638 1236 2717 scriptis
1266 2639 1699 2699 observatione
1757 2639 1949 2719 digna
2007 2644 2367 2712 occurrunt,
2399 2645 2529 2701 tam
2589 2639 2754 2700 circa
2807 2638 3100 2700 Ecclesiae
3156 2638 3576 2719 disciplinam;

223 2751 372 2810 quam
403 2736 559 2796 circa
591 2754 843 2796 morum
877 2736 1145 2815 regulas.
1183 2736 1471 2797 Ecclesiae
1521 2737 1765 2817 asylum
1797 2737 1871 2796 iis
1901 2743 2098 2811 erant,
2135 2738 2243 2817 qui
2298 2738 2376 2797 ad
2435 2757 2539 2798 eas
2595 2737 3077 2815 confugiebant;
3114 2738 3277 2798 unde
3335 2737 3575 2799 nemini

223 2850 302 2890 eos
327 2835 640 2894 extrahere
677 2833 920 2894 licebat.
957 2834 1205 2912 Insigne
1236 2835 1471 2913 profert
1518 2834 1871 2914 exemplum
1925 2836 2256 2914 Gregorius
2301 2836 2364 2896 in
2415 2836 2697 2896 oratione
2743 2836 2820 2895 de
2868 2835 3095 2896 Basilio
3125 2834 3229 2916 (a).
3272 2835 3573 2896 «Mulieri

223 2930 420 2990 cuidam
454 2933 845 3011 amplissimo
877 2932 1013 2993 loco
1044 2939 1234 3006 natae,
1269 2933 1446 3010 cujus
1479 2934 1738 2992 maritus
1771 2933 1938 2993 haud
1984 2934 2223 3013 pridem
2256 2941 2534 2994 extremo
2564 2934 2705 2994 vitae
2746 2933 2846 2993 die
2878 2933 3130 2993 functus
3162 2938 3316 3002 erat,
3347 2933 3578 3013 judicis

224 3044 448 3089 assessor
475 3031 598 3089 vim
637 3029 958 3104 aﬁerebat,
993 3031 1379 3109 invitamque
1413 3032 1489 3089 ad
1523 3032 1772 3110 nuptias
1821 3031 2245 3110 pertrahebat.
2278 3036 2400 3092 Ista
2428 3037 2661 3104 autem,
2697 3050 2836 3091 cum
2891 3031 3066 3091 nulla
3115 3033 3358 3091 ratione
3413 3032 3577 3092 hanc

223 3125 318 3184 vim
346 3128 604 3206 effugere
641 3133 927 3206 posset...
963 3128 1040 3188 ad
1072 3145 1310 3188 sacram
1348 3147 1624 3188 mensam
1674 3129 1972 3206 confugit,
2008 3131 2331 3208 Deumque
2362 3131 2658 3189 adversus
2688 3129 2851 3188 hanc
2880 3127 3176 3206 injuriam
3218 3147 3581 3208 propugna-

223 3229 380 3284 torem
411 3227 523 3286 sibi
555 3226 844 3304 adoptat.
883 3227 1040 3298 Quid
1073 3227 1336 3305 igitur...
1370 3227 1724 3287 faciendnm
1758 3228 1894 3300 fuit,
1930 3246 2052 3288 non
2077 3228 2213 3288 dico
2246 3229 2472 3306 Magno
2506 3227 2756 3301 Basilio,
2791 3227 2897 3306 qui
2937 3226 3012 3286 de
3063 3227 3158 3286 his
3190 3227 3372 3287 rebus
3411 3227 3580 3306 leges

230 3339 430 3402 quoque
462 3325 764 3384 omnibus
791 3330 1120 3397 statuerat,
1147 3325 1248 3388 sed
1275 3324 1382 3385 alii
1412 3324 1680 3403 cuipiam
1707 3325 1890 3403 longe
1921 3325 2027 3385 illo
2057 3326 2355 3397 inferiori,
2383 3326 2530 3385 dum
2564 3330 2770 3385 tamen
2814 3324 3166 3385 sacerdoti?
3195 3324 3352 3397 Quid
3383 3325 3576 3402 aliud,

220 3418 305 3478 nisi
339 3427 398 3480 ut
426 3440 560 3482 eam
597 3428 929 3494 assereret,
960 3422 1280 3492 retineret,
1317 3423 1486 3482 omni
1517 3440 1666 3481 cura
1698 3428 1996 3497 tueretur,
2029 3424 2138 3484 Dei
2186 3424 2530 3484 clementiae
2562 3429 2624 3483 et
2662 3423 2806 3500 legi,
2852 3441 2991 3500 qum
3034 3421 3338 3483 altaribus
3369 3422 3573 3483 hono-

219 3532 314 3574 rem
339 3517 540 3578 haberi
560 3520 774 3598 jubet,
815 3537 1067 3579 manum
1103 3520 1473 3598 porrigeret,
1508 3520 1715 3579 omnis
1760 3520 2026 3599 denique
2075 3521 2245 3600 prius
2291 3523 2522 3581 faceret
2551 3527 2612 3581 et
2659 3525 2998 3599 pateretur,
3033 3538 3222 3598 quam
3267 3525 3336 3580 ut
3383 3519 3570 3580 inhu-

218 3614 410 3674 manius
436 3617 638 3676 ullum
677 3617 974 3675 adversus
1008 3634 1144 3676 eam
1178 3616 1506 3676 consilium
1546 3617 1770 3689 iniret;
1805 3618 2016 3696 sicque
2066 3624 2126 3677 et
2183 3636 2460 3678 mensam
2519 3624 3000 3689 sacrosanctam,
3046 3623 3107 3676 et.
3161 3617 3346 3678 ﬁdem
3381 3617 3567 3677 etiam

217 3706 346 3768 illam
374 3730 505 3771 cum
540 3731 674 3792 qua
704 3713 968 3791 supplex
1000 3718 1154 3783 erat,
1191 3714 1571 3774 contumelia
1603 3714 1925 3774 afﬁceret?
1953 3735 1982 3770 ι)
2021 3717 2158 3774 Non
2197 3733 2417 3793 passus
2467 3719 2560 3773 est
2613 3713 2875 3773 Basilius
2933 3713 3124 3772 ullam
3183 3713 3302 3791 piae
3358 3713 3563 3773 viduae

217 3805 458 3882 injuriam
489 3811 736 3884 inferri,
772 3810 878 3870 sed
908 3829 1043 3869 eam
1077 3810 1376 3870 adversus
1405 3809 1540 3889 ejus
1569 3817 2058 3890 persecutorem,
2094 3812 2381 3891 quamvis
2408 3810 2746 3872 Dominicae
2789 3812 3083 3889 Augustae
3115 3809 3404 3890 praesidio
3436 3811 3559 3871 fre-

221 3907 337 3976 tum,
366 3910 526 3967 omni
556 3926 681 3987 0pc
711 3914 770 3967 et
799 3926 991 3986 opera
1019 3913 1258 3968 tutatus
1288 3915 1399 3968 est.

281 4004 471 4065 Priscis
503 4007 785 4066 Ecclesia
817 4006 1200 4084 temporibus
1233 4006 1725 4067 Christianorum
1762 4026 1896 4068 mos
1939 4013 2093 4080 erat,
2129 4013 2193 4068 ut
2221 4007 2485 4087 quilibet
2538 4006 2806 4086 propriis
2837 4006 3126 4067 manibus
3157 4005 3560 4067 Eucharistia:

227 4103 496 4161 materiam
529 4102 827 4174 efﬁceret,
855 4103 1044 4180 hique
1069 4122 1260 4182 panes
1291 4123 1507 4165 omnes
1537 4105 1596 4164 in
1629 4105 1839 4166 divina
1868 4124 2081 4165 mensa
2128 4107 2520 4166 oﬂerrentur.
2550 4107 2635 4163 Ne
2678 4105 3019 4182 imperator
3049 4103 3301 4182 quidem
3334 4102 3413 4163 ab
3445 4103 3563 4164 hoc

221 4214 306 4254 usu
335 4199 472 4259 liber
502 4206 666 4272 erat,
701 4206 768 4259 ut
789 4200 1077 4279 exemplo
1107 4201 1386 4261 Valentis
1418 4202 1713 4262 discimus
1740 4221 1753 4262 :
1795 4227 1824 4259 «
1855 4205 2006 4263 Cum
2037 4204 2224 4279 dona,
2260 4222 2400 4282 quae
2433 4202 2716 4282 ipsemet,
2754 4206 2821 4262 ut
2850 4201 3066 4262 scribit
3094 4200 3426 4280 Gregorius
3456 4199 3562 4282 (ὀ),

221 4292 480 4370 effecerat,
514 4297 747 4357 divinae
780 4315 1007 4357 mensa:
1043 4297 1364 4358 oﬁ‘erenda
1395 4306 1620 4373 essent,
1653 4320 1681 4356 υ
1722 4306 1841 4360 etc.

282 4395 481 4455 Omnes
511 4394 702 4454 simul
734 4394 968 4465 ﬁdeles,
1004 4395 1120 4454 viri
1149 4414 1221 4455 ac
1274 4396 1589 4470 mulieres,
1625 4398 1900 4476 psalmos
1946 4397 2010 4458 in
2067 4398 2342 4458 Ecclesia
2390 4397 2794 4458 decantantes
2842 4396 3177 4457 sedebant:
3215 4419 3242 4452 ι
3278 4399 3401 4457 Nos
3428 4415 3567 4457 cum

224 4489 402 4548 vetulis
456 4491 746 4551 sedemus
777 4497 836 4550 et
867 4491 1192 4570 psallimus
1226 4491 1320 4572 (c).
1356 4516 1385 4547 »
1423 4493 1682 4571 Signum
1717 4496 1914 4555 crucis
1946 4496 2006 4556 in
2041 4496 2261 4574 quovis
2317 4514 2460 4555 casu
2520 4496 2738 4556 efﬁcax
2797 4495 3134 4556 remedium
3195 4494 3566 4554 habebatur.

226 4581 426 4650 Quanta
455 4589 533 4648 sit
563 4587 756 4666 hujus
786 4589 945 4667 signi
976 4590 1087 4661 vis,
1121 4591 1514 4650 manifestum
1549 4598 1642 4652 est
1671 4610 1746 4651 ex
1779 4611 1850 4653 eo
1884 4593 2053 4671 quod
2101 4593 2350 4654 Juliano
2397 4593 2470 4653 de
2500 4594 2685 4652 rebus
2733 4594 2858 4653 suis
2905 4593 3190 4652 daemone
3227 4591 3573 4652 consulenti

230 4684 509 4761 contigisse
539 4693 757 4745 narrat
787 4686 883 4744 his
913 4687 1119 4746 verbis
1162 4689 1496 4765 Gregorius
1529 4689 1617 4769 (εἰ)
1647 4707 1658 4748 :
1704 4712 1732 4747 «
1766 4693 1846 4752 Ut
1906 4697 2114 4751 autem
2148 4691 2464 4769 egregium
2515 4691 2716 4750 virum
2775 4690 3273 4768 progredientem
3307 4694 3575 4750 terrores

231 4778 415 4840 adoriri
437 4789 782 4862 coeperunt,
819 4803 891 4843 ac
921 4784 1183 4844 subinde
1217 4786 1424 4864 plures
1455 4805 1527 4846 ac
1558 4787 2082 4849 formidabiliores
2115 4807 2300 4850 sonos
2348 4789 2648 4866 quosdam
2700 4789 2998 4860 insuetos,
3027 4783 3224 4859 ai'unt,
3259 4792 3576 4866 tetrosque

231 4875 409 4938 odores
437 4887 624 4959 atque
654 4881 836 4958 ignea
867 4889 1135 4960 spectra,
1171 4889 1230 4942 et
1288 4885 1492 4944 nescio
1552 4904 1707 4964 quas
1769 4904 1969 4963 nugas
2022 4893 2081 4945 et
2131 4886 2560 4959 deliramenta,
2593 4886 2680 4945 rei
2738 4885 3013 4945 novitate
3069 4884 3466 4962 perculsus...
3498 4883 3577 4945 ad

231 4988 431 5036 crucem
461 4984 762 5057 vetusque
792 4980 1137 5040 remedium
1171 4981 1471 5058 confugit,
1511 4983 1752 5061 hocque
1781 5001 1844 5042 se
1876 4985 2172 5043 adversus
2204 4990 2472 5043 terrores
2520 4983 2864 5061 consignat,
2901 4999 3188 5060 eumque.
3217 5000 3401 5060 quem
3436 5000 3576 5061 per-

232 5074 584 5149 sequebatur,
621 5077 1060 5156 opitulatorem
1091 5078 1412 5138 asciscit...
1450 5080 1659 5141 Valuit
1689 5080 2106 5159 signaculum,
2141 5081 2370 5142 cedunt
2400 5081 2736 5153 dmmones,
2771 5079 3090 5159 pelluntur
3119 5078 3393 5139 timores.
3421 5080 3578 5151 Quid

234 5165 460 5231 deinde?
491 5174 775 5252 Respirat
805 5174 1039 5234 malum
1068 5193 1082 5247 ;
1116 5194 1329 5236 rursus
1361 5177 1686 5239 audaciam
1719 5178 2014 5258 concipit,
2049 5198 2266 5240 rursus
2312 5178 2500 5239 iidem
2535 5184 2802 5239 terrores
2854 5181 3102 5256 urgent,
3136 5195 3349 5237 rursus
3378 5177 3581 5255 signa-

236 5264 404 5330 culum
433 5271 782 5352 adhibetur,
817 5291 888 5334 ac
919 5273 1232 5337 daemones
1258 5275 1731 5355 conquiescunt.
1764 5280 1972 5340 Haeret
2002 5278 2245 5341 consilii
2273 5277 2456 5357 inops
2484 5276 2845 5357 discipulus.
2882 5296 2911 5335 ι)
2948 5278 3171 5338 Sacros
3191 5274 3421 5357 jejunii
3449 5276 3581 5340 dies

294 5566 355 5650 (ᾳ)
378 5568 582 5650 91)-43,
617 5591 684 5650 n.
705 5575 796 5634 56.

757 5577 796 5634 5.
2010 5579 2082 5650 (c)
2111 5578 2206 5635 Or.
2239 5576 2294 5646 5,
2327 5595 2385 5635 n.

297 5638 355 5712 Lb)
378 5642 535 5718 lbid.,
566 5638 627 5702 in.
658 5648 745 5705 52.

658 5648 745 5705 52.
2120 5651 2216 5710 0r.
2251 5640 2283 5708 4

511 5774 768 5842 PATROL.
819 5778 931 5844 Gn.
975 5775 1215 5846 XXXV.
3211 5776 3247 5849 ὅ
