4152 6208
523 371 638 429 139
1533 361 1944 420 l‘lt/‘EFATIO
1996 361 2455 419 GFNERALIS.
2493 395 2567 404 -—
2599 363 2798 422 PARS
2846 363 2949 421 ll].
3811 368 3931 427 140

519 502 736 562 ﬁdeles
766 496 1204 566 observabant,
1241 494 1493 574 quidam
1526 492 1711 552 etiam
1747 493 1911 551 ultra
1941 492 2123 550 vires.
2163 511 2190 547 ι(
2223 492 2523 565 Christus,
2556 493 2762 572 inquit
2806 494 3140 572 Gregorius
3170 494 3274 573 (a),
3305 496 3495 573 paulo
3547 500 3693 558 ante
3725 503 3930 561 tenta-

518 601 752 660 tionem
781 595 1133 676 jejunavit;
1168 611 1283 654 nos
1312 596 1456 652 ante
1483 589 1798 650 Pascha...
1831 588 1944 650 Ille
1970 593 2136 648 totos
2180 589 2601 667 quadraginta
2633 591 2763 650 dies
2793 609 2831 650 a
2887 591 3026 651 cibo
3083 591 3404 662 abstinuit,
3444 598 3662 672 utpote
3719 597 3930 673 Deus;

517 719 632 760 nos
663 704 874 760 autem
908 695 986 756 ad
1016 693 1241 754 virium
1273 697 1631 753 nostrarum
1667 688 1990 750 modulum
2015 687 2328 768 jejunium
2361 692 2940 768 attemperavimus,
2974 690 3243 764 etiamsi,
3273 691 3403 753 zelo
3454 692 3736 772 impulsi,
3769 697 3936 758 ultra

515 797 741 858 virium
772 794 1133 855 facultatem
1168 791 1232 851 in
1257 789 1610 869 jejunando
1641 787 1990 866 prosiliant.
2035 811 2062 842 ιθ
2102 785 2218 858 Qui
2249 805 2427 847 sacra
2446 787 2692 867 jejunia
2720 808 2847 849 non
2880 788 3305 864 celebrabant,
3340 791 3800 868 arguebantur.
3837 795 3940 855 Sic

518 894 850 971 Gregorius
881 892 1108 953 acriter
1137 888 1526 968 praefectum,
1561 886 1644 946 ob
1667 886 1966 947 violatam
1991 884 2215 963 jejunii
2233 884 2459 962 legem,
2478 886 2761 965 increpat
2781 885 2889 966 (b):
2917 910 2947 942 «
2969 886 3187 965 lnique
3208 887 3362 965 agis,
3389 908 3423 947 o
3437 887 3660 966 judex,
3680 889 3788 968 qui
3809 909 3932 952 non

509 991 781 1071 jejunes.
817 992 899 1051 Et
929 988 1245 1068 quomodo
1277 986 1445 1064 leges
1476 985 1789 1045 humanas
1816 982 2112 1055 servabis,
2149 981 2257 1061 qui
2287 982 2529 1043 divinas
2559 985 2930 1061 contemnis,
2966 989 3027 1044 et
3055 1003 3170 1062 pro
3199 984 3398 1046 nihilo
3431 986 3652 1047 ducis?
3687 1013 3716 1043 ι

596 1119 985 1177 Mortuorum
1018 1130 1281 1191 corpora
1311 1129 1543 1188 magno
1573 1113 1883 1188 apparatu
1905 1107 2119 1167 ﬁdeles
2148 1106 2392 1167 tumulo
2424 1108 2908 1187 componebant,
2943 1112 3036 1184 ut,
3070 1109 3361 1188 exemplo
3393 1115 3487 1170 est
3534 1111 3938 1174 Constantius

517 1215 884 1294 imperator.
926 1236 955 1268 «
988 1210 1098 1271 Ille
1125 1209 1342 1288 igitur,
1376 1213 1447 1268 ut
1480 1213 1696 1268 narrat
1725 1205 2057 1284 Gregorius
2085 1203 2186 1284 (ο),
2217 1204 2484 1285 publicis
2506 1206 2838 1285 praeconiis
2867 1206 3214 1285 faustisque
3247 1207 3570 1282 omnibus,
3596 1227 3669 1270 ac
3701 1210 3938 1272 celebri

517 1330 758 1392 pompa
799 1309 1152 1382 deducitur,
1185 1305 1618 1384 religiosisque
1649 1304 1838 1365 etiam
1869 1303 1966 1363 his
1992 1303 2219 1364 nostris
2248 1303 2486 1380 ofﬁciis,
2522 1303 2644 1365 hoc
2675 1309 2787 1381 est,
2821 1306 3142 1365 nocturnis
3173 1305 3598 1382 cantionibus,
3625 1326 3694 1369 ac
3725 1327 3936 1370 cereo—

517 1429 658 1472 rum
689 1409 960 1489 ignibus,
998 1407 1225 1486 quibus
1252 1423 1366 1465 nos
1397 1403 1707 1466 Christani
1755 1403 1929 1482 pium
1962 1420 1996 1461 e
2025 1401 2152 1462 vita
2207 1401 2546 1462 discessum
2604 1403 2959 1463 ornandum
3015 1403 3479 1465 existimamus.
3514 1425 3543 1461 υ
3583 1405 3684 1466 Sic
3738 1408 3926 1468 etiam

518 1508 846 1588 exsequias
901 1504 1197 1568 describit
1227 1503 1556 1581 Gregorius
1587 1500 1696 1582 (εἰ).
1737 1525 1767 1556 ‹‹
1807 1501 1998 1561 Nobis
2056 1518 2321 1578 magnus
2351 1501 2456 1560 ille
2516 1501 2821 1562 Caesarius
2879 1507 3164 1562 servatus
3228 1509 3340 1575 est,
3387 1503 3541 1563 cinis
3597 1505 3928 1582 pretiosus,

516 1611 804 1668 mortuus
834 1604 1146 1676 laudatus,
1182 1601 1433 1680 hymnis
1463 1599 1579 1659 sibi
1611 1597 2085 1659 succedentibus
2110 1598 2436 1670 deductus,
2465 1599 2545 1659 ad
2579 1605 2896 1678 matyrum
2934 1600 3209 1660 sacraria
3239 1619 3380 1660 cum
3415 1620 3652 1680 pompa
3681 1603 3929 1678 ductus,

515 1705 746 1765 sanctis
777 1708 1107 1783 parentum
1141 1699 1432 1760 manibus
1462 1697 1827 1770 honoratus,
1867 1700 2063 1755 matre
2095 1696 2362 1756 candida
2390 1702 2558 1758 veste
2588 1697 2805 1758 induta
2851 1698 3150 1777 pietatem
3199 1700 3455 1759 maerori
3504 1700 3926 1779 subrogante,

513 1803 806 1883 lacrymis
838 1821 875 1861 a
906 1798 1309 1880 philosophia
1340 1796 1671 1876 superatis,
1704 1794 2070 1874 psalmodiis
2100 1795 2337 1854 luctum
2372 1796 2804 1857 sedentibus...
2841 1795 2915 1877 (e)
2949 1800 3155 1875 Atque
3196 1797 3320 1857 alia
3370 1798 3624 1876 quidem
3682 1802 3932 1879 persol-

512 1902 736 1974 vimus,
772 1900 896 1961 alia
925 1916 1072 1959 vero
1104 1897 1417 1968 dabimus,
1454 1893 1914 1956 anniversarios
1945 1893 2214 1954 honores
2245 1899 2306 1953 et
2335 1894 2960 1955 commemorationes
2989 1895 3346 1968 offerentes,
3373 1896 3417 1955 ii
3445 1897 3704 1975 quidem
3739 1905 3930 1972 certe,

514 1999 623 2077 qui
653 1998 1017 2077 superstites
1050 2001 1251 2057 erunt.
1290 2017 1319 2052 »
1353 1994 1508 2054 Hinc
1540 1997 1715 2072 patet
1744 1992 2257 2053 consuetudinem
2287 1991 2477 2053 fuisse
2505 1993 2717 2067 etiam,
2750 1999 2820 2054 ut
2875 1992 3148 2055 honores
3178 1995 3592 2057 anniversarii
3644 2003 3708 2059 et
3755 2016 3930 2060 com-

515 2096 1004 2158 memorationes
1035 2094 1114 2155 ab
1148 2095 1242 2167 iis,
1280 2093 1389 2170 qui
1418 2091 1782 2171 superstites
1813 2095 2011 2164 erant,
2039 2090 2435 2151 offerrentur.

592 2220 829 2280 Praeter
869 2220 1026 2280 festa
1072 2217 1416 2298 praecipua,
1470 2234 1696 2296 nempe
1742 2216 1978 2276 Natalis
2021 2214 2291 2288 Domini,
2325 2215 2716 2296 Epiphania),
2752 2217 3034 2290 Paschze,
3068 2218 3490 2293 Pentecostes,
3525 2219 3688 2281 festa
3734 2221 3929 2283 etiam

513 2317 947 2397 apostolorum
979 2315 1524 2394 Constantinopoli
1552 2313 2053 2388 celebrabantur,
2079 2332 2193 2374 nec
2225 2333 2350 2375 non
2374 2320 2747 2394 martyrum,
2777 2335 2934 2396 quos
2952 2316 3116 2377 inter
3145 2317 3646 2378 numerabantur
3667 2319 3926 2381 Macha-

509 2414 655 2477 baai.
690 2414 1138 2495 Apostolorum
1170 2431 1444 2492 namque
1475 2413 1631 2472 festa
1659 2412 1745 2472 ibi
1774 2431 1837 2472 se
1859 2412 2228 2486 celebrasse,
2263 2419 2323 2472 et
2355 2412 2405 2472 si
2435 2432 2561 2474 non
2591 2414 2946 2494 smpejnter
2966 2415 3444 2476 valedicendum
3475 2420 3745 2476 testatur
3774 2419 3928 2478 Gre-

511 2513 726 2592 gorius
758 2513 856 2594 (/).
893 2537 923 2568 «
953 2512 1188 2585 Valete,
1223 2510 1514 2591 apostoli,
1550 2510 1855 2588 praeclara
1903 2509 2169 2582 colonia,
2207 2510 2564 2571 certaminis
2621 2511 2743 2572 mei
2781 2513 3084 2591 magistri,
3120 2512 3236 2573 etsi
3296 2513 3505 2573 minus
3561 2531 3724 2592 saepe
3758 2514 3913 2574 festa

509 2619 719 2674 vestra
748 2611 1079 2672 celebravi.
1115 2634 1145 2666 »
1181 2612 1252 2672 In
1282 2611 1508 2670 festum
1539 2609 1740 2668 sancti
1771 2607 2065 2687 Cypriani
2093 2608 2385 2687 martyris
2427 2609 2770 2670 orationem
2821 2611 2901 2671 ad
2951 2612 3256 2690 populum
3289 2611 3512 2672 habuit
3558 2612 3912 2690 Gregorius,

508 2728 624 2772 nec
655 2729 780 2771 non
810 2709 1000 2770 aliam
1049 2709 1114 2768 in
1163 2710 1392 2769 festum
1442 2707 1971 2780 Machabaeorum,
2015 2724 2282 2785 quorum
2334 2707 2466 2767 dies
2511 2708 2704 2768 festus
2748 2709 3298 2789 Constantinopoli.
3344 2711 3690 2788 agebatur:
3725 2733 3753 2765 α
3789 2711 3915 2782 Qui

507 2807 794 2888 quamvis
824 2805 929 2888 (g),
976 2805 1147 2885 apud
1203 2805 1434 2866 multos
1465 2823 1591 2865 non
1649 2803 2060 2878 honorentur,
2108 2804 2258 2882 quia
2314 2823 2441 2864 non
2498 2811 2644 2884 post
2701 2805 3017 2867 Christum
3077 2807 3499 2882 decertarunt,
3536 2809 3712 2885 digni
3767 2813 3921 2869 sunt.

508 2913 719 2967 tamen
750 2905 858 2984 qui
888 2905 967 2966 ab
998 2904 1288 2965 omnibus
1316 2904 1555 2964 honore
1583 2902 1958 2976 afﬁciantur,
1991 2902 2288 2982 quoniam
2324 2921 2436 2982 pro
2470 2902 2712 2981 legibus
2766 2904 3162 2983 intitutisque
3208 2905 3429 2984 patriis
3484 2906 3712 2966 fortem
3774 2906 3914 2966 ani-

508 3023 682 3066 mum
714 3004 1161 3084 praestiterunt.
1197 3002 1314 3073 Qui
1342 3021 1531 3082 porro
1563 3007 1707 3062 ante
1737 3001 1965 3063 Christi
1993 3001 2349 3080 passionem
2406 3002 2780 3081 martyrium
2839 3002 3186 3074 subierunt,
3221 3004 3371 3082 quid
3405 3005 3659 3066 tandem
3690 2997 3920 3066 facturi

507 3111 706 3178 erant,
741 3106 792 3165 si
821 3111 962 3184 post
983 3104 1294 3164 Christum
1324 3102 1819 3183 persecutionem
1852 3103 2018 3182 passi
2066 3102 2342 3176 fuissent,
2378 3103 2636 3181 ejusque
2685 3108 2950 3164 mortem
2998 3104 3217 3164 salutis
3263 3111 3494 3166 nostra:
3544 3124 3739 3167 causa
3786 3125 3921 3167 sus-

510 3209 758 3282 ceptam
791 3203 870 3264 ad
918 3202 1292 3263 imitandum
1351 3200 1738 3280 propositam
1793 3200 2206 3260 habuissent?
2235 3225 2266 3256 »
2301 3200 2537 3273 Quibus
2589 3201 2921 3262 virtutibus
2976 3202 3351 3281 pietatisque
3405 3204 3702 3281 operibus
3748 3205 3913 3267 festa

516 3306 902 3374 sanctorum,
921 3300 1239 3379 praecipue
1269 3305 1639 3377 martyrum,
1663 3297 2171 3370 cohonestentur,
2189 3296 2380 3376 digno
2411 3302 2724 3358 caractere
2753 3298 3068 3376 exprimit,
3105 3302 3165 3358 et
3195 3299 3418 3358 exinde
3455 3299 3519 3358 in
3550 3299 3686 3360 haec
3716 3302 3918 3362 verba

512 3399 912 3480 prosequitur
938 3399 1020 3478 (Ia)
1049 3417 1062 3458 :
1100 3423 1130 3455 «
1164 3398 1231 3460 Si
1259 3398 1348 3458 ita
1372 3397 1796 3468 convenimus,
1833 3403 1943 3457 aut
1972 3397 2424 3470 concurrimus,
2460 3415 2678 3457 revera
2707 3398 2932 3456 festum
2965 3397 3134 3457 hunc
3163 3397 3351 3469 diem,
3399 3404 3468 3458 ut
3495 3398 3740 3460 Christo
3772 3420 3916 3479 gra-

501 3504 635 3558 tum
666 3504 778 3571 est,
813 3497 1224 3569 celebramus,
1259 3515 1475 3557 revera
1505 3503 1812 3574 martyres
1841 3495 2079 3556 honore
2103 3494 2442 3567 effecimus,
2479 3501 2589 3554 aut
2617 3495 2980 3569 afﬁciemus,
3016 3513 3235 3556 revera
3263 3495 3713 3574 triumphalem
3745 3498 3913 3559 cho-

501 3614 675 3656 ream
705 3595 972 3675 agimus.
1007 3596 1112 3656 Sin
1146 3601 1354 3655 autem
1385 3613 1458 3654 eo
1485 3594 1907 3665 convenimus,
1937 3599 2002 3653 ut
2031 3593 2263 3653 ventris
2304 3593 2731 3672 voluptatibus
2777 3593 3237 3671 indulgeamus,
3273 3599 3333 3654 et
3380 3594 3564 3653 fluxis
3612 3613 3686 3655 ac
3725 3595 3910 3658 brevi

495 3695 790 3773 perituris
820 3694 1057 3754 deliciis
1085 3695 1392 3764 fruamur,
1427 3709 1646 3770 eaque,
1680 3710 1821 3770 quas
1853 3711 1999 3752 mox
2029 3698 2435 3760 evacuantur,
2468 3692 2811 3751 inferamus
2839 3709 2854 3765 ;
2892 3698 3080 3770 atque
3109 3692 3244 3752 haec
3291 3693 3449 3762 loca,
3480 3711 3609 3753 non
3649 3700 3897 3774 tempe-

486 3793 738 3865 rantiae,
772 3792 878 3852 sed
911 3792 1209 3870 crapulaa,
1248 3797 1310 3851 et
1339 3791 1479 3851 haec
1509 3796 1819 3868 tempora,
1854 3808 1979 3850 non
2008 3789 2351 3868 spiritualis
2381 3807 2690 3862 ascensus,
2727 3808 2798 3849 ac
2829 3789 2968 3869 (nisi
2998 3789 3118 3850 hoc
3150 3809 3185 3849 a
3214 3808 3314 3850 me
3363 3790 3619 3850 adacius
3669 3791 3906 3852 dictum

487 3890 807 3970 videatur)
838 3889 1182 3950 divinitatis
1231 3887 1711 3966 consequentiae,
1746 3886 1928 3965 cujus
1975 3887 2354 3946 mediatores
2398 3893 2543 3945 sunt
2589 3891 2915 3965 martyres,
2960 3887 3069 3947 sed
3113 3905 3321 3946 rerum
3371 3888 3789 3966 gerendarum
3836 3894 3900 3949 et

492 3990 990 4068 negotiationum
1013 3995 1301 4067 tempora
1347 4005 1480 4048 esse
1539 3987 1954 4046 arbitremur:
1990 3986 2263 4063 primum
2323 3984 2573 4062 quidem
2605 3984 2775 4062 quod
2833 3983 2953 4044 hoc
3003 3985 3269 4063 tempori
3323 3986 3676 4058 conveniat,
3722 3986 3893 4046 haud

490 4105 783 4166 agnosco.
818 4087 983 4158 Quid
1013 4087 1179 4147 enim
1210 4086 1406 4164 paleae
1438 4103 1580 4145 cum
1612 4084 1818 4144 tritico
1838 4084 1868 4142 ?
1899 4084 2048 4161 quid
2079 4083 2283 4143 carnis
2313 4082 2624 4161 voluptati
2654 4100 2796 4142 cum
2827 4088 3174 4162 martyrum
3200 4083 3646 4144 certaminibus
3666 4084 3695 4144 ?
3731 4108 3758 4138 »

571 4212 924 4290 Hospitales
955 4219 1133 4272 erant
1161 4212 1528 4273 Christianis
1557 4210 1939 4290 excipiendis
1969 4211 2212 4283 domus,
2248 4229 2389 4288 quae
2421 4215 2490 4270 ut
2521 4210 2876 4289 perfugium
2910 4209 3208 4270 adversus
3236 4207 3583 4270 humanam
3634 4209 3901 4270 inﬁrmi-

494 4316 686 4371 tatem
747 4316 936 4388 atque
967 4310 1263 4369 adversus
1293 4309 1573 4370 miserias
1602 4309 1990 4388 paupertatis
2038 4307 2457 4369 habebantur.
2492 4310 2691 4368 Unam
2746 4308 3010 4369 Basilius
3057 4314 3234 4368 extra
3293 4308 3514 4369 urbem
3546 4311 3899 4370 Caesaream

493 4407 842 4481 aedificavit,
882 4405 1060 4480 cujus
1089 4406 1568 4483 descriptionem
1610 4425 1648 4466 a
1704 4406 2001 4483 Gregorio
2052 4407 2283 4465 factam
2336 4405 2460 4465 huc
2489 4405 2718 4466 referre
2769 4404 3035 4484 juvabit,
3073 4423 3186 4464 nec
3237 4405 3446 4482 legere
3493 4405 3730 4485 pigebit
3780 4405 3898 4486 (2’):

495 4529 524 4567 «
557 4506 891 4568 Paululum
927 4509 1104 4564 extra
1135 4504 1447 4563 civitatem
1478 4503 1698 4582 pedem
1733 4504 1903 4576 effer,
1939 4521 2011 4563 ac
2041 4522 2268 4564 novam
2317 4503 2633 4563 civitatem
2683 4504 2990 4582 conspice,
3018 4503 3176 4563 illud
3230 4503 3482 4582 pietatis
3528 4509 3903 4582 promptua-

487 4604 669 4678 rium,
705 4619 1035 4664 commune
1064 4601 1453 4679 locupletum
1487 4599 1807 4672 aerarium,
1839 4601 1904 4660 in
1935 4620 2084 4678 quo,
2119 4619 2246 4661 non
2289 4601 2473 4662 modo
2507 4601 2930 4662 redundantes
2961 4619 3032 4661 ac
3054 4601 3387 4680 superflua).
3417 4619 3590 4680 opes,
3625 4601 3731 4661 sed
3754 4601 3895 4678 jam

484 4701 849 4764 necessaria:
877 4717 1128 4779 quoque
1158 4699 1488 4758 facultates
1517 4716 1630 4776 per
1658 4696 1826 4757 illius
1857 4697 2320 4758 cohortationes
2352 4699 2855 4760 reconduntur...
2889 4699 2952 4758 in
2985 4718 3111 4778 quo
3164 4699 3420 4759 morbus
3452 4718 3632 4777 aequo
3677 4699 3896 4760 animo

486 4804 810 4872 toleratur,
847 4806 907 4861 et
935 4799 1261 4859 calamitas
1289 4797 1476 4859 beata
1507 4802 1814 4872 censetur,
1852 4803 1913 4858 et
1944 4798 2374 4859 misericordia
2425 4798 2863 4878 exploratur...
2897 4798 3050 4860 Mihi
3092 4817 3239 4859 vera
3286 4799 3459 4858 nulla
3504 4817 3600 4859 res
3632 4798 3894 4878 perinde

487 4899 873 4963 admirabilis
903 4898 1171 4971 videtur,
1208 4902 1397 4976 atque
1428 4895 1899 4975 compendiaria
1928 4896 2063 4956 haec
2095 4897 2174 4956 ad
2207 4897 2473 4957 salutem
2505 4897 2626 4970 via,
2653 4897 2851 4958 facilis
2874 4897 2939 4956 in
2971 4897 3199 4957 caelum
3227 4915 3537 4957 ascensus.
3578 4921 3607 4953 ι

564 5024 847 5088 Julianus
877 5043 1006 5085 rem
1043 5023 1282 5084 nullam
1334 5022 1698 5083 Christianae
1755 5021 2072 5100 religioni,
2107 5040 2249 5102 qua
2275 5022 2397 5102 ipsi
2456 5030 2591 5085 erat
2647 5023 3048 5097 invisissima,
3074 5028 3203 5084 tam
3262 5022 3671 5083 honoriﬁcam
3729 5039 3885 5094 esse,

557 5409 634 5494 (α)
660 5410 759 5494 Qr.
787 5416 874 5488 40,
898 5414 1086 5494 -ιιε30,

2307 5407 2381 5494 cn
2411 5402 2507 5494 92-
2660 5423 2718 5463 ιι·
2746 5407 2835 5494 2.6-

550 5481 627 5564 (‘bi
658 5492 843 5564 Epist.
861 5481 936 5548 a1.
961 5493 1002 5564 ,7
1017 5495 1060 5549 4.
2309 5483 2385 5564 (ξι)
2419 5481 2514 5564 9r.
2553 5481 2636 5564 i5,
2669 5497 2727 5534 ιι.
2758 5481 2812 5564 ε.

573 5552 622 5632 c)’
647 5552 740 5619 05.
772 5565 828 5631 5,
864 5563 1034 5619 11.16.
2309 5552 2634 5634 ((z)n0r._1_f,
2667 5552 2810 5634 ηοξ.

569 5621 624 5706 d’)
656 5635 751 5691 Or.
783 5621 836 5703 7',
870 5652 930 5692 η.
962 5634 1053 5691 45.

2307 5621 2489 5698 (aer.
2525 5622 2614 5694 45,
2640 5639 2696 5682 η.
2728 5623 2818 5684 63.

566 5709 614 5786 ε)
645 5707 821 5782 Ibid.,
856 5725 915 5767 ιι.
951 5707 1040 5767 17.
