4152 6208
305 462 418 520 id!
1322 461 1732 520 PR/EFATIO
1779 461 2243 521 GENERALIS.
2280 498 2354 505 —
2386 463 2583 524 PARS
2631 464 2734 523 lIl.
3594 465 3710 523 M2

299 612 499 673 quam
527 593 874 673 hospitales
922 593 1142 654 domos
1192 600 1253 653 et
1281 611 1632 672 pauperum
1692 610 1907 653 curam
1967 595 2491 669 animadvertens,
2527 616 2640 656 nec
2699 595 2824 656 ulla
2855 615 2920 656 re
2979 603 3114 657 tam
3175 597 3460 669 crevisse,
3496 598 3717 657 statuit

299 694 673 772 huiusmodi
703 695 926 754 domus
956 700 1338 769 construere,
1374 693 1662 772 datisque
1693 692 1914 753 litteris
1945 692 2024 753 ad
2059 695 2395 772 quemdam
2426 696 2722 774 gentilem
2776 696 3190 767 sacerdotem,
3223 696 3550 757 Arsacium
3598 715 3711 758 no-

301 795 498 864 mine,
525 793 712 871 jussit
741 793 959 854 crebra
989 794 1050 853 in
1083 792 1348 871 singulis
1380 792 1739 852 civitatibus
1771 791 2165 853 xenodochia
2195 795 2510 854 constitui.
2547 800 2915 873 Apostatam
2950 795 3166 856 audire
3188 796 3391 874 juvat.
3423 819 3452 851 α
3482 793 3562 876 (a)
3597 798 3717 856 Re-

298 893 458 970 ligio
493 891 822 970 gentilium
867 891 1146 952 nondum
1178 909 1253 950 ex
1284 891 1478 950 animi
1511 890 1708 950 nostri
1743 890 2051 950 sententia
2094 891 2280 968 viget,
2316 891 2503 970 culpa
2533 911 2750 952 eorum
2784 893 2890 971 qui
2919 893 3092 953 illam
3126 894 3522 972 proﬁtentur.
3557 896 3715 954 Nam

299 1011 382 1051 ea
415 991 668 1070 quidem
705 1009 845 1068 quae
877 990 955 1049 ad
987 989 1136 1050 deos
1164 989 1497 1067 pertinent,
1537 988 1841 1067 praeclara
1869 994 2013 1048 sunt
2043 994 2231 1067 atque
2263 991 2618 1068 magnifica,
2656 991 2951 1069 omnique
2989 996 3136 1051 voto
3170 1010 3242 1052 ac
3263 1010 3371 1071 spe
3394 991 3711 1070 majora...

303 1089 469 1160 Quid
494 1108 640 1168 ergo
665 1090 692 1148 ?
722 1094 1097 1168 putamusne
1127 1106 1241 1148 nos
1273 1087 1392 1147 ista
1420 1088 1707 1147 sufﬁcere
1728 1087 1757 1147 ?
1791 1089 1914 1146 Nec
1941 1086 2322 1147 attendimus
2354 1088 2503 1166 quid
2536 1089 3036 1150 Christianorum
3069 1091 3334 1161 auxerit,
3355 1089 3717 1150 humanitas

300 1187 549 1248 scilicet
579 1189 641 1248 in
672 1187 1058 1266 peregrinos,
1093 1192 1150 1247 et
1181 1186 1244 1245 in
1278 1186 1653 1264 sepeliendis
1683 1185 1944 1245 mortuis
1981 1185 2252 1246 sollicita
2281 1186 2629 1266 diligentia,
2668 1192 2730 1248 et
2777 1188 3074 1248 simulata
3129 1206 3377 1248 morum
3410 1189 3707 1266 gravitas.

301 1290 589 1360 Quorum
623 1284 871 1362 singula
901 1303 938 1344 a
966 1283 1145 1344 nobis
1175 1283 1523 1343 exercenda
1554 1302 1684 1343 esse
1715 1282 2161 1343 existimo.Nec
2185 1284 2415 1344 sufficit
2445 1285 2609 1363 quod
2645 1291 2710 1345 tu
2743 1285 3102 1364 hujusmodi
3131 1287 3234 1358 sis,
3269 1286 3376 1345 sed
3403 1290 3717 1365 quotquot

295 1386 368 1446 in
399 1383 648 1445 Galatia
678 1387 823 1441 sunt
854 1380 1137 1441 ﬂamines
1167 1379 1322 1440 tales
1353 1398 1484 1440 esse
1532 1380 1786 1442 decet...
1813 1379 2106 1458 Singulos
2139 1379 2422 1440 ﬂamines
2465 1380 2736 1456 hortare,
2774 1388 2842 1442 ut
2893 1400 3008 1442 nec
3057 1382 3136 1441 ad
3168 1382 3485 1443 theatrum
3536 1399 3717 1443 acce-

296 1483 484 1546 dant.
521 1498 635 1539 nec
663 1481 726 1538 in
759 1478 1032 1538 tabernis
1062 1478 1304 1548 bibant,
1339 1496 1452 1538 nec
1483 1483 1681 1538 artem
1717 1477 1936 1547 ullam,
1969 1485 2078 1538 aut
2125 1478 2443 1557 Opificium
2507 1485 2684 1558 turpe
2733 1499 2806 1540 ac
2856 1479 3229 1559 probrosum
3281 1486 3719 1542 exerceant....

297 1581 543 1642 Crebra
571 1579 635 1637 in
666 1576 928 1655 singulis
978 1575 1337 1636 civitatibus
1385 1575 1777 1636 xenodochia
1826 1575 2155 1649 constitue,
2191 1582 2262 1636 ut
2310 1576 2625 1656 peregrini
2672 1596 2795 1636 non
2846 1595 2924 1638 ex
2971 1577 3199 1638 nostris
3245 1577 3472 1649 solum,
3507 1577 3614 1638 sed
3643 1595 3721 1638 ex

300 1680 449 1742 aliis
480 1678 691 1749 etiam,
718 1677 768 1736 si
788 1677 1056 1755 pecunia
1087 1676 1246 1734 forte
1277 1693 1436 1753 opus
1465 1673 1823 1745 habuerint,
1861 1674 2254 1735 humanitate
2287 1680 2500 1735 nostra
2534 1675 2958 1753 perfruantur.
2994 1677 3189 1736 Porro
3237 1675 3403 1736 unde
3433 1681 3724 1755 sumptus

303 1778 425 1839 tibi
459 1781 819 1854 suppetant,
854 1793 891 1834 a
923 1792 1020 1834 me
1060 1773 1195 1852 jam
1246 1773 1563 1852 provisum
1611 1777 1804 1834 est....
1838 1775 2046 1852 Turpe
2095 1772 2260 1832 enim
2320 1790 2395 1833 ex
2436 1773 2672 1834 Judaais
2719 1773 3029 1834 neminem
3084 1773 3461 1847 mendicare,
3495 1773 3726 1853 impios

305 1893 463 1935 vero
497 1873 805 1944 Galileeos,
839 1877 1068 1952 praeter
1099 1888 1244 1930 suos
1274 1888 1602 1950 pauperes,
1637 1871 1828 1931 etiam
1859 1876 2106 1932 nostros
2137 1871 2342 1931 alere:
2370 1876 2615 1932 nostros
2646 1876 2857 1932 autem
2890 1870 3208 1933 mendicos
3236 1875 3453 1933 nostra
3499 1889 3620 1951 ope
3650 1888 3722 1932 ac

305 1972 595 2034 subsidio
624 1970 956 2032 destitutos
984 1969 1205 2031 videri.
1243 1993 1272 2024 ι

1642 2224 1821 2288 Circa
1861 2245 2088 2288 morum
2131 2225 2389 2306 regulas.

387 2466 796 2531 Bibliothecae
828 2465 1396 2529 ecclesiasticorum
1429 2465 1805 2546 scriptorum
1839 2471 2060 2527 auctor
2098 2467 2335 2542 scribit,
2365 2466 2735 2547 Gregorium
2767 2485 3012 2530 morum
3060 2467 3455 2550 disciplinam
3495 2468 3722 2532 docere

299 2569 581 2638 ratione,
620 2586 758 2645 qua).
791 2564 1169 2645 philosopho
1204 2563 1402 2641 magis
1435 2583 1623 2643 quam
1655 2563 1891 2644 populo
1924 2565 2295 2626 conveniat:
2321 2565 2490 2644 quod
2521 2565 2795 2644 quidem,
2823 2566 2874 2627 si
2899 2584 3114 2627 verum
3174 2567 3356 2641 foret,
3381 2585 3508 2628 non
3551 2566 3730 2630 laudi

308 2667 424 2728 sed
455 2667 608 2726 vitio
637 2666 1006 2725 vertendum
1039 2669 1200 2724 esset
1227 2663 1544 2742 episcopo,
1580 2663 1710 2742 qui,
1745 2682 1887 2724 cum
1915 2668 2113 2723 artem
2147 2663 2376 2724 callere
2407 2664 2633 2725 debeat
2657 2665 2923 2726 docendi
2967 2683 3206 2737 omnes,
3241 2666 3326 2726 sic
3374 2665 3725 2726 orationem

307 2784 500 2828 suam
534 2764 790 2825 auribus
821 2764 1180 2824 auditorum
1212 2763 1687 2836 accommodet;
1723 2781 1973 2823 necesse
2003 2768 2114 2836 est,
2153 2769 2222 2824 ut
2260 2769 2387 2824 tam
2424 2763 2610 2824 rudes
2639 2783 2830 2844 quam
2861 2764 3078 2825 doctos
3098 2764 3455 2825 caelestibus
3484 2764 3730 2826 imbuat

309 2864 684 2943 disciplinis.
719 2863 1010 2941 Quisquis
1040 2868 1233 2923 tatem
1267 2862 1490 2940 legerit
1522 2861 1803 2939 Gregorii
1837 2880 2175 2934 sermones,
2213 2862 2263 2922 si
2294 2861 2629 2940 diligenter
2659 2864 2944 2924 attendat
2971 2864 3292 2942 quomodo
3340 2864 3518 2924 varia
3563 2864 3729 2924 circa

311 2981 526 3025 mores
557 2962 858 3022 doctrinae
890 2961 1096 3040 capita
1127 2966 1441 3038 proponat
1491 2965 1553 3020 et
1601 2960 1870 3038 explicet
1923 2978 2134 3020 coram
2187 2960 2500 3038 frequenti
2554 2961 2810 3039 populo,
2846 2960 3028 3022 facile
3070 2967 3286 3022 noscet
3331 2961 3722 3040 Gregorium,

310 3062 568 3122 ﬁdelem
597 3060 663 3119 in
694 3060 882 3119 domo
913 3059 1023 3119 Dei
1053 3058 1572 3137 dispensatorem,
1609 3058 1870 3136 provida
1904 3077 2090 3119 manu
2124 3059 2440 3119 frumenta
2469 3059 2938 3137 patrisfamilias
2977 3059 3240 3138 singulis
3287 3059 3373 3120 ita
3405 3078 3717 3138 erogasse,

311 3164 387 3219 ut
417 3157 652 3232 nullus,
685 3174 762 3215 ne
792 3155 1212 3234 pauperculus
1243 3154 1518 3232 quidem,
1555 3155 1720 3214 fame
1749 3153 2065 3214 laboraret
2093 3173 2106 3226 ;
2132 3160 2193 3214 et
2222 3155 2544 3232 sapientiae
2577 3155 2780 3215 fontes
2810 3160 2984 3215 tanta
3018 3173 3324 3216 reserasse
3354 3155 3712 3235 prudentia,

309 3265 383 3318 ut
413 3273 654 3324 omnes,
692 3254 821 3314 sive
852 3253 1052 3332 parvi,
1087 3254 1215 3313 sive
1247 3253 1479 3331 magni,
1515 3252 1676 3313 sitim
1711 3257 1969 3332 possent
1998 3253 2403 3331 restinguere.
2426 3253 2644 3314 Paucis
2678 3252 2860 3331 juvat
2889 3253 3192 3334 exemplis
3239 3271 3370 3314 rem
3426 3253 3721 3316 demons-

311 3363 506 3416 trare.

397 3455 458 3512 1ο
492 3450 557 3512 Si
585 3469 832 3529 quaeras
860 3469 897 3511 a
930 3449 1247 3527 Gregorio,
1283 3447 1600 3528 quomodo
1633 3447 1772 3527 quis
1803 3465 2180 3522 sermonem,
2211 3448 2308 3508 vel
2338 3467 2469 3508 rem
2502 3449 2778 3527 aliquam
2812 3449 3123 3528 auspicari
3166 3449 3440 3511 debeat?
3478 3470 3506 3508 α
3539 3447 3723 3528 Opti-

309 3569 456 3611 mus
489 3549 592 3609 hic
624 3549 774 3608 ordo
807 3554 918 3615 est,
953 3547 1158 3626 inquit
1189 3546 1288 3625 (ὁ),
1326 3546 1523 3624 utqui
1554 3547 1645 3606 vel
1707 3564 2079 3618 sermonem,
2131 3546 2228 3606 vel
2279 3565 2409 3607 rem
2457 3547 2736 3625 aliquam
2787 3548 3174 3627 auspicatur,
3207 3567 3246 3608 a
3288 3550 3412 3610 Deo
3470 3547 3718 3608 initium

312 3650 532 3719 ducat,
566 3653 630 3707 et
658 3647 720 3706 in
749 3648 876 3706 Deo
903 3645 1327 3723 conquiescat.
1363 3666 1390 3702 ιι
1428 3645 1572 3704 Ηωο
1602 3643 1884 3704 omnium
1913 3644 2230 3704 actionum
2263 3649 2620 3704 nostrarum
2651 3663 2892 3706 norma.

391 3752 457 3808 2°
491 3745 651 3816 Quid
681 3745 806 3805 Deo
837 3743 1275 3804 offerendum?
1309 3765 1336 3797 α
1389 3741 1463 3821 (c)
1497 3743 1936 3820 Unusquisque
1958 3742 2109 3814 Deo,
2143 3742 2314 3820 quod
2339 3742 2591 3821 poterit,
2617 3742 2859 3816 offerat,
2898 3742 3119 3821 quovis
3171 3747 3474 3822 tempore,
3510 3742 3730 3820 quovis

312 3862 550 3924 genere
593 3843 735 3902 vitae
792 3848 855 3902 et
903 3843 1193 3913 fortuna,
1229 3858 1341 3919 pro
1375 3840 1698 3919 praesentis
1731 3839 2044 3900 facultatis
2068 3840 2343 3913 modulo,
2375 3859 2486 3919 pro
2518 3841 2720 3919 gratia
2750 3839 2866 3901 sibi
2895 3858 3212 3916 concessa,
3249 3847 3316 3902 ut
3365 3859 3476 3920 per
3513 3858 3730 3902 omnes

314 3941 569 4002 virtutis
601 3939 840 4012 modos,
877 3957 1095 4000 omnes
1126 3938 1396 3999 cmlestis
1425 3938 1600 4016 regni
1633 3937 1987 3998 mansiones
2016 3938 2413 4018 impleamus.
2448 3960 2476 3996 υ

399 4042 465 4100 3°
498 4041 652 4099 Tam
687 4037 1018 4114 benignus,
1051 4042 1178 4096 tam
1212 4036 1484 4096 clemens
1513 4040 1607 4096 est
1637 4038 1821 4111 Deus,
1855 4041 1924 4095 ut
1951 4035 2045 4096 vel
2079 4036 2338 4095 minima
2368 4035 2590 4096 lubens
2621 4034 2909 4114 accipiat,
2946 4035 2996 4096 si
3045 4036 3434 4097 voluntatem
3483 4033 3729 4114 cupidi-

318 4144 420 4198 tas
451 4155 580 4196 non
615 4135 1007 4213 comprimat,
1045 4141 1107 4194 et
1133 4133 1436 4211 augustiis
1467 4134 1737 4212 pectoris
1769 4152 2029 4195 munera
2079 4153 2203 4194 non
2261 4140 2697 4194 coarctentur:
2741 4155 2770 4192 «ί
2805 4133 2886 4214 (α’)
2945 4134 3110 4194 Nihil
3154 4153 3369 4196 eorum
3431 4153 3571 4214 qum
3603 4136 3731 4195 Deo

320 4233 700 4305 oﬂeruntur,
738 4239 862 4291 tam
898 4249 1161 4309 parvum
1194 4236 1304 4301 est,
1341 4229 1628 4308 quamvis
1659 4230 1847 4290 etiam
1880 4229 2118 4289 minimi
2153 4230 2452 4290 momenti
2483 4229 2582 4300 sit,
2618 4230 2904 4307 quamvis
2936 4230 3119 4310 longe
3140 4231 3302 4291 infra
3330 4231 3498 4291 illius
3525 4229 3734 4309 digni-

321 4335 547 4402 tatem,
582 4327 752 4406 quod
785 4345 906 4386 non
939 4326 1194 4386 omnino
1227 4325 1518 4404 accipiat,
1551 4333 1926 4404 gratumque
1961 4325 2288 4386 habeat....
2324 4325 2483 4384 Illud
2535 4324 2785 4403 quidem
2818 4325 3071 4386 minime
3102 4326 3361 4386 dubium
3411 4330 3522 4399 est,
3557 4325 3734 4403 quin,

321 4427 575 4489 etiamsi
631 4426 842 4486 omnia
899 4425 1373 4497 contulerimus,
1411 4425 1616 4484 minus
1672 4431 1882 4485 tamen
1943 4423 2234 4484 collaturi
2282 4424 2498 4496 simus,
2537 4442 2728 4501 quam
2787 4424 3169 4502 accepimus.
3214 4423 3737 4503 Quandoquidem

323 4526 526 4586 divini
571 4523 854 4584 beneﬁcii
905 4529 1016 4596 est,
1053 4522 1222 4601 quod
1278 4541 1513 4594 sumus,
1551 4522 1721 4600 quod
1778 4526 1974 4583 Deum
2035 4522 2491 4599 cognoscimus,
2527 4521 2824 4600 quodque
2880 4522 3092 4595 etiam,
3141 4521 3310 4601 quod
3371 4522 3732 4596 offeramus,

325 4623 663 4681 habemus.
698 4622 904 4698 Atque
933 4619 1090 4679 illud
1121 4619 1614 4698 pulcherrimum
1647 4619 2296 4698 humanissimumque
2325 4619 2704 4679 censendum
2747 4625 2857 4693 est,
2890 4619 3060 4698 quod
3107 4623 3267 4680 Ueus
3313 4617 3735 4698 largitionem,

326 4739 451 4780 non
487 4718 714 4776 ablatae
746 4717 833 4777 rei
861 4717 1058 4795 pretio
1089 4722 1150 4776 et
1183 4716 1507 4794 dignitate,
1542 4716 1648 4776 scd
1682 4716 2000 4776 offerentis
2030 4718 2253 4776 affectu
2289 4722 2351 4777 et
2381 4717 2678 4777 facultate
2711 4716 2989 4777 metitur.
3024 4739 3053 4774 »

411 4820 476 4876 4ο
511 4815 672 4885 Quid
705 4816 976 4874 maxime
1009 4815 1287 4894 postulet
1317 4833 1351 4874 a
1384 4814 1585 4884 nobis,
1627 4821 1827 4874 totum
1867 4815 2044 4893 gravi
2074 4815 2276 4875 sentia
2328 4819 2390 4875 et
2438 4821 2789 4874 memoratu
2839 4814 3031 4892 digna
3077 4812 3375 4875 inculcat.
3415 4838 3445 4870 «
3473 4813 3546 4894 (e)
3575 4813 3744 4875 Dixit

331 4913 534 4972 abbas
567 4911 899 4988 Gregorius
917 4911 1318 4988 Theologus:
1354 4911 1498 4969 'l‘ria
1523 4910 1656 4969 haec
1704 4910 1897 4988 exigit
1947 4913 2108 4970 Deus
2139 4910 2218 4970 ab
2267 4910 2438 4970 omni
2486 4909 2742 4970 homine
2785 4910 3124 4990 baptizato,
3160 4910 3347 4970 ﬁdem
3398 4915 3632 4970 rectam
3666 4928 3742 4972 ex

334 5011 570 5078 animo,
623 5009 944 5068 veritatem
980 5008 1039 5067 in
1069 5008 1283 5086 lingua
1312 5015 1372 5067 et
1395 5008 1876 5085 temperantiam
1910 5008 1986 5067 de
2018 5025 2302 5086 corpore.
2336 5028 2366 5064 ι)

415 5113 482 5168 5°
515 5105 753 5178 Quibus
785 5124 858 5165 ex
891 5106 1116 5177 causis,
1152 5126 1275 5184 quo
1307 5107 1428 5165 ﬁne
1459 5106 1763 5184 praeclara
1791 5105 2071 5164 facinora
2103 5105 2385 5183 quisquis
2416 5105 2820 5183 aggrediatur
2849 5104 3084 5183 optime
3115 5104 3458 5178 constituit,
3492 5123 3745 5166 omnem

337 5207 581 5267 aditum
617 5223 793 5265 vanae
817 5204 1031 5282 gloria:
1064 5203 1467 5265 obstruendo.
1509 5227 1538 5260 ‹‹
1570 5203 1646 5283 (χ)
1680 5204 1745 5265 Si
1774 5203 1990 5281 gloriae
2021 5203 2391 5282 cupiditate,
2425 5221 2498 5263 ac
2529 5222 2656 5264 non
2703 5203 2982 5264 veritatis
3029 5203 3237 5264 studio
3285 5209 3348 5264 et
3390 5221 3604 5264 amore
3634 5223 3749 5265 nos

340 5301 622 5384 pericula
684 5299 858 5361 adire
912 5299 1312 5362 existimabat
1362 5299 1718 5382 (Julianus),
1770 5299 1907 5360 haec
1954 5316 2105 5360 sane
2163 5298 2333 5379 apud
2377 5298 2520 5360 illos
2576 5297 2800 5359 ludant
2856 5298 3290 5379 Empedocles,
3354 5304 3416 5362 et
3477 5298 3744 5375 Aristaei,

411 5570 495 5646 (ᾳ)
526 5568 753 5646 §ozom.
789 5567 841 5646 Ι.Δ
859 5567 914 5640 5,
947 5585 996 5625 c.
1031 5569 1116 5642 16,
1140 5585 1197 5643 p.
1233 5569 1362 5629 6l9.
2114 5639 2149 5646 _
2182 5567 2255 5644 (ο)
2286 5566 2506 5643 Apoph.
2559 5571 2687 5627 Pat.
2734 5568 2888 5644 apud
2930 5566 3133 5642 Cotel.,
3166 5585 3225 5646 p.
3256 5566 3382 5640 410,
3416 5570 3460 5628 t.
3511 5572 3564 5626 ΙΙ
3607 5566 3750 5631 Non.

413 5639 487 5734 (.13?
514 5640 613 5734 τρί’·
638 5643 713 5734 ῗλ
727 5657 797 5734 n;
822 5639 905 5734 1:.
1101 5639 1110 5642 ⁷
1141 5639 1160 5643 “
2106 5639 2409 5734 30556290-

418 5712 626 5789 ((ῗλρῖκ
645 5713 733 5789 49:
766 5729 825 5768 η·

2177 5713 2244 5789 (Ῑ)
2274 5715 2370 5774 0r.
2402 5714 2454 5788 4,
2479 5729 2537 5773 n.
2567 5713 2655 5773 50.

443 5784 511 5866 (α)
545 5784 724 5855 Ibidg
749 5801 809 5843 ιι.
838 5785 890 5846 8.
