4152 6208
444 338 557 396 143
1443 336 1857 395 PRAEFATIO
1905 335 2360 395 GENERALIS.
2389 368 2462 378 —
2497 336 2691 393 rans
2737 335 2841 393 Ill.
3724 303 3840 396 ω

439 478 500 529 et
559 467 972 547 Empedotimi
1023 468 1301 544 quidam,
1338 485 1408 526 ac
1439 470 1806 546 Trophonii,
1844 476 2030 546 atque
2061 469 2423 546 hujusmodi
2469 470 2833 527 miserorum
2900 468 3220 528 hominum
3282 468 3587 528 chorus...
3621 468 3708 550 (α)
3767 471 3844 530 At

437 563 1175 642 Christianisjucundius
1205 569 1297 623 est
1350 564 1599 642 pietatis
1656 584 1846 626 causa
1902 565 2053 645 pati,
2104 566 2345 625 etiamsi
2390 584 2575 624 nemo
2633 564 2692 623 id
2751 565 3089 625 resciturus
3147 565 3244 636 sit,
3281 583 3470 643 quam
3527 565 3667 625 aliis
3700 585 3843 627 cum

434 664 758 742 impietate
791 662 1034 732 ﬂorere,
1070 667 1262 738 atque
1328 661 1390 720 in
1428 661 1630 738 gloria
1660 663 1914 723 versari.
1938 663 2311 723 Hominibus
2343 663 2574 742 quippe
2599 663 2868 740 placere,
2901 681 3124 740 parum
3151 663 3490 723 admodum
3515 681 3850 736 curamus;

434 763 495 822 id
534 779 725 821 unum
753 765 1138 838 expetentes,
1173 765 1241 818 ut
1275 759 1573 820 honorem
1610 780 1646 820 a
1675 764 1802 821 Deo
1851 779 2311 839 consequamur
2345 781 2358 834 ;
2391 762 2517 820 imo
2570 761 2896 820 sublimius
2946 760 3132 820 etiam
3183 761 3591 839 assurgimus.
3634 760 3741 842 (De
3771 762 3847 823 iis

433 859 685 938 loquor,
713 859 819 937 qui
849 875 993 917 vere
1026 856 1408 936 philosophi,
1444 876 1716 938 veroque
1752 860 1856 919 Dei
1886 878 2099 920 amore
2130 859 2372 937 praediti
2421 859 2612 938 sunt).
2650 858 2888 936 Quippe
2919 858 3026 935 qui
3072 858 3238 918 bono
3261 857 3560 936 conjungi
3589 865 3847 938 propter

435 958 643 1036 ipsum
676 956 914 1015 bonum
949 959 1344 1033 exoptamus,
1377 973 1503 1015 non
1535 962 1740 1016 autem
1767 963 2023 1036 propter
2072 954 2341 1017 honores
2392 955 2452 1015 in
2507 956 2702 1015 altero
2753 974 2884 1015 sevo
2908 955 3280 1016 reconditos.
3319 956 3643 1016 Secundus
3672 957 3840 1017 enim

438 1055 539 1114 hic
570 1054 978 1115 honestorum
1012 1058 1073 1112 et
1099 1052 1507 1113 laudabilium
1541 1054 1815 1115 virorum
1849 1055 2081 1133 gradus
2107 1060 2218 1128 est,
2247 1053 2446 1132 pretio
2479 1073 2551 1113 ac
2573 1055 2860 1114 mercede
2892 1053 3130 1131 aliquid
3157 1053 3359 1114 facere
3385 1071 3398 1125 ;
3428 1055 3844 1132 quemadmo-

438 1153 588 1212 dum
619 1153 682 1212 in
716 1151 898 1211 tertia
929 1150 1124 1210 classe
1153 1150 1502 1210 collocandi
1533 1158 1699 1226 sunt,
1730 1153 1837 1230 qui
1869 1170 2069 1232 pmnae
2103 1163 2270 1212 metu
2303 1171 2340 1211 a
2370 1151 2602 1212 scelere
2627 1157 2690 1211 et
2721 1150 3025 1211 maleficio
3056 1151 3474 1211 deterrentur.
3505 1173 3533 1208 ι)

517 1288 582 1345 6°
616 1290 806 1364 Leges
837 1283 1125 1344 amicitiae
1158 1282 1247 1343 ita
1276 1283 1592 1359 describit,
1629 1289 1699 1345 ut
1730 1285 1807 1346 ad
1841 1291 2208 1366 perpetuam
2237 1285 2563 1348 hominum
2597 1283 2996 1345 concordiam
3036 1289 3098 1345 et
3143 1284 3458 1345 societatis
3508 1284 3840 1346 incolumi-

438 1389 633 1445 tatem
666 1382 819 1441 nihil
850 1381 1120 1460 amplius
1150 1381 1658 1457 desiderandum,
1695 1384 1746 1443 si
1778 1403 1982 1445 mores
2013 1384 2091 1444 ad
2121 1385 2271 1445 illud
2308 1384 2630 1463 exemplar
2657 1384 3186 1444 informarentur:
3225 1407 3253 1437 «
3290 1381 3375 1463 (ὁ)
3413 1383 3595 1462 Apud
3627 1383 3845 1443 Chris-

443 1483 643 1542 tianos
674 1481 773 1541 lex
805 1485 865 1540 et
895 1497 1120 1541 norma
1175 1480 1467 1541 amicitize
1518 1483 1780 1562 quisque
1838 1483 1971 1562 ipse
2032 1488 2143 1556 est,
2181 1488 2371 1561 atque
2423 1484 2641 1543 eadem
2703 1482 3006 1561 proximis
3035 1481 3194 1541 velle
3253 1500 3392 1560 qua:
3453 1487 3513 1543 et
3552 1481 3670 1542 sibi
3699 1481 3842 1560 ipsi.

326 1587 328 1590 ’
439 1581 682 1640 Crimen
717 1583 950 1653 autem,
987 1596 1110 1638 non
1160 1579 1347 1639 modo
1383 1580 1615 1640 malum
1669 1581 1998 1653 exstitisse,
2028 1582 2136 1641 sed
2188 1582 2375 1642 etiam
2427 1600 2463 1641 a
2513 1581 2678 1641 malo
2726 1598 2948 1659 parum
3002 1578 3299 1650 abfuisse,
3335 1599 3476 1640 cum
3512 1579 3847 1659 cupuditas

435 1678 574 1758 ipsa
604 1696 761 1757 pene
793 1681 861 1736 ut
893 1677 1056 1736 actio
1088 1677 1436 1756 plectatur;
1473 1680 1638 1758 apud
1675 1699 1831 1758 quos
1862 1685 2102 1740 tantum
2138 1680 2454 1759 pudicitiae
2488 1680 2764 1739 studium
2791 1684 2902 1752 est,
2940 1684 3007 1738 ut
3037 1677 3257 1739 oculus
3281 1697 3530 1757 quoque
3566 1680 3846 1740 frenetur

443 1795 516 1837 ac
549 1775 928 1856 reprimatur
954 1793 968 1848 ;
1004 1780 1065 1835 et
1100 1794 1323 1836 manus
1343 1777 1748 1855 sanguinaria
1779 1783 1839 1839 et
1863 1779 2185 1840 mortifera
2215 1779 2303 1839 ita
2334 1779 2516 1856 longe
2541 1783 2811 1848 arcetur,
2842 1782 2910 1837 ut
2939 1777 3033 1837 ira
3054 1776 3243 1836 etiam
3277 1776 3412 1855 ipsa
3435 1781 3798 1838 coerceatur
3831 1793 3846 1849 ;

439 1874 787 1954 perjurium
821 1877 1029 1933 autem
1062 1873 1219 1935 adeo
1250 1879 1429 1936 atrox
1462 1880 1522 1936 et
1554 1877 1863 1938 nefarium
1895 1882 2202 1949 censetur,
2229 1877 2762 1957 utjusjurandum
2813 1894 3064 1956 quoque
3103 1875 3311 1954 ipsum
3361 1875 3538 1936 nobis
3568 1875 3716 1936 solis
3748 1875 3847 1934 in-

440 1972 772 2033 terdictum
806 1970 906 2030 sit.
943 1996 971 2027 ι)

520 2114 585 2170 7ο
614 2107 1072 2185 Benignitatem
1107 2126 1255 2186 erga
1285 2125 1595 2187 pauperes
1628 2127 1753 2168 non
1787 2113 2028 2169 tantum
2079 2110 2322 2183 suadet,
2355 2110 2464 2171 sed
2521 2110 2812 2171 maximis
2857 2115 3041 2190 urget
3083 2108 3435 2172 momentis.
3472 2107 3550 2188 (c)
3589 2131 3620 2164 «
3649 2109 3744 2168 An
3782 2112 3849 2168 tu

444 2206 926 2285 benignitatem,
961 2226 1088 2269 non
1119 2206 1553 2279 necessariam,
1587 2206 1694 2268 sed
1726 2207 1835 2268 tibi
1866 2207 2128 2268 liberam
2160 2227 2291 2269 esse
2332 2210 2561 2289 putas?
2592 2213 2680 2269 Ac
2711 2228 2836 2269 non
2883 2209 3110 2287 legem,
3143 2210 3253 2271 sed
3305 2206 3684 2268 consilium?
3716 2209 3849 2266 Hoc

443 2321 694 2382 quoque
724 2302 856 2382 ipse
889 2322 1271 2384 magnopere
1303 2303 1526 2363 vellem
1557 2307 1617 2364 et
1675 2303 2119 2365 existimarem.
2156 2306 2279 2368 Sed
2340 2325 2436 2366 me
2496 2305 2745 2366 sinistra
2787 2305 2897 2365 illa
2948 2324 3169 2366 manus
3225 2309 3433 2378 terret,
3467 2309 3528 2364 et
3557 2300 3743 2374 haedi,
3783 2308 3847 2363 et

439 2401 696 2481 probra,
731 2421 871 2481 qua
916 2401 995 2462 ab
1027 2421 1123 2475 eo,
1160 2421 1195 2463 a
1229 2421 1354 2481 quo
1386 2401 1676 2462 collocati
1707 2407 1870 2474 sunt,
1908 2403 2364 2483 conjiciuntur;
2401 2423 2524 2465 non
2559 2403 2702 2482 quia
2735 2423 2957 2464 manus
2984 2403 3202 2464 alienis
3232 2402 3412 2463 bonis
3471 2401 3837 2473 attulerunt,

439 2519 554 2560 nec
584 2500 732 2579 quia
762 2500 997 2579 templa
1030 2501 1449 2580 dicipuerunt,
1478 2505 1586 2561 aut
1618 2500 1996 2562 adulterium
2023 2522 2133 2582 per
2166 2509 2512 2580 petrarunt,
2542 2509 2650 2563 aut
2679 2503 2847 2563 aliud
2879 2502 3176 2581 quiddam
3209 2521 3284 2562 ex
3313 2501 3451 2561 aliis
3482 2518 3620 2578 quae
3651 2499 3842 2560 inter-

438 2597 605 2658 dicta
634 2604 800 2670 sunt,
837 2598 1248 2670 admiserunt,
1286 2599 1404 2659 hoc
1435 2599 1653 2659 ordine
1687 2599 1989 2673 mulctati,
2027 2600 2135 2660 sed
2166 2600 2313 2678 quia
2334 2599 2646 2660 Christum
2678 2618 2788 2679 per
2817 2618 3122 2679 pauperes
3153 2600 3408 2659 minime
3437 2602 3753 2659 curarunt.
3793 2619 3822 2651 »

513 2735 579 2793 8°
609 2732 888 2793 Tandem
919 2732 1339 2792 Christianum
1370 2731 1690 2793 beneﬁciis
1720 2732 1945 2792 divinis
1968 2739 2076 2793 aut
2102 2734 2519 2804 cumulatum,
2548 2740 2659 2793 aut
2682 2734 2950 2793 multum
2981 2739 3271 2811 egentem
3308 2733 3582 2810 seipsum
3616 2729 3848 2790 intueri

434 2830 742 2908 cogendo,
781 2829 1031 2907 egregie
1060 2830 1140 2890 ad
1165 2830 1489 2890 charitatis
1520 2830 1728 2889 officia
1758 2831 2065 2890 accendit.
2106 2853 2134 2887 «
2169 2830 2253 2911 (ά)
2288 2831 2492 2890 Habes
2522 2830 2918 2902 beneficium,
2955 2831 3121 2907 quod
3177 2838 3233 2889 te
3281 2829 3623 2888 multorum
3659 2847 3842 2887 man-

434 2930 726 2990 datorum
783 2927 1195 2988 submoneat:
1230 2946 1306 2987 ne
1362 2928 1768 3006 contemptim
1829 2935 2184 3005 praetereas.
2221 2932 2467 3006 Pauper
2523 2928 2782 2988 accessit
2803 2929 2830 2986 ?
2882 2932 2949 2987 In
3007 2934 3276 2987 mentem
3330 2927 3443 2986 tibi
3498 2925 3731 2996 veniat,
3766 2943 3844 2984 ex

438 3044 626 3104 quam
658 3026 834 3102 gravi
866 3030 1233 3103 paupertate
1265 3026 1342 3084 ad
1375 3032 1642 3103 quantas
1665 3026 1911 3085 divitias
1944 3033 2274 3104 provectus
2306 3046 2391 3086 es.
2430 3030 2594 3086 Pane
2626 3044 2866 3099 carens,
2899 3034 3008 3085 aut
3039 3033 3209 3103 potu,
3247 3033 3436 3102 atque
3485 3023 3674 3083 etiam
3713 3024 3842 3082 for-

440 3129 602 3183 tasse
635 3128 902 3183 Lazarus
933 3123 1245 3202 quispiam
1278 3124 1357 3182 ad
1405 3124 1628 3182 domus
1687 3130 1808 3183 tum
1868 3127 2031 3183 fores
2091 3126 2456 3203 provolutus
2487 3127 2514 3184 ‘2
2546 3126 2794 3183 Moveat
2825 3130 2882 3182 te
2943 3122 3202 3201 mystica
3261 3139 3497 3192 mensa,
3533 3120 3613 3179 ad
3643 3138 3839 3197 quam

440 3219 750 3280 accessisti
778 3239 791 3292 ;
851 3227 1100 3279 moveat
1132 3227 1188 3280 te
1217 3219 1399 3298 panis
1427 3220 1533 3280 ille
1563 3219 1741 3297 cujus
1764 3222 2078 3299 particeps
2107 3222 2309 3281 factus
2340 3241 2427 3294 es,
2462 3221 2626 3280 calix
2674 3221 2797 3293 ille,
2835 3238 3021 3298 quem
3079 3218 3397 3298 accepisti,
3434 3236 3574 3277 cum
3606 3216 3842 3277 Christi

439 3317 834 3396 passionibus
894 3317 1250 3377 initiareris.
1311 3317 1684 3395 Peregrinus
1747 3319 1827 3378 ad
1894 3338 2101 3396 genua
2180 3326 2284 3379 tua
2350 3319 2708 3396 procubuit,
2767 3320 2956 3377 domo
3031 3336 3269 3390 carens,
3333 3317 3573 3376 advena
3610 3317 3639 3372 ‘I
3716 3317 3840 3374 Per

439 3413 606 3473 hunc
633 3433 774 3474 eum
807 3414 1046 3493 excipe,
1080 3415 1189 3492 qui
1229 3422 1484 3493 propter
1542 3422 1599 3475 te
1656 3416 2090 3494 peregrinatus
2141 3423 2253 3487 est,
2289 3416 2480 3494 idque
2536 3418 2599 3475 in
2649 3415 2937 3494 propriis,
2973 3415 3207 3492 quique
3264 3431 3378 3491 per
3423 3412 3684 3491 gratiam
3749 3411 3833 3471 ad

435 3515 497 3570 te
527 3509 932 3589 immigravit,
967 3519 1150 3590 teque
1180 3514 1259 3571 ad
1285 3511 1535 3572 caeleste
1566 3513 1951 3573 domicilium
2011 3515 2335 3591 pertraxit.
2368 3513 2705 3573 Zachaeum
2751 3513 2998 3572 imitare
3045 3512 3117 3584 5°,
3150 3511 3354 3578 illum,
3388 3511 3667 3588 inquam,
3700 3509 3840 3570 heri

433 3607 868 3684 publicanum,
905 3608 1090 3668 hodie
1117 3608 1310 3668 animi
1368 3608 1798 3686 magnitudine
1828 3618 1889 3669 et
1934 3610 2309 3670 liberalitate
2369 3611 2723 3688 praeditum.
2768 3609 3125 3669 Facultates
3182 3626 3398 3667 omnes
3456 3613 3597 3666 tuas
3627 3608 3837 3684 ingre-

407 3704 626 3764 dienti
657 3704 899 3765 Christo
929 3705 1104 3779 oﬂ‘er,
1142 3712 1230 3778 ut,
1267 3706 1411 3766 licet
1440 3708 1755 3784 corporali
1781 3713 2021 3767 statura
2053 3708 2336 3785 pusillus,
2371 3709 2582 3767 animo
2625 3713 2836 3767 tamen
2890 3705 3194 3777 eveharis,
3232 3704 3550 3764 Christum
3582 3704 3835 3782 egregie

432 3802 849 3881 conspicatus.
882 3806 1178 3880 [Egrotus
1209 3811 1470 3882 prostat,
1506 3823 1579 3864 ac
1608 3805 1908 3865 saucius?
1941 3806 2187 3866 Moveat
2223 3812 2281 3865 te
2313 3806 2545 3865 sanitas
2589 3812 2719 3874 tua,
2755 3811 2816 3864 et
2863 3805 3119 3863 vulnera
3168 3803 3394 3881 quibus
3445 3808 3503 3861 te
3552 3802 3831 3862 Christus

427 3899 739 3959 liberavit.
775 3901 839 3960 Si
887 3900 1116 3960 videris
1171 3901 1430 3974 nudum,
1466 3902 1641 3980 operi
1699 3921 1867 3975 eum,
1903 3909 2078 3961 tuum
2136 3902 2628 3980 incorruptionis
2684 3903 3148 3971 indumentum,
3197 3901 3316 3959 hoc
3373 3905 3487 3969 est,
3517 3899 3836 3958 Christum

430 3996 670 4056 honore
703 4016 1084 4076 prosequens
1111 4016 1123 4057 :
1159 4004 1470 4077 quotquot
1499 4000 1661 4059 enim
1697 4000 1759 4059 in
1791 4000 2104 4060 Christum
2135 4001 2435 4079 baptizati
2466 4019 2700 4073 sumus,
2737 3999 3054 4060 Christum
3083 3997 3401 4058 induimus
3447 3996 3518 4056 ⁸ο.
3556 3997 3622 4058 Si
3652 3997 3832 4056 debi-

431 4097 633 4153 torem
665 4101 886 4154 nactus
915 4096 997 4155 sis
1027 4097 1106 4156 ad
1142 4099 1329 4175 pedes
1360 4104 1500 4158 tuos
1531 4118 1662 4158 esse
1694 4098 2111 4177 abjicientem,
2148 4099 2574 4178 syngrapham
2624 4117 2896 4170 omnem,
2931 4105 3058 4157 tam
3101 4096 3362 4173 justam,
3399 4113 3589 4173 quam
3631 4093 3835 4172 injus-

432 4196 560 4250 tam
594 4192 894 4251 rescinde.
929 4194 1151 4253 Decem
1187 4195 1292 4254 illa
1324 4195 1702 4256 talentorum
1738 4197 1955 4269 millia,
1991 4217 2132 4276 quae
2162 4197 2274 4257 tibi
2302 4197 2581 4257 Christus
2615 4196 2870 4269 remisit,
2896 4195 2959 4254 in
2994 4193 3358 4254 memoriam
3409 4211 3652 4252 revoca.
3689 4192 3837 4252 Noli

432 4291 492 4345 te
525 4287 818 4347 acerbum
852 4289 1110 4349 minoris
1141 4291 1332 4350 debiti
1364 4298 1720 4354 exactorem
1767 4295 2070 4373 prmberc,
2103 4300 2163 4355 et
2211 4294 2464 4372 quidem
2517 4294 2848 4367 conservis,
2887 4311 3026 4352 cum
3077 4290 3189 4351 tibi
3237 4309 3275 4350 a
3323 4290 3589 4350 Domino
3632 4290 3839 4368 major

432 4402 676 4444 summa
709 4386 1061 4446 condonata
1093 4388 1204 4459 sit;
1241 4407 1315 4448 ne
1348 4388 1757 4452 humanitatis
1790 4411 2042 4471 quoque
2073 4393 2260 4466 illius,
2296 4412 2486 4471 quam
2519 4392 2628 4452 tibi
2678 4392 2738 4450 in
2791 4389 3151 4470 exemplum
3200 4388 3585 4467 propositam
3630 4387 3837 4448 haud-

432 4499 749 4559 quaquam
785 4482 1066 4543 imitatus
1097 4503 1185 4557 es,
1217 4503 1423 4563 poenae
1455 4503 1492 4545 a
1523 4491 1580 4547 te
1602 4493 1979 4566 expetantur
2001 4488 2069 4546 δί.
2110 4512 2139 4543 ››

508 4615 789 4676 Plurima
818 4617 1054 4677 suntin
1113 4618 1407 4696 operibus
1464 4619 1743 4697 Gregorii
1800 4620 2127 4680 historiam
2186 4623 2555 4700 spectantia,
2592 4641 2734 4700 qua:
2795 4620 3042 4698 singula
3091 4621 3319 4680 referre
3360 4618 3621 4697 longum
3654 4619 3831 4677 foret.

423 4716 635 4775 Pauca
665 4734 697 4775 e
731 4715 941 4775 multis
973 4716 1259 4794 seligam.
1283 4719 1350 4777 ln
1383 4717 1665 4778 oratione
1687 4736 1885 4779 xxxm
1911 4718 2004 4796 (n°
2032 4721 2128 4797 11)
2158 4721 2372 4780 scribit
2394 4723 2649 4780 Petrum
2674 4721 2736 4780 in
2758 4720 2980 4779 Judzea
3006 4718 3414 4795 Evangelium
3439 4717 3830 4796 praedicasse,

428 4815 658 4873 Lucam
692 4813 756 4873 in
789 4814 1046 4887 Achaia,
1083 4818 1414 4877 Audraaam
1446 4816 1511 4875 in
1540 4817 1756 4895 Epiro,
1787 4819 2095 4879 Joannem
2126 4819 2380 4896 Ephesi,
2417 4819 2728 4879 Thomam
2759 4817 2824 4878 in
2857 4817 3054 4892 India,
3092 4818 3369 4877 Marcum
3399 4817 3464 4876 in
3495 4815 3692 4876 Italia.

499 5190 544 5227 ‘9
573 5190 704 5249 Luc.
739 5191 853 5262 xix,
884 5192 1002 5250 2-9.
1035 5194 1080 5231 θθ
1110 5193 1233 5252 Gal.
1265 5209 1351 5267 ιιι,
1383 5195 1472 5252 27.
1505 5195 1548 5233 ⁶¹
1584 5193 1790 5252 Matth.
1815 5210 1971 5266 xvm,
2003 5196 2199 5254 24-35.

552 5583 568 5655 )
601 5582 694 5639 Or.
732 5582 784 5654 4,
819 5601 876 5640 n.
910 5582 1002 5642 60.
2256 5585 2325 5655 (c)
2351 5582 2445 5639 Or.
2485 5584 2570 5647 14,
2604 5599 2661 5638 n.
2696 5583 2785 5639 39.

494 5587 568 5655 (a)
601 5587 694 5639 Or.
732 5587 784 5654 4,
819 5601 876 5640 n.
910 5587 1002 5642 60.

493 5653 569 5732 (ὑ)
600 5655 695 5714 Or.
728 5657 781 5726 4,
814 5658 1003 5716 n.123.

2279 5587 2325 5654 c)
2351 5587 2445 5639 Or.
2485 5587 2570 5647 14,
2604 5599 2661 5638 n.
2696 5587 2785 5639 39.

2251 5587 2332 5735 id)
2359 5657 2456 5715 Or.
2491 5657 2579 5729 40,
2616 5671 2674 5713 n.
2708 5657 2798 5715 31.
