4152 6208
345 378 471 443 145
1341 378 1757 441 PR/EFATIO
1804 377 2269 441 GENERALIS.
2303 410 2379 423 —
2425 378 2624 441 PARS
2670 376 2778 440 III.
3652 377 3768 437 146

428 514 692 578 Videtur
718 513 883 578 inter
912 512 1196 578 victimas
1229 533 1339 596 pro
1361 514 1606 577 Christo
1638 532 1831 576 caesas
1860 530 2185 576 recensere
2216 512 2328 576 SS.
2361 514 2596 575 Lucam
2629 518 2691 574 et
2739 513 3073 576 Joannem.
3111 535 3141 570 «
3175 508 3257 595 (a)
3296 512 3432 575 Non
3478 509 3766 575 victimas

342 634 468 696 pro
498 615 744 677 Christo
776 632 968 677 czesas
998 615 1230 677 veritus
1259 633 1324 675 es
1343 614 1373 675 ?
1404 633 1519 676 nec
1560 633 1827 693 magnos
1856 613 2100 692 pugiles
2151 612 2516 674 extimuisti.
2547 613 2854 675 Joannem
2911 612 3112 685 illum,
3158 614 3438 686 Petrum,
3467 611 3758 684 Paulum,

342 714 683 786 Jacobum,
721 714 1133 793 Stephanum,
1167 718 1425 787 Lucam,
1456 713 1818 786 Andraaam,
1849 711 2174 782 Theclam,
2202 730 2308 771 eos
2355 712 2465 789 qui
2513 717 2575 771 et
2605 717 2746 790 post
2794 711 2955 781 illos,
2989 729 3105 788 pro
3157 710 3421 770 veritate
3470 710 3761 788 periculis

346 828 418 870 se
446 811 835 887 obiecerunt.
869 809 986 881 Qui
1018 828 1158 869 cum
1189 809 1342 887 igni,
1377 813 1439 868 et
1469 810 1658 881 ferro,
1692 814 1754 868 et
1782 807 2030 880 belluis,
2064 812 2127 867 et
2157 806 2461 885 tyrannis,
2497 811 2560 866 et
2588 806 2999 884 praasentibus
3028 805 3230 877 malis,
3271 828 3301 859 »
3334 810 3455 865 etc.
3487 807 3761 865 Joannes

344 912 565 966 tamen
597 914 660 967 et
686 910 905 975 Lucas,
942 906 1227 984 quamvis
1257 906 1459 966 crucis
1506 906 2054 966 mortificationem
2096 903 2336 983 jugiter
2383 904 2445 962 in
2497 904 2624 962 suis
2670 904 3041 982 corporibus
3092 904 3488 981 pertulerint,
3523 909 3586 964 et
3615 921 3754 981 per-

347 1006 588 1065 multas
620 1010 879 1083 propter
907 1004 1221 1065 Christum
1252 1010 1315 1065 et
1342 1004 1477 1081 ejus
1504 1003 1915 1082 Evangelium
1958 1002 2345 1062 calamitates
2392 1001 2559 1080 passi
2607 1000 2765 1059 sint:
2808 1022 2837 1055 «
2864 1000 3395 1078 Haudquaquam,
3427 1006 3498 1061 ut
3547 1001 3764 1061 scribit

344 1103 525 1163 Elias
553 1102 860 1162 Cretensis
897 1101 1003 1181 (ὁ),
1034 1105 1379 1162 Comment.
1412 1102 1476 1162 in
1507 1106 1666 1162 orat.
1698 1118 1792 1173 In,
1824 1118 1990 1161 nunc
2020 1117 2103 1174 iv,
2135 1098 2499 1177 interempti
2546 1102 2712 1173 sunt,
2746 1116 2963 1159 verum
3012 1097 3077 1158 in
3125 1115 3281 1178 pace
3331 1098 3412 1159 ad
3454 1116 3619 1171 eum,
3654 1088 3768 1179 qui

346 1200 533 1281 pacis
563 1204 725 1261 Deus
754 1204 848 1260 est
875 1200 947 1273 δ’,
982 1199 1214 1260 reversi
1235 1205 1405 1260 sunt.
1442 1220 1472 1258 »

437 1298 667 1361 Scribit
687 1298 1021 1376 Gregorius
1046 1299 1301 1357 Petrum
1332 1296 1565 1377 lupinis
1594 1296 1781 1359 unico
1814 1315 1950 1358 asse
1981 1295 2208 1376 emptis
2232 1295 2425 1356 vitam
2460 1294 2795 1356 tolerasse:
2837 1317 2868 1350 «
2898 1292 3171 1355 Pulchra
3202 1312 3298 1355 res
3329 1294 3532 1356 victus
3565 1295 3770 1358 tenui-

346 1402 475 1468 tas,
502 1397 707 1476 inquit
739 1396 813 1477 (ε)
842 1414 855 1455 :
889 1396 1268 1457 documento
1300 1396 1455 1457 mihi
1484 1402 1677 1459 est....
1709 1398 1932 1457 Petrus
1963 1396 2071 1474 qui
2100 1394 2332 1475 lupinis
2382 1393 2565 1454 unico
2614 1412 2749 1455 asse
2790 1393 3015 1472 emptis
3063 1392 3372 1454 alebatur.
3405 1418 3435 1449 ››
3469 1430 3545 1437 -
3583 1416 3611 1453 (ι
3645 1398 3774 1458 Hoc

352 1501 597 1568 autem,
630 1495 716 1556 ait
745 1495 1015 1571 Nicetas,
1044 1497 1287 1556 Comm.
1323 1495 1384 1555 in
1419 1502 1577 1556 orat.
1613 1495 1697 1555 al.
1732 1512 1857 1567 xv1,
1896 1514 1956 1574 p.
1993 1494 2133 1567 659,
2166 1512 2241 1553 ex
2274 1492 2548 1571 quodam
2581 1491 2742 1552 libro
2774 1492 3173 1570 desumptum
3205 1499 3299 1553 est
3350 1492 3414 1552 in
3446 1494 3769 1554 ecclesias—

351 1594 553 1653 ticum
586 1610 891 1653 canonem
924 1592 1176 1651 minime
1206 1597 1479 1671 recepto.
1512 1616 1543 1646 »
1579 1593 1911 1669 Gregorius
1942 1592 2083 1651 hzec
2112 1591 2305 1651 verba
2334 1594 2516 1651 Petro
2550 1590 2813 1650 ascribit
2842 1590 2904 1648 in
2937 1589 3207 1668 epistola
3238 1590 3321 1649 al.
3353 1596 3474 1663 xvi,
3510 1610 3573 1669 p.
3608 1592 3767 1651 778:

355 1716 389 1746 α
424 1694 618 1769 Egra
646 1691 859 1750 anima
889 1689 1090 1750 vicina
1120 1695 1213 1750 est
1259 1693 1409 1766 Deo,
1447 1696 1514 1750 ut
1570 1691 1795 1750 eximie
1854 1690 2086 1750 alicubi
2142 1689 2422 1768 loquitur
2476 1690 2719 1748 Petrus.
2762 1713 2787 1741 »
2822 1690 3101 1749 Annotat
3158 1688 3326 1748 Elias
3356 1688 3523 1748 hunc
3555 1690 3761 1750 locum

351 1795 681 1867 sumptum
712 1807 847 1848 esse
876 1807 952 1848 ex
993 1806 1067 1849 eo
1122 1788 1359 1857 libello,
1393 1789 1503 1866 qui
1560 1787 1845 1848 Doctrina
1903 1787 2079 1847 Petri
2130 1787 2529 1847 inscribitur:
2565 1786 3027 1846 Commentario
3083 1784 3149 1844 in
3197 1791 3357 1845 orat.
3394 1786 3477 1846 al.
3511 1804 3662 1859 xvu,
3698 1807 3759 1867 p.

352 1891 499 1949 684.
534 1889 678 1945 Haac
697 1892 910 1947 autem
941 1886 1168 1946 verba:
1206 1909 1236 1941 «
1271 1886 1354 1967 (ά)
1387 1888 1641 1947 Petrum
1674 1886 1980 1946 dicentem
2012 1885 2379 1947 audiamus:
2416 1884 2775 1944 Erubescite
2806 1882 2914 1962 qui
2943 1882 3148 1943 aliena
3178 1883 3495 1954 detinetis.
3530 1885 3767 1963 Deique

354 1984 721 2062 aequitatem
750 1983 926 2043 vobis
950 1983 1321 2043 imitandam
1349 1984 1703 2063 proponite,
1728 1990 1791 2043 et
1819 2001 2003 2043 nemo
2032 1983 2149 2043 erit
2178 1998 2454 2061 pauper:
2484 2005 2514 2036 »
2539 2000 2616 2041 ex
2645 1982 2805 2041 libro
2834 1980 3311 2062 Apostolz'carum
3342 1984 3754 2061 quaestionum,

349 2103 545 2166 quem
578 2089 795 2164 postea
833 2089 1010 2144 sexta
1061 2084 1338 2162 synodus
1390 2083 1792 2163 improbavit,
1826 2090 2127 2162 tanquam
2178 2083 2258 2142 ab
2316 2081 2625 2143 haireticis
2682 2081 3097 2162 depravatum
3154 2086 3217 2144 et
3272 2082 3741 2158 adumbratum,

349 2188 614 2263 sumpta
654 2200 787 2243 esse
817 2182 1030 2243 scribit
1058 2182 1323 2255 Nicetas,
1360 2182 1707 2244 Comment.
1741 2184 1803 2243 in
1836 2188 1974 2243 orat
2029 2182 2112 2243 al.
2146 2198 2266 2255 XVI,
2290 2200 2353 2260 p.
2380 2183 2520 2243 6'72.

437 2281 670 2344 Scribit
696 2281 1027 2360 Gregorius
1054 2279 1132 2361 (e)
1164 2280 1463 2342 Theclam
1491 2281 1795 2360 virginem
1826 2281 1993 2342 necis
2024 2280 2423 2358 ﬂammaeque
2452 2277 2731 2359 periculo
2767 2278 3041 2359 primum
3070 2283 3376 2358 ereptam,
3409 2278 3553 2341 dein
3588 2298 3757 2340 mor-

351 2380 536 2440 sibus
563 2378 1001 2457 unguibusque
1027 2378 1306 2453 leonum,
1339 2378 1447 2457 qui
1493 2398 1828 2458 generosos
1889 2378 2141 2457 virginis
2172 2384 2345 2438 artus
2402 2376 2587 2438 dente
2644 2394 2929 2456 premere
2988 2381 3050 2437 et
3098 2376 3454 2457 discerpere
3504 2377 3764 2439 minime

356 2478 501 2537 ausi
524 2482 689 2552 sunt,
709 2495 741 2537 e
764 2483 1034 2555 tyranno
1054 2475 1251 2554 ipsius
1268 2495 1457 2555 proco
1477 2495 1595 2555 ope
1619 2476 1844 2536 Christi
1864 2480 2199 2536 servatam.
2218 2474 2301 2555 (Γ)
2320 2474 2614 2547 Quamvis
2636 2494 2773 2536 eam
2799 2494 2912 2554 pro
2936 2473 3177 2537 Christo
3193 2476 3562 2554 sanguinem
3579 2494 3764 2537 suum

334 2573 582 2635 fudisse
602 2591 725 2633 non
743 2580 1003 2648 asserat,
1027 2572 1192 2633 hanc
1224 2578 1433 2633 tamen
1464 2580 1755 2633 numerat
1783 2574 1947 2633 inter
1974 2591 2165 2632 caasas
2194 2579 2257 2633 et
2283 2573 2556 2633 illustres
2587 2590 2700 2651 pro
2749 2571 2994 2633 Christo
3048 2571 3335 2631 victimas
3360 2588 3374 2631 :
3430 2572 3593 2633 hanc
3651 2572 3764 2631 alii

331 2677 683 2748 martyrem
738 2670 1082 2748 appellant.
1106 2671 1365 2730 Sacrum
1418 2670 1686 2747 egregiae
1737 2670 1882 2730 huic
1939 2668 2161 2748 virgini
2211 2668 2516 2748 templum
2561 2674 2695 2730 erat
2745 2668 3565 2747 Seleueim,quo,abdicata
3613 2668 3763 2730 sede

335 2767 1072 2847 Constantinopolitaua,
1107 2768 1438 2844 Gregorius
1466 2786 1599 2827 sese
1628 2768 1883 2844 recepit.

422 2868 515 2927 De
540 2866 773 2927 Judaeis
802 2866 961 2937 haec,
993 2866 1183 2943 digna
1237 2884 1378 2943 quze
1428 2866 1861 2938 observentur,
1894 2865 2085 2926 habet
2134 2865 2467 2943 Gregorius
2515 2864 2638 2944 (g):
2681 2887 2711 2923 α
2756 2866 2893 2927 Una
2940 2866 3159 2943 utique
3207 2865 3331 2924 illis
3381 2865 3758 2927 calamitatis

338 2965 641 3025 columna
671 2970 839 3024 totus
873 2970 1179 3023 terrarum
1210 2963 1380 3023 orbis
1410 2969 1526 3035 est,
1574 2982 1688 3042 per
1716 2982 1903 3042 quem
1955 2963 2126 3024 varie
2174 2963 2294 3023 fusi
2335 2962 2659 3042 sparsique
2716 2968 2881 3035 sunt,
2917 2962 3290 3042 divinusque
3343 2963 3549 3024 cultus
3578 2981 3753 3025 com-

336 3079 596 3142 pressus
643 3066 705 3120 et
750 3059 1111 3135 exstinctus,
1144 3061 1479 3139 ipsumque
1535 3060 1692 3120 adeo
1734 3060 2281 3139 Jerosolymitanm
2328 3061 2499 3120 urbis
2543 3060 2771 3134 solum,
2806 3061 2976 3139 quod
3024 3060 3130 3120 vix
3170 3059 3307 3139 jam
3367 3062 3752 3140 agnoscitur,

337 3164 533 3237 atque
564 3156 869 3218 hactenus
899 3157 1207 3217 duntaxat
1234 3157 1358 3217 illis
1388 3162 1580 3236 patet,
1616 3157 1806 3236 idque
1835 3157 2143 3218 duntaxat
2182 3158 2424 3218 fructus
2455 3175 2531 3217 ex
2578 3157 2772 3218 veteri
2814 3175 2928 3218 sua
2973 3155 3177 3236 gloria
3226 3162 3288 3219 et
3335 3158 3754 3238 amplitudine

342 3256 628 3335 capiunt,
664 3260 730 3315 ut
754 3273 870 3335 per
900 3254 1062 3315 diem
1097 3255 1418 3334 conspicui
1446 3255 1594 3315 facti
1624 3254 2026 3315 solitudinem
2052 3255 2332 3334 lugeant.
2368 3278 2398 3311 »
2432 3254 2669 3317 Eadem
2702 3260 2761 3316 et
2794 3255 2977 3335 plura
3007 3254 3198 3317 etiam
3228 3254 3306 3316 de
3333 3255 3572 3317 Judaais
3612 3256 3755 3336 plu-

338 3353 488 3413 rimi
518 3359 780 3414 narrant
809 3351 1165 3432 scriptores,
1193 3352 1465 3414 maxime
1498 3353 1913 3433 Hieronymus
1944 3353 2051 3433 qui
2081 3354 2168 3414 ait
2198 3353 2305 3434 (ἡ),
2342 3371 2539 3432 usque
2570 3354 2648 3415 ad
2680 3372 2794 3415 sua
2824 3358 3111 3434 tempora
3146 3353 3402 3416 Judaeos
3433 3354 3759 3435 prohiberi

335 3452 691 3514 Jerusalem
725 3451 1007 3529 ingredi;
1042 3470 1297 3531 eosque,
1330 3451 1438 3531 qui
1468 3450 1693 3513 Christi
1726 3452 2095 3531 sanguinem
2125 3458 2427 3525 emerant,
2465 3471 2671 3513 emere
2699 3452 3013 3532 lacrymas
3052 3471 3219 3525 suas,
3252 3453 3317 3513 id
3344 3460 3437 3514 est
3492 3455 3764 3533 pecunia

338 3548 709 3609 facultatem
740 3547 1083 3609 obtinuisse
1115 3552 1185 3607 ut
1213 3567 1339 3626 quo
1371 3548 1469 3610 die
1499 3567 1538 3610 a
1570 3548 1866 3609 Romanis
1895 3554 2082 3627 capta
2110 3549 2445 3629 dirutaque
2475 3555 2537 3610 et
2569 3566 2784 3610 eversa
2813 3549 2931 3609 fuit
2974 3549 3344 3623 Jerusalem,
3378 3550 3470 3609 illi
3501 3569 3761 3629 campos

338 3646 451 3707 ubi
506 3645 855 3708 Jerusalem
890 3646 1116 3719 fuerat,
1144 3645 1419 3719 veniant,
1452 3652 1516 3707 et
1543 3646 1630 3707 eis
1661 3646 1905 3707 ruinam
1940 3647 2206 3707 civitatis
2237 3647 2382 3707 fiere
2412 3646 2620 3707 liceat.
2652 3646 2953 3707 Eusebius
3012 3652 3279 3707 testatur
3324 3647 3438 3707 lib.
3472 3665 3536 3708 1v
3565 3648 3755 3722 Hist,

338 3763 485 3823 cap.
518 3746 579 3816 6,
613 3743 970 3804 universam
1009 3752 1261 3821 gentem
1307 3744 1671 3805 Judeeorum
1701 3744 1765 3804 in
1823 3745 2143 3821 regionem
2176 3745 2340 3805 circa
2388 3744 2825 3822 Hierosolyma
2855 3744 3037 3803 sitam
3071 3744 3294 3821 pedem
3343 3745 3573 3805 inferre
3606 3763 3755 3823 pro-

338 3842 610 3903 hibitam
640 3842 831 3901 fuisse
862 3842 1303 3902 constitutione
1333 3843 1591 3902 Adriani
1621 3842 2056 3920 imperatoris;
2090 3842 2248 3903 adeo
2279 3848 2349 3902 ut
2378 3860 2443 3902 se
2472 3842 2831 3921 prospicere
2875 3840 3127 3918 quidem
3177 3858 3210 3899 e
3258 3841 3607 3920 longinquo
3636 3860 3753 3920 pa-

336 3941 530 4000 trium
562 3939 767 3999 solum
798 3939 950 4018 ipsis
978 3939 1217 4001 liceret.
1252 3940 1414 4013 Quid
1444 3947 1657 4000 tamen
1716 3946 1932 4018 postea
1987 3958 2376 4013 concessum,
2413 3941 2511 4001 vel
2568 3940 2779 4019 potius
2828 3938 3096 4019 pecunia
3143 3944 3447 4019 emptum,
3481 3944 3553 3999 ut
3573 3944 3757 4001 notat

348 4036 713 4098 Gregorius.

417 4058 469 4096 Ὃ
519 4058 713 4097 01⁸1118.

417 4058 676 4196 Εξὶρεο
704 4117 1001 4178 discimus
1030 4118 1466 4179 Maximimum
1498 4118 1837 4179 crudeliori
1866 4118 2165 4179 adversus
2219 4117 2605 4179 Christianos
2652 4118 3089 4196 persecutione
3137 4123 3514 4196 grassatum,
3549 4136 3741 4198 quam

342 4215 797 4287 Dioletianum,
830 4221 891 4276 et
929 4215 1065 4294 ejus
1093 4234 1515 4277 successorem
1566 4216 2039 4277 Maximianum.
2074 4215 2149 4296 (2')
2180 4241 2208 4271 «
2246 4217 2599 4277 Persecutio
2650 4222 2806 4290 erat,
2840 4221 2901 4276 et
2949 4216 3201 4295 quidem
3244 4217 3752 4295 persecutionum

340 4311 629 4372 omnium
679 4311 1092 4379 atrocissima,
1130 4312 1529 4391 maximeque
1571 4313 1904 4373 horrenda.
1952 4312 2032 4372 Iis
2076 4313 2328 4391 loquor,
2364 4311 2590 4391 quibus
2639 4311 2963 4372 Maximini
3008 4313 3362 4391 persecutio
3421 4317 3571 4375 nota
3618 4317 3754 4388 est;

340 4410 477 4489 qui,
512 4427 657 4469 cum
687 4415 829 4488 post
850 4410 1101 4487 multos,
1136 4410 1245 4489 qui
1302 4411 1492 4489 paulo
1549 4416 1695 4471 ante
1748 4410 2139 4483 exstiterant,
2170 4410 2528 4489 ingruisset,
2564 4410 2684 4471 hoc
2742 4411 2967 4484 effecit,
3002 4416 3069 4471 ut
3115 4430 3333 4472 omnes
3389 4411 3653 4474 humani
3682 4431 3756 4473 ac

337 4507 560 4567 faciles
590 4506 776 4568 fuisse
804 4506 1186 4569 viderentur.
1222 4531 1252 4564 ››
1286 4509 1665 4569 Praeclaram
1698 4507 1862 4568 hanc
1892 4526 2109 4569 vocem
2142 4508 2374 4569 dictam
2398 4508 2643 4569 referta
2672 4508 3067 4571 Constantini
3105 4509 3316 4587 Magni
3346 4514 3525 4589 patre
3554 4514 3753 4571 Cons-

340 4604 573 4678 tantio,
606 4605 886 4685 principe
918 4606 1179 4685 optimo,
1215 4606 1323 4686 qui
1354 4624 1494 4667 cum
1526 4607 1607 4667 ad
1636 4606 2134 4686 persecutionem
2165 4605 2534 4669 Christianis
2563 4606 2938 4669 movendam
2969 4606 3067 4668 his
3118 4607 3322 4668 verbis
3367 4606 3531 4668 inter
3560 4606 3687 4668 alia
3716 4626 3754 4667 a

340 4702 662 4765 malevolo
690 4703 1121 4783 impelleretur
1152 4704 1238 4785 (j)
1266 4721 1279 4763 :

1059 4836 1251 4926 Ξίεξῆξς
1283 4834 1546 4926 Heilm
1572 4836 1713 4923 έσῖῖν
1743 4836 2090 4926 ἥμερφτερον
2127 4853 2141 4903 ς

1059 4902 1217 4963 Ἀλλ⁵
1244 4902 1359 4963 οὔδ’
1390 4902 1569 4977 ἑκείὶιη
1600 4912 1708 4963 τῶν
1740 4902 2064 4984 τρυῨώντὼν
2100 4902 2353 4984 φείδεται·

1057 5017 1239 5071 Estne
1269 5015 1487 5071 animal
1514 5030 1621 5087 ape
1651 5014 1856 5071 mitius
1875 5014 1903 5069 7

1060 5087 1173 5143 Sed
1202 5103 1308 5144 nec
1336 5087 1439 5143 illa
1463 5086 1625 5144 favos
1655 5086 2059 5144 auferentibus
2088 5086 2312 5158 parcit;

427 5261 469 5295 ⁶²
497 5259 754 5334 Philipp.
788 5277 863 5334 iv,
892 5264 947 5318 9.

447 5414 502 5485 a)
528 5414 623 5485 Or.
657 5412 718 5485 4,,
746 5430 803 5469 n.
834 5414 923 5472 49.

2181 5414 2246 5485 (ί)
2277 5414 2374 5472 0r.
2406 5414 2496 5476 24.
2529 5430 2587 5469 η.
2624 5415 2709 5469 10.

448 5484 499 5629 b;
534 5484 598 5539 In
631 5484 773 5540 edit.
806 5486 961 5555 Bill.,
991 5490 1033 5542 t.
1059 5487 1129 5557 II,
1160 5502 1293 5561 pag.
1325 5488 1451 5561 2.22,
1474 5488 1600 5544 223.
2180 5484 2261 5629 Eg;
2293 5485 2388 5541 Or.
2419 5486 2475 5555 6,
2508 5502 2567 5542 n.
2603 5487 2690 5541 18.

449 5572 481 5629 e
529 5558 626 5629 Or.
661 5556 747 5625 14,
778 5574 835 5615 n.
868 5560 920 5612 4.
2204 5560 2237 5611 h
2292 5562 2355 5614 In
2381 5572 2499 5625 cap.
2523 5574 2541 5613 1
2566 5557 2690 5629 50p}

449 5555 502 5697 eg
529 5558 626 5611 Or.
661 5556 747 5625 14,
778 5574 835 5615 n.
868 5560 920 5612 4.
1114 5555 1120 5557 ’
1161 5555 1181 5559 ⁷
1241 5555 1269 5561 ⁷
1436 5555 1447 5561 ’
2292 5562 2355 5614 In
2381 5572 2499 5625 cap.
2523 5574 2541 5613 1
2566 5557 2826 5629 Sophon.,
2849 5556 2946 5629 III,
2978 5573 3036 5629 p.
3067 5555 3227 5614 4655.

449 5626 482 5681 ά
540 5627 636 5683 Or.
672 5630 760 5696 14,
791 5646 849 5685 n.
882 5631 972 5686 24.
2207 5629 2247 5697 ι)
2279 5629 2374 5684 Or.
2408 5630 2497 5697 43,
2530 5647 2589 5684 n.
2617 5631 2672 5685 5.

447 5626 502 5696 ά)
540 5627 636 5683 Or.
672 5630 849 5696 14,13.
882 5631 972 5686 24.
2181 5626 2227 5696 (ί

2279 5629 2374 5684 Or.
2408 5630 2497 5699 43,
2530 5647 2589 5684 n.
2617 5631 2672 5685 5.

428 5698 500 5768 (ε)
533 5702 725 5758 Carm.
762 5702 833 5759 De
854 5717 1025 5774 preco.
1056 5702 1127 5758 ad
1155 5704 1415 5773 virgines.
2182 5698 2233 5771 (1

2238 5700 2255 5771 )
2283 5702 2473 5757 Carm.
2504 5701 2627 5757 adv.
2657 5717 2828 5757 iram.

2207 5646 2231 5711 ι.

2213 5718 2231 5771 7
