4152 6208
333 285 448 346 147

333 415 737 482 Constantius
763 418 1125 501 respondit:

1667 287 1854 349 VITA
1899 287 1963 348 S.
2013 287 2410 349 GREGORII.
3616 292 3732 354 148

1076 573 1201 646 Πῶς
1231 568 1532 646 φιέκρῖδας.
1564 571 1609 646 ὦ
1644 570 1893 646 βέλτιστε,
1918 569 2003 646 σὺ,

1077 641 1314 718 Ὠςᾼοῦδῖ
1343 640 1770 718 ἐκεί-ίῃῐκξγέερον-
1791 644 1928 718 ἐστὶ-ν
1961 640 2199 718 ᾇᾳςραλές
2232 661 2245 712 ;

1077 714 1228 770 Halat
1266 716 1382 788 μὲν,
1413 713 1547 783 αὐῒή
1582 713 1626 770 δ’
1660 713 1854 778 item;
1885 713 2213 770 ἀπόλλυται.

1077 860 1163 914 An
1194 862 1252 914 te
1283 859 1453 931 fugit,
1485 857 1572 912 vir
1601 859 1840 931 optime,

1084 931 1251 1003 Quod
1287 929 1475 1003 ipsius
1507 929 1746 986 aculeus
1779 929 2032 1003 periculo
2064 948 2178 984 non
2211 934 2420 1003 vacat?

1085 1002 1214 1074 Ipse
1246 1000 1482 1074 quidem
1515 1003 1740 1075 pungit,
1775 1000 1874 1058 sed
1905 1000 2007 1057 illa
2037 1003 2236 1058 statim
2261 1001 2528 1057 moritur.

337 1223 615 1285 Plurima
646 1224 721 1284 de
752 1223 1115 1284 Constantio
1145 1223 1487 1285 honorifice
1517 1224 1856 1302 praedicat;
1905 1223 2350 1303 imperatorem
2383 1223 2752 1303 piissimum,
2789 1224 3020 1286 Christi
3068 1225 3593 1301 amantissimum,
3629 1226 3738 1306 qui

339 1325 467 1382 Deo
498 1321 836 1400 adjunctus
865 1320 964 1394 sit,
999 1321 1106 1399 qui
1141 1321 1409 1381 caelestis
1438 1320 1650 1399 gloriae
1698 1321 2131 1382 haereditatem
2189 1321 2521 1400 acceperit,
2555 1321 2664 1400 qui
2708 1323 2983 1383 moriens
3031 1322 3366 1402 imperium
3413 1342 3554 1383 cum
3604 1343 3737 1385 me-

339 1420 494 1480 liore
525 1418 951 1479 commutarit.
985 1421 1119 1479 Non
1169 1418 1305 1478 haec
1340 1418 1631 1492 Hilarius,
1669 1437 1792 1480 non
1838 1419 1976 1480 haec
2005 1419 2404 1492 Athanasius,
2441 1438 2566 1480 non
2613 1419 3072 1494 Theodoretus,
3126 1420 3357 1500 aliique
3406 1421 3740 1500 scriptores

339 1516 764 1578 ecclesiastici.
798 1517 918 1578 Sed
945 1516 1076 1595 jam
1104 1517 1166 1576 in
1199 1516 1550 1594 Prasloquio
1582 1518 1660 1576 ad
1693 1517 2042 1578 orationem
2074 1524 2365 1597 quartam
2388 1518 2524 1578 haec
2554 1518 2887 1596 diligenter
2915 1537 3178 1579 excussa
3209 1525 3376 1581 sunt.
3405 1520 3735 1594 Monitum,

339 1615 390 1676 si
420 1615 588 1689 velit,
627 1615 811 1676 adeat
840 1616 1036 1675 lector
1069 1632 1083 1686 ;
1118 1614 1296 1674 nobis
1327 1615 1514 1675 semel
1547 1614 1714 1675 dicta
1735 1616 2114 1676 retractandi
2144 1616 2338 1677 otium
2364 1635 2490 1677 non
2549 1622 2679 1690 est;
2742 1616 2895 1696 quin
2952 1617 3142 1677 etiam
3203 1636 3346 1678 cum
3405 1619 3740 1681 voluminis

341 1720 472 1774 tum
504 1713 804 1792 temporis
832 1712 1136 1792 augustiee
1166 1731 1280 1774 nos
1308 1718 1542 1791 cogunt
1573 1718 1636 1774 ut
1664 1713 1971 1792 praefandi
1999 1714 2335 1776 terminum
2368 1715 2471 1777 hic
2502 1715 2753 1776 tandem
2785 1714 3153 1776 habeamus.

343 2009 3738 2043 Μ

1793 2323 1995 2483 Vl
2025 2322 2289 2478 TA

827 2667 1402 2803 SANCTI
1498 2669 2299 2805 GBEGOBII
2396 2670 3252 2807 THEOLOGI

1088 2958 1591 3047 EPISCOPI
1666 2958 2993 3051 CONSTANTINOPOLITANI

1343 3214 1419 3260 EX
1459 3212 1646 3260 IPSIUS
1689 3210 2058 3259 POTISSIMUH
2101 3211 2362 3258 SCRIPTIS
2403 3211 2750 3260 ADORNATA.

2001 3415 2080 3431 ﬁ

405 3581 718 3655 Gregorius
738 3579 1158 3650 Nazianzenus,
1220 3580 1319 3654 qui
1377 3581 1448 3636 ab
1505 3581 1718 3637 eximia
1774 3595 1969 3637 rerum
2002 3579 2054 3647 Α
2089 3579 2494 3635 suburbanum
2530 3578 2811 3637 Nazianzo
2847 3578 3068 3635 censeri
3116 3581 3324 3650 putant
3358 3577 3570 3649 :idque
3614 3577 3746 3632 inde

328 3672 660 3727 divinarum
689 3671 934 3727 scientia
964 3669 1220 3740 Theblogi
1252 3686 1462 3727 nomen
1496 3671 1657 3728 solus
1683 3675 1812 3743 post
1841 3686 1978 3742 apo-
2093 3669 2392 3741 colligunt,
2426 3670 2602 3740 quod,
2641 3685 2774 3723 cum
2835 3685 2903 3723 ea
2962 3667 3120 3738 regio
3178 3666 3462 3738 grandine
3521 3671 3747 3722 vastata

329 3760 544 3817 stolum
575 3760 864 3816 Joannem
905 3760 1147 3829 invenit,
1200 3759 1350 3831 quis,
1403 3761 1594 3832 qualis
1639 3765 1696 3816 et
1725 3764 1980 3832 quantus

331 3851 741 3918 fuerit,omnes
771 3865 889 3904 uno
915 3866 1013 3905 ore
1033 3848 1213 3905 Graeci
1245 3853 1303 3905 et
1333 3849 1798 3906 Latinimelioris
1829 3852 1980 3903 notae

333 3939 645 4011 scriptores
695 3937 1077 3995 ecclesiastici
1139 3939 1728 3995 honoriﬁcentissime
1783 3938 1982 3994 testati

336 4031 476 4083 sunt
500 4044 522 4089 ;
549 4025 824 4098 pauciora
853 4031 1050 4082 tamen
1082 4027 1152 4083 de
1175 4028 1302 4098 ejus
1334 4027 1450 4083 vita
1481 4029 1774 4100 rebusque
1804 4027 1984 4099 gestis

338 4115 551 4171 litteris
584 4115 957 4170 mandarunt.
994 4119 1212 4170 Verum
1243 4115 1367 4189 ipse
1399 4117 1710 4188 Gregorius
1750 4116 1984 4188 proprio

341 4203 563 4260 calamo
596 4201 1041 4273 supplevit,tum
1069 4205 1126 4259 in
1158 4205 1378 4277 prolixo
1396 4210 1452 4261 et
1483 4207 1713 4279 egregio
1729 4207 1988 4262 carmine

341 4291 497 4362 quod
529 4290 599 4346 de
631 4290 755 4346 suis
770 4291 943 4348 rebus
973 4291 1098 4364 ipse
1130 4293 1519 4365 scripsit,tum
1550 4295 1726 4350 variis
1748 4294 1986 4366 inlocis,

342 4395 445 4435 seu
468 4377 796 4435 carminum
829 4384 1191 4448 caterorum,
1226 4398 1327 4437 seu
1354 4382 1681 4438 orationum
1696 4387 1752 4438 et
1767 4384 1987 4455 episto-

341 4469 556 4536 larum,
588 4466 646 4520 in
680 4466 896 4538 quibus
928 4467 1182 4539 plurima
1211 4470 1282 4524 de
1329 4470 1519 4542 seipso
1552 4477 1988 4528 commemorat.

347 4561 533 4624 Quare
565 4554 782 4628 scripta
811 4557 1090 4630 Gregorii,
1121 4557 1264 4613 Vitae
1287 4558 1495 4630 ipsius,
1530 4577 1596 4615 ac
1627 4577 1829 4616 eorum
1864 4578 1992 4633 quas

349 4647 419 4702 de
450 4645 576 4717 ipso
607 4644 944 4717 scribimus,
977 4645 1137 4702 basis
1167 4651 1307 4704 sunt
1355 4665 1421 4703 ac
1453 4649 1918 4705 fundamentum.

355 4753 395 4806 ι.
430 4749 678 4822 Gregorii
730 4755 966 4823 patria:
1025 4769 1101 4810 an
1172 4757 1537 4827 Nazianzum,
1592 4773 1666 4812 an
1723 4758 1996 4812 Arianzus

1075 4844 1268 4900 pagus.

2091 3758 2324 3825 fuisset,
2356 3758 2753 3814 Nazianzenos
2786 3758 2855 3812 ad
2912 3757 3316 3829 paenitentiam
3361 3756 3630 3811 hortatus
3668 3755 3747 3811 sit

2092 3847 2425 3921 Gregorius,
2460 3851 2524 3902 ut
2554 3863 2701 3918 quos
2732 3863 2799 3901 ea
2824 3845 3125 3900 calamitas
3161 3845 3402 3916 propius
3429 3849 3740 3916 spectaret.

2093 3937 2156 3992 Id
2191 3937 2470 3992 haustum
2504 3941 2592 3992 est
2629 3954 2694 3992 ex
2726 3935 3036 3991 collatione
3067 3935 3102 3988 5
3135 3934 3348 4007 Synodi
3381 3951 3433 4000 ν,
3487 3935 3587 3989 ubi
3633 3936 3746 3988 Eu-

2097 4027 2376 4098 phrantas
2431 4027 2742 4098 episcopus
2798 4023 3162 4097 Thyanensis
3205 4023 3330 4078 ait:
3379 4045 3406 4073 ‹‹
3466 4023 3748 4079 Arianzus

2097 4116 2337 4188 quidem
2371 4115 2654 4187 praedium
2686 4115 2956 4184 est,unde
2977 4117 3140 4168 ortus
3173 4113 3280 4167 fuit
3301 4113 3747 4184 Gregorius,sub

2098 4205 2382 4260 Nazianzo
2416 4205 2768 4272 constitutus
2799 4205 2894 4274 (b).
2930 4225 2959 4252 »
2981 4201 3352 4258 Bollandista
3373 4203 3608 4257 aiuntse
3632 4219 3750 4258 non

2097 4294 2423 4367 intelligere
2458 4315 2484 4347 α
2515 4311 2618 4350 cur
2647 4293 3029 4349 haecdebeant
3045 4292 3116 4346 ad
3148 4290 3506 4347 nativitatem
3527 4291 3749 4360 referri,

2100 4400 2233 4439 cum
2265 4383 2541 4450 sufficiat,
2574 4385 2623 4438 si
2673 4397 2741 4438 ex
2796 4380 2892 4436 illo
2949 4397 3065 4435 suae
3113 4380 3504 4449 possessionis
3537 4381 3751 4451 praedio

2099 4472 2358 4546 Gregorii
2390 4477 2572 4543 pater,
2623 4474 2724 4526 aut
2753 4487 2915 4536 avus,
2964 4469 3024 4525 in
3082 4469 3277 4541 ipsam
3331 4469 3750 4525 Nazianzenam

2103 4563 2396 4618 civitatem
2413 4561 2702 4633 migravit,
2728 4558 2924 4631 ibique
2944 4557 3286 4630 Gregorium
3308 4557 3495 4614 tilium
3528 4560 3751 4630 peperit

2105 4657 2312 4706 mater.
2345 4673 2366 4700 ι
2405 4649 2683 4705 Praeterea
2713 4649 2992 4720 inquiunt
3023 4665 3038 4704 :
3077 4668 3104 4700 α
3133 4646 3418 4704 Arianzus
3459 4665 3575 4703 non
3609 4666 3770 4718 ρῐιει

2104 4741 2265 4797 dium
2300 4740 2482 4795 fuisse
2509 4739 2761 4807 videtur,
2795 4739 2895 4794 sed
2943 4754 3150 4810 pagus,
3203 4736 3264 4792 in
3296 4753 3410 4808 quo
3468 4737 3750 4809 praedium

2105 4827 2314 4884 habuit
2342 4826 2658 4899 Gregorius
2688 4842 2721 4881 a
2753 4826 3008 4898 quodam
3035 4824 3296 4898 Rhegino
3318 4829 3634 4896 emptum.»
3655 4831 3751 4881 Le-

428 4910 780 4968 Nazianzum
803 4915 1173 4986 Cappadociae
1203 4916 1518 4985 civitatem,
1550 4916 1706 4973 haud
1739 4919 1938 4990 procul
1966 4937 1998 4974 a
2034 4956 2078 5020 Β
2107 4918 2268 4973 viora
2289 4916 2407 4971 hzec
2433 4921 2572 4972 sunt
2601 4933 2779 4987 quam
2807 4919 2872 4971 ut
2903 4915 2977 4971 iis
3009 4914 3626 4970 immoremurdiutius
3651 4934 3662 4982 ;
3691 4932 3754 4970 ac

356 5000 638 5068 Caesarea,
664 5001 722 5056 in
754 5005 925 5074 cujus
957 5004 1189 5061 dimcesi
1218 5010 1361 5071 erat,
1421 5006 1681 5079 Gregorii
1741 5023 1869 5062 esse
1903 5026 2001 5079 pa-

2112 5023 2318 5078 purum
2353 5007 2611 5077 interest,
2639 5008 2890 5060 natusne
2920 5004 2999 5059 sit
3027 5004 3337 5076 Gregorius
3363 5004 3651 5071 Nazianzi,
3682 5022 3754 5059 an

357 5089 551 5156 triam,
585 5090 831 5163 indeque
877 5093 1302 5151 Nazianzenum
1355 5113 1490 5152 eum
1541 5096 1763 5152 dictum
1821 5098 2004 5154 fuisse
2110 5096 2338 5151 Arianzi
2376 5114 2388 5163 ;
2424 5095 2674 5150 maxime
2696 5111 2830 5150 cum
2881 5099 3109 5150 constet
3162 5093 3472 5149 Arianzum
3502 5093 3756 5149 vicinum

357 5177 620 5249 plerique
650 5181 1009 5238 existimant.
1054 5184 1203 5239 Sunt
1260 5188 1458 5240 tamen
1517 5185 1615 5256 qui
1669 5202 1823 5253 eum,
1888 5204 2000 5241 non

357 5265 648 5334 Nazianzi,
682 5270 782 5324 sed
815 5272 1046 5326 Arianzi
1071 5276 1276 5328 natum
1303 5273 1680 5345 arbitrantur,
1722 5277 2001 5332 Arianzus

356 5359 554 5411 autem
587 5374 771 5429 pagus
802 5366 927 5416 erat
956 5361 1014 5415 in
1043 5365 1275 5434 regione
1321 5363 1594 5420 Tiberina
1623 5367 1795 5432 situs,
1828 5383 2002 5437 quem

358 5443 687 5502 doctissimi
710 5447 1118 5507 Tillemontius
1139 5454 1196 5507 et
1215 5452 1601 5510 Gothofredus
1629 5455 2004 5512 Hermantius

440 5604 515 5679 (δ)
535 5606 570 5660 9
600 5605 756 5678 Maii,
777 5609 972 5680 p.276.

2115 5186 2293 5241 fuisse
2320 5185 2624 5240 Nazianzo.

2210 5275 2280 5329 II.
2314 5275 2455 5329 Mala
2483 5282 2721 5330 veterum
2748 5273 2814 5329 de
2845 5273 3196 5345 Cappadociae
3221 5274 3418 5328 incolis
3446 5275 3649 5345 Opinio.

2187 5363 2441 5418 Patriam
2473 5362 2741 5436 igitur,ut
2771 5363 2851 5418 ait
2881 5364 3190 5435 Gregorius
3213 5363 3517 5435 presbyter
3542 5363 3600 5417 in
3629 5363 3760 5434 ejus

2121 5455 2259 5524 Vita,
2283 5453 2603 5509 secundam
2662 5454 3068 5526 Cappadocum
3109 5451 3466 5524 provinciam
3533 5451 3759 5520 habuit,
