4152 6208
243 346 337 405 “9

1531 331 1718 392 VlTA
1763 331 1828 389 S.
1879 324 2277 388 GitEGORII.

3491 314 3609 375 150

240 474 410 532 urbem
453 469 826 527 Nazianzum.
875 471 1049 524 Juvat
1111 468 1416 523 observare
1470 462 1834 527 Nazianzum,

1961 458 2178 513 ﬁnibus
2207 454 2617 528 praeluxerant,
2653 444 3104 522 δαδουχήσαντες.
3147 465 3175 495 ››
3209 444 3433 510 Quibus
3468 458 3608 501 ver-

234 569 286 620 ut
310 580 368 618 ex
396 558 929 633 Hieronymo,libro
957 563 1039 615 De
1071 556 1431 629 scriptoribus
1450 554 1849 620 ecclesiasticis,

234 660 277 710 et
301 670 359 708 ex
388 649 657 722 Gregorio
691 648 1088 719 discimus(a),
1121 646 1468 719 appellatam
1502 642 1639 699 olim
1673 641 1852 697 fuisse

235 742 639 796 Diocasaream.
683 737 867 793 Parva
895 737 1134 809 quidem
1187 737 1328 790 urbs
1360 738 1417 789 et
1448 733 1711 803 sbscura,
1743 731 1853 785 Na-

232 830 487 895 zianzum,
515 826 681 883 nullo
711 827 770 881 in
795 827 1037 895 honore,
1067 824 1185 880 imo
1218 823 1517 880 communi
1568 838 1702 877 cum
1741 836 1848 876 083-

234 918 347 972 teris
373 916 811 987 Cappadocibus
843 915 1085 970 infamia
1106 912 1399 969 laborans.
1434 912 1663 983 Ubique
1692 908 1848 964 enim

232 1012 486 1062 terrarum
519 1004 771 1071 pessime
800 1004 1116 1060 audiebant
1131 1002 1498 1074 Cappadoces
1523 1017 1536 1056 :
1557 1016 1660 1055 nec
1690 998 1848 1054 ullus

232 1100 299 1151 est
324 1094 582 1165 scriptor,
618 1094 737 1149 sive
767 1110 797 1148 θ
833 1094 1071 1163 nostris,
1130 1092 1249 1148 sive
1309 1108 1378 1147 ex
1431 1088 1712 1161 profanis;
1746 1078 1849 1161 qui

228 1200 305 1239 eos
330 1182 597 1238 conviciis
622 1199 736 1238 non
768 1182 1023 1238 lacescat
1054 1200 1067 1249 ;
1101 1198 1228 1253 quae
1286 1180 1462 1236 etiam
1522 1178 1845 1252 proverbio,

228 1272 406 1328 melius
453 1272 722 1339 dixerim,
767 1272 946 1327 veteri
999 1267 1314 1345 σαρκάσμῳ,
1375 1267 1498 1345 τρία
1554 1273 1685 1322 ΚΚΚ
1747 1266 1845 1321 κά-

224 1380 366 1427 κιστα,
398 1361 833 1416 inerebuerunt.
867 1359 1062 1416 Unum
1094 1360 1246 1415 inter
1278 1358 1494 1414 multos
1535 1357 1845 1413 audiamus

223 1450 481 1506 Isidorum
512 1450 587 1505 de
619 1449 1062 1521 Cappadocibus
1117 1448 1449 1518 loquentem
1481 1447 1559 1520 (b)
1590 1465 1603 1502 :
1642 1470 1669 1497 «
1694 1447 1843 1502 Sub-

224 1538 329 1593 dola
349 1544 514 1610 atque
541 1539 813 1611 improba
844 1555 1058 1611 magna
1084 1554 1151 1593 ex
1182 1542 1347 1609 parte
1374 1537 1495 1592 haec
1530 1536 1689 1591 natio
1734 1539 1837 1591 est.

224 1632 341 1683 Pace
368 1627 699 1695 oﬂ‘enditur,
734 1626 1209 1683 contentionibus
1240 1644 1306 1681 ac
1338 1626 1601 1682 dissidiis
1646 1624 1839 1690 alitur,

226 1717 581 1788 eamdemque
614 1716 804 1772 dulcis
834 1720 891 1771 et
921 1716 1103 1771 amari
1138 1717 1358 1771 fontem
1392 1715 1585 1770 habet.
1612 1719 1677 1769 In
1706 1730 1843 1769 con-

227 1822 399 1878 gressu
430 1805 646 1861 blande
676 1822 742 1861 ac
775 1805 1026 1878 benigne
1053 1804 1335 1876 loquitur,
1372 1804 1429 1859 in
1449 1803 1717 1859 absentia
1737 1804 1839 1858 ob-

227 1898 417 1950 trectat.
451 1894 651 1949 Fallax
670 1898 758 1950 est
810 1894 1146 1966 impudens,
1204 1894 1536 1961 temeraria,
1588 1894 1833 1948 meticu-

225 1982 342 2050 losa,
385 1983 726 2051 cavillatrix,
791 1982 1118 2049 illiberalis,
1166 1987 1421 2050 versuta,
1486 1981 1831 2049 inhumana,

221 2074 438 2145 superba
464 2078 522 2129 et
541 2077 883 2141 contumax,
915 2073 974 2129 in
1007 2071 1281 2128 secundis
1313 2071 1637 2126 amicorum
1660 2070 1834 2125 rebus

221 2165 410 2233 moesta,
442 2161 501 2216 in
533 2162 797 2218 adversis
824 2162 955 2218 laeta
984 2166 1041 2217 et
1063 2160 1433 2217 insatiabilis.
1461 2160 1579 2215 Sub
1602 2159 1833 2232 pietatis

220 2250 346 2306 larva
377 2249 755 2307 mulierculas
800 2252 859 2305 in
911 2250 1306 2323 captivitatem
1364 2249 1594 2321 redigit,
1657 2252 1832 2319 atque

218 2342 391 2398 insano
409 2342 531 2396 auri
580 2357 781 2397 amore
824 2341 1205 2415 Babylonium
1244 2343 1500 2412 superat.
1540 2339 1625 2394 Ad
1674 2356 1833 2395 men-

224 2432 452 2488 tiendum
482 2431 759 2505 proclivis
815 2436 923 2501 est,
977 2434 1051 2488 ad
1098 2433 1478 2504 peierandum
1536 2430 1704 2486 celer.
1750 2433 1831 2487 Ac

219 2523 432 2596 denique
449 2522 685 2595 qualem
715 2524 897 2580 habes
926 2523 1432 2595 improbissimum
1479 2539 1545 2578 ac
1586 2539 1829 2594 prorsus

220 2628 421 2670 exosum
452 2615 813 2688 gigantium,
854 2615 1000 2672 tales
1044 2631 1247 2671 omnes
1291 2615 1656 2687 Cappadoces
1702 2630 1830 2669 esse

219 2704 463 2775 existima,
492 2722 556 2760 ac
579 2722 688 2777 pro
719 2709 877 2760 certo
929 2704 1079 2761 habe
1130 2706 1271 2772 (0)...
1322 2702 1468 2768 Quid
1529 2703 1633 2759 tibi
1691 2720 1826 2759 cum

220 2808 389 2864 genere
414 2793 695 2849 belluinis
726 2794 985 2850 moribus
1009 2794 1245 2866 praedito
1271 2796 1293 2847 Ρ
1335 2793 1483 2857 Quid
1536 2792 1639 2847 tibi
1692 2808 1826 2847 cum

220 2882 423 2939 barbara
452 2884 690 2939 natione
711 2883 738 2937 ?
760 2883 905 2948 Quid
934 2887 990 2939 te
1016 2899 1149 2938 cum
1182 2882 1538 2954 ignobilibus
1577 2882 1825 2937 commi-

220 2971 356 3026 δοεεῖ
383 2971 522 3039 Quid
556 2989 695 3028 cum
729 2972 1165 3045 Cappadocihus
1199 2970 1488 3027 collideris
1507 2971 1624 3026 ?....
1678 2970 1825 3036 Quid

220 3062 349 3115 tuam
375 3061 557 3133 ipsius
587 3061 1083 3118 existimationem
1106 3060 1520 3131 commacules,
1545 3076 1678 3115 cum
1708 3059 1824 3115 illis

221 3150 263 3203 te
286 3150 585 3223 conferens,
645 3152 860 3223 quibus
894 3168 999 3207 nec
1038 3156 1104 3207 ut
1156 3150 1462 3222 mancipiis
1507 3150 1823 3222 quisquam

1962 550 2055 603 bis
2078 565 2193 602 non
2224 544 2369 601 alios
2401 546 2554 599 certe
2587 556 2763 613 quam
2822 537 3166 609 Gregorium
3208 550 3613 607 magnumque

1962 635 2240 694 Basilium
2271 633 2602 705 significare
2622 629 2801 686 voluit
2837 628 3122 694 Isidorus,
3146 629 3210 681 ut
3268 628 3325 680 et
3372 625 3502 680 istis
3549 624 3610 681 in

1960 726 2207 800 epistola
2227 740 2407 780 cccm
2429 722 2500 792 (e)
2535 739 2547 776 :
2582 743 2608 769 ‹‹
2645 721 2761 791 Ego
2800 734 2933 773 vero
2965 719 3197 771 sanctos
3230 714 3361 770 illos
3394 730 3424 769 e
3466 717 3607 785 Cap-

1960 815 2203 889 padocia
2228 812 2519 869 exstitisse
2550 809 2855 865 assentior.
2875 809 3062 877 Atque
3088 805 3196 861 hoc
3228 803 3603 877 potissimum

1959 904 2207 959 istorum
2264 897 2658 972 improbitatis
2707 897 3119 967 argumentum
3158 899 3284 961 est;
3315 915 3344 942 ››
3392 908 3603 963 nempe

1957 992 2385 1065 Cappadocum,
2418 1003 2667 1060 quorum
2698 1001 2889 1041 mores
2926 982 3147 1054 indigni
3173 986 3433 1037 veterum
3464 998 3598 1039 san-

1958 1087 2182 1138 ctorum
2215 1081 2452 1135 Patrum
2482 1076 2695 1131 virtute
2724 1078 2863 1129 tunc
2896 1072 3375 1128 decantabantur.

2028 1170 2337 1244 Gregorius
2366 1171 2563 1223 tamen
2592 1162 2968 1236 Cappadociae
3000 1177 3117 1216 non
3155 1159 3445 1215 illibenter
3474 1175 3601 1216 me-

1956 1262 2149 1331 minit,
2173 1260 2510 1331 eamque,ut
2539 1270 2666 1311 sese
2697 1254 2799 1309 dat
2828 1250 3077 1321 occasio,
3108 1249 3388 1305 laudibus
3437 1248 3603 1305 effert

1954 1352 2035 1408 De
2065 1349 2305 1421 Georgio
2320 1342 2782 1419 Cappadoce,qui
2800 1338 3118 1396 Athanasio
3131 1338 3600 1394 infensiSsimum

1954 1460 2016 1499 se
2045 1440 2390 1513 praebuerat,
2422 1435 2594 1490 verba
2624 1432 2861 1499 faciens,
2914 1430 2997 1485 sic
3052 1429 3134 1483 ait
3157 1428 3259 1500 (f);
3326 1448 3355 1477 ‹‹
3411 1429 3601 1499 Atque

1953 1532 2047 1587 hic
2080 1528 2223 1586 mihi
2269 1525 2682 1583 charissimam
2728 1520 2940 1584 solum,
3004 1517 3277 1589 patriam,
3330 1516 3596 1587 inquam,

1954 1637 2166 1690 meam,
2198 1617 2357 1674 omni
2398 1613 2638 1670 crimine
2682 1610 2936 1666 solutam
2988 1606 3199 1662 velim:
3250 1605 3597 1677 improbitas

1951 1711 2127 1779 enim,
2161 1725 2273 1763 non
2308 1704 2527 1778 patriae,
2579 1702 2679 1757 sed
2724 1699 2815 1762 iis,
2866 1697 2967 1769 qui
3026 1695 3207 1751 animi
3257 1694 3596 1749 inductione

1951 1800 2137 1871 ipsam
2170 1797 2487 1869 elegerunt,
2515 1789 2871 1862 assignanda
2900 1789 3011 1842 est.
3054 1784 3161 1839 Illa
3208 1783 3365 1839 enim
3405 1800 3590 1851 sacra,

1944 1894 2001 1946 et
2030 1888 2185 1960 apud
2217 1900 2418 1941 omnes
2441 1879 2670 1954 pietatis
2700 1878 2872 1932 laude
2900 1875 3057 1930 clara
3080 1877 3137 1930 et
3157 1871 3404 1928 illustris
3427 1876 3537 1927 est.
3564 1894 3592 1922 ››

1944 1977 2096 2032 Alibi
2119 1976 2195 2049 (g)
2226 1970 2647 2047 Cappadociam
2688 1965 3077 2023 venerandam
3136 1962 3389 2035 patriam
3419 1978 3591 2017 suam

1941 2071 2126 2134 vocat,
2161 2082 2266 2120 nec
2286 2064 2486 2118 minus
2506 2061 2813 2131 juvenum,
2839 2070 3017 2126 quam
3050 2068 3336 2124 equorum
3377 2050 3592 2106 bonam

1943 2155 2250 2212 nutricem.
2280 2156 2348 2207 Et
2388 2151 2449 2205 in
2500 2150 2615 2204 fine
2661 2144 2942 2202 carminis
3000 2142 3072 2199 ad
3122 2139 3460 2199 Nemesium
3490 2139 3593 2211 (4),

1942 2270 1969 2297 ‹‹
2004 2244 2371 2318 Cappadoces
2401 2256 2541 2295 suos
2572 2260 2601 2288 »
2632 2236 2795 2305 dicit,
2816 2238 2874 2291 et
2893 2232 3003 2289 hoc
3017 2231 3251 2288 nomine
3269 2245 3331 2285 se
3352 2226 3591 2301 gloriari

1941 2335 2270 2408 proﬁtetur.

2400 2418 2496 2475 III.
2520 2418 2781 2472 Parentes
2824 2409 3089 2484 Gregorii.

2008 2511 2350 2570 Parentibus
2372 2512 2565 2565 ortum
2584 2520 2712 2561 esse
2740 2501 3037 2558 nobilibus
3058 2495 3403 2569 Gregorium
3427 2511 3583 2552 asse-

1936 2604 2011 2659 rit
2040 2603 2168 2672 ejus
2198 2600 2343 2656 Vitae
2363 2596 2648 2669 scriptor;
2675 2593 2828 2665 quod
2862 2589 3100 2663 quidem
3149 2587 3443 2641 incertum
3497 2588 3591 2641 est

1938 2695 2007 2750 de
2038 2698 2201 2766 patre
2229 2689 2417 2762 ipsius
2440 2684 2751 2757 Gregorio;
2775 2680 2891 2735 nisi
2921 2677 3055 2749 quis
3086 2675 3223 2731 inde
3248 2673 3392 2766 illud
3423 2672 3585 2730 colli-

1935 2763 2068 2855 gere
2094 2780 2250 2847 velit,
2292 2776 2442 2849 quod
2473 2772 2784 2845 Gregorius
2815 2772 3012 2824 noster
3057 2767 3115 2820 in
3159 2763 3438 2832 oratione,
3476 2779 3593 2834 qua

1936 2852 2195 2928 defuncti
2229 2866 2412 2941 patris
2442 2864 2645 2921 laudes
2678 2858 3070 2932 prosequitur,
3106 2854 3199 2909 his
3231 2853 3424 2908 verbis
3446 2852 3592 2941 inci-

1935 2962 2057 3035 piat
2088 2961 2192 3032 (i):
2227 2956 2383 3011 «Ille
2414 2954 2612 3035 igitur.
2648 2954 2712 3006 ut
2750 2947 3281 3035 patriamtgenus,
3334 2940 3593 3035 corporis

1934 3030 2459 3121 dotes,externum
2489 3032 2883 3115 splendorem,
2917 3040 2974 3092 et
3004 3032 3137 3102 alia,
3170 3033 3242 3089 ob
3300 3047 3429 3103 quae
3488 3030 3593 3086 ho-

1938 3120 2129 3196 mines
2158 3135 2464 3210 magniﬁce
2506 3133 2576 3187 de
2622 3145 2684 3185 se
2743 3127 3027 3196 sentiunt,
3086 3123 3160 3178 ad
3188 3120 3591 3177 encomiorum

226 3243 381 3294 mente
398 3208 684 3311 Praeditus
715 3241 798 3295 uti
828 3241 1017 3297 velit?
1052 3264 1073 3291 ι
1122 3240 1252 3297 Haec
1300 3208 1424 3296 erat
1458 3208 1827 3311 antiquorum
1862 3216 1904 3282 Ο
1942 3230 2098 3303 leges
2130 3208 2444 3294 remittam,
2479 3245 2502 3275 υ
2534 3223 2643 3311 etc.
2675 3218 2823 3311 Dum
2871 3212 3028 3311 enim
3068 3211 3151 3267 ait
3181 3208 3496 3311 Gregorius
3533 3224 3595 3265 se

221 3325 272 3382 de
293 3329 649 3401 Cappadocia
671 3329 877 3387 incolis
908 3330 1124 3403 opinio,
1157 3330 1416 3402 adeoque
1445 3330 1516 3384 de
1554 3329 1829 3385 Nazianzi

221 3414 417 3487 civibus,
445 3418 667 3492 quippe
697 3436 824 3490 qum
864 3436 1000 3492 pars
1031 3421 1159 3491 ejus
1191 3422 1333 3491 erat,
1367 3419 1633 3475 secundae
1657 3416 1831 3473 nimi-

222 3519 319 3561 rum
344 3507 719 3580 Cappadociae
747 3509 998 3565 obscura
1026 3509 1249 3565 civitas.
1266 3509 1485 3564 Verum
1507 3525 1540 3562 a
1556 3507 1831 3579 Gregorio

222 3600 376 3651 nostro
403 3619 428 3646 ‹‹
459 3599 603 3654 adeo
672 3598 1043 3655 nobilitata...
1102 3603 1209 3666 est,
1261 3598 1445 3656 verba
1507 3600 1649 3653 sunt
1704 3598 1832 3668 ejus

226 3681 497 3758 biographi,
524 3691 590 3743 ut
644 3688 799 3758 apud
851 3692 1138 3744 extremos
1160 3688 1337 3744 etiam
1366 3686 1522 3744 orbis
1540 3692 1830 3743 terrarum

226 3770 338 3827 fines
362 3780 587 3848 propter
634 3792 769 3832 eum
801 3777 960 3834 clara
998 3781 1173 3850 atque
1219 3776 1467 3833 illustris
1523 3776 1827 3832 exstiterit.

228 3857 382 3932 Neque
418 3866 570 3921 enim
616 3865 779 3921 Pella
825 3868 898 3923 ob
969 3866 1361 3923 Alexandrum
1406 3865 1687 3921 celebrior
1719 3870 1828 3935 est,

228 3946 396 4021 inquit,
423 3958 519 4010 aut
539 3956 731 4011 Persae
762 3959 998 4028 propter
1024 3959 1233 4029 Cyrum
1267 3956 1339 4011 ad
1378 3958 1603 4011 tantam
1634 3954 1829 4027 gloria

230 4037 631 4117 splendorisque
648 4044 1113 4117 magnitudinem
1136 4044 1317 4102 evecti
1340 4048 1517 4112 sunt;
1543 4048 1830 4115 quantum

230 4124 322 4183 hac
347 4137 563 4203 propter
598 4149 878 4206 magnum
899 4134 1243 4206 Gregorium
1267 4136 1533 4189 assecuta
1553 4138 1658 4188 est.
1688 4133 1832 4196 Quo-

230 4215 347 4273 circa
370 4221 473 4291 ipsi
495 4239 731 4295 quoque
763 4224 835 4280 ob
865 4225 1178 4280 educatum
1210 4222 1551 4296 Gregorium
1601 4223 1832 4277 abunde

232 4307 535 4370 persolutam
566 4328 699 4367 esse
732 4313 1059 4369 merccdem
1097 4312 1389 4380 existimo,
1439 4310 1654 4384 quippe
1703 4327 1829 4383 quae

232 4398 273 4446 et
292 4394 426 4454 Indis
454 4404 507 4455 et
537 4401 834 4457 Britannis
864 4417 932 4457 ex
962 4402 1247 4457 diametro
1279 4400 1432 4457 inter
1452 4417 1516 4456 se
1545 4400 1831 4472 oppositis

234 4496 356 4553 eque
380 4486 731 4545 inclaruerit.
770 4511 799 4541 ››

1940 3298 2125 3392 genus
2163 3314 2366 3389 patris,
2398 3310 2656 3384 corporis
2687 3309 2872 3374 dotes,
2893 3308 3198 3360 externum
3221 3298 3595 3371 splendorem

1941 3388 2013 3465 ad
2040 3406 2439 3464 encomiorum
2498 3400 2654 3473 leges
2712 3394 3025 3464 remittere,
3078 3405 3272 3445 nonne
3330 3388 3590 3443 indicare

1939 3498 2168 3555 videtur
2197 3494 2308 3551 sibi
2338 3493 2454 3548 ista
2492 3491 2552 3545 in
2607 3486 2884 3544 laudibus
2932 3480 3191 3555 parentis
3250 3493 3466 3551 ponere
3525 3476 3595 3532 li-

1941 3588 2133 3643 cuisse
2157 3602 2170 3653 ;
2204 3584 2463 3652 adeoque
2490 3595 2624 3635 eum
2652 3581 2949 3649 etgenere,
2974 3575 3029 3626 et
3045 3567 3304 3641 corporis
3334 3567 3593 3634 dotibus,

1941 3682 1996 3734 et
2023 3680 2256 3732 externo
2288 3670 2616 3744 splendore,
2649 3671 2707 3722 et
2736 3663 2886 3730 aliis,
2919 3661 2990 3717 ob
3021 3675 3148 3730 quae
3181 3655 3447 3744 homines
3463 3671 3594 3744 ma-

1939 3766 2150 3840 gniﬁce
2194 3764 2265 3819 de
2303 3743 2366 3818 se
2396 3757 2677 3822 sentiunt,
2718 3746 3106 3827 prastitisse?
3138 3746 3259 3802 Nisi
3316 3743 3475 3801 enim
3514 3743 3591 3799 iis

1941 3835 2325 3931 praestitisset,
2360 3854 2554 3907 orator
2592 3849 2746 3904 certe
2797 3840 2901 3898 tali
2958 3836 3193 3895 oxordio
3241 3835 3429 3893 risum
3460 3850 3591 3891 mo-

1937 3946 2140 4004 visset.

2322 4029 2415 4087 IV.
2448 4025 2686 4085 Has-rasis
2716 4018 3215 4095 Hypsistariorum.

2013 4120 2505 4198 Hypsistariorum
2556 4118 2773 4172 sectam
2848 4106 3233 4198 proﬁtebatur
3280 4099 3592 4198 Gregorius

1939 4190 2139 4289 pater;
2174 4229 2300 4284 quae
2330 4211 2489 4267 secta
2518 4228 2547 4257 «
2575 4206 2654 4261 Ex
2675 4199 2901 4275 gentilii
2923 4212 3137 4262 errore,
3169 4190 3362 4264 inquit
3392 4192 3590 4246 noster

1940 4283 2255 4376 Gregorius
2303 4301 2390 4372 (j),
2449 4300 2507 4353 et
2568 4291 2742 4366 legali
2796 4288 3053 4345 vanitate
3100 4283 3367 4376 conflata
3414 4283 3585 4376 erat;

1941 4368 2191 4467 quarum
2222 4368 2526 4457 utriusque
2551 4387 2744 4456 partes
2773 4377 3059 4451 quasdam
3091 4372 3343 4445 fugiens,
3364 4368 3590 4467 exqui-

1939 4457 2190 4540 busdam
2222 4476 2487 4552 partibus
2519 4471 2769 4529 conﬂata
2798 4472 2855 4523 et
2882 4463 3200 4522 constituta
3227 4463 3336 4552 est,
3364 4457 3588 4552 Etenim

284 4575 526 4637 Quamvis
549 4584 746 4635 autem
778 4578 1037 4636 Isidorus
1054 4583 1174 4635 tam
1204 4578 1353 4634 male
1384 4579 1455 4634 de
1476 4578 1830 4651 Cappadoci-
1859 4594 1905 4658 Ι)
1940 4573 2099 4629 illius
2138 4570 2375 4644 quidem
2434 4562 2750 4621 simulacra
2779 4561 2858 4658 et.
2892 4551 3177 4658 sacrificia
3234 4548 3585 4658 rgjipiLentes,

236 4657 317 4715 bus
341 4667 570 4723 senserit
624 4672 682 4723 et
728 4668 1052 4739 scripserit,
1110 4668 1169 4724 in
1223 4668 1404 4723 altera
1458 4671 1653 4723 tamen
1709 4667 1830 4738 epi-

239 4750 351 4806 stola
375 4754 463 4826 (d),
484 4760 793 4830 postquam
820 4757 1084 4813 Priscum
1113 4758 1514 4829 Cappadocem
1567 4755 1650 4812 sic
1697 4755 1833 4811 alio-

1937 4665 2134 4736 ignem
2156 4637 2222 4717 et
2244 4660 2545 4715 lucernam
2577 4650 2775 4707 colunt
2806 4664 2820 4703 :
2845 4645 3233 4736 hujusautem
3263 4637 3585 4736 sabbatum

1938 4723 2268 4824 etjejunam
2284 4744 2600 4821 quamdam
2619 4758 2653 4795 a
2673 4734 2975 4796 nonnullis
2990 4730 3135 4787 cibis
3161 4723 3584 4824 abstinentiam

238 4844 371 4896 cutus
391 4848 473 4900 est
498 4862 511 4901 :
549 4869 569 4896 ι
595 4846 812 4903 Vereor
841 4863 913 4903 ne
942 4851 1006 4903 tu
1038 4845 1200 4903 illius
1220 4847 1625 4918 Cappadocum
1648 4845 1831 4917 partis
1937 4844 2301 4906 venerantes,
2329 4829 2837 4891 circumcisionem
2878 4815 3462 4918 aspernantur.‘»‘E.x
3491 4812 3584 4867 his

238 4926 317 4992 sis,
344 4947 453 5002 quis
483 4936 639 4991 omni
668 4935 945 4992 vitiorum
994 4952 1206 5009 genere
1235 4903 1459 5007 injuste
1487 4938 1575 4991 est
1604 4955 1619 5005 ;
1648 4903 1679 4983 ii
1711 4934 1831 4989 haec
1942 4934 2099 5004 patet
2128 4927 2469 5001 Gregorium
2526 4937 2642 4977 non
2696 4916 2877 4972 fuisse
2907 4909 3150 5009 omnino
3192 4903 3585 5009 idolo'latram,

238 5015 365 5073 addit
391 5036 403 5075 :
440 5045 460 5072 ι
492 5022 685 5081 Altera
715 5025 870 5081 enim
896 5042 1133 5082 rursum
1150 5026 1558 5098 Cappadocum
1590 5041 1724 5097 pars
1744 5027 1834 5079 est
1942 4991 2210 5095 quamvis
2258 5012 2590 5087 Gregorius,
2647 5004 2905 5064 carmine
2959 4997 3230 5098 Denrebus
3263 4994 3399 5098 suis,
3431 4991 3589 5047 hunc

240 5118 379 5174 quam
407 5113 639 5186 Optima,
680 5117 1033 5189 πανάριστος,
1059 5132 1129 5171 ex
1186 5083 1301 5187 qua
1329 5114 1413 5169 illi
1467 5083 1830 5182 exstiterunt,
1944 5083 1979 5161 ᾇ
2007 5111 2115 5165 sub
2145 5105 2317 5163 idolis
2353 5127 2374 5153 ι›
2435 5100 2651 5156 vixisse
2680 5092 2998 5189 scripserit.
3035 5090 3160 5189 Q‘ua
3189 5083 3425 5189 quidem
3456 5096 3592 5179 voce

241 5194 314 5261 ‘lui
340 5197 450 5254 vitae
482 5219 600 5260 suae
624 5220 689 5259 ac
730 5171 1150 5277 praeceptorum
1191 5171 1321 5261 l‘uce
1368 5203 1524 5260 orbis
1545 5207 1834 5259 terrarum
1944 5217 2060 5256 non
2091 5199 2332 5253 deorum
2362 5196 2466 5249 aut
2522 5185 2865 5245 animalium
2912 5177 3251 5243 simulacra,
3283 5175 3350 5229 ut
3376 5171 3591 5227 Joanni

2015 5325 2084 5395 (Γ)
2104 5322 2201 5395 QP-
2229 5320 2323 5395 ΖΒ
2355 5316 2524 5395 11-1}-

296 5315 358 5389 (α)
383 5320 546 5398 Hier.,
576 5327 651 5382 De
668 5329 830 5400 scrip.
864 5329 992 5385 ccci.
1026 5328 1221 5402 Greg.,
1270 5329 1371 5401 Ep.
1405 5329 1478 5385 ad
1512 5326 1731 5385 Hellen.
1761 5328 1833 5384 ad

2021 5389 2092 5467 ᾖ)
2125 5393 2220 5450 Or.
2245 5393 2334 5462 43,
2362 5406 2421 5445 n.
2449 5389 2507 5444 3.

2040 5468 2096 5539 h)
2128 5466 2317 5521 Carm.
2349 5462 2420 5516 62

2038 5542 2057 5595 i
2099 5542 2194 5595 0r.
2229 5537 2315 5603 18,
2343 5551 2399 5590 n.
2433 5534 2490 5588 5.

2112 5610 2208 5666 0r.
2242 5610 2329 5678 18,
2353 5624 2412 5662 n.
2441 5605 2476 5659 5

2038 5557 2055 5595 Ζ

248 5382 510 5549 mimae.
544 5468 758 5549 Pelag,
776 5470 877 5526 lib.
912 5471 1153 5549 ILepist.
1185 5473 1310 5543 281,
1334 5489 1390 5546 p.
1425 5471 1548 5527 101.

526 5603 589 5683 ἰξ
607 5631 695 5742 ep.
732 5603 867 5684 158,⁸
885 5633 943 5689 p.
964 5617 1055 5673 64.

493 5703 603 5757 .,p.
659 5688 749 5742 24.

2040 5462 2096 5539 7i)
2128 5466 2317 5539 Carm.
2349 5462 2420 5516 62

2048 5534 2194 5595 E'Or.
2229 5537 2315 5603 18,
2343 5551 2399 5590 n.
2433 5534 2490 5588 5.

2048 5541 2080 5683 ii
2112 5610 2208 5666 0r.
2242 5610 2329 5678 18,
2353 5624 2412 5662 n.
2441 5605 2476 5659 5
