4152 6208
434 341 545 409 151

1762 338 1949 405 νιΤΑ
1996 340 2062 404 S.
2109 340 2504 403 GitEGURll.

3722 339 3841 401 152

436 476 657 537 Clerico
688 475 876 535 visum
900 475 1010 546 est,
1053 473 1154 533 sed
1212 472 1367 550 ignis
1422 476 1525 531 aut
1561 473 1932 533 lucernarum
1962 472 2077 531 ele-
2106 475 2163 544 Α
2193 487 2450 546 corpore,
2483 469 2667 528 multo
2694 469 2904 545 magis,
2935 486 3109 543 quam
3142 468 3239 542 qui
3271 467 3413 527 alim
3457 487 3491 527 a
3527 470 3723 543 Moyse
3750 459 3842 529 ta-

439 572 638 625 menta
666 566 1006 641 Gregorium
1038 564 1415 633 intellexisse,
1471 564 1532 619 in
1582 565 1803 621 monito
1836 566 1907 620 ad
1954 582 2081 620 ora-

436 658 656 714 tionem
688 673 827 713 vaII
886 653 1251 711 ostendimus
1299 655 1383 727 (P.
1436 654 1598 727 329);
1633 654 1808 725 idque
1838 670 1907 708 ex
1936 654 2081 708 rela-

441 746 519 801 tis
553 744 810 818 Gregorii
851 744 1043 800 verbis
1073 749 1266 815 aperte
1299 742 1644 798 declaratur.
1695 744 1853 809 Quod
1888 748 2083 798 autem

450 834 945 907 Hypsistariorum
977 849 1188 888 nomen
1222 836 1465 904 spectat,
1496 832 1690 887 Grmco
1720 833 1874 887 fonte
1906 832 2081 899 cadit,

437 937 646 995 nempe
668 939 805 978 voce
836 918 1079 994 ὕψιστος,
1112 938 1238 993 quae
1252 922 1586 976 altissimum
1609 927 1778 976 sonat
1809 939 1822 987 ;
1856 922 2085 991 sibique

437 1010 930 1084 Hypsistariorum
976 1026 1185 1065 nomen
1228 1010 1546 1072 vindicant,
1598 1010 1749 1081 quod
1783 1010 1970 1064 solum
2005 1009 2087 1063 Al-

436 1099 737 1155 tissimum
770 1099 1029 1154 adorent.
1064 1098 1143 1152 De
1170 1097 1280 1153 hac
1314 1098 1902 1170 heresinihillegitur
1928 1098 2083 1169 apud

436 1186 1276 1260 Epiphanium,Augustinum,
1310 1190 1669 1258 ceterosque
1700 1187 1798 1258 qui
1828 1187 1899 1242 de
1914 1186 2089 1242 hisre-

438 1278 604 1332 sibus
635 1276 939 1347 scripsere.
974 1275 1313 1330 Consimilia
1341 1279 1537 1330 tamen
1587 1276 1705 1331 fere
1759 1275 1828 1331 de
1861 1275 2085 1346 Euphe-

440 1366 625 1433 mitis,
658 1382 759 1419 seu
793 1362 1184 1427 Massalianis,
1238 1370 1436 1419 narrat
1466 1364 1847 1435 Epiphanius,
1881 1363 2087 1419 haeresi

443 1472 586 1511 Lxxx
619 1453 738 1521 ;ait
766 1452 921 1508 enim
956 1451 1087 1508 illos
1122 1470 1190 1508 ex
1228 1452 1571 1524 gentilibus,
1604 1470 1707 1509 nec
1758 1453 2085 1524 Judaismo,

442 1560 545 1599 nec
574 1541 1019 1598 Cbristianismo
1051 1542 1584 1607 attendentes,deos
1610 1543 1843 1614 quidem
1876 1542 2087 1611 dicere;

440 1632 670 1688 nullum
711 1636 905 1687 autem
938 1631 1200 1695 adorare,
1234 1631 1334 1686 sed
1370 1648 1551 1686 unum
1584 1630 1775 1687 solum
1805 1632 2087 1703 venerari,

440 1736 614 1793 quem
646 1719 1105 1789 omnipotentem
1120 1721 1678 1786 vocant.Quamdam
1702 1721 1875 1776 etiam
1892 1719 2091 1775 simili-

2192 563 2363 620 bulas
2386 561 2679 635 accepturi
2710 567 2898 627 erant,
2952 560 3350 634 puriﬁcasset.
3392 583 3419 611 »
3455 561 3534 616 Ex
3564 560 3656 617 his
3684 565 3846 634 patet

2192 652 2536 721 Gregorium
2569 658 2798 722 tempus
2826 649 3061 722 aliquod
3119 650 3499 722 impendisse,
3538 655 3605 706 ut
3639 652 3844 710 sordes

2192 741 2410 796 clueret
2439 741 2783 813 priusquam
2815 740 2986 811 aquis
3017 740 3297 812 baptismi
3329 744 3699 813 purgaretur,
3729 756 3846 812 quo

2195 830 2458 902 purgatio
2490 830 2699 901 praevia
2729 829 3094 901 purgationis
3126 830 3277 885 dono
3325 831 3665 886 ﬁrmitatem
3691 846 3848 886 asse-

2193 922 2364 982 reret,
2398 935 2500 973 seu
2541 918 2789 989 gratiam
2820 918 2879 972 in
2936 922 3061 974 tuto
3123 921 3379 989 poneret.
3431 919 3747 991 Egressum
3779 934 3851 975 ex

2193 1023 2346 1076 aqua
2376 1006 2573 1060 lumen
2606 1006 3033 1062 circumfulsit:
3063 1023 3178 1078 quo
3226 1006 3508 1062 miraculo
3541 1005 3846 1079 perculsus

2192 1097 2524 1167 episcopus,
2549 1095 2892 1168 Gregorium
2925 1095 3035 1151 sibi
3067 1097 3129 1151 in
3160 1094 3497 1168 episcOpalu
3538 1112 3846 1153 successu-

2194 1201 2325 1240 rum
2373 1184 2568 1256 palam
2599 1201 2665 1241 ac
2695 1184 2930 1257 publice
2961 1184 3251 1240 clamavit.
3290 1185 3351 1240 Id
3384 1192 3725 1256 argumento
3756 1190 3847 1243 est

2196 1290 2331 1329 eum
2361 1273 2630 1329 Nazianzi
2658 1274 2730 1329 ab
2770 1274 2899 1345 ejus
2932 1273 3202 1329 Ecclesia
3235 1274 3506 1344 episcopo
3552 1273 3848 1346 baptisma

2194 1362 2545 1434 suscepisse,
2569 1379 2683 1418 non
2715 1378 2847 1418 vero
2876 1380 2910 1418 a
2938 1362 3175 1418 Leontio
3206 1362 3565 1433 Caesariensi,
3586 1367 3649 1417 ut
3680 1367 3850 1433 putat

2198 1452 2500 1519 Baronius,
2536 1468 2713 1524 quem
2736 1451 3002 1523 sequitur
3031 1450 3483 1523 Papebrochius.
3517 1452 3679 1516 Quod
3712 1468 3846 1507 cum

2198 1544 2387 1596 mater
2416 1541 2565 1611 ejus,
2596 1541 2868 1595 fictorum
2918 1540 3228 1595 numinum
3258 1539 3441 1595 cultui
3472 1540 3725 1605 addicta,
3759 1539 3849 1594 in-

2199 1628 2373 1701 digne
2404 1629 2596 1693 ferret,
2630 1629 2878 1701 patriam
2905 1629 3100 1702 fugere
3114 1633 3349 1685 coactus
3362 1632 3452 1685 est
3472 1629 3565 1699 (c),
3599 1651 3627 1680 ‹‹
3659 1629 3851 1684 Patris

2199 1718 2450 1773 caelestis
2478 1734 2544 1774 ac
2571 1734 2721 1774 verae
2749 1718 3105 1773 hereditatis
3134 1735 3335 1783 causa,
3366 1722 3424 1773 et
3448 1722 3654 1786 matre,
3676 1722 3735 1773 et
3764 1719 3851 1773 fa-

439 1808 705 1865 tudinem
737 1808 957 1865 habent
1004 1807 1354 1881 Hypsistarii
1404 1824 1541 1864 cum
1602 1811 1861 1865 subortis
1894 1813 2095 1882 postea
2124 1795 2170 1860 B
2199 1807 2514 1863 cultatibus
2549 1808 2892 1880 aliquandiu
2923 1823 3119 1864 carere
3135 1807 3457 1875 sustinens,
3489 1810 3666 1878 atque
3697 1806 3851 1862 hanc

442 1895 728 1953 Gcelicolis
757 1896 981 1962 Africae,
1017 1897 1089 1952 de
1137 1896 1352 1969 quibus
1409 1899 1791 1970 Augustinus,
1843 1898 2091 1971 epistola

443 2002 652 2055 CLXIII;
715 1985 892 2041 Codex
952 1985 1374 2055 Theodosianus,
1409 1985 1511 2042 lib.
1544 2003 1702 2057 XLIII,
1753 1990 1827 2043 De
1870 1988 2091 2044 hmreti-

445 2091 531 2144 σε,
560 2078 619 2131 et
640 2074 717 2131 lib
738 2092 853 2143 xIx,
878 2075 952 2131 De
978 2074 1182 2132 Judaei:
1217 2075 1484 2132 Caelicolis
1516 2084 1571 2132 et
1598 2076 1981 2134 Samaritanis.

874 2162 943 2217 V.
979 2165 1151 2221 Mores
1183 2166 1442 2235 Gregorii
1471 2167 1664 2237 patris.

520 2251 713 2325 Longo
739 2252 1053 2326 Gregorius
1118 2257 1283 2325 pater
1313 2258 1574 2327 tempore
1609 2254 1669 2310 in
1701 2255 2092 2328 Hypsistario-

449 2358 582 2398 rum
612 2358 826 2411 errore,
859 2341 1138 2398 nimirum
1171 2343 1242 2398 ad
1273 2343 1787 2416 quadragesimum
1820 2345 2094 2416 quintum

447 2431 631 2487 ferme
670 2430 858 2487 astatis
916 2448 1033 2487 suae
1063 2448 1306 2501 annum,
1365 2438 1630 2488 versatus
1660 2437 1769 2489 est.
1794 2434 2097 2491 Verumta-

451 2537 585 2576 men
608 2519 954 2593 priusquam
986 2521 1325 2593 religionem
1371 2521 1763 2578 Christianam
1794 2524 2097 2595 proﬁtere-

450 2613 569 2679 tur,
602 2609 868 2664 moribus
899 2613 1025 2664 erat
1083 2609 1471 2667 Christianus.
1504 2632 1532 2661 ‹‹
1569 2610 1670 2667 llle
1699 2611 1876 2682 enim,
1908 2612 2102 2685 inquit

450 2695 764 2769 Gregorius
796 2700 993 2753 noster
1024 2697 1125 2769 (a),
1159 2703 1291 2754 ante
1322 2698 1498 2755 etiam
1532 2716 1707 2771 quam
1742 2701 1812 2756 ad
1839 2705 2097 2757 nostram

452 2783 686 2842 caulam
717 2800 779 2841 se
801 2785 1169 2854 contulisset,
1200 2792 1399 2843 uoster
1450 2793 1594 2844 erat.
1643 2792 1827 2847 Mores
1884 2792 2100 2864 quippe

450 2872 648 2945 ipsum
675 2873 844 2929 nobis
867 2874 1253 2930 asciscebant.
1301 2876 1375 2932 Ut
1404 2877 1560 2933 enim
1592 2877 1761 2933 multi
1792 2895 1861 2934 ex
1885 2880 2102 2935 nostris

451 2961 758 3018 nobiscum
791 2979 905 3018 non
938 2966 1095 3031 sunt,
1130 2979 1277 3034 quos
1309 2964 1531 3020 scilicet
1576 2983 1609 3020 a
1647 2967 1943 3022 communi
1972 2984 2101 3023 cor-

450 3066 591 3124 pore
610 3050 725 3107 vita
759 3054 1015 3107 removet
1045 3075 1060 3119 ;
1092 3051 1175 3107 sic
1205 3057 1407 3109 contra
1435 3053 1605 3110 multi
1644 3059 1973 3113 exterarum
2029 3057 2103 3113 ad

2197 1896 2586 1970 ignominiam
2618 1897 2845 1969 aequius
2875 1899 2933 1951 et
2963 1894 3193 1953 facilius
3223 1911 3402 1968 quam
3433 1894 3531 1951 alii
3581 1910 3854 1951 summos

2197 1985 2449 2041 honores
2476 1984 2630 2040 tulit.
2654 2008 2684 2035 »

2635 2074 2783 2129 VIII.
2818 2076 3118 2146 Episcopus
3165 2078 3405 2130 creatur.

2273 2164 2435 2231 Quod
2465 2164 2538 2220 de
2566 2163 2841 2235 Gregorio
2861 2180 2891 2218 e
2921 2163 3147 2219 lavacro
3185 2163 3536 2219 ascendente
3574 2178 3853 2235 praenun-

2202 2251 2413 2307 tiatum
2445 2253 2652 2319 fuerat,
2680 2251 2946 2323 contigit.
2980 2254 3223 2308 Creatus
3251 2256 3341 2307 est
3370 2251 3677 2324 episcopus
3693 2267 3848 2308 anno

2202 2340 2328 2407 329,
2356 2340 2441 2396 vel
2472 2340 2596 2410 328,
2630 2345 2695 2395 ut
2716 2339 2902 2411 placet
2957 2340 3296 2396 Gothofrido
3342 2345 3641 2408 Hermant,
3667 2356 3850 2397 annos

2207 2432 2379 2484 natus
2410 2431 2592 2485 ferme
2637 2428 3068 2501 quinquaginta
3099 2447 3112 2497 ;
3147 2444 3400 2501 cumque
3429 2429 3849 2485 Nazianzenam

2208 2517 2525 2574 Ecclesiam
2555 2535 2659 2590 per
2707 2518 3092 2590 quadraginta
3122 2516 3383 2590 quinque
3417 2535 3602 2574 annos
3631 2517 3854 2590 sapien-

2208 2606 2436 2663 tissime
2457 2607 2946 2679 administrasset,
2980 2607 3198 2663 exactis
3229 2623 3375 2679 pene
3397 2612 3634 2663 centum
3659 2608 3852 2663 annis.

2209 2694 2416 2768 plenus
2448 2696 2700 2761 dierum,
2726 2696 3096 2753 sanctissime
3119 2697 3424 2752 obiitanno
3454 2697 3562 2752 373
3587 2700 3852 2766 exeunte,

2207 2783 2293 2839 vel
2327 2785 2565 2840 ineunte
2593 2786 2716 2840 274.

2210 2871 2304 2927 ΙΧ.
2336 2874 2547 2941 Nonna,
2579 2876 2755 2929 mater
2781 2874 3052 2946 Gregorii,
3083 2891 3114 2929 ε
3151 2876 3337 2930 radice
3387 2879 3586 2931 sancta
3621 2875 3853 2948 prodiit.

2285 2964 2397 3035 Ipsi
2422 2981 2535 3019 non
2566 2965 2664 3020 diu
2699 2969 2994 3036 superstes
3024 2964 3135 3020 fuit
3163 2965 3431 3037 piissima
3451 2967 3665 3037 conjux
3694 2967 3857 3022 Non-

2212 3071 2287 3110 na
2319 3071 2332 3110 :
2367 3052 2467 3109 tali
2488 3054 2665 3126 digna
2685 3071 2900 3127 sponso
2922 3058 3136 3123 erat,ut
3154 3054 3280 3125 ipse
3307 3054 3409 3110 tali
3440 3055 3653 3128 dignus
3675 3073 3861 3129 spon-

456 3155 566 3231 nos
595 3143 883 3211 spectant,
916 3139 1266 3231 quicunque,
1300 3140 1582 3198 nimirum
1630 3144 1805 3200 fidem
1837 3145 2103 3204 moribus
2134 3164 2176 3231 ρ
2216 3159 2316 3210 sa;
2345 3146 2538 3215 atque,
2572 3146 2637 3198 ut
2659 3142 2734 3215 pii
2766 3142 2872 3198 ﬁlii
2903 3142 3061 3199 verbi
3102 3146 3235 3199 utar
3263 3143 3360 3215 (ἁ),
3400 3164 3427 3197 α
3481 3144 3541 3199 Si
3598 3144 3731 3216 quis
3784 3144 3859 3199 ab

454 3229 845 3299 antevertunt,
876 3245 944 3285 ac
974 3229 1097 3285 solo
1110 3229 1347 3286 nomine
1364 3235 1582 3298 carent,
1616 3249 1746 3289 cum
1770 3251 1891 3290 rem
1913 3234 2102 3307 ipsam

458 3318 710 3372 teneant.
745 3318 867 3382 Quo
890 3316 951 3373 in
991 3334 1232 3375 numero
1283 3335 1449 3376 meus
1479 3336 1712 3393 quoque
1740 3326 1905 3394 pater
1932 3328 2056 3380 erat
2087 3341 2102 3393 ;

458 3419 663 3460 ramus
693 3404 931 3477 quidem
964 3405 1060 3462 ille
1073 3406 1322 3476 alienus,
1339 3412 1613 3465 caeterum
1628 3410 1744 3467 vita
1763 3416 1820 3468 et
1840 3413 2105 3469 moribus

457 3492 529 3549 ad
560 3509 667 3549 nos
706 3494 1096 3567 propendens.
1131 3516 1161 3544 ››
1215 3495 1517 3553 Pudicitiae
1562 3497 1733 3555 laude
1787 3500 2105 3557 excellebat

457 3580 773 3654 Gregorius
806 3599 820 3649 ;
853 3581 1008 3638 idem
1040 3583 1217 3639 simul
1251 3585 1715 3643 amabilissimus
1757 3594 1815 3644 et
1842 3590 2104 3646 castissi-

455 3686 614 3733 mus.
645 3687 769 3741 qua
801 3672 917 3727 duo
976 3672 1131 3727 haud
1192 3672 1361 3729 facile
1397 3674 1457 3729 in
1515 3693 1695 3731 unum
1728 3684 2101 3734 concurrunt.

460 3759 711 3815 Justitizs
741 3763 861 3815 tam
920 3766 1090 3817 tenax
1144 3761 1271 3833 fuit,
1295 3766 1359 3818 ut
1392 3763 1450 3818 in
1485 3766 1714 3837 magnis
1771 3768 2103 3839 reipublicae

459 3848 802 3905 muneribus
820 3853 1107 3916 versatus,
1139 3867 1211 3905 ne
1240 3852 1500 3908 teruncio
1530 3855 1766 3925 quidem
1801 3856 2105 3913 facultates

459 3954 598 3993 suas
629 3937 992 3994 auxerit.Sed
1025 3938 1465 4012 bisomissis,ad
1498 3945 2105 4016 annum,quoChristo

462 4041 673 4081 nomen
705 4026 884 4095 dedit,
917 4044 984 4083 ac
1012 4028 1402 4086 Christianam
1434 4031 1774 4105 religionem
1808 4035 2107 4105 professus

461 4130 747 4185 verasque
777 4115 1021 4172 virtutes
1041 4122 1131 4173 est
1168 4123 1491 4189 assecutus,
1537 4122 1862 4178 veniamus.
1898 4125 1950 4179 Is
2000 4126 2111 4181 fuit

465 4219 678 4271 annus,
712 4219 827 4274 quo
858 4204 1055 4261 habita
1085 4212 1174 4262 est
1195 4210 1452 4280 synodus
1482 4210 1732 4281 Niczena,
1758 4218 1891 4284 post
1918 4213 2108 4287 Virgi-

468 4290 562 4344 nis
586 4294 817 4361 partum
849 4294 972 4347 325.
1008 4294 1236 4350 Etenim
1258 4298 1332 4351 ab
1363 4298 1779 4371 episcOpis,qui
1813 4302 1949 4357 illuc
1973 4321 2107 4359 con-

463 4379 783 4435 tendebant
813 4384 879 4435 ut
906 4380 1025 4435 Arii
1080 4383 1375 4440 furoribus
1414 4386 1782 4460 obsisterent,
1823 4392 2111 4465 praecipue

464 4482 598 4522 vero
630 4484 663 4523 a
693 4468 948 4537 Leontio,
983 4471 1082 4540 qui
1124 4475 1248 4526 tum
1308 4475 1674 4546 metropolim
1724 4481 2108 4551 gubernabat,

464 4572 599 4611 cum
631 4562 835 4628 sponte
864 4575 972 4613 sua
987 4560 1339 4615 desiderium
1356 4579 1527 4617 suum
1549 4567 1851 4622 confessus
1883 4569 2111 4638 fuisset,

463 4646 912 4718 communisque
941 4647 1151 4704 salutis
1213 4649 1493 4707 auxilium
1542 4656 1921 4725 poposcisset,
1957 4663 2108 4713 cate-

460 4732 654 4789 cbesis
684 4737 1056 4792 sermonibus
1103 4736 1388 4807 imbutus,
1439 4739 1798 4812 baptismum
1830 4747 2107 4818 suscepit.

465 4841 554 4907 Vl,
585 4840 703 4897 VII.
727 4846 1029 4926 gregarius
1059 4848 1221 4916 pater
1257 4845 1604 4926 _bapt_ismu1_n
1631 4852 1860 4923 suscipit
1892 4854 1959 4908 ab
1996 4855 2110 4926 epi-

535 4927 663 4996 e0po
718 4914 1087 4973 Nazianzeno.
1138 4948 1207 4958 -—
1249 4914 1494 4975 Patriam
1539 4922 1734 4990 fugere
1770 4914 1982 4996 cogitur
2021 4914 2110 4981 'ab

538 4994 685 5039 irata
702 4996 897 5043 matre.

538 5091 703 5147 Anno
734 5093 914 5164 igitur
956 5096 1063 5150 325
1111 5095 1434 5168 baptizatus
1491 5104 1577 5155 est
1626 5101 1957 5175 Gregorius,
2012 5109 2114 5161 aut

468 5178 771 5250 aliquanto
806 5189 936 5253 post
966 5188 1229 5257 tempore
1261 5203 1275 5253 ;
1308 5186 1623 5259 siquidem,
1665 5194 1812 5247 teste
1839 5193 2112 5265 Gregorio

468 5272 669 5322 nostro
700 5268 798 5340 (a),
834 5290 863 5319 «
922 5273 998 5327 Ad
1043 5277 1337 5329 lavacrum
1393 5278 1660 5346 accessit,
1712 5296 1843 5335 cum
1889 5299 1952 5338 se
2009 5300 2112 5355 pro

465 5356 688 5412 viribus
713 5358 837 5414 suis
861 5360 1024 5433 prius
1053 5368 1361 5435 purgasset
1384 5369 1588 5438 ;atque
1608 5372 1737 5425 tum
1759 5371 2110 5439 animo,tum

536 5462 582 5498 ⁸³
605 5463 627 5518 Ι
649 5466 774 5521 Cor.
807 5482 906 5537 VII,
942 5467 1027 5524 14.

536 5568 615 5713 (αἱ
646 5569 739 5627 0r.
777 5573 842 5628 18
860 5590 917 5629 n.
947 5576 1002 5630 6.

536 5643 589 5710 (b
643 5642 810 5713 Ibid.,
846 5662 903 5704 n.
942 5647 1002 5703 13

535 5642 611 5713 (b)
643 5642 810 5714 Ibid.,
846 5662 903 5704 η.
942 5647 1030 5708 13.

2216 3230 2442 3287 ultimis
2466 3235 2750 3287 terrarum
2776 3232 3014 3303 finibus,
3064 3236 3238 3303 atque
3268 3249 3338 3289 ex
3369 3232 3631 3289 universo
3664 3232 3860 3288 homi-

2212 3337 2290 3377 nu
2300 3338 2356 3376 m
2387 3337 2615 3394 genere,
2632 3320 3183 3394 praestantissimum
3198 3323 3324 3392 conj
3334 3322 3534 3394 ugium
3547 3321 3862 3378 conciliare

2213 3410 2560 3477 studuisset,
2590 3410 2819 3466 nullum
2853 3427 3103 3483 usquam
3124 3410 3229 3466 hoc
3250 3410 3622 3482 praestantius
3643 3411 3862 3483 aptius-

2214 3516 2327 3572 que
2349 3499 2586 3571 reperiri
2626 3498 2930 3571 potuisset.
2967 3499 3051 3553 Ita
3072 3499 3225 3554 enim
3257 3498 3514 3554 virorum
3544 3515 3610 3554 ac
3650 3498 3859 3554 mulie-

2214 3604 2345 3642 rum
2377 3588 2598 3657 optima
2625 3592 2678 3642 et
2694 3585 3398 3658 praaclarissimaquzeque
3428 3587 3485 3642 in
3514 3604 3698 3643 unum
3722 3604 3858 3643 con-

2214 3677 2718 3743 ﬂuxerant,uthoc
2746 3676 3337 3743 matrimonium,non
3371 3676 3567 3731 minus
3604 3677 3860 3742 virtutis,

2212 3781 2386 3837 quam
2418 3782 2726 3837 corporum
2757 3781 2942 3821 nexus
2969 3769 3144 3821 esset.
3180 3787 3209 3814 »
3233 3764 3445 3820 Habuit
3470 3765 3858 3836 Nonna,quod

2214 3870 2282 3909 ex
2312 3854 2485 3909 editis
2515 3871 2549 3909 a
2588 3853 2929 3909 doctissimo
2989 3853 3302 3908 Muratorio
3334 3852 3859 3926 epigrammatibus

2214 3943 2519 4008 discimus,
2535 3949 2757 4014 patrem
2778 3943 3013 3998 nomine
3035 3942 3378 3998 Philtatium
3404 3959 3418 4009 ;
3453 3943 3623 3997 matri
3648 3959 3861 3997 nomen

2217 4034 2327 4089 fuit
2347 4033 2654 4105 Gorgonia,
2687 4034 2849 4089 fratri
2888 4032 3348 4105 Amphilochius,
3401 4048 3470 4089 ex
3525 4050 3641 4104 quo
3699 4037 3864 4088 ortus

2219 4138 2471 4195 magnus
2500 4122 2597 4177 ille
2617 4123 3055 4194 Amphilochius
3086 4122 3261 4177 Iconii
3293 4122 3624 4194 episcopus.
3659 4122 3867 4178 Nonna

2221 4229 2289 4267 ex
2318 4212 2512 4266 radice
2532 4216 2735 4267 sancta
2751 4211 2965 4283 prodiit
2988 4230 3001 4280 ;
3026 4215 3441 4282 acceptamque
3469 4229 3501 4266 a
3523 4212 3868 4283 parentibus

2218 4301 2452 4356 virtutis
2483 4301 2877 4356 baereditatem
2901 4301 2983 4356 ita
3000 4301 3213 4373 pietate
3241 4317 3349 4355 sua
3378 4300 3671 4372 praeclaris
3686 4300 3870 4355 actio-

2222 4390 2395 4445 nibus
2416 4390 2595 4458 auxit,
2629 4394 2694 4444 ut
2723 4389 2772 4444 si
2796 4389 3028 4461 singula
3058 4406 3396 4461 percurrere
3420 4389 3654 4444 animus
3683 4395 3863 4458 esset,

2221 4481 2291 4535 de
2323 4479 2438 4534 illis
2467 4480 2736 4536 volumen
2780 4480 3143 4553 impleretur.
3189 4481 3298 4537 Sed
3329 4497 3398 4536 ea
3426 4481 3662 4537 suavius
3691 4481 3865 4553 leget,

2224 4572 2282 4623 et
2310 4584 2378 4624 ex
2406 4568 2534 4639 ipso
2568 4570 2722 4624 fonte
2777 4569 3007 4624 hauriet
3060 4568 3261 4633 lector,
3308 4586 3550 4625 versans
3604 4569 3861 4640 Gregorii

2217 4657 2399 4712 nostri
2434 4657 2669 4729 scripta,
2690 4658 2745 4712 in
2780 4657 2995 4729 quibus
3025 4657 3235 4728 saepius
3282 4658 3497 4713 Nonnaa
3522 4659 3587 4715 fit
3619 4659 3858 4713 mentio.

2220 4745 2484 4817 Legenda
2506 4746 2799 4818 imprimis
2828 4746 3012 4802 oratio
3040 4763 3197 4814 xvm,
3230 4762 3356 4818 quas
3401 4750 3523 4803 tota
3553 4747 3623 4802 de
3652 4748 3864 4820 Grego-

2219 4835 2303 4889 rio
2327 4840 2510 4906 patre,
2542 4839 2599 4891 et
2628 4835 2698 4890 de
2720 4835 2965 4902 Nonna;
3018 4836 3315 4890 carminai
3349 4839 3404 4891 et
3435 4852 3498 4903 II,
3529 4840 3637 4892 etc.
3671 4835 3864 4891 Unum

2220 4924 2501 4979 duntaxat
2533 4926 2797 4987 referam.
2832 4925 2989 4995 quod
3022 4925 3463 4997 praetermittere
3493 4924 3656 4979 nefas
3685 4929 3862 4980 esset.

2219 5013 2437 5069 Nonum
2458 5013 2799 5069 ascribenda
2827 5018 2917 5069 est
2960 5013 3049 5069 sui
3078 5014 3149 5068 ab
3179 5013 3672 5086 Hypsistariorum
3708 5017 3870 5069 secta

2221 5102 2418 5173 sponsi
2453 5104 2521 5156 ad
2554 5102 2945 5158 Christianam
2994 5101 3332 5174 religionem
3360 5102 3651 5169 transitio,
3684 5118 3863 5173 quam

2222 5191 2475 5247 assiduis
2500 5192 2571 5245 ad
2604 5192 2789 5247 Deum
2814 5192 3106 5264 precibus,
3137 5192 3263 5248 dies
3292 5207 3358 5246 ac
3386 5196 3585 5247 noctes
3614 5208 3749 5247 cum
3780 5189 3866 5247 la-

2220 5281 2435 5353 crymis
2474 5285 2531 5336 et
2538 5281 2782 5353 jejuniis
2822 5282 3203 5349 obsecrando,
3227 5280 3589 5353 impetravit:
3608 5280 3872 5351 Sanctiﬁ-

2220 5379 2379 5426 catus
2401 5377 2481 5426 εει
2508 5370 2594 5425 vir
2639 5370 2879 5442 inﬁdelis
2923 5386 3020 5443 per
3058 5370 3345 5427 mulierem
3374 5369 3594 5441 ﬁdelem
3617 5370 3683 5423 5’.
3711 5369 3869 5425 Non-

2290 5584 2363 5726 ξε)
2393 5582 2488 5637 Or.
2520 5582 2610 5654 l8,
2633 5584 2759 5639 n.5.

2313 5656 2370 5726 α)
2404 5653 2572 5726 Ibid.,
2597 5658 2724 5711 n.7.

2313 5656 2370 5726 α)
2404 5653 2572 5726 Ibid.,
2593 5653 2724 5711 n.7.
