4152 6208
282 374 380 439 153
468 320 473 321 θ

1580 367 1774 436 VITA
1817 370 1884 434 s.
1931 346 2325 434 casooan.

3533 368 3648 431 154

280 525 353 566 ne
380 504 695 564 ascribondi
715 503 1234 564 suntabundantes
1256 504 1444 580 ipsius
1465 504 1524 563 in
1554 504 1891 581 episcopatu
1922 512 1977 582 Α
2006 521 2138 562 cum
2196 503 2422 579 legibus
2472 502 2880 563 ecclesiasticis
2927 502 3091 561 valde
3139 518 3483 561 consonum.
3534 490 3646 560 Sed

281 601 481 655 fructus
506 597 754 664 ;Nonnas
779 597 1124 654 ascribenda
1143 602 1232 653 est
1247 602 1515 653 natorum
1539 598 1897 669 pietas,quos

280 688 427 745 enixa
456 704 566 741 non
600 688 794 742 minus
826 688 1033 758 spiritu
1068 703 1243 759 quam
1276 703 1468 751 carne,
1500 687 1683 742 Deum
1714 702 1897 741 unum

278 778 457 833 timere
484 780 541 829 et
570 791 763 831 amare
791 775 988 830 docuit
1012 792 1025 843 ;
1059 791 1205 846 quos
1223 780 1344 831 tam
1366 777 1614 847 egregiis
1636 774 1897 830 moribus

278 882 331 921 ac
373 865 667 937 praeceptis
696 864 1030 920 informavit
1059 869 1230 932 atque
1261 864 1492 930 imbuit,
1525 868 1591 919 ut
1615 863 1896 935 singulos,

276 956 545 1025 aspirante
594 954 803 1025 gratia,
849 954 1059 1008 ardens
1092 954 1164 1007 ad
1198 953 1390 1008 sidera
1420 953 1603 1007 virtus
1633 954 1895 1020 erexerit,

275 1048 428 1114 atque
458 1043 610 1097 inter
652 1047 892 1097 sanctos
940 1042 1052 1113 ipsi
1093 1049 1477 1097 numerentur
1515 1058 1647 1096 cum
1679 1042 1898 1097 sanctis

276 1132 594 1203 parentibus
626 1149 641 1199 ;
690 1130 972 1186 nimirum
1018 1132 1328 1202 Gorgonia,
1371 1148 1497 1201 quae
1531 1131 1728 1186 forsan
1757 1134 1897 1185 natu

278 1221 509 1275 maxima
526 1220 671 1287 fuit;
695 1219 1029 1292 Gregorius,
1049 1220 1119 1274 de
1144 1220 1316 1289 cujus
1336 1220 1473 1288 vita,
1498 1220 1672 1277 rebus
1694 1220 1898 1291 gestis,

275 1316 320 1363 et
343 1308 565 1380 scriptis
588 1308 802 1363 dicturi
834 1325 1061 1373 sumus,
1093 1313 1151 1363 et
1179 1308 1483 1364 Caesarius.

556 1415 621 1471 X.
660 1417 773 1483 Quo
801 1432 952 1470 anno
982 1423 1143 1470 natus
1171 1416 1249 1470 sit
1272 1418 1588 1486 Gregorius.

334 1505 489 1558 Hisce
519 1519 659 1575 ergo
702 1504 1042 1574 parentibus
1092 1508 1263 1558 natus
1307 1507 1395 1558 est
1443 1502 1775 1575 Gregorius
1801 1502 1899 1573 (α),

278 1613 300 1640 ε(
326 1596 482 1663 atque
516 1592 588 1646 ad
619 1592 805 1647 Deum
840 1610 872 1646 a
899 1592 1070 1647 vulva
1100 1592 1231 1665 ipsa
1263 1592 1575 1665 projectus,
1612 1596 1669 1646 et
1699 1608 1769 1646 ex
1786 1608 1905 1646 ma-

279 1686 420 1736 terna
450 1679 865 1752 pollicitatione
898 1680 1009 1752 ipsi
1042 1682 1315 1737 donatus.
1353 1703 1380 1729 »
1414 1680 1640 1735 Etenim
1675 1680 1902 1746 Nonna,

280 1769 493 1840 cupiens
523 1768 849 1825 masculam
883 1770 1127 1841 prolem,
1160 1787 1293 1825 cum
1325 1787 1453 1826 eam
1478 1770 1695 1825 crebris
1718 1770 1901 1841 preci-

282 1859 375 1950 bus
400 1876 431 1914 a
459 1858 574 1914 Deo
602 1859 999 1950 impetrasset,
1036 1864 1100 1914 ut
1145 1858 1501 1950 olimDAnna
1526 1858 1902 1950 MSarfnuelem,
1937 1886 1982 1950 Β

281 1947 379 2001 voti
416 1964 652 2018 compos
692 1949 844 2002 facta
875 1948 969 2020 pia
1020 1952 1225 2013 mater,
1261 1947 1443 2002 filium
1489 1947 1600 2002 sibi
1624 1949 1775 2002 dono
1808 1946 1904 2001 Dei

284 2052 601 2092 concessum
637 2036 722 2091 illi
771 2054 805 2091 a
845 2054 958 2109 quo
998 2042 1317 2109 acceperat,
1352 2044 1579 2090 Annam
1612 2035 1903 2103 aemulata,

284 2126 623 2180 consecravit
648 2127 713 2179 ⁸³.
748 2127 868 2190 Quo
914 2142 1066 2181 anno
1116 2126 1168 2179 id
1223 2125 1527 2197 contigerit
1578 2126 1770 2197 gravis
1821 2129 1909 2181 est

284 2213 599 2281 difficultas,
637 2219 692 2268 et
725 2218 944 2270 certant
976 2215 1129 2269 inter
1167 2230 1227 2269 se
1268 2215 1599 2286 scriptores.
1634 2213 1907 2277 Quamvis

282 2308 523 2357 nostrum
551 2319 670 2357 non
696 2302 771 2357 sit
792 2308 987 2357 tantas
1009 2302 1138 2357 lites
1159 2319 1524 2375 componere,
1550 2302 1687 2375 quid
1710 2308 1907 2357 tamen

284 2392 583 2446 sentiamus
618 2391 995 2447 dissimulare
1022 2391 1113 2446 lex
1164 2391 1354 2463 operis
1400 2408 1516 2446 non
1568 2392 1752 2446 sinit:
1805 2390 1907 2445 sed

283 2480 425 2549 prius
454 2481 813 2535 diversarum
846 2480 1186 2552 opinionum
1218 2481 1595 2552 expendenda
1624 2485 1762 2535 sunt
1793 2496 1910 2534 mo-

286 2575 474 2623 menta.
510 2570 820 2625 Doctissim
832 2586 899 2624 us
924 2585 989 2624 ac
1012 2569 1314 2640 piissimus
1335 2569 1906 2634 Tillemontius,cum

284 2658 395 2711 aliis
425 2658 712 2729 pluribus,
748 2658 1089 2730 Gregorium
1120 2674 1225 2713 nec
1258 2658 1427 2714 citius
1459 2674 1565 2713 nec
1595 2658 1783 2714 serius
1813 2674 1911 2713 an-

289 2763 349 2800 no
378 2752 455 2801 ter
483 2736 806 2803 centesimo
830 2747 1106 2803 vicesimo
1136 2763 1288 2802 nono
1322 2752 1528 2803 natum
1558 2763 1686 2803 esse
1708 2746 1913 2803 statuit

287 2852 340 2888 cx
368 2834 629 2905 pluribus
660 2835 915 2906 Gregorii
954 2835 1142 2908 ipsius
1178 2836 1389 2907 verbis,
1436 2852 1551 2907 quo
1602 2840 1755 2892 certe
1795 2852 1909 2891 non

284 2936 355 2977 es:
383 2926 525 2980 alius
555 2926 748 2980 aetatis
778 2941 894 2979 suae
916 2924 1082 2980 testis
1104 2924 1464 2997 locupletior.
1490 2925 1781 2981 Palmaria
1800 2926 1910 2981 im-

287 3014 465 3083 primis
492 3014 770 3069 videntur
790 3012 911 3069 haec
939 3013 1198 3085 Gregorii
1232 3014 1417 3084 patris
1435 3015 1609 3069 verba
1628 3013 1813 3069 filium
1837 3015 1907 3069 ad

290 3102 707 3174 suscipiendum
751 3119 963 3158 munus
994 3102 1367 3174 pastoritium
1396 3102 1750 3175 impellentis
1781 3102 1857 3175 (b)
1892 3119 1905 3159 ε

341 3203 487 3284 Οῧπω
516 3212 777 3284 ςοσρῖξτογ
814 3206 1229 3284 ἐκμερῖὲτρῃκοιςΔ
1255 3207 1393 3283 βίον,

343 3282 487 3341 ’Ὁσος
519 3278 717 3349 διῆλθε
747 3278 1096 3352 Θυσιῶνήέμὸί
1126 3278 1349 3356 χρόύος.

342 3370 572 3425 Nondum
604 3376 685 3425 tot
713 3387 889 3425 annos
915 3372 1028 3425 vita
1051 3372 1337 3442 percurrit
1367 3378 1483 3441 tua,

344 3442 466 3509 Quot
491 3446 571 3499 mi
604 3444 669 3496 in
696 3444 868 3498 sacris
891 3442 1015 3513 jam
1043 3446 1171 3497 sunt
1197 3445 1411 3513 peracti
1438 3443 1694 3498 victimis.

291 3549 371 3604 llis
398 3552 627 3608 duobus
660 3551 962 3607 versiculis
1005 3551 1381 3608 manifestum
1432 3556 1521 3608 est
1565 3552 1907 3626 Gregorium

289 3638 693 3697 Nezianzenum
724 3645 927 3696 natum
958 3656 1106 3707 esse,
1132 3657 1263 3695 cum
1289 3642 1415 3711 jam
1447 3641 1561 3697 Deo
1588 3643 1715 3713 ejus
1748 3647 1911 3715 pater

289 3728 521 3786 victimas
577 3730 817 3786 offerret
856 3747 869 3797 ;
922 3730 1042 3785 sive
1083 3730 1351 3785 victimas
1408 3747 1505 3785 eas
1552 3731 1908 3787 intellexeris

294 3833 415 3888 quas
442 3820 693 3891 quilibet
722 3818 1086 3874 Christianus
1117 3835 1186 3874 ex
1216 3820 1388 3874 corde
1417 3836 1561 3890 puro
1583 3820 1767 3888 offert,
1788 3821 1908 3876 sive

293 3920 412 3974 quas
439 3908 627 3964 solius
648 3913 737 3963 est
760 3908 1079 3963 sacerdotis
1107 3912 1209 3963 aut
1233 3908 1512 3980 episcopi,
1544 3912 1608 3964 ut
1630 3909 1907 3983 ministri,

295 3994 484 4052 oﬂ’erre.
515 3999 667 4053 Cum
698 4002 892 4052 autem
917 3997 1232 4070 Gregorius
1265 4014 1379 4053 non
1408 4002 1541 4053 ante
1563 4014 1781 4054 annum
1802 4000 1908 4056 328

294 4092 489 4143 creatus
535 4090 620 4144 sit
660 4089 930 4144 sacerdos
983 4092 1040 4144 et
1086 4088 1418 4160 episcopus,
1460 4103 1697 4145 necesse
1728 4094 1816 4145 est
1844 4094 1910 4145 ut

294 4176 569 4249 Gregorius
602 4176 783 4232 Filius
812 4193 881 4231 ex
901 4180 1062 4248 patre
1083 4176 1354 4249 episcopo
1380 4176 1457 4233 sit
1480 4183 1836 4248 procreatus,
1858 4179 1907 4234 si

293 4262 523 4322 victimas
553 4283 705 4339 quas
735 4265 962 4333 obtulit,
996 4265 1337 4337 priusquam
1370 4270 1709 4321 nasceretur
1730 4267 1907 4335 filius,

293 4366 370 4407 eas
394 4370 512 4409 esse
541 4354 882 4423 credideris,
914 4370 1061 4425 quas
1092 4354 1196 4409 soli
1231 4355 1515 4410 sacerdoti
1537 4354 1908 4411 offerrecom-

297 4442 429 4511 petit,
460 4446 718 4515 adeoque
747 4461 860 4499 non
894 4448 1027 4498 ante
1075 4460 1295 4498 annum
1334 4445 1442 4499 328
1493 4449 1595 4499 aut
1640 4444 1766 4515 329,
1797 4462 1909 4517 quo

295 4536 492 4589 creatus
522 4540 609 4589 est
636 4533 972 4604 episcOpus.

2004 596 2177 651 verba
2207 599 2400 651 Graeca
2431 594 2597 650 aliter
2626 595 2968 668 intelligere,
3002 611 3072 650 ne
3102 592 3192 650 vel
3222 592 3459 665 ipsimet
3475 593 3650 665 Pape-

2005 684 2241 740 brochio
2276 683 2551 756 possibile
2581 690 2668 740 est
2691 685 2814 758 (d);
2850 684 3063 757 quippe
3081 683 3177 755 qui
3204 682 3370 739 aliter
3390 700 3457 739 ea
3476 681 3650 738 inter-

2008 775 2219 846 pretari
2252 775 2477 845 nequit,
2502 773 2611 829 nisi
2642 774 2923 829 mutando
2957 773 3210 845 Gregorii
3247 773 3417 829 verba
3456 771 3650 829 Graeca

2005 863 2245 919 arbitrio
2267 879 2395 930 suo,
2420 862 2638 918 nullius
2666 863 2989 934 scriptoris,
3004 861 3223 917 nullius
3241 862 3455 917 codicis
3474 877 3648 917 manu

2005 952 2220 1007 exarati
2256 952 2613 1006 auctoritate.
2659 952 2819 1018 Quod
2872 951 3085 1006 mirum
3136 949 3315 1006 videri
3358 949 3541 1022 possit
3589 948 3649 1005 in

2005 1039 2147 1107 viro,
2181 1042 2277 1112 qui
2324 1041 2392 1095 de
2428 1040 2797 1097 versionibus
2847 1039 3193 1112 expostulat,
3248 1044 3421 1111 atque
3469 1039 3647 1095 inter-

2007 1134 2200 1201 pretes
2249 1129 2489 1185 minime
2541 1130 2800 1185 curiosos
2854 1130 3052 1200 fuisse,
3107 1129 3203 1186 ubi
3255 1145 3352 1185 eos
3403 1128 3651 1185 maxime

2007 1218 2385 1290 scrupulosos
2415 1235 2541 1275 esse
2573 1218 2983 1291 opportuisset,
3009 1218 3271 1274 ciamitat
3289 1218 3317 1273 Ἰ

2078 1306 2412 1377 Legendum
2442 1305 2621 1378 igitur
2651 1304 2878 1374 ἐτησίων
2911 1324 3013 1379 pro
3044 1306 3237 1359 θυσιῶν
3270 1305 3504 1377 conjicit
3537 1323 3549 1361 :

2077 1395 2237 1471 Ὦπος
2271 1390 2449 1471 διῆλθ⁹
2482 1392 2710 1461 ἐτησίων
2740 1393 2861 1471 ἐμοὶ
2894 1394 3113 1471 χρόνος.

2084 1466 2236 1533 Quod
2266 1468 2561 1521 etesiarum
2592 1470 2810 1523 transiit
2842 1466 3049 1539 tempus
3080 1467 3233 1522 mihi.

2010 1556 2144 1621 Quae
2174 1554 2345 1610 lectio
2376 1555 2539 1612 nullo
2580 1556 2786 1611 nititur
2834 1556 3233 1625 fundamento,
3285 1573 3389 1611 nec
3437 1555 3555 1611 ulla
3601 1555 3652 1609 ei

2011 1646 2214 1701 subest
2245 1646 2419 1701 notio.
2452 1647 2590 1710 Quis
2618 1648 2773 1702 enim
2818 1648 3014 1703 credat
3056 1647 3394 1719 Gregorium
3430 1652 3652 1720 patrem

2012 1733 2340 1806 significare
2368 1736 2644 1803 voluisse,
2678 1737 2941 1793 nondum
2971 1741 3056 1793 tot
3085 1753 3268 1793 annos
3292 1736 3503 1791 vixisse
3523 1736 3655 1792 Gre-

2012 1823 2240 1895 gorium
2276 1824 2483 1891 filium,
2518 1830 2659 1897 quot
2692 1826 2816 1899 ipse
2836 1825 3083 1882 vixerit?
3116 1826 3260 1883 Nam
3286 1825 3366 1881 sic
3409 1826 3533 1898 ipse
3562 1824 3655 1879 in-

2013 1916 2275 1984 pretatur
2305 1914 2733 1985 Papebrochius
2765 1915 2875 1987 (c):

2085 2002 2244 2139 ama;
2270 2006 2490 2126 piracta
2520 2006 2631 2057 tam
2660 2003 2822 2073 longa
2846 2002 3086 2059 nondum
3117 2011 3195 2059 est
3218 2004 3340 2073 tibi,

2136 2088 2199 2127 uo
2229 2115 2243 2139 ,
2276 2089 2304 2126 e
2336 2090 2385 2127 c.

2136 2088 2243 2139 μοι,
2276 2088 2385 2127 etc.

2014 2161 2119 2214 Sed
2155 2160 2532 2217 correctionis
2558 2179 2676 2217 sua:
2710 2184 2739 2213 «
2768 2162 3084 2234 licentiam,
3117 2185 3145 2214 »
3205 2163 3290 2218 sic
3336 2163 3491 2217 enim
3540 2162 3665 2234 ipse

2016 2248 2290 2319 appellat,
2323 2250 2555 2322 agnovit
2585 2256 2823 2322 postea;
2869 2254 3171 2315 confessus
3220 2256 3309 2307 est
3352 2251 3527 2306 etiam
3577 2250 3666 2304 vir

2016 2338 2301 2393 candidus
2331 2356 2459 2393 eam
2502 2340 2723 2396 nullius
2763 2341 3145 2412 manuscripti
3175 2340 3517 2395 auctoritate
3549 2338 3659 2393 ful-

2016 2425 2142 2491 ciri,
2175 2444 2240 2481 ac
2270 2427 2506 2482 demum
2539 2427 2828 2499 pollicitus
2860 2429 3009 2485 hanc
3032 2446 3093 2485 se
3114 2428 3363 2485 libenter
3383 2428 3659 2484 dimissu-

2018 2531 2172 2581 rum,
2202 2532 2337 2569 cum
2368 2516 2453 2571 vel
2485 2516 2660 2572 aliam
2685 2518 2871 2590 magis
2895 2519 3196 2573 fundatam
3215 2521 3549 2589 certamque
3569 2516 3661 2571 in-

2017 2603 2235 2658 venerit
2267 2604 2583 2675 quispiam,
2630 2604 2722 2661 vel
2776 2605 3123 2677 explicandae
3162 2606 3442 2677 phraseos
3491 2606 3662 2661 istius

2018 2692 2304 2748 rationem
2335 2693 2641 2765 aptiorem.
2661 2694 2847 2750 Aliam
2869 2695 2994 2767 ipse
3018 2694 3443 2767 Papebrochius
3464 2693 3660 2750 lectio-

2020 2796 2154 2836 nem
2187 2781 2407 2836 invenit
2433 2782 2534 2855 (f),
2566 2799 2668 2838 seu
2696 2785 2888 2855 potius
2920 2784 3119 2851 finxit;
3144 2785 3314 2854 cujus
3335 2800 3449 2838 non
3476 2783 3662 2854 major

2020 2885 2198 2940 quam
2233 2871 2441 2940 prioris
2495 2872 2809 2928 auctoritas
2845 2889 2971 2928 esse
3002 2877 3211 2944 potest,
3259 2888 3393 2927 cum
3438 2871 3660 2928 nullius

2017 2957 2148 3030 ipsa
2195 2958 2411 3014 codicis
2450 2961 2791 3016 auctoritate
2834 2960 3109 3016 fulciatur
3141 2979 3154 3029 ;
3204 2967 3261 3017 et
3296 2978 3419 3032 qua:
3451 2977 3577 3024 suo,
3610 2961 3661 3016 si

2018 3048 2448 3119 admitteretur,
2490 3048 2621 3120 plus
2672 3056 2922 3117 noceret,
2961 3066 3139 3121 quam
3174 3052 3388 3106 faveret
3416 3049 3660 3105 fabrica-

2015 3136 2128 3191 tori
2164 3154 2176 3191 :
2210 3137 2293 3191 sic
2323 3136 2501 3209 igitur
2527 3137 2838 3209 legendum
2870 3140 3160 3212 suggerit:

2088 3226 2247 3302 "pace
2278 3222 2467 3293 διῆλθε
2497 3223 2578 3287 δὶς
2608 3226 2857 3302 ἰῲνῗέμοὶ
2888 3228 3108 3302 χρόνος.

2088 3298 2182 3352 Bis
2212 3303 2483 3369 quantum
2506 3300 2680 3354 eundo
2710 3298 3154 3373 labituftempus
3184 3302 3339 3356 mihi.

2018 3384 2214 3441 Satius
2264 3390 2373 3454 est,
2408 3391 2473 3442 ut
2502 3388 2584 3443 ait
2612 3393 2807 3444 noster
2836 3390 3189 3445 Prudentius
3222 3390 3420 3445 Maran
3452 3390 3512 3444 in
3548 3390 3661 3445 Vita

2015 3477 2193 3531 sancti
2220 3476 2429 3531 Basilii
2452 3477 2533 3549 (p.
2563 3477 2676 3549 38),
2709 3500 2738 3528 ‹‹
2772 3494 2907 3535 cum
2942 3478 3308 3535 Tillemontio
3340 3478 3526 3549 fateri,
3574 3478 3659 3533 le-

2016 3580 2149 3638 gem
2224 3564 2679 3622 ecclesiasticam
2732 3568 2803 3623 de
2849 3568 3207 3624 continentia
3252 3568 3658 3639 episcoporum

2016 3655 2279 3709 nondum
2335 3654 2395 3710 in
2447 3654 2720 3711 omnibus
2769 3656 3007 3712 omnino
3064 3656 3335 3712 Ecclesiis
3383 3656 3655 3726 viguisse,

2017 3759 2197 3816 quam
2223 3744 2657 3814 apertissimum
2689 3744 2884 3801 locum
2900 3746 3187 3815 ejusmodi
3207 3746 3559 3815 conjecturis
3580 3750 3662 3801 at-

2013 3836 2258 3888 tentare.
2281 3854 2309 3882 »
2340 3832 2535 3902 Recte,
2566 3833 2617 3889 si
2638 3834 2800 3906 prius
2830 3834 3218 3890 demonstrari
3249 3838 3445 3905 posset
3473 3833 3657 3901 legem

2014 3921 2177 3977 illam
2216 3921 2277 3976 in
2308 3923 2667 3993 Cappadocia
2717 3939 2833 3978 non
2882 3923 3158 3995 viguisse,
3208 3922 3363 3994 quod
3421 3922 3655 3994 quidem

2014 4011 2259 4083 probare
2296 4028 2412 4066 non
2442 4011 2609 4067 facile
2636 4010 2829 4067 fuerit.

2088 4100 2187 4155 Est
2207 4098 2359 4156 alius
2389 4099 2649 4172 Gregorii
2687 4105 2899 4167 textus,
2931 4101 3031 4171 qui
3083 4101 3157 4156 ad
3194 4100 3653 4157 conﬁrmandam

2016 4188 2369 4245 sententiam
2400 4189 2756 4245 Tillemontii
2787 4190 2858 4243 de
2888 4206 3041 4244 anno
3064 4206 3178 4260 quo
3200 4207 3285 4246 νιν
3305 4194 3544 4245 sanctus
3567 4207 3661 4245 na-

2015 4282 2113 4334 tus
2144 4283 2255 4343 est,
2300 4296 2415 4334 non
2456 4278 2654 4333 minus
2694 4278 2939 4334 idoneus
2984 4278 3215 4335 videtur
3248 4295 3260 4334 :
3296 4280 3377 4334 ait
3406 4296 3660 4350 namque

2016 4368 2345 4437 Gregorius,
2379 4383 2512 4421 cum
2546 4367 2780 4421 Athenis
2811 4366 2869 4421 in
2885 4367 3131 4438 patriam
3150 4367 3401 4422 reditum
3418 4369 3661 4439 parabat

2016 4472 2169 4512 anno
2199 4456 2323 4527 355,
2349 4473 2410 4511 se
2435 4455 2675 4527 longum
2706 4460 2940 4527 tempus
2960 4456 3153 4512 studio
3183 4455 3525 4526 eloquentia
3546 4456 3657 4512 im-

2016 4546 2309 4617 pendisse,
2344 4562 2412 4600 ac
2443 4562 2504 4601 se
2528 4548 2650 4616 jam
2681 4545 2915 4601 circiter
2943 4544 3184 4618 triginta
3212 4562 3396 4601 annos
3428 4553 3650 4601 natum.

297 4637 511 4710 lii-XIII.
541 4639 799 4695 Bollandi
827 4640 1097 4694 sententia
1146 4639 1211 4694 de
1246 4656 1412 4709 anno,
1470 4655 1572 4710 quo
1619 4648 1783 4696 natus
1828 4646 1907 4697 est
1935 4621 1981 4686 D
2012 4637 2142 4689 Ηεεο
2171 4639 2311 4689 sunt
2339 4634 2467 4705 ejus
2500 4634 2669 4689 verba
2700 4650 2714 4689 ε

353 4708 635 4781 Gregorius.
670 4712 806 4779 Quot
835 4712 998 4765 annis
1030 4710 1317 4781 Gregorius
1347 4708 1566 4767 Athenis
1584 4714 1911 4783 eloquentia

354 4796 563 4851 cperam
587 4783 755 4839 dedit.
789 4783 1083 4853 Refettitur
1111 4784 1294 4855 opinio
1316 4784 1597 4839 Bollandi.

354 4888 672 4945 Reclamant
707 4888 1078 4945 Bollandistaa
1107 4890 1198 4961 (ε),
1231 4890 1577 4962 interpretes
1608 4894 1906 4959 accusant,

299 4977 447 5031 verba
473 4977 660 5033 Greca
688 4979 760 5034 ab
789 4971 936 5050 ipsis
966 4978 1118 5033 male
1149 4979 1375 5034 reddita
1412 4979 1612 5034 Latine
1651 4996 1907 5050 querun-

299 5065 395 5131 tur,
423 5071 475 5120 et
503 5066 987 5122 absurdissimum
1019 5083 1148 5122 esse
1182 5066 1456 5135 clamant,
1508 5068 1557 5122 si
1598 5066 1908 5138 Gregorius

300 5148 656 5211 Nazianzenus
702 5155 930 5211 dicatur
976 5161 1138 5227 patre
1184 5156 1480 5212 sacerdote
1516 5156 1606 5212 vel
1636 5156 1907 5229 episcopo

300 5240 479 5299 editus.
510 5245 571 5300 1d
601 5244 833 5315 quidem
866 5244 1083 5300 mirum
1108 5248 1165 5301 et
1185 5262 1426 5317 prorsus
1449 5245 1774 5315 insolitum,
1801 5263 1907 5303 nec

358 5357 397 5391 εει
426 5359 445 5412 ι
474 5359 607 5431 Reg.
640 5376 681 5424 ι,
717 5360 800 5427 11,
831 5359 921 5413 28.

362 5488 427 5560 (α)
452 5491 541 5548 Or.
570 5495 623 5561 2,
654 5509 710 5546 n.
751 5492 841 5546 77.

368 5561 431 5647 ibi
452 5565 637 5647 Pete:
670 5565 885 5647 male
908 5579 1028 5647 sese
1059 5580 1113 5632 ν›
1143 5563 1269 5619 512-

386 5635 1055 5780 slsis-gae”-

2091 4723 2192 4811 ξίαὲ
2222 4723 2324 4799 γὰρ
2353 4720 2808 4811 πολὺςΙτὲτριπτο
2837 4728 2954 4811 Eoi};
2987 4720 3174 4811 λξγριξ
3198 4720 3422 4811 χεόνος.

2087 4791 2574 4869 Ἢδήτριακοστόν
2613 4791 2705 4867 pot
2738 4791 2931 4870 σχεδὸν
2963 4791 3108 4848 τοῦέ
3137 4791 3352 4863 ἦν”ἔτος
3379 4796 3475 4867 (g).

2015 4887 2230 4943 Verum
2260 4904 2328 4943 ex
2356 4888 2595 4943 adverso
2626 4890 2939 4943 occurrunt
2967 4886 3340 4943 Bollandista:
3360 4887 3461 4958 (h),
3490 4889 3660 4957 atque

2014 4975 2075 5032 in
2105 4993 2171 5032 eo
2201 4977 2526 5048 disputant.
2566 4995 2588 5022 ι
2622 4976 2835 5039 Gratis,
2868 4976 3167 5048 inquiunt,
3188 4977 3564 5048 praesumitur
3584 4977 3660 5032 si-

2016 5066 2181 5139 gnari
2231 5082 2421 5122 annus
2460 5065 2668 5133 aetatis,
2703 5066 2801 5125 ubi
2835 5082 3027 5121 annus
3057 5065 3259 5133 studii,
3291 5066 3656 5137 acquirendas

2016 5154 2359 5227 eloquentiae
2386 5154 2629 5209 Athenis
2686 5154 2958 5225 impensi,
3008 5153 3191 5209 multo
3236 5154 3658 5226 congruentius

2015 5249 2206 5317 potest
2232 5243 2592 5315 intelligi.....
2625 5243 2785 5299 Alias
2817 5243 2971 5299 enim
2994 5244 3285 5315 quomodo
3300 5248 3533 5316 tempus
3556 5261 3659 5299 an-

2086 5493 2159 5565 (e)
2190 5494 2354 5547 Tom.
2390 5490 2860 5565 Ilnga_ii.Ap.8/175.

2108 5563 2154 5635 ῃ
2184 5566 2349 5619 Tom.
2384 5564 2485 5617 VII
2516 5563 2672 5632 Maii,
2704 5580 2760 5634 p.
2792 5564 2921 5632 65,1,

2148 5638 2164 5707 )
2195 5637 2388 5707 Carm,
2416 5635 2489 5689 De
2518 5638 2632 5707 vita
2660 5651 2781 5704 sua,
2812 5653 2867 5706 v,
2900 5635 3024 5692 238.

2088 5706 2172 5780 (h)
2200 5708 2234 5761 9
2263 5706 2415 5776 Maii,
2448 5724 2509 5778 p.
2548 5706 2671 5764 371.
