4152 6208
375 292 493 354 155

1700 297 1886 360 VITA
1933 299 1995 359 S.
2044 298 2436 360 GREGORII.

3649 297 3766 359 156

379 439 590 482 norum
622 430 748 483 octo
777 426 865 484 vel
896 428 1091 485 decem
1121 431 1250 500 (nec
1280 429 1434 486 enim
1466 429 1664 503 plures
1714 435 1852 488 tunc
1902 447 2010 486 nu-
2038 433 2092 500 Α
2124 433 2273 503 quod
2307 432 2480 487 etiam
2513 432 2753 505 signant
2785 431 2983 488 addita
3008 429 3294 504 particula
3326 453 3354 481 ‹‹
3384 433 3668 502 tanquam
3699 445 3769 486 ex

375 531 598 571 merere
628 533 851 588 posses,
884 518 932 572 si
965 518 1155 573 solum
1186 523 1309 574 erat
1336 520 1726 589 tricenarius),
1765 521 2006 593 longum

373 605 615 660 dixisset
634 605 705 660 ad
754 623 880 661 eam
909 607 1400 675 exercitationem,
1435 610 1526 664 cui
1559 610 1792 681 plurimi
1824 613 2007 666 totam

376 695 648 750 dicabant
675 695 872 763 vitam,
907 713 1095 768 neque
1123 698 1210 753 vel
1242 704 1500 754 extrema
1535 705 1699 755 atate
1749 700 2006 754 oratoria

379 784 522 840 artis
554 785 960 856 perfectionem
985 804 1046 842 se
1085 792 1384 842 assecutos
1425 789 1827 843 credebant?»
1863 789 2009 859 Ergo

376 891 447 930 ne
478 874 677 928 decem
709 873 796 929 vel
828 879 954 930 octo
985 877 1124 930 anni
1156 875 1497 947 eloquentia
1529 877 1721 931 studio
1768 876 2010 931 Athenis

371 963 644 1034 impensi,
673 963 792 1019 viro
815 964 1164 1032 Christiano,
1191 966 1290 1037 qui
1320 967 1443 1035 jam
1470 970 1638 1022 antea
1668 982 1769 1037 per
1815 965 2012 1037 plures

379 1068 583 1119 annos,
619 1056 742 1107 tum
776 1053 1042 1109 Nazianzi
1074 1073 1107 1109 a
1137 1055 1498 1126 parentibus,
1549 1059 1674 1110 tum
1723 1056 2010 1126 Caesarea,

377 1140 624 1212 aliisque
655 1141 713 1196 in
745 1140 886 1198 locis
909 1160 942 1198 a
959 1144 1314 1200 doctissimis
1337 1144 1632 1217 magistris
1656 1145 1713 1198 in
1736 1145 1893 1199 omni
1919 1144 2012 1198 lit-

375 1233 633 1285 terarum
659 1233 716 1285 et
736 1230 1109 1287 scientiarum
1135 1250 1343 1304 genere
1364 1233 1551 1288 fuerat
1574 1232 1898 1304 institutus,
1922 1250 2014 1288 sa-

376 1319 452 1375 tis
471 1335 761 1392 superque
780 1325 965 1386 erant,
994 1325 1058 1376 ut
1079 1322 1188 1392 ipsi
1226 1323 1415 1377 dicere
1448 1322 1649 1378 liceret
1686 1340 1745 1378 se
1773 1321 2013 1396 longum

376 1413 610 1479 tempus
642 1409 698 1462 in
734 1426 799 1464 eo
832 1410 1120 1466 curriculo
1153 1410 1432 1466 trivisse?
1469 1414 1552 1466 An
1599 1427 1731 1467 vero
1781 1428 2018 1468 necesse

377 1502 486 1562 est,
515 1501 578 1552 ut
598 1497 776 1552 vitam
800 1499 930 1570 quis
952 1503 1132 1554 totam
1150 1499 1426 1555 dicaverit
1438 1501 1629 1555 studio
1649 1500 2015 1571 eloquentiae,

378 1603 493 1657 quo
518 1603 648 1641 vere
670 1586 853 1657 possit
872 1588 1061 1643 dicere
1083 1605 1144 1643 se
1165 1587 1404 1660 longum
1430 1594 1661 1661 tempus
1685 1590 1822 1644 huic
1853 1607 2015 1645 exer-

377 1675 637 1731 citationi
668 1676 1026 1747 impendisse
1047 1677 1073 1731 ‘t
1103 1678 1443 1751 Potuitergo
1467 1680 1658 1735 dicere
1679 1679 2012 1751 Gregorius,

381 1764 536 1836 quod
569 1781 703 1820 eum
737 1765 952 1821 dixisse
978 1782 1050 1820 m:
1079 1767 1355 1823 nifestum
1387 1772 1491 1823 est.
1524 1773 1645 1824 Imo
1676 1768 1854 1823 miror
1875 1769 2014 1825 Gre-

378 1854 607 1926 gorium
640 1857 726 1909 tot
755 1871 938 1910 annos
968 1855 1212 1911 Athenis
1260 1861 1558 1913 versatum
1587 1876 1600 1927 ;
1649 1859 2013 1930 Gregorium,

379 1942 640 2012 inquam,
673 1959 845 2014 quem
889 1948 1076 1999 mater
1105 1962 1138 1999 a
1168 1945 1285 2001 Deo
1330 1947 1598 2016 precibus
1655 1947 2018 2019 impetrarat,

381 2030 698 2104 pollicitata
727 2049 788 2087 se
818 2032 868 2088 ei
890 2033 1236 2102 dicaturum,
1265 2034 1313 2089 si
1335 2037 1481 2090 votis
1501 2039 1780 2091 annueret
1807 2061 1820 2102 ;
1845 2052 2016 2107 quem

381 2137 416 2176 a
444 2119 612 2176 vulva
640 2119 769 2192 ipsa
797 2122 868 2176 ad
904 2123 1083 2177 Deum
1117 2124 1474 2194 projecerat;
1524 2125 1625 2195 qui
1677 2141 1738 2180 se
1770 2141 1803 2179 a
1837 2129 2022 2181 matre

380 2208 498 2266 Deo
521 2207 774 2264 dicatum
799 2214 1002 2277 norat;
1028 2210 1143 2281 cui,
1168 2227 1304 2268 cum
1333 2213 1457 2284 jam
1497 2213 1757 2284 pueritia
1790 2217 2019 2269 atatem

381 2297 712 2366 transisset,
756 2298 961 2354 divina
1019 2300 1328 2372 Scriptura
1373 2301 1637 2373 exempla
1685 2302 2020 2370 instillarat,

384 2387 600 2460 quibus
630 2387 987 2460 signiﬁcarat
1015 2392 1321 2461 parentum
1355 2395 1508 2446 vota.
1551 2391 1791 2448 Abraba
1845 2393 2025 2448 histo-

381 2477 532 2533 riam
559 2481 613 2533 et
633 2481 819 2547 Isaac,
841 2479 1017 2533 Anna
1057 2483 1113 2534 et
1154 2479 1474 2549 Samuelis;
1517 2497 1691 2552 quem
1724 2498 1858 2537 cum
1889 2497 2024 2538 eum

384 2571 498 2623 Deo
529 2567 838 2638 puerulum
871 2567 1103 2637 obtulit,
1136 2567 1218 2625 sic
1245 2569 1420 2624 atrata
1448 2574 1573 2625 erat
1603 2569 1679 2641 (α)
1707 2587 1719 2624 :

454 2678 612 2739 Nate,
638 2689 731 2743 ego
752 2676 937 2729 vivum
970 2674 1202 2743 Christo,
1235 2676 1581 2738 charissime,
1616 2694 1813 2733 munus

456 2746 681 2816 Offerre,
705 2762 806 2817 quo
837 2748 1029 2802 matris
1059 2751 1242 2801 votum
1267 2750 1644 2818 promissaque
1674 2749 1891 2818 ﬁrmes;

458 2817 591 2891 Quae
612 2821 672 2891 te
701 2819 921 2888 concepi
949 2821 1223 2890 precibus,
1248 2817 1469 2891 quaque
1499 2817 1738 2888 optimus
1769 2825 1827 2875 ut
1845 2823 1921 2875 si:

455 2890 537 2963 ξι
564 2890 677 2944 vita
704 2891 962 2963 eximius,
995 2891 1362 2959 ﬂagrantibus
1381 2890 1584 2963 expeto
1614 2895 1772 2947 votis.

455 2961 565 3034 [Ioc
591 2961 877 3034 genitricis
906 2972 1025 3016 erat
1051 2971 1233 3016 votum
1257 2979 1268 3017 :
1302 2963 1393 3017 cui
1414 2961 1668 3034 protinus
1711 2966 1823 3034 ipse

459 3030 790 3098 Cedendum,
823 3034 882 3087 in
911 3041 1100 3089 tenera
1128 3035 1375 3105 quamvis
1411 3030 1592 3102 atate,
1622 3030 1836 3105 putavi.

385 3137 616 3209 Ecquis,
647 3137 768 3192 hac
799 3138 948 3194 serio
981 3141 1362 3211 perpendens,
1395 3141 1455 3196 in
1488 3142 1751 3198 animum
1780 3142 2022 3200 induxe-

379 3226 455 3282 rit
483 3228 846 3299 Gregorium,
873 3228 974 3299 qui
995 3230 1269 3300 pietatem
1293 3247 1326 3285 a
1347 3232 1688 3302 parentibus
1717 3249 1850 3287 cum
1876 3233 2024 3289 lacte

378 3316 673 3383 hauserat,
706 3317 777 3372 ad
811 3333 1032 3373 annum
1064 3335 1253 3389 usque
1311 3320 1500 3375 atatis
1547 3338 1615 3377 Lv
1658 3321 2024 3392 acquirenda

380 3403 727 3476 eloquentia
750 3423 986 3479 operam
1007 3407 1239 3463 dedisse
1265 3425 1390 3465 :nec
1413 3409 1548 3482 ipsi,
1575 3415 1706 3481 post
1727 3411 2027 3483 impensos

378 3493 516 3549 huic
548 3494 740 3550 studio
773 3495 1016 3552 Athenis
1048 3500 1175 3553 octo
1207 3497 1297 3554 vel
1341 3499 1538 3556 decem
1600 3517 1786 3556 annos
1835 3501 2026 3557 dicere

380 3581 620 3640 licuisse
651 3600 714 3639 se
744 3583 987 3656 longum
1018 3590 1251 3659 tempus
1279 3587 1640 3660 impendisse
1663 3590 1690 3644 ?

592 3672 738 3730 XIV.
771 3675 1035 3731 Imberbis
1065 3675 1363 3747 Gregorius
1395 3679 1557 3734 rediit
1576 3679 1823 3735 Athenis.

457 3763 614 3817 Adeo
641 3767 836 3818 autem
871 3781 1091 3820 annum
1125 3783 1189 3820 LV
1220 3783 1334 3822 non
1366 3768 1656 3839 attigerat,
1693 3786 1824 3824 cum
1855 3769 2028 3825 Athe-

386 3851 478 3908 nis
509 3852 683 3907 rediit
712 3853 1046 3926 Gregorius,
1081 3859 1144 3910 ut
1203 3872 1264 3911 se
1297 3859 1437 3911 tunc
1470 3861 1522 3912 et
1569 3858 1852 3913 Basilium
1904 3881 1932 3908 «
1964 3874 2034 3914 ex

389 3943 751 4001 imberbibus
780 3945 934 4003 viros
982 3947 1218 4003 factos»
1267 3948 1450 4005 fuisse
1497 3950 1670 4006 dicat.
1722 3950 1810 4010 Ὡς
1842 3946 1888 4003 δ’
1939 3946 2029 4003 οὖν

392 4031 756 4106 ἒπανήκαμεν,
815 4033 981 4109 μικρὰ
1034 4036 1114 4107 τῷ
1164 4035 1356 4110 κόσμῳ
1403 4037 1491 4092 καὶ
1540 4042 1608 4111 τῇ
1659 4041 1831 4111 σκηνῇ
1882 4057 2035 4113 χασι-

395 4122 639 4192 σάμενοι,
687 4122 776 4175 καὶ
826 4121 948 4177 ὅσον
998 4124 1088 4178 τὸν
1136 4129 1244 4179 τῶν
1292 4124 1517 4181 πολλῶν
1568 4128 1732 4182 πόθον
1793 4127 2032 4205 ἀφοσιώ-

398 4209 582 4262 σασθαι
632 4209 716 4281 (οὐ
765 4209 863 4286 γὰρ
928 4211 1079 4266 αὐτοί
1140 4235 1200 4289 γε
1265 4212 1486 4290 εἶίχομεν
1552 4218 1865 4292 Θεατρικῶς,
1921 4215 2034 4272 οὐδ’

397 4293 816 4369 ἐπιδεικτικῶς),
864 4298 1095 4375 τάχιστα
1142 4301 1434 4377 ἐγενόμεθα
1495 4306 1654 4376 ἡμῶν
1705 4305 1901 4375 αὐτῶν,
1947 4306 2036 4360 καὶ

395 4385 659 4456 τελοῦμεν
719 4385 793 4447 εἰς
851 4386 1042 4463 ἄνδρας
1103 4389 1152 4463 ἐξ
1205 4391 1473 4467 ἀγενείων,
1525 4391 1919 4471 ἀνδρικώτερον
1969 4399 2036 4468 τῇ

401 4474 693 4555 φιλοσοφίᾳ
722 4472 1151 4551 προσϐαίνοντες.
1186 4485 1273 4536 An
1304 4498 1434 4538 vero
1468 4484 1787 4540 imberbem
1819 4503 1881 4541 se
1911 4501 2038 4542 esse

2115 519 2504 576 imberbibus.
2536 544 2564 572 »
2602 522 2715 589 Sic,
2750 522 3029 593 inquiunt
3059 522 3150 594 (ε),
3183 537 3286 576 nec
3314 521 3470 591 quod
3498 540 3524 569 «
3555 536 3627 575 ex
3655 519 3765 574 im-

2117 609 2414 678 berbibus,
2473 611 2628 666 dicat
2681 610 3062 682 (Gregorius),
3118 611 3302 665 factos
3375 609 3550 678 viros,
3587 634 3609 661 θ
3667 609 3765 664 de-

2119 699 2215 753 bet
2244 716 2376 754 cum
2411 703 2678 770 respectu
2710 699 2781 754 ad
2815 704 3041 753 atatem
3075 698 3278 768 accipi,
3313 699 3413 752 sed
3447 698 3646 752 referri
3690 698 3761 751 ad

2118 788 2380 842 animum
2409 805 2421 856 ;
2456 788 2555 859 qui
2589 793 2726 843 tunc
2758 789 3013 859 primum
3051 786 3292 841 viriliter
3320 787 3464 857 erigi
3495 785 3668 856 coepit
3699 803 3766 840 ac

2121 876 2403 943 roborari,
2435 893 2569 930 cum
2603 875 2852 947 seposito
2884 875 3014 930 aliis
3047 875 3310 946 placendi
3347 875 3562 942 studio,
3611 875 3763 944 quod

2121 964 2594 1036 imperfectorum
2616 970 2723 1034 est,
2759 966 2829 1020 ad
2861 981 3055 1019 veram
3081 963 3446 1034 solidamque
3465 962 3763 1029 virtutem,

2123 1071 2248 1125 qua
2280 1063 2366 1109 est
2392 1055 2650 1110 virorum
2683 1055 3093 1125 perfectorum,
3126 1056 3399 1108 conatum
3453 1069 3628 1106 suum
3675 1050 3764 1105 in-

2122 1143 2454 1199 tenderunt.
2489 1144 2617 1199 Hac
2650 1145 2905 1215 profecto
2927 1161 2961 1198 a
3005 1141 3388 1198 Bollandistis
3436 1141 3765 1196 inconside-

2125 1236 2246 1288 rate
2276 1233 2452 1302 dicta,
2489 1232 2576 1288 fas
2606 1234 2682 1287 sit
2711 1233 2939 1300 dicere;
2977 1249 3082 1288 nec
3125 1231 3405 1302 injuriam
3447 1247 3508 1286 se
3555 1229 3766 1285 Basilio

2125 1325 2182 1377 et
2208 1322 2481 1393 Gregorio
2513 1322 2699 1377 facere
2737 1322 3088 1394 cogitarunt,
3141 1338 3272 1375 cum
3325 1320 3514 1388 aiunt,
3566 1342 3596 1370 ι(
3627 1322 3767 1375 tunc

2126 1412 2404 1483 primum,
2435 1433 2464 1461 »
2496 1411 2717 1466 scilicet
2747 1427 2878 1465 cum
2915 1427 3134 1464 annum
3170 1410 3356 1464 atatis
3396 1408 3768 1480 quinquage-

2127 1500 2343 1556 simum
2373 1499 2646 1571 quintum
2679 1498 3031 1571 attigissent,
3051 1514 3253 1553 eorum
3277 1499 3504 1552 animos
3539 1517 3564 1547 (ι
3584 1495 3768 1550 virili-

2125 1593 2214 1642 ter
2242 1588 2379 1658 erigi
2412 1588 2656 1660 coepisse
2687 1604 2752 1643 ac
2783 1587 3066 1656 roborari,
3100 1591 3157 1642 et
3189 1586 3445 1658 seposito
3475 1585 3608 1640 aliis
3640 1584 3765 1656 pla-

2123 1678 2291 1733 cendi
2322 1679 2538 1742 studio,
2571 1678 2639 1732 ad
2667 1693 2860 1733 veram
2883 1675 3253 1747 solidamque
3280 1676 3555 1730 virtutem
3585 1691 3763 1729 cona-

2124 1769 2251 1821 tum
2283 1767 2625 1822 intendisse.
2655 1790 2675 1814 ι»
2704 1765 2942 1840 Egregia
2961 1781 3093 1820 vero
3138 1765 3268 1819 laus
3308 1762 3504 1819 Basilii
3536 1767 3592 1818 et
3631 1763 3767 1818 Gre-

2127 1856 2304 1929 gorii!
2344 1857 2462 1911 [mo
2495 1855 2749 1911 maxima
2779 1854 3150 1911 contumelia.
3183 1855 3582 1909 Tantorumne
3613 1853 3764 1906 viro-

2127 1962 2259 1999 rum
2289 1944 2542 2011 animus,
2575 1962 2690 2000 non
2722 1944 2833 2000 nisi
2863 1943 3078 1999 exactis
3122 1960 3188 1998 Lv
3228 1943 3419 2008 annis,
3460 1964 3488 1992 ‹‹
3520 1940 3767 1995 viriliter

2127 2034 2267 2104 erigi
2296 2035 2465 2106 capit
2493 2037 2549 2089 et
2579 2035 2650 2089 ad
2683 2051 2875 2089 veram
2908 2033 3274 2104 solidamque
3303 2032 3572 2086 virtutem
3599 2046 3771 2084 cona-

2129 2129 2255 2179 tum
2303 2123 2706 2181 intendere?»
2756 2123 3136 2179 Considerent
3195 2120 3564 2178 Bollandista
3621 2119 3764 2192 quid

2131 2213 2492 2286 scripserint.

2629 2318 2728 2372 XV
2752 2318 2965 2390 Objecta
2994 2316 3270 2373 Bollandi.

2203 2427 2463 2484 Plurima
2491 2425 2692 2498 objicit
2723 2424 3188 2497 Papebrochius:
3221 2425 3278 2479 1ο
3310 2424 3416 2490 Qui
3469 2423 3593 2478 ﬁeri
3643 2440 3776 2496 pos-

2133 2518 2211 2575 sit
2236 2522 2302 2573 ut
2331 2517 2661 2589 Gregorius,
2695 2515 2793 2586 qui
2824 2515 2916 2570 vix
2945 2514 3406 2586 quadragenario
3433 2515 3623 2583 major
3653 2517 3779 2568 erat

2133 2607 2458 2663 secundum
2489 2604 2842 2660 Tillemontii
2874 2604 3184 2674 calculum,
3234 2619 3367 2658 cum
3418 2601 3592 2674 paulo
3642 2605 3775 2672 post

2133 2696 2330 2752 fratris
2360 2695 2589 2750 Casarii
2619 2698 2675 2748 et
2702 2694 3002 2765 Gorgonia
3024 2692 3242 2749 sororis
3265 2699 3512 2748 mortem
3538 2707 3776 2745 carmen

2135 2787 2206 2841 de
2245 2786 2417 2841 rebus
2448 2783 2572 2840 suis
2603 2783 2858 2854 scripsit,
2879 2787 3156 2853 queratur
3182 2781 3259 2854 (d)
3284 2782 3456 2851 «jam
3479 2785 3654 2850 caput
3676 2796 3774 2834 ca-

2135 2876 2229 2931 nis
2260 2875 2572 2941 albescere,
2631 2889 2961 2944 rugosaque
3014 2873 3279 2927 membra
3326 2872 3396 2925 ad
3428 2870 3615 2924 tristis
3646 2869 3774 2921 vita

2133 2981 2406 3021 occasum
2429 2980 2611 3035 prona
2632 2963 2767 3018 ferri
2783 2962 2808 3017 ?
2831 2981 2856 3013 α
2872 2963 2928 3015 2ο
2952 2961 3250 3026 Quomodo
3267 2960 3473 3015 Nonna
3488 2958 3778 3030 quinqua-

2135 3054 2372 3127 genaria
2401 3053 2589 3108 tilium
2621 3051 2880 3125 peperit?
2903 3051 3041 3106 Eam
3071 3051 3228 3106 enim
3277 3049 3609 3121 Gregorius,
3661 3063 3779 3101 non

2137 3144 2326 3201 solum
2350 3141 2645 3216 ὁμόζυγον,
2683 3165 2703 3192 (ι
2737 3143 3072 3214 conjugem,
3096 3162 3124 3189 »
3168 3155 3371 3195 verum
3421 3138 3596 3194 etiam
3649 3133 3782 3207 ὁμό-

2135 3252 2358 3308 χρονον,
2392 3256 2413 3282 α
2448 3236 2842 3288 coataneam»
2876 3231 3058 3285 fuisse
3087 3229 3312 3296 asserit,
3348 3225 3465 3294 ἴσην
3519 3222 3691 3297 πολιῇ
3723 3244 3781 3278 τε

2134 3322 2224 3377 καὶ
2254 3319 2430 3390 ἤθεσι,
2464 3322 2774 3377 «moribus
2805 3324 2860 3376 et
2890 3319 3101 3375 canitie
3133 3317 3434 3390 aqualem,
3463 3338 3491 3366 »
3509 3317 3567 3371 3°
3629 3315 3785 3378 Quo-

2138 3414 2312 3469 modo
2338 3413 2397 3467 id
2429 3411 2670 3467 tacitum
2703 3409 3178 3482 pratcrmisisset
3201 3407 3358 3462 ﬁlius
3389 3406 3450 3461 in
3495 3403 3783 3471 oratione,

2139 3520 2253 3575 qua
2282 3505 2592 3574 parentum
2617 3498 2819 3556 laudes
2851 3498 3248 3570 prosequitur,
3275 3494 3649 3566 multalonge
3677 3492 3786 3548 mi-

2139 3593 2374 3647 nutiora
2404 3590 2734 3662 expendens
2757 3590 2784 3644 ‘I
2807 3588 2939 3644 Suis
2963 3588 3197 3659 quidem
3228 3603 3339 3641 non
3363 3589 3516 3640 caret
3537 3582 3786 3638 difﬁcul-

2137 3682 2358 3737 tatibus
2386 3677 2740 3734 Tillemontii
2789 3678 3008 3750 Opinio,
3063 3676 3163 3732 sed
3219 3692 3344 3746 qua
3388 3678 3586 3729 tamen
3640 3671 3784 3727 solvi

2141 3771 2386 3844 possint.
2421 3774 2541 3840 Age
2573 3784 2728 3839 ergo,
2766 3768 2821 3821 1ο
2867 3767 3088 3820 mirum
3140 3780 3268 3820 esse
3316 3779 3431 3818 non
3473 3762 3644 3817 debet
3693 3777 3783 3816 se-

2141 3857 2396 3916 nectutis
2450 3856 2823 3912 incommoda
2905 3854 3357 3911 circumvenisse
3436 3849 3783 3922 Gregorium

2143 3949 2488 4022 priusquam
2511 3947 2582 4001 ad
2598 3962 2724 4001 eam
2740 3948 3122 4015 atatem,qua
3147 3945 3419 3998 senectus
3438 3938 3784 4012 appellatur,

2144 4037 2519 4112 pervenisset.
2552 4037 2610 4090 [d
2643 4035 2799 4090 enim
2830 4050 2946 4088 non
2977 4038 3098 4089 tam
3150 4032 3308 4087 illius
3361 4031 3551 4097 annis,
3604 4044 3786 4101 quam

2143 4125 2607 4192 infirmitatibus,
2635 4123 2963 4179 studiorum
2983 4139 3046 4177 ac
3078 4120 3431 4194 panitentia
3463 4118 3786 4186 laboribus,

2145 4217 2500 4290 quibusjam
2524 4214 2772 4268 fractum
2795 4211 2980 4283 ipsius
3003 4215 3126 4266 erat
3146 4226 3380 4281 corpus,
3399 4212 3456 4263 et
3469 4206 3790 4262 senectutis

2145 4305 2520 4362 incommoda
2543 4305 3012 4374 supervenerant,
3054 4300 3453 4355 tribuendum.
3490 4296 3650 4362 Quod
3687 4312 3792 4350 au-

2146 4401 2263 4452 tem
2295 4394 2477 4462 aiunt,
2509 4391 2853 4464 Gregorium
2884 4389 3117 4446 silentio
3148 4405 3264 4444 non
3322 4388 3503 4443 fuisse
3557 4388 3792 4457 prater-

2148 4484 2492 4552 missurum,
2525 4482 2573 4537 si
2606 4496 2673 4536 ex
2703 4484 2887 4536 matre
2912 4483 3032 4534 tam
3077 4483 3356 4550 provecta
3406 4475 3591 4530 atatis
3639 4477 3794 4529 esset

402 4569 591 4622 dicere
615 4571 804 4639 potest
837 4569 921 4622 vir
950 4587 1015 4624 Lv
1046 4587 1232 4626 annos
1261 4573 1480 4628 natus?
1523 4595 1550 4622 «
1586 4573 1656 4628 Ut
1704 4574 1900 4646 igitur,
1956 4575 2041 4629 in-
2072 4556 2117 4620 D
2149 4579 2354 4640 natus;
2380 4572 2515 4627 utid
2539 4571 2949 4635 concedamus,
2974 4572 3122 4623 certe
3143 4567 3374 4622 silentio
3397 4581 3512 4620 non
3555 4567 3789 4636 prater-

403 4658 531 4730 quit
563 4657 873 4730 Gregorius
904 4659 1003 4729 (ὁ),
1061 4660 1302 4715 domum
1354 4662 1566 4718 reversi
1626 4679 1856 4733 sumus,
1908 4680 2042 4719 cum

403 4747 829 4817 aliquantulum
860 4749 1081 4802 mundo
1113 4763 1178 4803 ac
1199 4766 1384 4805 scena
1401 4751 1833 4819 serviissemus,
1857 4769 2041 4825 quan-

402 4843 529 4892 tum
561 4836 782 4893 scilicet
810 4837 953 4893 satis
977 4841 1122 4908 erat,
1156 4843 1219 4893 ut
1256 4839 1647 4910 plurimorum
1694 4841 2041 4914 obsequere-

405 4943 539 4982 mur
570 4924 871 4997 cupiditati
904 4927 1116 4998 (neque
1148 4928 1305 4983 enim
1352 4928 1586 5000 ipsimet
1633 4931 1704 4986 ad
1747 4930 2043 4987 theatrum

410 5019 467 5071 et
495 5013 943 5071 ostentationem
985 5017 1535 5090 propendebamus),
1585 5018 1858 5075 continuo
1910 5020 2044 5075 facti

407 5104 789 5174 sumusjuris
822 5104 1026 5172 nostri,
1061 5110 1118 5160 et
1148 5121 1214 5160 ex
1241 5106 1602 5164 imberbibus
1635 5109 1770 5164 facti
1816 5109 1922 5164 viri
1972 5111 2044 5165 ad

407 5191 943 5266 philosophandum
963 5210 1067 5250 nos
1082 5196 1448 5264 contulimus,
1463 5199 1822 5269 generosius.
1846 5221 1874 5249 »
1894 5199 2044 5265 Quid

408 5283 479 5339 ad
511 5283 631 5340 hac
660 5281 1073 5338 Bollandista?
1103 5284 1354 5341 Solertes
1381 5286 1494 5342 sibi
1541 5289 1831 5360 videntur,
1875 5290 2048 5345 verba

409 5371 671 5444 Gregorii
710 5371 770 5426 in
817 5372 1278 5444 metaphoricum
1325 5393 1564 5432 sensum
1611 5378 2046 5451 detorquentes,

506 5499 560 5574 ᾳ)
593 5501 781 5574 (ξω-η)Σ
815 5499 888 5551 De
915 5498 1074 5574 rebus
1102 5501 1238 5568 suis,
1269 5517 1325 5573 v,
1359 5502 1481 5572 445,
1516 5505 1573 5557 et
1598 5518 1760 5574 seqq.

511 5571 562 5639 b)
592 5569 688 5625 Or.
721 5569 891 5636 43,11.
929 5570 1017 5625 25.

491 5640 560 5716 (ο)
589 5642 624 5697 9
649 5640 807 5713 Maii,
840 5657 898 5713 p.
931 5642 1054 5698 371.

2154 4661 2335 4731 misit,
2368 4661 2417 4716 si
2449 4661 2645 4715 minus
2675 4660 2732 4713 in
2767 4659 3046 4726 oratione,
3081 4674 3197 4728 qua
3230 4659 3496 4727 parentes
3514 4651 3789 4718 laudavit,

2153 4751 2359 4808 saltem
2391 4751 2449 4805 in
2483 4749 2737 4805 carmine
2772 4753 2850 4804 De
2883 4749 2999 4804 Vita
3028 4764 3148 4801 sua.
3183 4745 3268 4800 lbi
3308 4743 3462 4800 enim
3522 4757 3792 4807 narrans,

2153 4841 2446 4913 quomodo
2478 4857 2587 4895 sua
2615 4855 2748 4894 eum
2781 4841 2967 4893 mater
2996 4835 3190 4892 statim
3227 4834 3297 4889 ab
3331 4836 3494 4888 utero
3518 4829 3794 4887 obtulerit

2153 4933 2305 4998 Deo;
2341 4947 2407 4985 ac
2447 4929 2655 4985 deinde
2689 4929 2898 4984 iterum
2926 4927 3195 4991 offerens,
3228 4940 3360 4979 cum
3384 4923 3511 4994 jam
3552 4919 3794 4975 rationis

2155 5024 2309 5076 esset
2360 5018 2670 5090 particeps,
2730 5015 3087 5071 consecratis
3142 5027 3443 5069 sacrorum
3512 5009 3795 5064 librorum

2153 5114 2312 5166 tactu
2341 5107 2530 5180 ipsius
2560 5106 2852 5174 manibus,
2877 5105 3090 5175 quibus
3120 5101 3314 5157 verbis
3364 5116 3498 5156 eum
3549 5097 3799 5156 allocuta

2155 5199 2350 5264 fuerit,
2383 5197 2466 5253 sic
2498 5195 2874 5268 prosequitur
2905 5194 3013 5266 (e):

2225 5308 2347 5363 Iam
2375 5321 2561 5360 carum
2593 5304 2775 5374 ﬁlium
2804 5302 3006 5373 aliqu-is
3035 5300 3303 5356 divinitus
3335 5296 3798 5442 ᾰαίαηῖοὲῗέιῶιῖηζ,

3729 5385 3750 5422 ι
3784 5408 3798 5434 ν

3568 5385 3798 5441 primus,

2229 5503 2307 5571 (ά)
2340 5505 2408 5554 v.
2441 5501 2546 5554 307
2574 5503 2631 5555 et
2659 5499 2784 5555 308.

2229 5568 2303 5647 (ej
2333 5577 2521 5629 Carm.
2549 5572 2620 5629 De
2647 5571 2807 5628 rebus
2839 5572 2976 5642 suis,
3007 5586 3058 5625 v.
3094 5568 3197 5625 442
3228 5570 3284 5625 et
3314 5583 3437 5639 seq.
