4152 6208
225 311 339 374 157

1563 316 1747 380 VITA
1794 316 1859 378 S.
1909 318 2309 383 GREGORII.

3528 317 3651 380 158

291 447 695 518 Properantem
729 447 784 501 ut
814 461 978 504 sacra
1006 448 1232 504 victima
1276 448 1449 520 ﬁeret,
1483 449 1557 507 ad
1584 468 1741 526 aram
1785 450 1882 508 ad-
1914 451 1968 519 Α
1997 452 2223 511 nullum
2251 453 2868 526 fuisse,quamcunque
2890 448 3230 524 religionem
3256 448 3650 522 profiteretur,

1674 524 1882 595 [duxit,

293 589 799 660 Saraetardiparae
825 590 1060 660 prolem.
1143 632 1155 646 .
1239 633 1252 648 .
1334 634 1346 647 .
1428 634 1441 648 .

290 661 455 802 gyno
486 677 584 730 ego
618 666 669 716 te
701 663 880 718 vivum
910 664 1016 720 Deo
1045 679 1268 733 munus,
1301 668 1361 720 ut
1385 667 1637 738 promisi,

387 749 501 788 ero.

224 840 406 895 Suam
442 856 701 910 namque
751 843 998 898 matrem
1054 843 1356 899 conferens
1407 843 1718 916 Gregorius
1751 862 1882 900 cum

219 929 530 998 tardipara
560 930 721 1000 Sara,
754 947 882 984 eam
914 947 1165 1002 quoque,
1198 937 1261 987 ut
1292 933 1478 1004 ipsius
1508 935 1700 991 verbis
1731 939 1884 1004 utar,

218 1016 503 1088 ὸιᾲῐτοκον,
542 1018 898 1090 tardiparam
929 1020 1110 1076 fuisse
1141 1023 1288 1078 satis
1322 1023 1561 1079 indicat.

217 1125 365 1180 XVI.
393 1126 457 1180 In
502 1127 774 1182 sententia
823 1125 1159 1252 Tillemolgitii
1213 1131 1544 1197 gravissima
1593 1133 1676 1187 est
1732 1131 1882 1202 difﬁ-

965 1215 1053 1252 cu.
1081 1217 1161 1252 as.

965 1215 1161 1254 cunas.

281 1285 516 1341 Verum
549 1285 665 1341 alia
693 1285 865 1359 longe
910 1289 1134 1359 gravior
1184 1293 1271 1344 est
1321 1290 1379 1344 in
1411 1290 1683 1361 opinione
1715 1290 1886 1347 Tille-

1999 543 2100 616 qui
2131 544 2256 615 ejus
2280 543 2748 609 sermonibus,ad
2770 558 2915 615 quos
2938 557 3228 597 concursu
3250 556 3464 611 magno
3488 557 3651 597 acce-

1997 633 2232 699 debant,
2257 649 2372 688 non
2401 632 2810 688 delectaretur.
2831 631 2979 695 Quid
3011 630 3060 684 si
3093 629 3495 686 addiderimus
3519 629 3654 685 Gre-

1998 723 2251 795 gorium,
2284 725 2595 794 postquam
2645 719 2844 776 relicta
2892 717 3394 790 ConstantinOpoli
3441 718 3498 773 in
3531 719 3652 775 otia

1999 817 2128 867 tuta
2160 812 2418 878 recessit,
2444 810 2682 882 longum
2715 811 2786 864 De
2820 811 2935 865 Vita
2965 825 3067 862 sua
3089 808 3649 880 carmen,hujusque

1998 901 2276 957 carminis
2305 899 2482 955 veluti
2509 899 2824 970 quamdam
2849 897 3339 969 appendicem(sic
3371 896 3525 952 enim
3550 915 3649 952 no-

1995 990 2086 1046 bis
2101 989 2391 1062 appellare
2416 989 2547 1044 licet
2561 987 2862 1043 conditum
2881 987 2939 1040 in
2955 986 3255 1058 episcopos
3278 1002 3479 1040 eorum
3498 990 3645 1042 tem-

1996 1080 2486 1152 porum),carmen
2513 1077 2628 1133 acri
2647 1093 2712 1131 ac
2735 1075 3062 1131 vehementi
3090 1074 3383 1147 stylo,imo
3404 1075 3649 1131 immen-

1996 1185 2120 1224 sam
2155 1167 2403 1223 aliorum
2437 1166 2787 1231 carminum,
2822 1182 2949 1237 qua
2981 1187 3008 1214 «
3042 1164 3314 1219 Carmina
3351 1181 3584 1237 cygnma
3612 1187 3641 1216 »

1994 1261 2220 1324 vocant,
2253 1257 2478 1328 cepiam
2510 1255 2842 1311 condidisse
2866 1258 2888 1309 Ρ
2908 1253 3216 1322 Deinde,ut
3247 1258 3450 1308 cratera
3472 1253 3642 1309 omit-

1993 1350 2133 1411 tam,
2166 1346 2496 1418 Gregorius,
2531 1344 2628 1416 qui
2662 1360 2812 1399 anno
2841 1344 2944 1398 362
2989 1344 3059 1397 ad
3106 1343 3522 1398 sacerdotalem
3558 1341 3645 1396 di-

1994 1435 2274 1508 gnitatem
2306 1440 2536 1490 evectus
2565 1438 2652 1490 est
2673 1451 2789 1488 una
2811 1450 2943 1488 cum
2993 1431 3225 1502 Basilio,
3258 1448 3443 1487 annos
3475 1447 3645 1487 sexa-

1994 1526 2154 1596 ginta
2185 1530 2300 1580 tres
2328 1524 2632 1579 habuisset
2660 1540 2728 1578 ex
2757 1523 2947 1577 Suida
2979 1520 3221 1577 calculo.
3241 1520 3508 1576 videlicet
3539 1538 3642 1576 na-

1995 1619 2090 1669 tus
2129 1631 2280 1669 anno
2309 1613 2432 1667 299.
2470 1614 2742 1680 Queritur
2771 1616 2967 1666 tamen
3004 1610 3292 1666 maturius
3333 1627 3394 1665 se
3422 1611 3640 1665 factum

216 1375 431 1431 montii
465 1375 808 1443 difficultas,
840 1394 969 1448 quae
1021 1377 1270 1434 maxime
1312 1380 1655 1450 scrupulum
1696 1385 1885 1436 movet

213 1465 649 1536 Papebrochio,
723 1481 828 1520 nec
904 1466 1217 1532 immerito,
1271 1472 1446 1539 atque
1495 1469 1669 1524 etiam
1718 1471 1884 1526 nobis

231 1554 389 1624 psis.
413 1553 525 1608 Vix
554 1554 716 1608 enim
739 1555 946 1609 adduci
974 1562 1382 1626 possumus,ut
1404 1563 1567 1627 patre
1589 1558 1882 1631 episcopo,

211 1643 313 1714 qui
351 1643 861 1714 quinquagenario
886 1645 1074 1713 major
1103 1650 1225 1700 erat
1255 1662 1386 1700 cum
1418 1646 1747 1718 episcopale
1763 1665 1886 1703 mu-
1997 1643 2090 1669 ⁸⁵⁸³
2129 1643 2280 1718 “¹,¹¹¹,υ
2310 1643 2445 1715 ³³⁸⁸,
2470 1643 2680 1718 νυωνᾞ

1993 1704 2372 1771 sacerdotem,
2431 1702 2491 1757 in
2537 1702 2798 1757 oratione
2848 1701 3124 1756 secunda.
3190 1720 3210 1747 α
3253 1701 3332 1754 Ne
3379 1703 3641 1756 extrema

210 1749 326 1786 nus
400 1731 663 1803 suscepit
722 1738 929 1786 natum
979 1749 1107 1788 esse
1158 1734 1463 1790 credamus
1513 1736 1876 1807 Gregorium.

207 1819 372 1875 Nihil
407 1819 526 1874 tale
545 1794 702 1891 apud
734 1836 936 1875 omnes
962 1821 1140 1891 hujus
1172 1822 1369 1877 saculi
1413 1794 1745 1895 scriptores,
1781 1827 1879 1896 qui
1911 1828 1957 1892 B
1987 1794 2224 1896 flumen]
2258 1796 2547 1896 ῗθηθθωδυ

208 1909 281 1964 de
330 1908 619 1980 Gregorio
662 1909 836 1964 verba
892 1910 1094 1979 fecere,
1164 1912 1468 1983 reperitur.
1516 1913 1673 1968 Nihil
1723 1916 1875 1986 apud

207 1999 668 2069 Hieronymum,
694 1999 798 2070 qui
822 1998 1001 2068 hujus
1023 2000 1275 2056 doctoris
1298 2003 1716 2058 consuetudine
1735 2021 1877 2060 usus

206 2090 321 2150 est,
359 2103 478 2158 quo
527 2086 704 2142 etiam
755 2087 1034 2158 magistro
1089 2105 1150 2144 se
1196 2089 1528 2161 Scripturas
1567 2107 1764 2148 sacras
1795 2094 1878 2148 di-

207 2175 434 2231 dicisse
498 2175 804 2247 gloriatur.
857 2177 916 2232 Si
957 2180 1118 2248 patre
1165 2179 1436 2251 episcopo
1486 2184 1663 2236 natus
1724 2186 1879 2238 esset

205 2265 558 2337 Gregorius,
591 2266 884 2335 quomodo
925 2265 1332 2338 Hieronymus,
1366 2269 1467 2340 qui
1517 2269 1576 2324 id
1623 2271 1876 2342 profecto

207 2368 324 2410 non
367 2354 721 2425 ignorasset,
755 2355 848 2410 his
879 2355 1068 2411 verbis
1100 2355 1471 2413 Pammachio
1501 2359 1870 2430 scripsisset:

211 2469 234 2490 ε
270 2443 582 2514 Episcopi,
618 2443 1220 2514 presbyteri,diaconi,
1254 2450 1356 2502 aut
1384 2447 1634 2519 virgines
1655 2448 1875 2521 eligun-

209 2536 450 2597 tur,aut
470 2531 652 2602 vidui,
672 2536 773 2588 aut
785 2537 938 2588 certe
950 2538 1085 2605 post
1098 2536 1490 2592 sacerdotium
1507 2537 1567 2593 in
1589 2541 1871 2594 aeternum

207 2621 412 2692 pudici
435 2620 501 2674 ?n
516 2620 813 2684 Quomodo
833 2622 990 2677 idem
1013 2628 1254 2680 sanctus
1278 2625 1480 2681 doctor
1498 2626 1870 2684 Jovinianum

209 2712 286 2765 sic
317 2710 548 2780 alloqui
577 2727 755 2766 ausus
787 2711 994 2767 fuisset
1019 2712 1136 2784 (a):
1173 2735 1200 2763 ‹‹
1233 2717 1394 2770 Certe
1433 2715 1727 2771 confiteris
1754 2733 1868 2773 non

209 2816 381 2864 posse
413 2815 549 2854 esse
576 2799 937 2871 episcopum,
965 2801 1066 2872 qui
1114 2802 1174 2857 in
1218 2804 1554 2876 episcopatu
1595 2805 1746 2860 filios
1786 2807 1869 2860 fa-

205 2891 358 2956 ciat;
392 2889 684 2962 alioquin,
717 2889 767 2945 si
801 2891 1198 2961 deprehensus
1229 2894 1426 2966 fuerit,
1451 2912 1564 2950 non
1595 2897 1760 2967 quasi
1784 2897 1870 2953 vir

204 2978 639 3046 tenebitur,sed
663 2978 830 3050 quasi
848 2979 1074 3036 adulter
1103 2982 1478 3038 damnabitur
1495 2984 1523 3039 ?
1552 3007 1579 3034 »
1600 2984 1713 3040 Nec
1735 3002 1868 3043 vero

203 3067 636 3140 Hieronymum
669 3068 739 3124 de
767 3070 1190 3126 consuetudine
1219 3075 1452 3128 tantum
1483 3073 1867 3132 Occidentalis

203 3156 485 3264 Ecclesiae
515 3156 695 3264 loqui.
721 3159 1070 3229 respondere
1113 3159 1272 3264 licet,
1306 3161 1356 3217 si
1396 3161 1633 3233 quidem
1662 3168 1866 3221 contra
1895 3195 1938 3264 α

199 3245 594 3318 Vigilantium
638 3246 985 3319 disputans:
1038 3270 1068 3298 «
1128 3249 1276 3314 Quid
1340 3251 1581 3320 faciunt,
1648 3253 1860 3324 inquit,

202 3335 461 3392 Orientis
493 3335 777 3406 Ecclesiae,
815 3339 955 3410 quid
982 3340 1295 3412 Egypti,et
1325 3343 1480 3399 sedis
1510 3344 1861 3416 apostolica),

202 3441 331 3496 qua
360 3430 468 3481 aut
497 3425 752 3498 virgines
787 3426 1029 3485 clericos
1079 3430 1395 3503 accipiunt,
1424 3436 1525 3488 aut
1562 3434 1862 3490 continen-

201 3521 321 3581 tes;
350 3519 458 3570 aut
501 3516 550 3570 si
598 3532 804 3572 uxores
854 3517 1208 3587 habuerunt,
1259 3521 1456 3576 mariti
1506 3539 1632 3579 esse
1682 3523 1866 3580 desie-

205 3605 388 3658 runt?
413 3627 436 3653 ι
478 3604 826 3661 Innumeros
856 3607 1234 3664 conciliorum
1270 3627 1543 3681 canones,
1572 3616 1865 3669 veterum-

203 3707 316 3761 que
367 3691 610 3745 Patrum
654 3692 989 3749 testimonia
1035 3695 1123 3750 fas
1191 3696 1283 3751 hic
1349 3703 1504 3754 esset
1554 3701 1860 3772 subjicere,

204 3778 416 3846 quibus
451 3781 785 3835 sacerdotes
814 3785 1022 3853 quarto
1054 3782 1265 3838 saeculo
1287 3784 1356 3839 ab
1383 3787 1661 3843 uxoribus
1683 3788 1863 3844 absti-

207 3869 406 3923 nuisse
436 3868 821 3924 manifestum
855 3875 963 3938 est,
997 3872 1212 3942 quique
1256 3890 1371 3929 non
1403 3874 1604 3931 sinunt
1634 3879 1863 3934 credere

205 3958 552 4028 Gregorium
587 3963 747 4028 patre
777 3959 1048 4032 episc0po
1100 3965 1304 4017 natum
1356 3981 1502 4020 esse.
1527 3966 1568 4019 E
1591 3967 1782 4023 medio
1813 3968 1863 4023 si

209 4045 437 4101 abesset
476 4046 546 4112 is,
582 4047 681 4117 qui
713 4052 804 4102 est
835 4049 896 4103 in
927 4048 1283 4106 Tillemontii
1320 4053 1863 4128 opinione,scrupu-

210 4132 322 4201 lus,
354 4135 509 4189 hanc
539 4152 644 4206 per
689 4136 991 4193 obstantes
1040 4138 1410 4197 difﬁcultates
1463 4159 1860 4214 sequeremur,

208 4240 330 4294 quis
363 4225 598 4296 quidem
649 4224 892 4281 leviores
933 4231 1072 4282 sunt
1125 4245 1300 4299 quam
1359 4247 1484 4301 quae
1524 4233 1581 4286 in
1613 4231 1859 4290 aliorum

209 4313 586 4384 opinionibus
618 4319 954 4370 occurrunt.

409 4421 587 4477 XVII.
624 4421 937 4479 Contrarim
965 4425 1242 4492 apz'nionis
1273 4426 1652 4485 incommoda.

1969 4459 2285 4516 alternanti

2603 1791 2795 1862 inquit
2830 1792 2927 1862 (b),
2976 1789 3113 1844 huic
3160 1790 3243 1844 rei
3293 1787 3641 1860 praestituta,

1987 1879 2226 1951 longum
2258 1885 2491 1950 tempus
2513 1879 2735 1934 censeri
2767 1879 2995 1933 debet.»
3027 1877 3251 1941 Quibus
3282 1876 3475 1931 verbis
3507 1893 3637 1933 ma—

1986 1970 2195 2025 nifeste
2225 1971 2368 2024 satis
2398 1969 2617 2024 indicat
2643 1967 3015 2038 sejuniorem
3047 1967 3226 2022 fuisse
3258 1982 3434 2037 quam
3461 1982 3640 2037 opor-

1985 2059 2233 2126 tuisset;
2287 2062 2600 2130 posteaque
2647 2057 2790 2123 haec,
2842 2057 2912 2111 ad
2970 2056 3439 2111 confirmandum
3480 2056 3634 2127 quod

1984 2148 2227 2217 dixerat,
2253 2149 2416 2202 all‘ert
2444 2147 2620 2202 verba
2659 2145 3024 2201 Salomonis:
3059 2167 3087 2194 ‹‹
3122 2145 3211 2200 Vae
3259 2144 3366 2199 tibi
3411 2144 3633 2213 civitas,

1983 2239 2154 2308 cujus
2187 2252 2285 2291 rex
2306 2236 2508 2306 junior
2537 2243 2618 2291 est
2650 2236 2713 2289 ⁸⁸.
2747 2257 2775 2286 ››
2808 2234 2907 2288 Vir
2936 2237 3089 2290 certe
3120 2233 3494 2303 sexagenario
3517 2249 3638 2290 ma-

1975 2326 2072 2396 jor
2101 2325 2264 2396 queri
2295 2342 2411 2380 non
2451 2328 2660 2396 potest,
2695 2339 2799 2379 nec
2832 2323 3020 2388 debet,
3055 2339 3116 2378 se
3161 2322 3334 2377 citius
3367 2322 3632 2378 sacerdo-

1981 2415 2095 2469 tale
2128 2430 2344 2469 munus
2378 2413 2726 2484 suscepisse.

2053 2504 2214 2567 Quod
2267 2506 2487 2574 spectat
2535 2501 2947 2573 Bollandistas,
2981 2502 3042 2556 in
3100 2517 3210 2556 sua
3256 2500 3632 2572 Chronologix

1983 2593 2116 2651 Vitae
2168 2592 2222 2648 S.
2278 2591 2534 2663 Gregorii
2580 2608 2819 2663 expensa
2865 2599 2917 2646 et
2958 2593 3240 2657 innovata,
3273 2589 3462 2646 Suidaz
3506 2590 3631 2662 opi-

1980 2684 2212 2738 nionem
2245 2681 2716 2754 amplectuntur;
2740 2697 2916 2752 quam
2940 2685 3006 2735 ut
3032 2684 3327 2749 tueantur,
3352 2679 3630 2735 omnibus

1979 2773 2169 2828 nervis
2202 2773 2563 2828 contendunt
2591 2771 2651 2825 in
2677 2769 2968 2826 vertendis
3001 2769 3476 2841 explicandisque
3499 2768 3630 2840 qui-

1977 2862 2226 2917 busdam
2258 2859 2514 2931 Gregorii
2561 2859 2933 2928 testimoniis,
2968 2876 3091 2929 quae
3139 2858 3282 2930 ipsis
3312 2858 3631 2914 incommo-

1977 2951 2155 3018 dant;
2190 2966 2293 3005 nec
2322 2954 2520 3005 tamen
2554 2949 2811 3015 feliciter,
2847 2949 2896 3004 si
2930 2948 3166 3020 quidem
3213 2946 3339 3002 vela
3369 2949 3506 3003 dare
3535 2963 3628 3003 re-

1976 3043 2253 3108 trorsum,
2287 3054 2580 3110 novasque
2611 3037 2860 3093 subinde
2890 3036 3398 3109 interpretationes
3423 3036 3630 3091 afferre

1976 3132 2285 3200 coguntur,
2337 3144 2462 3199 quas
2513 3126 2599 3182 vel
2653 3126 2797 3199 ipsis
2838 3143 2954 3181 non
3007 3126 3321 3181 admodum
3373 3123 3623 3195 placent.

1978 3219 2340 3288 Quapropter
2387 3216 2498 3271 sibi
2551 3233 2665 3270 non
2715 3219 3005 3281 constant,
3058 3214 3171 3269 nisi
3225 3213 3286 3268 in
3346 3229 3434 3280 eo,
3469 3214 3624 3285 quod

1972 3305 2312 3378 Gregorium
2359 3309 2521 3376 patre
2567 3305 2836 3376 episcopo
2886 3308 3088 3359 natum
3148 3306 3484 3359 constanter
3522 3317 3622 3359 ne-

1971 3400 2131 3467 gent.
2166 3394 2421 3448 Candide
2452 3394 2664 3449 fatetur
2715 3392 3149 3466 Papebrochius
3197 3392 3390 3464 (cujus
3442 3391 3622 3447 animi

1973 3483 2243 3541 candoris
2292 3482 2406 3538 alia
2451 3482 2623 3538 laude
2675 3482 2852 3554 digna
2904 3482 3188 3538 habemus
3240 3480 3618 3551 testimonia),

1973 3589 2105 3629 cum
2160 3571 2577 3628 eruditioribus
2645 3571 3002 3643 quibusdam
3069 3569 3272 3626 amicis
3337 3569 3622 3625 nonnulla

1972 3678 2196 3731 eorum,
2231 3678 2357 3734 quae
2388 3659 2692 3734 proposuit
2713 3661 3054 3717 innovandze
3079 3658 3465 3731 chronologiaa
3490 3660 3621 3715 fun-

1973 3752 2266 3818 damenta,
2301 3751 2832 3819 communicasset;
2869 3767 2930 3807 se
2960 3767 3075 3805 non
3107 3765 3310 3804 omnes
3342 3765 3505 3819 asque
3527 3764 3625 3803 as-

1971 3839 2288 3896 sentientes
2320 3839 2616 3896 habuisse.
2655 3861 2682 3889 ‹‹
2715 3840 2908 3906 Erant,
2940 3838 3133 3911 inquit
3175 3838 3268 3910 (ε),
3300 3837 3515 3908 quibus
3539 3835 3626 3890 vi-

1972 3930 2220 3985 debatur
2248 3929 2653 4000 superstitiosa
2682 3927 3019 3984 sollicitudo
3043 3926 3305 3992 cavendi,
3339 3942 3409 3980 ne
3433 3943 3501 3980 ex
3520 3942 3623 3995 pa-

1971 4020 2058 4071 tre
2095 4017 2218 4087 jam
2267 4017 2536 4088 episcopo
2585 4020 2758 4072 natus
2803 4016 3135 4071 crederetur
3181 4014 3620 4080 Nazianzenus;

1972 4106 2428 4176 metuebantque
2479 4122 2550 4160 ne
2601 4123 2669 4160 ex
2718 4109 2929 4160 nostris
2976 4121 3042 4160 ac
3092 4103 3264 4175 paulo
3304 4103 3622 4175 superioris

1973 4193 2158 4249 astatis
2190 4194 2526 4266 przejudicio
2559 4195 2892 4266 procederet
2942 4193 3064 4264 illa,
3098 4193 3382 4249 hmreticis
3414 4197 3624 4264 nuptu-

1971 4283 2255 4340 rientibus
2289 4284 2473 4338 risum
2516 4289 2765 4350 motura,
2800 4306 2828 4333 »
2873 4288 2980 4339 etc.
3031 4284 3280 4339 Demum
3311 4287 3623 4354 postquam

1971 4373 2071 4427 diu
2103 4372 2443 4443 disputavit,
2480 4374 2649 4428 modo
2682 4372 2994 4441 huc,modo
3023 4372 3162 4427 illuc
3195 4371 3623 4442 inclinans,ipsi

2363 4462 2480 4516 fere
2530 4462 2719 4534 potior
2774 4463 3003 4518 videtur
3053 4461 3285 4517 Baronii
3337 4461 3624 4516 sententia

278 4529 490 4626 ξυίάδδ
523 4529 729 4626 ῗοτίδίί
759 4530 1103 4626 Gregorium
1150 4535 1540 4626 Ποτξίξεθηθνίο
1573 4538 1857 4608 majorem
1888 4563 1935 4626 D
1970 4572 1998 4599 ‹‹
2031 4551 2292 4619 Interim,
2328 4529 2649 4623 inquitv(d),
2685 4552 2784 4622 qui
2827 4551 2973 4606 nihil
3004 4555 3296 4607 mutatum
3328 4549 3499 4616 volet,
3533 4566 3620 4616 eo,

211 4617 439 4682 abiisse,
475 4619 737 4689 adeoque
787 4623 992 4674 natum
1043 4637 1194 4677 anno
1239 4623 1383 4688 299;
1416 4641 1484 4678 ex
1519 4642 1632 4696 quo
1664 4643 1860 4697 seque-

213 4717 360 4765 retur
381 4710 730 4783 Gregorium
754 4712 1192 4783 octogenarium
1217 4713 1559 4785 fuisse,cum
1582 4719 1860 4773 Constan-

210 4800 512 4871 tinopolim
536 4800 607 4854 ad
631 4800 1056 4856 defendendam
1092 4802 1436 4860 catholicam
1470 4805 1644 4861 ﬁdem
1668 4808 1858 4879 profe-

209 4893 325 4944 ctus
347 4889 584 4944 est.Sed
612 4889 743 4960 quis
765 4891 960 4944 credat
981 4890 1170 4947 virum
1194 4895 1628 4966 octogenarium
1651 4895 1770 4952 illic
1792 4913 1860 4953 ea

205 4979 699 5050 praestitisse,quaa
723 4979 1026 5051 praestitit;
1049 4997 1336 5054 paresque
1359 4985 1536 5040 tantis
1559 4985 1856 5042 laboribus

202 5068 524 5123 subeundis
556 5068 666 5122 hac
695 5073 861 5125 aetate
890 5069 1040 5126 vires
1064 5070 1528 5141 habuisse,tanta
1555 5075 1602 5129 vi
1627 5075 1855 5131 dicendi

1971 4641 2124 4710 quod
2159 4639 2397 4709 Ἐτήσιαι
2432 4641 2543 4712 ipsi
2594 4659 2708 4696 non
2760 4641 3068 4697 videantur
3111 4658 3213 4712 pro
3258 4663 3285 4690 ‹‹
3315 4640 3451 4695 anni
3484 4657 3620 4693 cur-

1967 4728 2150 4784 riculo
2181 4750 2210 4778 »
2262 4747 2433 4801 posse
2479 4747 2581 4802 per
2626 4731 3025 4802 metaphoram
3085 4729 3289 4801 accipi,
3341 4733 3621 4799 sequatur

1970 4839 1998 4867 «
2033 4818 2261 4874 Baronii
2294 4819 2665 4875 sententiam.
2701 4842 2729 4869 ››

2401 4961 2600 5016 XVIII.
2632 4963 2862 5018 Baronii
2889 4964 3178 5018 sententia.

2037 5085 2116 5139 Ea
2146 5087 2340 5139 autem
2374 5090 2461 5140 est
2491 5086 2800 5142 Annalium
2851 5087 3108 5159 parentis
3153 5087 3479 5155 sententia;
3514 5102 3616 5158 per

204 5159 451 5215 valuisse
482 5163 538 5214 et
571 5159 849 5228 efﬁcacia,
883 5165 946 5216 ut
977 5161 1272 5218 auditores
1303 5181 1650 5234 omnes,non
1683 5168 1854 5223 modo

205 5249 490 5304 catholica
523 5247 661 5303 ﬁdei
706 5248 984 5318 addictos,
1018 5251 1118 5306 sed
1165 5252 1323 5324 ipsos
1352 5254 1524 5310 etiam
1557 5255 1855 5313 haereticos

208 5335 308 5389 sibi
341 5337 714 5392 devinciret‘?
749 5337 824 5392 Ex
863 5339 986 5410 ipso
1037 5340 1193 5396 enim
1243 5342 1517 5416 Gregorio
1548 5346 1850 5417 discimus,

275 5455 318 5486 ⁸⁸
345 5454 544 5520 Eccli.,
579 5470 637 5520 x,
671 5454 724 5508 3.

275 5570 347 5634 (α)
381 5570 508 5626 Lib.
549 5587 568 5624 1
601 5569 728 5625 adv.
761 5570 939 5626 Jovz'n.

280 5642 348 5710 (pb)
377 5641 442 5697 Ν.
473 5642 567 5696 72.

2035 5585 2108 5728 Ec)
2137 5586 2282 5666 App.
2319 5586 2391 5641 ad
2422 5589 2462 5640 t.
2495 5586 2594 5642 VII
2627 5586 2785 5660 Maii,
2815 5605 2871 5661 p.
2903 5589 3028 5643 844.

2059 5655 2115 5726 d)
2146 5655 2316 5724 Ibld.,
2345 5657 2472 5727 845,
2505 5656 2613 5714 col.
2652 5660 2704 5714 1.

286 5655 348 5710 ρο)
377 5655 442 5697 [Ἰ.
473 5655 567 5696 'Iz.

2037 5655 2115 5727 (ά)
2146 5655 2316 5724 Ibid.,
2345 5657 2472 5727 845,
2505 5656 2613 5714 col.
2652 5660 2704 5714 1.

1964 5172 2318 5246 hyperbolen
2349 5174 2610 5230 locutum
2645 5177 2826 5232 fuisse
2851 5177 3190 5248 Gregorium
3224 5180 3614 5248 patrem,cum

1964 5263 2058 5319 his
2088 5263 2296 5332 verbis,
2332 5287 2358 5313 «
2415 5265 2672 5320 nondum
2723 5271 2809 5321 tot
2856 5284 3062 5336 annos,
3105 5270 3238 5337 etc.,
3288 5288 3316 5316 »
3370 5267 3615 5321 suadere

1965 5351 2082 5406 ﬁlio
2113 5359 2443 5419 conaretur,
2477 5359 2540 5407 ut
2583 5357 2946 5426 pastoritiam
3001 5373 3197 5412 curam
3247 5355 3610 5427 susciperet;
