4152 6208
496 364 610 429 159

1822 369 2007 432 νιΤΑ
2049 367 2111 430 8.
2162 366 2558 431 GllEGORII.

3776 355 3895 418 160

496 499 791 573 quomodo
819 518 969 574 saepe
1019 519 1132 558 non
1181 501 1433 559 multum
1468 502 1808 577 grandiores
1839 521 1975 560 nam
2007 509 2134 560 tan-
2167 507 2221 573 Α
2322 499 2571 577 Nondum
2604 505 2811 556 tantam
2841 512 3086 577 emensus
3115 510 3171 552 es
3200 494 3392 577 vitam.

494 589 620 646 tillo
651 607 714 645 se
738 592 1073 660 ,unioribus
1101 592 1320 660 dicunt,
1355 611 1416 649 se
1450 595 1503 649 id
1554 595 1624 649 de
1657 612 1772 667 quo
1804 596 1995 666 agitur
2025 594 2136 649 sci-

495 679 648 735 visse
675 678 1022 751 priusquam
1054 688 1433 738 nascerentur
1462 682 1707 738 alii.Hac
1738 685 1958 738 ratione
1977 700 2136 738 scru-

496 767 703 840 pulum
735 767 806 823 iis
846 785 912 823 ex
944 770 1138 825 animo
1171 771 1383 840 evellit,
1417 773 1514 842 qui
1550 779 1611 826 ut
1656 775 1893 827 credant
1926 773 2135 844 Grego-

496 857 649 914 rium
681 862 842 928 patre
873 857 1142 929 episcopo
1193 866 1392 914 natum
1443 878 1568 916 esse
1617 863 1826 916 adduci
1859 879 1972 916 non
2005 879 2136 932 pos-

497 949 656 1001 sunt.
691 946 895 1000 Censet
917 947 992 1017 (a)
1022 965 1272 1019 namque
1321 966 1453 1003 eum
1500 951 1674 1004 etiam
1715 970 1734 998 ι
1790 954 1950 1020 patre
1989 967 2137 1004 non-

495 1033 637 1088 dum
669 1032 995 1089 Christiano
1029 1042 1250 1091 natum.
1290 1060 1314 1085 ››
1348 1038 1559 1092 Verum
1588 1039 1869 1094 Baronius
1900 1056 2140 1110 scrupu-

494 1121 619 1179 lum
651 1121 827 1177 simul
860 1141 969 1178 sua
998 1124 1469 1196 interpretatione
1501 1129 1678 1183 donat
1698 1132 1753 1184 et
1783 1129 1987 1184 aufert.
2022 1127 2139 1182 Illis

497 1212 736 1283 quidem
768 1213 973 1281 aufert,
1007 1214 1104 1284 qui
1161 1222 1398 1271 censent
1440 1217 1780 1289 Gregorium
1814 1223 1976 1290 patre
2015 1218 2141 1288 epi-

495 1316 673 1372 sOOpo
706 1305 909 1356 natum
959 1319 1073 1358 non
1117 1320 1281 1372 esse;
1316 1306 1493 1360 donat
1544 1311 1739 1362 autem
1781 1307 1932 1375 aliis,
1968 1311 2141 1377 atque

494 1388 790 1461 imprimis
812 1389 1202 1457 Tillemontio,
1225 1395 1322 1462 qui
1354 1395 1692 1466 Gregorium
1726 1397 1946 1467 absque
1978 1413 2140 1450 men-

501 1478 665 1533 dacio
699 1477 781 1532 sic
812 1478 968 1550 loqui
1001 1498 1116 1536 non
1148 1483 1425 1552 potuisse,
1458 1489 1513 1538 et
1540 1484 1637 1538 tali
1671 1485 1980 1557 hyperbole
2011 1502 2140 1557 gra-

500 1565 648 1621 viter
669 1567 880 1621 offendi
915 1569 1214 1625 veritatem
1247 1572 1519 1626 afﬁrmat.

499 1673 644 1751 XIX.
709 1677 980 1751 Qua’libet
1021 1679 1205 1746 opinio
1261 1680 1377 1733 suis
1432 1679 1655 1735 laborat
1705 1680 2139 1751 difﬁcultatibus.

567 1748 868 1824 Minoribus
915 1757 1139 1824 urgetur
1173 1764 1311 1824 ⁵(μιαί)
1364 1753 1556 1805 statuit
1618 1748 1934 1822 Gregorium
1984 1762 2146 1824 patre

570 1817 893 1889 christiano,
921 1820 1010 1873 sed
1039 1817 1280 1875 nondum
1309 1824 1553 1894 episcOpo
1583 1817 1794 1879 natum.

572 1922 744 1979 Nulla
772 1940 840 1978 ex
870 1923 961 1979 his
993 1927 1266 1981 omnibus
1312 1933 1400 1984 est
1426 1929 1819 2000 opinionibus,
1853 1947 1980 2001 quae
2031 1948 2145 1986 non

500 2012 1106 2085 multisgravibusque
1128 2015 2144 2091 difﬁcultatibuslaboret.lllaporro,

497 2101 667 2157 nobis
698 2102 897 2157 omnia
925 2105 1346 2161 meditantibus
1393 2106 1784 2175 incommoda,
1819 2107 2145 2165 minoribus

497 2191 693 2262 urgeri
741 2191 864 2246 visa
912 2196 1019 2260 est,
1071 2209 1197 2264 quae
1256 2193 1599 2266 Gregorium
1664 2203 1824 2268 patre
1883 2199 2146 2252 nondum

498 2280 793 2350 episcopo,
825 2280 926 2334 sed
952 2283 1072 2350 jam
1103 2281 1430 2339 Christiano
1478 2291 1681 2339 natum
1727 2303 1880 2341 anno
1910 2288 2015 2341 325
2046 2291 2148 2342 aut

495 2369 735 2425 ineunte
765 2369 869 2425 326
898 2371 1104 2425 statuit
1124 2387 1193 2428 ex
1223 2371 1411 2444 ipsius
1442 2374 1698 2445 Gregorii
1733 2376 1943 2431 verbis.
1976 2398 1996 2426 α
2031 2379 2145 2430 An-

503 2474 618 2513 nus
649 2457 816 2525 mihi,
845 2481 873 2508 »
908 2459 1099 2530 inquit
1129 2461 1204 2531 (b)
1225 2483 1250 2510 «
1275 2462 1401 2532 jam
1426 2480 1569 2534 pene
1600 2464 1930 2520 tricesimus
1961 2471 2100 2536 erat,
2121 2488 2140 2514 ι

502 2561 636 2603 cum
665 2546 929 2618 Athenis,
961 2564 1113 2604 anno
1161 2551 1266 2604 355
1308 2551 1392 2606 vel
1436 2553 1560 2619 356,
1593 2553 1888 2609 discedere
1932 2554 2145 2627 cogita-

502 2634 622 2691 bat.
673 2635 844 2691 Nasci
897 2653 1032 2709 ergo
1088 2639 1291 2694 debuit
1348 2658 1500 2695 anno
1559 2643 1663 2696 335
1721 2649 1988 2712 exeunte,
2047 2647 2149 2700 aut

504 2724 742 2780 ineunte
763 2726 887 2792 326,
921 2730 986 2781 ut
1033 2728 1370 2800 trigesimus
1421 2730 1500 2784 illi
1542 2748 1732 2786 annus
1778 2738 1927 2787 esset
1955 2731 2005 2787 is
2033 2749 2147 2804 quo

506 2812 767 2869 Athenas
789 2814 1189 2887 reliquit.Ejus
1208 2822 1371 2889 pater
1393 2821 1651 2874 nondum
1674 2825 1795 2875 erat
1815 2822 2146 2893 cpiscopus;

505 2902 604 2958 sed
640 2918 773 2957 eum
799 2903 1194 2960 Christianum
1227 2912 1367 2962 tunc
1418 2909 1616 2973 fuisse,
1651 2911 1917 2980 quamvis
1950 2915 2151 2964 contra

504 2991 717 3047 sentiat
747 2993 1050 3059 Baronius,
1085 2994 1415 3066 colligimus
1446 3015 1513 3051 ex
1535 2999 1789 3052 carmine
1813 2999 2015 3070 quinto
2050 2999 2148 3054 ubi

506 3079 588 3137 ait
618 3079 932 3151 Gregorius
964 3099 1024 3137 se
1057 3087 1259 3139 natum
1306 3086 1502 3140 statim
1537 3105 1570 3142 a
1598 3087 1802 3142 Nonna
1838 3088 1953 3143 Deo
1988 3087 2149 3143 obla-

503 3171 669 3224 tum:
703 3169 911 3225 deinde
941 3172 1120 3238 addit,
1161 3190 1183 3220 ε
1212 3178 1266 3228 et
1297 3192 1330 3229 a
1376 3177 1716 3246 parentibus
1763 3178 2019 3250 suscepit
2049 3179 2150 3232 do-

2325 575 2598 642 Quantum
2630 571 2908 644 praateriit
2937 570 3079 624 mihi
3105 567 3513 639 sacriﬁciorum
3541 571 3771 637 tempus.

2245 685 2372 737 Non
2424 681 2503 736 ait
2554 677 2865 751 Gregorius
2919 678 3069 731 facta
3115 693 3147 731 a
3187 692 3269 741 se,
3323 675 3441 729 sive
3487 677 3548 728 ut
3581 672 3901 736 sacerdote,

2248 772 2365 825 sive
2398 774 2460 824 ut
2508 769 2798 840 episcopo,
2851 766 3170 832 sacrificia;
3225 763 3323 818 sed
3355 763 3539 816 tilium
3573 779 3745 816 suum
3781 765 3904 814 tan-

2247 865 2366 915 tam
2404 859 2661 913 nondum
2694 856 2873 911 vitam
2927 871 3054 910 esse
3105 869 3431 920 emensum,
3469 855 3756 922 quantum
3791 850 3900 902 sibi

2248 948 2360 1018 ipsi
2421 947 2839 1002 sacrificiorum
2886 950 3119 1015 tempus
3171 965 3197 991 «
3260 940 3651 1011 praeteriisset.
3685 960 3710 990 »
3751 937 3898 1004 Quid

2248 1053 2418 1110 porro
2451 1041 2603 1090 vetat
2633 1033 2951 1106 quominus
3003 1033 3270 1086 dicamus
3320 1028 3610 1085 sacrificia
3657 1045 3724 1082 ea
3776 1042 3907 1081 esse

2250 1142 2415 1180 sacra
2464 1123 2760 1196 mysteria,
2795 1121 3010 1193 quibus
3061 1125 3194 1192 post
3245 1122 3583 1189 susceptum
3616 1117 3908 1187 baptisma

2249 1215 2610 1280 interfuerat,
2672 1228 2920 1283 quorum
2979 1212 3268 1282 particeps
3325 1208 3533 1273 fuerat,
3602 1206 3716 1260 imo
3777 1221 3911 1276 quas

2247 1304 2444 1373 aliam,
2478 1303 2526 1357 si
2559 1302 2754 1357 minus
2782 1304 2845 1356 ut
2876 1301 3170 1365 sacerdos,
3205 1297 3412 1354 saltem
3443 1300 3507 1350 ut
3539 1295 3907 1350 Christianus

2248 1411 2354 1448 suo
2388 1393 2559 1448 modo
2591 1407 2692 1463 per
2720 1390 2940 1461 aliquot
2971 1405 3153 1444 annos
3186 1387 3499 1454 obtulerat,
3526 1385 3910 1456 quemadmO'

2251 1483 2391 1538 dum
2427 1480 2627 1536 fideles
2661 1481 2862 1535 offerre
2888 1477 3267 1548 solent,juxta
3298 1477 3417 1531 haec
3451 1475 3638 1530 Μίδεω
3661 1473 3905 1528 canonis

2249 1571 2462 1626 verba:
2496 1570 2757 1625 Memento
2805 1569 2992 1633 etiam,
3052 1567 3342 1622 Domine...
3392 1569 3442 1620 et
3493 1566 3739 1621 omnium
3797 1565 3907 1616 cir-

2252 1660 2662 1725 cumstantium,
2697 1673 2931 1729 quorum
2979 1658 3083 1711 tibi
3130 1655 3260 1726 ﬁdes
3306 1655 3527 1726 cognita
3571 1662 3648 1708 est
3681 1656 3734 1706 et
3777 1657 3908 1706 nota

2251 1750 2476 1815 devotio,
2503 1765 2602 1818 pro
2635 1749 2828 1819 quibus
2875 1747 2979 1802 tibi
3023 1747 3329 1817 offerimus,
3361 1744 3446 1799 vel
3493 1745 3591 1814 qui
3636 1741 3745 1796 tibi
3783 1741 3910 1812 θηε-

2254 1844 2388 1894 runt
2420 1839 2518 1894 hoc
2561 1838 2894 1908 sacri/icium
2941 1835 3120 1890 laudis
3141 1838 3165 1887 ?
3213 1839 3318 1889 etc.
3352 1834 3432 1888 Ex
3462 1848 3576 1903 quo
3607 1847 3742 1903 ergo
3775 1847 3909 1885 sus-

2259 1932 2488 2000 ceperat
2537 1927 2833 1998 baptisma
2878 1924 3211 1997 Gregorius,
3250 1923 3431 1978 sacris
3482 1921 3775 1993 mysteriis
3819 1920 3906 1974 in-

2255 2021 2557 2088 terfuerat,
2588 2019 2796 2075 horum
2832 2018 3120 2090 particeps
3153 2016 3361 2080 fuerat,
3393 2013 3596 2070 exinde
3627 2035 3654 2062 «
3685 2011 3908 2066 sacrifi-

2256 2109 2478 2164 ciorum
2513 2131 2539 2158 »
2563 2113 2798 2179 tempus
2831 2107 2940 2178 ipsi
2974 2107 3152 2161 ﬂuere
3182 2108 3450 2176 cmperat,
3485 2105 3548 2157 ut
3577 2101 3688 2172 ipsi
3719 2101 3910 2155 dicere

2255 2198 2484 2254 licuerit
2512 2198 2694 2253 filium
2728 2197 3073 2268 alloquendo
3100 2212 3151 2249 :«
3173 2194 3441 2249 Nondum
3467 2196 3684 2246 tantam
3711 2206 3909 2244 emen-

2257 2306 2358 2344 sus
2391 2305 2452 2343 es
2475 2287 2967 2358 vitam,quantum
3002 2283 3278 2357 praeteriit
3309 2281 3452 2337 mihi
3484 2280 3905 2336 sacrificiorum

2255 2381 2511 2448 tempus.
2550 2400 2570 2424 η
2620 2377 2780 2440 Quod
2832 2375 3067 2446 quidem
3119 2373 3288 2443 longe
3335 2370 3706 2426 verissimum
3755 2370 3900 2423 erat.

2256 2467 2430 2533 Quin,
2465 2465 2797 2536 Theologus
2828 2464 2972 2534 ipse,
3006 2462 3264 2517 carmine
3299 2463 3368 2515 De
3411 2461 3533 2515 Vita
3563 2475 3662 2514 sua
3693 2457 3790 2529 (ἀ),
3823 2456 3904 2511 sic

2258 2557 2439 2611 Deum
2471 2556 2713 2609 affatur:
2749 2576 2776 2602 «
2813 2552 3090 2620 Precor,si
3117 2551 3351 2622 quando
3370 2553 3423 2604 te
3455 2554 3617 2620 pater
3647 2553 3702 2602 et
3730 2562 3900 2600 vene-

2257 2645 2438 2699 randa
2471 2649 2655 2698 mater
2686 2647 2784 2697 aut
2811 2641 3067 2696 victimis
3090 2641 3251 2710 puris
3282 2645 3338 2694 et
3362 2639 3580 2693 sanctis
3614 2635 3903 2690 munerati

2259 2737 2434 2799 sunt;
2472 2755 2498 2780 »
2531 2731 2899 2786 victimarum
2932 2729 3165 2784 nomine
3188 2728 3282 2798 pia
3307 2744 3481 2799 opera
3508 2743 3574 2781 ex
3602 2724 3906 2779 charitatis

2259 2822 2464 2877 alfectu
2497 2821 2611 2875 Deo
2639 2818 2831 2874 oblata
2862 2819 3018 2872 haud
3051 2818 3224 2871 dubie
3254 2815 3588 2887 intelligens
3614 2819 3691 2881 ;et
3722 2829 3907 2867 carm.

2256 2928 2314 2966 ιι
2365 2911 2453 2982 (e),
2514 2910 2725 2965 animae
2781 2909 3048 2962 victimas
3107 2907 3445 2961 incruentas
3493 2927 3519 2953 ››
3579 2907 3909 2958 memorat:

2259 3000 2398 3071 quid
2427 2999 2604 3071 igitur
2635 2999 2850 3062 obstat,
2883 2996 3199 3067 quominus
3247 2995 3448 3050 eodem
3482 3010 3655 3049 sensu
3687 2991 3906 3062 Grego-

2261 3089 2384 3143 rius
2407 3092 2569 3159 pater
2611 3103 2806 3141 sacras
2853 3085 3118 3139 victimas
3167 3082 3552 3148 intellexerit;
3605 3081 3780 3151 idque
3811 3097 3913 3135 so-

2260 3176 2384 3231 lum
2416 3175 2680 3230 versibus
2731 3173 2846 3227 illis
2895 3171 3310 3240 declaraverit;
3367 3170 3632 3225 videlicet
3679 3185 3795 3224 non
3829 3173 3917 3223 tot

506 3275 687 3314 num:
725 3281 752 3307 ››
784 3257 870 3312 καὶ
927 3257 985 3312 ἐκ
1029 3261 1231 3315 τοκέων
1277 3261 1534 3319 ὑπέδεκτο
1584 3262 1779 3340 δῶρον.
1816 3267 1996 3339 Igitur
2024 3267 2147 3338 ipse

2261 3265 2387 3319 vita)
2419 3280 2604 3318 annos
2627 3262 2955 3317 decurrisse
2978 3259 3350 3331 ﬁlium,quod
3370 3259 3492 3330 ipse
3519 3259 3577 3312 in
3601 3258 3916 3314 efferendis

505 3363 736 3420 quoque
762 3348 1075 3422 Gregorius
1108 3356 1271 3423 pater
1300 3353 1485 3409 filium
1511 3372 1643 3411 vero
1674 3357 1788 3412 Deo
1838 3356 2149 3421 obtulerat,

505 3437 869 3510 proindeque
927 3455 1059 3494 eum
1121 3445 1262 3497 tunc
1331 3443 1572 3499 colebat.
1660 3446 1926 3502 Carmine
1975 3447 2149 3500 etiam

507 3525 618 3582 alio
650 3527 739 3596 (c),
769 3531 1076 3599 postquam
1105 3532 1361 3586 narravit
1389 3534 1674 3604 quomodo
1704 3536 1797 3589 vix
1827 3539 1998 3589 natus
2035 3535 2150 3589 Deo

508 3615 736 3670 dicatus
768 3616 943 3670 fuerit
989 3622 1044 3670 et
1093 3619 1344 3686 oblatus,
1404 3620 1592 3675 instar
1631 3622 1796 3678 vituli
1848 3624 1933 3678 vel
1975 3623 2148 3695 agni;

515 3724 541 3756 ι
570 3720 684 3759 non
717 3703 872 3760 enim
895 3705 1082 3760 dicere
1100 3709 1303 3774 audeo,
1329 3715 1590 3766 utnovus
1622 3713 1857 3784 quidam
1893 3712 2150 3778 Samuel,

507 3793 619 3850 nisi
651 3794 720 3848 ad
754 3810 953 3849 eorum
989 3796 1087 3865 qui
1108 3797 1388 3853 dederunt
1417 3800 1770 3856 desiderium
1786 3802 2153 3872 respiciam.»

507 3919 617 3977 XX.
650 3919 777 3997 Alia
827 3920 1114 3997 verborum
1167 3921 1412 3997 Gregorii
1456 3927 1630 3996 patris
1681 3929 2057 3997 interpretatio
2086 3944 2157 3983 ex

722 3991 938 4047 Memor.
976 3993 1120 4049 Trev.
1157 3991 1283 4066 Apr.
1312 3991 1468 4068 1707,
1501 4001 1605 4052 art.
1642 4015 1692 4063 L,
1722 4016 1776 4069 ρ.
1807 3991 1931 4053 711.

582 4097 714 4152 Jam
745 4113 878 4155 vero
902 4099 948 4155 si
983 4116 1150 4172 roges
1190 4119 1306 4173 qua
1363 4103 1586 4160 ratione
1627 4105 1885 4177 Gregorii
1936 4109 2156 4162 textum

513 4186 983 4256 interpretemur,
1015 4206 1083 4244 ex
1114 4206 1228 4261 quo
1260 4191 1356 4247 alii
1387 4210 1519 4249 eum
1552 4199 1712 4266 patre
1754 4195 2023 4267 episcopo
2057 4213 2156 4251 na-

513 4277 641 4328 tum
673 4275 973 4347 colligunt,
1007 4279 1220 4350 accipe.
1254 4281 1443 4338 Verba
1469 4283 1595 4354 ipsa
1624 4283 1736 4340 huc
1767 4286 2085 4340 revocanda
2106 4290 2162 4340 et

515 4361 699 4418 oculis
731 4364 1115 4435 subjicienda.

590 4483 756 4567 Qiimo
785 4492 1041 4567 100051on
1077 4488 1486 4567 ἐκμεμὲτςρηκας
1524 4493 1662 4567 βίον,

589 4559 755 4619 "anc
785 4559 1031 4634 παρῆλθε
1064 4559 1257 4624 ouium
1291 4559 1414 4636 ξ’μὸὶ
1447 4559 1666 4640 χρὸνος.

589 4649 840 4726 Ιξόηᾰωῃ
871 4655 952 4726 tot
980 4669 1152 4707 annos
1181 4656 1289 4709 vita
1317 4659 1590 4726 percurrit
1621 4662 1735 4724 tua,

591 4721 729 4788 Quot
758 4723 841 4777 mi
869 4724 929 4777 in
951 4726 1125 4779 sacris
1143 4727 1265 4797 jam
1292 4721 1420 4783 sunt
1443 4732 1660 4799 peracti
1687 4721 1946 4786 victimis.

518 4855 774 4924 Gregorii
805 4857 981 4912 verba
1011 4858 1092 4912 sic
1119 4861 1370 4917 reddunt
1402 4864 1500 4935 qui
1535 4880 1668 4919 eum
1701 4869 1862 4935 patre
1892 4865 2162 4937 episcopo

515 4948 719 5000 natum
750 4960 876 5000 esse
907 4949 1264 5005 contendunt
1286 4967 1505 5007 :verum
1528 4952 1585 5006 hi
1611 4954 1834 5008 addunt
1866 4955 1924 5009 in
1947 4972 2054 5009 sua
2075 4956 2163 5009 in-

515 5034 946 5104 terpretatione,
981 5038 1135 5107 quod
1185 5039 1244 5093 in
1295 5040 1486 5095 Graeco
1536 5045 1693 5097 textu
1745 5060 1860 5098 non
1900 5048 2161 5114 apparet,

519 5138 730 5192 nempe
768 5141 790 5170 ι
824 5124 1059 5194 peracti.
1099 5148 1125 5174 ››
1157 5127 1333 5182 ΡΟῙῚὋ
1368 5131 1544 5184 textui
1601 5131 1745 5185 nihil
1779 5133 2030 5188 addatur
2059 5150 2163 5187 nec

518 5211 880 5279 detrahatur,
915 5214 1015 5268 sed
1065 5215 1137 5268 ad
1189 5217 1430 5272 verbum
1481 5219 1776 5274 reddatur.
1810 5221 1905 5276 Sic
1947 5222 2164 5292 optime

517 5301 774 5355 reddidit
803 5306 1005 5357 auctor
1043 5303 1322 5374 epistolae,
1357 5306 1412 5360 in
1461 5309 1898 5365 commentariis
1928 5311 2160 5367 Trevol-

516 5389 720 5459 tianis,
749 5405 817 5445 ex
844 5407 961 5461 qua
990 5390 1111 5446 haec
1143 5392 1486 5452 hausimus:

613 5552 668 5626 ᾳ)
697 5550 733 5626 9
761 5550 914 5621 Maii,
948 5569 1002 5623 p.
1037 5551 1161 5624 375,
1195 5553 1302 5610 col.
1339 5555 1389 5626 1,
1426 5574 1482 5614 n.
1515 5559 1566 5612 9.

614 5624 665 5699 ὁ)
697 5622 885 5699 Carm.
924 5622 1003 5699 _De
1031 5622 1203 5680 anim.
1235 5622 1605 5699 mercatum,
1636 5647 1687 5688 v.
1723 5632 1842 5687 199.

598 5694 667 5771 (c)
696 5694 884 5755 Carm.
917 5696 991 5753 De
1017 5699 1129 5756 vita
1154 5713 1272 5770 sua,
1303 5715 1358 5758 v.
1388 5700 1476 5756 88.

2259 3359 2371 3408 Deo
2403 3352 2751 3408 Christianis
2782 3350 3058 3421 operibus
3088 3347 3498 3420 impenderat?

2293 3468 2430 3523 XXI.
2466 3467 2709 3538 Gregorii
2727 3465 2904 3521 verbis
2926 3463 3197 3519 mendacii
3228 3472 3357 3519 nota
3380 3480 3485 3518 non
3517 3463 3670 3520 debet
3696 3464 3874 3518 inuri.

2329 3579 2772 3641 Przeterea,cum
2803 3573 3046 3628 Baronio
3069 3570 3203 3627 licet
3240 3571 3452 3638 dicere,
3498 3587 3600 3644 per
3632 3570 3915 3643 hyperbo-

2260 3662 2353 3719 len
2386 3664 2470 3719 sic
2501 3663 2759 3718 locutum
2795 3662 2973 3716 fuisse
3017 3660 3360 3732 Gregorium
3391 3687 3402 3728 ;
3429 3661 3582 3732 quod
3606 3659 3786 3715 illaesa
3818 3677 3914 3714 ve-

2262 3753 2432 3808 ritate
2465 3752 2650 3823 potuit
2680 3757 2865 3822 poeta.
2902 3754 3061 3804 Certe
3095 3750 3405 3821 Gregorius
3430 3754 3590 3821 pater
3612 3749 3703 3804 his
3723 3749 3916 3805 verbis

2264 3858 2368 3896 nec
2400 3840 2601 3895 fefellit
2634 3839 2839 3908 filium,
2873 3855 2978 3892 nec
3029 3837 3226 3892 fallere
3278 3838 3548 3906 intendit,
3574 3842 3674 3892 aut
3706 3838 3918 3909 potuit.

2265 3946 2370 3986 nec
2401 3929 2560 3985 aliud
2595 3929 2832 3984 demum
2864 3927 3192 3996 signiﬁcare
3222 3926 3395 3982 voluit
3421 3944 3595 3998 quam
3620 3928 3770 3998 quod
3797 3927 3914 3982 tilio

2267 4018 2645 4075 notissimum
2678 4022 2818 4072 erat.
2855 4017 3067 4071 Mirum
3101 4016 3355 4088 profecto
3388 4020 3476 4070 est
3521 4016 3614 4070 his
3654 4015 3914 4088 Gregorii

2265 4109 2456 4164 verbis
2484 4105 2771 4162 mendacii
2827 4109 3024 4160 notam
3070 4105 3220 4158 inuri
3279 4104 3351 4158 ab
3407 4105 3500 4172 iis,
3534 4107 3633 4176 qui
3665 4105 3919 4160 fatentur

2267 4215 2400 4253 cum
2435 4195 2810 4252 Bollandistis
2852 4194 3126 4266 Gregorio
3172 4193 3409 4249 licuisse
3459 4194 3647 4248 dicere
3695 4193 3916 4265 absque

2269 4287 2847 4354 mendacio,matrem
2867 4301 3035 4338 suam
3049 4288 3399 4339 coaetaneam
3418 4283 3595 4338 fuisse
3610 4283 3779 4354 patri,
3809 4280 3916 4336 ἶσον

2269 4373 2440 4444 πολιὴ
2484 4395 2539 4428 τε
2591 4373 2680 4428 καὶ
2728 4373 2896 4441 ἢϐεσι,
2950 4373 3216 4444 quamvis
3274 4374 3444 4428 annis
3493 4373 3691 4428 decem
3752 4377 3927 4445 atque

2272 4467 2448 4523 etiam
2484 4463 2738 4534 amplius
2773 4479 2902 4518 eam
2927 4462 3223 4533 juniorem
3256 4462 3438 4518 fuisse
3468 4462 3808 4518 concedant.

2193 4621 2240 4686 D
2309 4582 2471 4637 XXII.
2507 4583 2669 4636 Patre
2694 4579 2937 4636 nondum
2965 4581 3214 4650 episcopo
3260 4588 3424 4634 natus
3464 4587 3540 4634 est
3569 4578 3882 4648 Gregorius.

2343 4688 2443 4743 His
2491 4687 2766 4742 omnibus
2822 4686 3111 4758 expensis,
3164 4687 3518 4741 arbitramur
3572 4687 3917 4758 Gregorium

2272 4781 2434 4849 patre
2449 4777 2710 4832 nondum
2725 4776 2995 4847 episcopo
3016 4780 3304 4844 natum,et
3325 4774 3664 4845 Gregorium
3693 4782 3918 4846 patrem

2271 4883 2371 4937 per
2402 4864 2751 4937 hyperbolen
2782 4865 3043 4920 locutum
3077 4864 3388 4928 fuisse,nec
3403 4866 3530 4930 ejus
3561 4865 3752 4919 verbis
3775 4865 3924 4920 ulla-

2272 4961 2444 5010 tenus
2474 4953 2776 5009 veritatem
2811 4954 3103 5008 attentari.
3137 4957 3214 5007 An
3265 4968 3399 5007 vero
3445 4952 3757 5023 Gregorius
3787 4957 3927 5009 Gor-

2271 5043 2446 5115 gonia
2477 5059 2671 5098 sorore
2693 5043 2914 5112 junior,
2941 5041 3203 5097 seniorve
3246 5041 3438 5109 fuerit,
3471 5041 3745 5097 dubitant
3775 5059 3920 5098 non-

2273 5132 2441 5196 nulli,
2473 5148 2576 5187 nec
2606 5131 2773 5187 facile
2802 5136 2889 5185 est
2919 5131 3259 5194 definire,ut
3288 5129 3677 5200 Papebrochio
3707 5129 3920 5202 placet.

2272 5244 2302 5272 «
2337 5221 2528 5276 Potuit
2555 5227 2728 5290 certe,
2762 5219 2973 5291 inquit,
3010 5220 3195 5290 primo
3227 5223 3398 5290 partu
3431 5223 3566 5274 nata
3597 5220 3834 5290 femina,
3861 5221 3920 5277 in

2271 5315 2456 5366 matre
2487 5309 2713 5365 acuisse
2741 5309 3094 5365 desiderium
3119 5307 3299 5380 prolis
3328 5307 3622 5364 masculae.
3647 5331 3675 5360 »
3697 5309 3810 5366 Sed
3841 5309 3922 5367 le-

2269 5399 2598 5464 vissimam,
2631 5398 2748 5455 imo
2775 5397 2998 5454 nullam
3029 5399 3176 5454 hanc
3206 5414 3335 5455 esse
3363 5398 3767 5455 difficultatem
3791 5399 3924 5471 quis

2347 5560 2420 5629 (ά)
2451 5559 2518 5612 ν.
2554 5560 2676 5630 416,
2710 5559 2830 5615 419.

2345 5635 2416 5701 (e)
2451 5631 2639 5687 Carm.
2674 5632 2745 5688 De
2775 5633 2887 5688 div.
2922 5632 3043 5688 vitm
3073 5632 3347 5702 generib.,
3379 5647 3432 5702 ν,
3465 5631 3551 5686 40.
