4152 6208
247 358 335 418 t6l

1541 345 1724 409 VITA
1777 348 1840 407 S.
1893 345 2290 406 GREGORII.

3493 342 3607 401 {62

244 508 336 547 non
364 484 645 558 intelligat
666 482 693 538 ‘7
719 483 798 538 An
824 496 957 537 vero
985 480 1045 536 in
1093 482 1283 547 Anna,
1306 495 1481 551 quam
1514 496 1645 535 cum
1671 485 1857 534 matre
1886 484 1940 546 Α
1965 478 2144 532 certis
2173 477 2623 548 cogitationibus
2669 475 2916 529 formam
2947 472 3176 546 accipit.
3217 474 3318 529 His
3348 471 3609 545 Gregorii

241 597 327 636 sua
355 577 608 633 conferre
643 571 1152 643 solethregorius,
1185 573 1241 625 et
1269 569 1387 625 illic
1419 570 1653 642 quidem
1680 567 1856 640 potis-

242 664 679 736 simum,cprimo
709 665 874 733 partu
900 665 1038 716 nata
1069 659 1287 715 femina
1316 659 1473 715 acuit
1503 659 1857 714 desiderium

241 756 394 830 prolis
423 751 731 810 mascula?
763 774 790 799 ››
824 750 898 806 Ut
928 766 1064 822 ergo
1110 752 1222 804 stet
1256 749 1611 821 comparatio
1644 747 1859 803 Nonna

242 864 353 904 cum
381 847 564 911 Anna,
598 840 813 897 rectius
845 838 1191 908 Gergouiam
1214 837 1500 907 juniorem
1523 838 1695 892 fratre
1720 836 1859 891 Gre-

240 935 378 1008 gorio
398 933 579 988 fuisse
612 930 956 998 inferretur;
990 928 1143 1001 quod
1177 926 1375 999 plures
1405 925 1746 981 Scholiasta
1776 925 1859 998 (α)

238 1023 579 1081 confirmant.

236 1131 399 1186 XXIII.
433 1129 741 1199 Gregorius
795 1126 1067 1250 nascihtir.
1101 1125 1294 1180 Prima
1340 1122 1587 1179 educatio
1617 1124 1673 1177 in
1707 1120 1861 1178 domo

912 1214 980 1250 na
1008 1213 1163 1250 ema.

910 1213 1163 1268 paterna.

292 1292 474 1361 Itaque
506 1291 687 1345 natus
716 1287 946 1344 videtur
991 1283 1302 1358 Gregorius
1323 1283 1466 1355 (sive
1495 1282 1707 1350 senior,
1743 1282 1862 1337 sive

229 1379 403 1451 junior
458 1377 755 1451 Gorgonia
810 1374 1004 1447 fuerit)
1028 1391 1182 1430 anno
1234 1374 1341 1429 325
1397 1372 1481 1429 vel
1538 1374 1663 1444 326,
1697 1375 1862 1444 patre

237 1470 467 1525 nondum
500 1469 799 1540 episcOpo,
833 1467 932 1523 sed
964 1464 1313 1531 Christiano,
1336 1468 1403 1519 ut
1424 1466 1550 1535 jam
1583 1463 1857 1518 diximus.

237 1559 305 1613 Ab
336 1558 472 1629 ipsis
504 1555 869 1612 incunabilis
900 1554 991 1627 pie
1023 1571 1056 1610 a
1078 1554 1188 1626 piis
1220 1553 1559 1626 parentibus
1582 1552 1861 1609 educatus

238 1651 324 1714 est,
354 1646 446 1719 qui
475 1646 746 1719 regenda
774 1644 962 1717 ipsius
1001 1642 1260 1716 pueritia
1292 1659 1491 1699 curam
1526 1642 1635 1714 ipsi
1670 1657 1862 1697 susce-

240 1752 367 1807 pere.
389 1737 529 1792 Cum
551 1752 683 1790 eam
714 1738 1148 1804 atatem,quam
1172 1732 1375 1787 dicunt
1394 1731 1637 1787 rationis
1659 1746 1858 1801 exper-

238 1829 352 1891 tem,
398 1825 838 1897 pertransisset,
872 1839 1006 1877 eum
1062 1827 1266 1890 mater,
1301 1837 1475 1892 quem
1498 1822 1625 1891 jam
1657 1820 1856 1875 statim
1889 1854 1937 1919 Β

239 1915 297 1968 ab
321 1919 440 1969 ortu
469 1914 587 1969 Deo
620 1912 930 1982 obtulerat,
962 1916 1135 1983 atque
1183 1912 1358 1965 etiam
1391 1910 1735 1981 priusquam
1766 1926 1862 1964 na-

241 2007 467 2059 sceretur
495 2003 814 2068 dicaverat,
846 2001 1056 2056 iterum
1090 1999 1300 2055 obtulit
1328 2003 1386 2054 et
1406 1998 1619 2054 dicavit
1641 2016 1655 2066 ;
1680 1998 1862 2054 sacris

241 2091 422 2147 litteris
449 2092 615 2162 pueri
647 2107 861 2145 manus
892 2088 1180 2153 lustravit,
1200 2087 1381 2143 libros
1402 2088 1627 2143 divinos
1649 2087 1863 2143 teneris

244 2182 487 2236 manibus
520 2179 862 2235 tractandos
906 2177 1251 2245 exhibendo;
1288 2177 1503 2248 quibus
1551 2193 1685 2232 eum
1716 2178 1865 2232 votis

246 2269 625 2325 obstrinxisset
654 2267 1027 2340 significavit,
1062 2272 1230 2337 atque
1276 2266 1503 2321 hortata
1531 2271 1618 2321 est
1650 2270 1713 2321 ut
1742 2283 1866 2322 ma-

246 2358 333 2414 tris
362 2358 643 2431 promissa
672 2356 841 2413 factis
866 2355 1141 2427 expleret.
1174 2355 1302 2426 Ipse
1340 2354 1608 2426 protinus
1638 2356 1864 2425 annuit,

247 2449 486 2521 quamvis
507 2449 566 2503 in
597 2451 807 2502 tenera
834 2450 1018 2509 atate,
1051 2448 1291 2515 rataque
1320 2444 1517 2498 omnia
1546 2443 1773 2512 habuit,
1800 2460 1868 2499 ac

246 2538 490 2609 perﬁcere
519 2551 759 2607 semper
789 2534 1014 2589 studuit
1044 2533 1139 2605 (b).
1193 2532 1443 2604 Optimis
1473 2533 1530 2587 in
1563 2534 1735 2588 domo
1766 2549 1867 2604 pa-

245 2631 404 2694 terna,
436 2627 535 2681 ubi
595 2622 877 2697 praclara
905 2624 1191 2677 virtutum
1242 2621 1506 2693 exempla
1548 2639 1660 2694 pra
1686 2622 1870 2678 oculis

247 2714 450 2781 habeat,
510 2713 821 2786 praceptis
872 2712 1245 2779 informatus,
1305 2710 1609 2782 gravitatis
1661 2727 1869 2767 senum

250 2803 440 2875 aliquid
472 2803 837 2875 praeferebat,
864 2806 1029 2856 atate
1050 2800 1229 2855 simul
1260 2805 1318 2855 et
1338 2801 1561 2856 ratione
1582 2817 1871 2857 crescens.

251 2896 522 2949 Crescebat
553 2898 612 2947 et
641 2891 777 2946 boni
800 2890 1622 2962 cupiditas,quemadmodum
1661 2906 1730 2944 ex
1760 2907 1873 2945 nu-

252 2981 399 3037 bibus
430 2983 617 3036 nubes
658 2978 812 3035 coire
844 2978 1055 3034 solent.
1114 2978 1439 3047 Librorum,
1473 2978 1573 3049 qui
1601 2978 1670 3033 de
1702 2978 1874 3035 rebus

255 3069 439 3127 divinis
468 3074 749 3135 tractant,
791 3067 1034 3123 lectione
1093 3067 1510 3125 oblectabatur.
1544 3068 1687 3123 Cum
1732 3068 1875 3124 viris

1965 566 2157 621 verbis
2189 564 2565 620 manifestum
2599 566 2705 632 est,
2740 564 2794 619 id
2822 563 3137 635 contigisse
3158 579 3291 618 cum
3325 562 3518 619 adhuc
3547 561 3608 617 in

1967 657 2139 711 domo
2171 658 2429 727 paterna,
2453 670 2566 709 non
2592 658 2787 709 autem
2819 670 2949 710 cum
2976 654 3100 724 jam
3138 652 3383 708 Athenis
3409 668 3610 707 versa-

1968 748 2147 811 retur,
2176 746 2232 799 et
2263 743 2510 798 Ruﬁnus
2543 757 2845 813 perperam
2877 741 3129 813 scripsit.

1966 850 2131 907 XXV.
2171 851 2351 907 Visum
2396 853 2725 906 nocturnum
2749 864 2850 920 quo
2888 848 3162 905 castitatis
3211 864 3395 907 amore
3420 865 3607 906 accen-

2704 920 2873 975 ditur.

2039 1010 2302 1082 Virgines
2325 1011 2471 1066 duas
2500 1009 2695 1065 videre
2717 1008 2828 1064 sibi
2849 1008 3155 1065 videbatur
3179 1008 3419 1081 propius
3450 1013 3610 1066 stan-

1968 1103 2077 1170 tes,
2102 1098 2480 1170 candidisque
2496 1097 2755 1154 vestibus
2786 1095 3365 1164 collucentes,ambas
3396 1098 3611 1155 formo-

1971 1205 2090 1259 sas,
2125 1188 2502 1259 ejusdemque
2524 1187 2730 1257 atatis,
2756 1186 2975 1259 quibus
2995 1191 3336 1244 ornamento
3369 1191 3494 1244 erat
3522 1188 3611 1244 in-

1969 1281 2178 1334 ornata
2206 1278 2409 1333 forma.
2444 1275 2735 1342 Quarenti
2793 1276 3067 1349 Gregorio
3099 1293 3363 1348 quanam
3396 1281 3612 1347 essent,

1968 1372 2024 1423 et
2054 1367 2210 1422 unde
2238 1366 2555 1435 venissent,
2605 1366 2786 1422 altera
2814 1382 2877 1421 se
2933 1365 3258 1421 castitatem
3290 1382 3418 1422 esse
3448 1366 3614 1439 dixit,

1970 1457 2150 1513 altera
2168 1456 2636 1528 temperantiam:
2659 1455 3110 1526 cumqueipsum
3134 1456 3373 1511 hortata
3396 1461 3612 1526 essent,

1968 1549 2034 1601 ut
2063 1545 2360 1600 mentibus
2385 1548 2636 1600 mentem
2657 1548 2715 1599 et
2740 1542 2920 1599 facem
2956 1543 3178 1599 facibus
3196 1545 3613 1617 jungeret,quo

1967 1651 2100 1691 eum
2134 1635 2281 1689 miro
2315 1634 2538 1706 fulgore
2594 1632 2993 1705 splendentem
3026 1634 3083 1688 in
3136 1632 3343 1689 calum
3375 1635 3612 1704 ferrent,

1968 1724 2236 1796 protinus
2264 1723 2324 1778 in
2358 1723 2569 1779 calum
2598 1724 2917 1779 evolarunt.
2953 1725 3095 1778 Cum
3127 1722 3307 1795 igitur
3360 1724 3483 1780 viso
3510 1740 3613 1779 no-

1968 1817 2177 1868 cturno
2210 1812 2485 1868 incensus
2534 1816 2690 1868 esset
2748 1811 3080 1883 Gregorius,
3112 1828 3277 1867 amor
3306 1813 3615 1886 castitatis,

1972 1904 2143 1974 cujus
2178 1901 2371 1973 fulgor
2393 1901 2618 1957 intimis
2649 1900 2829 1957 animi
2853 1901 3179 1957 recessibus
3199 1902 3482 1957 contineri
3499 1920 3615 1960 non

1970 1995 2216 2064 poterat,
2249 1991 2307 2046 in
2339 2007 2405 2046 eo
2436 1989 2753 2062 splenduit.

2059 2079 2250 2135 XXVI.
2294 2082 2521 2136 Piorum
2550 2081 2795 2134 virorum
2819 2077 3271 2135 consuetudinem
3291 2083 3515 2147 expetit.

1972 2168 2235 2223 Primum
2266 2168 2444 2240 igitur
2499 2182 2878 2240 congressum
2939 2166 3168 2239 piorum
3226 2167 3481 2223 virorum
3515 2186 3617 2242 ap-

1974 2256 2193 2329 petivit,
2226 2258 2325 2329 qui
2375 2256 2730 2312 matrimonii
2788 2254 3019 2311 vincula
3057 2255 3343 2327 fugerant,
3376 2272 3555 2328 seque
3586 2274 3621 2313 a

1973 2345 2220 2401 terrenis
2241 2345 2579 2402 hominibus
2601 2348 2995 2417 sejunxerant,
3018 2348 3083 2400 ut
3110 2343 3403 2401 Christum
3423 2362 3619 2419 regem

1978 2434 2157 2492 animi
2188 2436 2395 2507 pennis
2421 2439 2805 2508 sequerentur
2848 2435 2932 2507 (Γ).
2968 2433 3082 2490 Hos
3110 2433 3297 2490 unica
3327 2452 3532 2493 amans
3563 2440 3622 2492 et

1975 2528 2096 2582 toto
2153 2524 2324 2581 corde
2367 2523 2777 2597 complectens,
2835 2522 2959 2595 spei
3015 2521 3262 2580 caelestis
3307 2524 3485 2581 duces
3514 2524 3618 2582 ha-

1967 2618 2107 2697 _buit
2137 2617 2234 2689 (g).
2267 2615 2473 2671 Postea
2502 2630 2677 2686 grave
2709 2612 3069 2668 matrimonii
3094 2613 3305 2685 jugum
3338 2615 3617 2683 excussit,

1980 2706 2315 2780 praeclaram
2347 2720 2570 2774 eorum,
2602 2702 2702 2774 qui
2759 2706 3037 2774 perpetua
3086 2702 3418 2773 virginitate
3448 2704 3622 2760 ﬂore-

1982 2802 2110 2853 rent
2139 2799 2355 2852 sortem
2388 2797 2685 2863 exoptans.
2718 2792 2841 2847 Non
2867 2791 3144 2857 convivia,
3163 2796 3219 2846 et
3240 2808 3622 2865 quacumque

1976 2885 2295 2958 juvenibus
2327 2899 2477 2938 cura
2535 2897 2662 2937 esse
2712 2879 2920 2949 solent,
2952 2880 3063 2952 ipsi
3120 2880 3428 2953 placebant
3459 2899 3473 2951 ;
3507 2899 3623 2938 non

1983 2974 2170 3031 mollis
2202 2971 2400 3038 vestis,
2430 2988 2545 3025 non
2606 2969 2873 3042 petulans
2932 2969 3104 3040 risus,
3138 2986 3255 3025 non
3311 2970 3536 3043 scopuli
3566 2974 3626 3028 et

1985 3068 2233 3127 montes,
2269 3078 2380 3117 non
2401 3060 2533 3130 equi
2567 3064 2624 3114 et
2646 3076 2819 3114 canes
2857 3059 3123 3115 venatici.
3153 3061 3230 3114 Ea
3261 3060 3459 3115 omnia
3481 3060 3623 3116 mis-

256 3159 426 3230 probis
455 3159 735 3230 frequens
768 3160 910 3213 erat.
946 3155 1040 3211 Sic
1069 3159 1267 3211 tenera
1297 3172 1463 3212 mens
1494 3156 1729 3228 optimis
1760 3156 1875 3212 im-
1915 3221 1948 3230 _
1984 3170 2047 3209 sa
2080 3152 2232 3220 fecit,
2263 3150 2631 3223 projectaque
2652 3148 2810 3204 omni
2839 3148 2969 3204 vita
3001 3148 3175 3219 hujus
3207 3148 3495 3215 felicitate,
3516 3166 3627 3204 au-

258 3221 512 3303 buebatur
544 3221 834 3317 moribus,
889 3244 1250 3316 formamque
1306 3221 1549 3317 pietatis
1574 3244 1872 3315 induebat,
1907 3221 1949 3288 (ἶ
1988 3248 2152 3299 stera
2183 3221 2577 3311 temperantia
2622 3236 2836 3293 collum
2890 3237 3185 3293 submisit.
3228 3238 3310 3293 Ea
3338 3236 3625 3311 singulari

260 3333 410 3392 donec
461 3342 702 3408 tempus
770 3335 1021 3401 adesset,
1081 3334 1234 3405 quod
1294 3350 1427 3389 eum
1493 3350 1659 3390 sacro
1717 3334 1877 3389 fonte

259 3424 577 3481 abluendum
605 3440 739 3481 esse
758 3423 1023 3479 Christus
1044 3427 1245 3478 notum
1278 3423 1517 3492 faceret;
1551 3423 1652 3494 qui
1672 3423 1877 3495 singu-

256 3510 342 3567 lari
370 3513 647 3570 beneﬁcio
679 3529 914 3569 servum
954 3528 1129 3568 suum
1158 3511 1370 3581 affecit,
1402 3528 1655 3583 eumque
1683 3512 1876 3567 verbis

258 3603 568 3676 compellare
600 3604 880 3674 dignatus
909 3606 1000 3657 est
1029 3602 1118 3674 (ο).
1150 3600 1413 3657 Castitati
1440 3601 1718 3673 alligavit,
1752 3618 1876 3656 car-

257 3707 363 3746 nem
414 3694 682 3761 frenavit,
719 3691 1063 3763 ﬂagrantem
1120 3690 1419 3762 sapientia
1475 3690 1680 3745 divina
1712 3706 1877 3745 amo-

257 3796 354 3835 rem
384 3780 713 3854 inspiravit,
774 3797 839 3835 ac
870 3781 996 3834 vita
1054 3779 1413 3846 monastica,
1478 3779 1729 3854 μονάχου
1766 3775 1878 3853 βιὸ-

257 3885 369 3936 τοιο,
398 3889 516 3943 qua
548 3871 682 3926 vita
720 3870 927 3924 futurae
959 3866 1308 3940 praludium
1343 3872 1447 3923 est.

536 3978 714 4032 XXIV.
748 3975 924 4030 Ardor
953 3974 1230 4030 servanda
1256 3974 1566 4046 pudicitia.

316 4062 541 4122 Divinas
572 4065 820 4137 quidam
866 4063 1107 4119 incessit
1128 4062 1364 4134 juvenis
1416 4063 1679 4119 animum
1713 4064 1884 4120 ardor

263 4158 521 4211 servanda
550 4154 874 4227 pudicitia,
906 4168 1079 4223 quem
1136 4152 1327 4206 visum
1382 4152 1615 4208 caleste
1666 4153 1779 4224 ipsi
1823 4154 1882 4208 in

263 4243 457 4298 somnis
498 4249 807 4299 ostensum
864 4239 1053 4312 magis
1109 4239 1415 4312 magisque
1453 4240 1724 4296 ﬁrmavit.
1756 4241 1886 4297 Hac

264 4336 392 4402 sunt,
422 4338 484 4387 ut
514 4349 618 4403 ego
653 4331 892 4403 quidem
927 4329 1152 4401 opinor,
1186 4329 1490 4397 miracula,
1522 4330 1689 4401 queis
1711 4336 1885 4398 Deus,

264 4418 351 4485 qui
364 4421 442 4475 sic
470 4423 599 4493 pias
618 4425 849 4475 mentes
872 4419 943 4474 ad
967 4417 1209 4473 salutem
1236 4418 1566 4489 trahit,ejus
1598 4420 1886 4475 desiderio

265 4506 424 4563 calcar
451 4510 697 4578 addidit,
732 4513 799 4563 ut
854 4508 977 4579 ipse
1012 4506 1217 4562 scribit
1242 4508 1556 4579 Gregorius
1578 4508 1677 4579 (d),
1713 4509 1883 4564 dubi-

1983 3330 2106 3400 illo,
2156 3345 2331 3402 quem
2398 3332 2534 3383 tunc
2590 3326 2789 3383 hausit
2843 3326 3058 3397 animo,
3085 3326 3372 3383 castitatis
3428 3342 3628 3385 amore

1984 3419 2215 3476 condita
2244 3417 2616 3490 postmodum
2670 3418 2742 3473 ab
2773 3433 2838 3473 eo
2865 3417 3046 3473 fuisse
3076 3415 3175 3473 illa
3211 3416 3467 3490 insignia
3494 3434 3629 3489 poe-

1984 3522 2163 3585 mata,
2197 3516 2412 3590 quibus
2462 3514 2663 3571 laudes
2713 3515 3064 3589 virginitatis
3103 3519 3160 3571 et
3215 3520 3503 3589 pracepta
3558 3514 3633 3573 ad

1986 3607 2235 3679 virgines
2265 3604 2657 3672 continentur,
2691 3608 2845 3660 recte
2884 3620 3015 3660 cum
3049 3603 3438 3676 Papebrochio
3469 3602 3633 3660 colli-

1984 3712 2109 3769 gas.

2057 3803 2272 3860 XXVII.
2307 3802 2556 3873 Gregorii
2579 3800 2763 3857 studia
2791 3806 2949 3856 extra
2980 3800 3146 3856 limen
3174 3801 3555 3870 proferuntur.

2067 3896 2383 3962 Postquam
2414 3892 2571 3945 intra
2620 3890 2859 3944 domum
2898 3895 3201 3961 paternam
3246 3889 3329 3944 sic
3381 3888 3633 3961 primum

1988 3981 2260 4036 instituta
2291 3980 2399 4035 fuit
2427 3979 2689 4051 Gregorii
2737 3978 3009 4049 pueritia,
3043 3994 3457 4049 sacrarumque
3486 3977 3638 4034 litte-

1992 4087 2191 4126 rarum
2223 4068 2438 4123 studiis
2469 4073 2527 4122 et
2572 4067 2731 4122 omni
2772 4067 3055 4122 virtutum
3088 4084 3297 4139 genere
3326 4067 3640 4124 informata

1990 4166 2150 4215 extra
2180 4157 2361 4213 limen
2407 4155 2632 4228 prolata
2663 4159 2801 4211 sunt
2831 4158 2959 4226 ejus
3005 4154 3204 4210 studia
3233 4156 3332 4228 (Ιι).
3364 4154 3640 4222 Quamvis

1993 4249 2150 4304 enim
2181 4245 2327 4301 nihil
2355 4261 2615 4316 unquam
2649 4244 2945 4315 antiquius
2967 4245 3150 4299 sacris
3180 4244 3391 4301 litteris
3421 4244 3641 4301 habue-

1993 4340 2089 4406 rit,
2123 4342 2393 4393 externas
2420 4341 2617 4390 tamen
2675 4334 3022 4407 investigare
3053 4340 3111 4390 et
3156 4351 3495 4407 comparare
3527 4350 3641 4391 non

1993 4430 2082 4480 est
2112 4422 2486 4494 dedignatus,
2510 4438 2575 4477 eo
2607 4421 2887 4476 nimirum
2917 4420 3179 4489 consilio,
3209 4426 3276 4477 ut
3304 4420 3453 4476 veris
3484 4420 3643 4476 litte-

1995 4512 2075 4568 ris
2108 4528 2209 4584 per
2239 4510 2448 4566 nothas
2480 4509 2657 4565 ferret
2686 4526 2852 4581 cpem
2882 4527 2894 4577 ;
2930 4526 3002 4565 ne
3033 4510 3282 4581 superbe
3302 4509 3646 4581 jactitarent

266 4596 373 4651 tans
401 4614 468 4652 an
491 4614 558 4653 ea
588 4602 784 4669 tegere
814 4597 1042 4665 debeat,
1077 4596 1229 4667 quod
1260 4597 1440 4651 animi
1494 4613 1703 4669 parum
1734 4598 1880 4670 grati
1914 4592 1961 4658 D
1993 4618 2073 4669 se,
2107 4599 2207 4673 qui
2266 4598 2413 4655 nihil
2472 4602 2679 4671 praeter
2729 4599 2965 4654 inanem
2996 4597 3391 4669 eloquentiam
3422 4598 3483 4653 in
3511 4601 3642 4669 gut-

267 4690 354 4753 est,
403 4703 471 4741 an
528 4687 867 4758 pradicare,
901 4685 1056 4757 quod
1110 4684 1328 4739 fastum
1376 4685 1606 4740 videtur
1659 4702 1883 4757 sapere.

270 4772 386 4827 Item
413 4779 601 4831 tamen
626 4768 751 4847 ipse
784 4779 963 4830 totam
996 4774 1181 4845 aperit
1210 4773 1271 4827 in
1301 4773 1558 4829 carmine
1578 4778 1663 4829 De
1680 4776 1889 4832 anima

270 4874 360 4916 sua
386 4865 800 4921 calamitatibus
829 4864 927 4935 (ε),
951 4866 1422 4933 nocturnumque
1452 4862 1642 4917 visum
1666 4866 1884 4932 narrat,

275 4964 369 5020 quo
422 4954 569 5011 Deus
623 4954 732 5028 ipsi
790 4952 1058 5009 castioris
1114 4950 1245 5006 vita
1302 4967 1560 5008 amorem
1616 4951 1883 5022 immisit,

278 5060 297 5085 υ
324 5056 441 5097 cum
490 5042 678 5099 adhuc
706 5057 853 5115 puer
881 5040 1159 5114 parvulus
1199 5044 1372 5108 esset,
1405 5056 1509 5096 nec
1541 5044 1737 5097 tamen
1768 5057 1886 5097 om-

278 5127 393 5184 nino
438 5132 727 5203 parvulus,
764 5154 791 5181 ››
836 5131 939 5186 sed
986 5146 1054 5186 ea
1102 5134 1269 5185 atate
1311 5146 1426 5201 qua
1463 5130 1600 5185 boni
1642 5134 1698 5186 et
1746 5129 1886 5187 mali

278 5212 530 5291 imagines
561 5221 619 5276 in
650 5221 844 5277 animo
872 5218 1588 5291 inscribuntur,mensque
1619 5220 1885 5277 nondum

333 5376 402 5518 (αξ
428 5377 575 5436 Elias
599 5380 773 5449 Cret.,
805 5380 866 5436 in
899 5378 1036 5436 edit.
1069 5377 1228 5447 Bill.,
1258 5382 1300 5435 t.
1331 5379 1408 5448 II,
1438 5395 1495 5452 p.
1526 5380 1653 5436 761.

336 5446 379 5518 (ὁ
425 5448 605 5508 Carm.
635 5454 711 5509 De
738 5454 854 5509 vita
882 5468 1006 5518 sua,
1035 5468 1090 5507 v.
1121 5452 1193 5506 95
1220 5458 1274 5508 et
1304 5466 1431 5518 seq.

355 5446 399 5524 b)
425 5448 605 5524 Germ.
635 5454 711 5509 De
738 5446 854 5509 vita
882 5468 1006 5520 sua,
1035 5452 1193 5524 v.95
1214 5446 1274 5508 et
1304 5446 1431 5524 seq.

355 5448 399 5518 b)
425 5448 605 5508 Carm.
635 5454 711 5509 De
738 5454 854 5509 vita
882 5468 1006 5520 sua,
1035 5468 1090 5507 v.
1121 5452 1168 5505 95

357 5520 399 5642 ἢ
424 5520 603 5581 Carm.
637 5525 712 5581 De
737 5526 926 5592 rebus,
956 5540 1011 5578 ν.
1044 5523 1168 5580 455.

388 5590 406 5734 ζ
432 5596 610 5652 Carm.
643 5597 670 5653 1
697 5598 773 5653 De
792 5598 908 5652 vita
935 5612 1056 5667 sua,
1088 5611 1143 5653 ν.

342 5660 386 5734 (ε
429 5665 605 5727 Carm.
635 5669 690 5734 5,
722 5685 775 5727 v.
801 5668 929 5726 205.

432 5596 610 5671 (ξω-ω.
638 5597 670 5671 1
697 5598 773 5653 De
792 5598 908 5671 sita
935 5612 1056 5667 sua,
1088 5611 1143 5653 v.
1180 5595 1282 5652 105
1310 5596 1366 5653 et
1394 5611 1514 5671 seq.

342 5660 404 5735 (ε)
429 5665 605 5727 Carm.
635 5669 690 5743 5,
722 5685 775 5727 v.
801 5668 929 5726 205.

1992 4696 2124 4746 ture
2148 4693 2205 4745 et
2233 4688 2513 4745 suavibus
2564 4704 2771 4744 vocum
2813 4687 2977 4744 sonis
3008 4688 3180 4743 sitam
3215 4693 3468 4756 norunt;
3502 4702 3644 4742 neve

1994 4778 2420 4850 sophismatum
2455 4776 2699 4832 nexibus
2729 4777 3149 4848 implicaretur.
3180 4777 3400 4847 Itaque,
3435 4799 3463 4826 ‹‹
3497 4775 3641 4832 Cum

1995 4873 2159 4923 atate
2177 4867 2306 4937 jam
2343 4865 2917 4937 adolevisset,inquit
2948 4867 3076 4937 ejus
3106 4866 3245 4921 Vita
3280 4866 3528 4938 scriptor
3557 4864 3644 4937 (ἰ),

1992 4956 2313 5012 Casaream
2372 4954 2689 5026 profectus.
2750 4953 2984 5026 illicque
3040 4970 3173 5010 cum
3234 4953 3646 5026 prastantibus

1993 5044 2347 5117 quibusdam
2368 5042 2662 5115 magistris
2683 5043 3105 5101 consuetudine
3126 5042 3644 5111 habita,doctrina~

1993 5151 2107 5206 que
2137 5150 2253 5189 non
2307 5133 2515 5205 exigua
2572 5131 2829 5203 collecta,
2862 5132 2923 5188 in
2981 5130 3351 5190 Palastinam
3408 5132 3644 5205 naviga-

1991 5223 2095 5282 vit.
2133 5244 2161 5273 »

2066 5385 2135 5456 (n
2166 5382 2272 5451 1b.,
2301 5398 2354 5438 ν.
2384 5383 2513 5456 281.

2067 5455 2147 5529 ('g’)
2178 5456 2285 5529 1b.,
2316 5470 2368 5509 ν.
2401 5455 2527 5529 sos.

2067 5527 2147 5673 EI!)
2177 5527 2367 5611 carm.
2400 5527 2476 5582 De
2504 5528 2617 5583 vita
2646 5543 2771 5601 sua,
2802 5546 2856 5586 ν.
2893 5528 2992 5589 112
3044 5532 3225 5603 etseq.

2091 5602 2127 5673 ι)
2165 5600 2282 5656 Vita
2315 5597 2492 5673 (ἔνθα,
2524 5615 2582 5673 p.
2614 5601 2666 5657 4.

2091 5597 2137 5673 ἢ
2165 5600 2282 5656 Vita
2315 5597 2492 5673 (ἔνθα,
2524 5615 2582 5673 p.
2614 5601 2666 5657 4.
