4152 6208
465 398 580 458 163

592 523 844 585 XXVIII.
880 527 1180 585 Caesaream
1214 527 1567 599 Cappadociae
1590 526 1984 597 proﬁciscitur.

535 619 747 674 Nullus
779 621 930 673 certe
962 617 1292 689 ambigendi
1341 616 1523 686 locus,
1556 620 1747 669 utram
1793 615 2111 670 Caesaream

457 708 687 780 petierit
712 706 1044 778 Gregorius.
1077 705 1301 760 Etenim
1334 704 1680 769 Caesaream,
1713 719 1834 773 quae
1867 702 1925 755 in
1965 702 2111 772 Cap-

456 797 698 868 padocia
755 795 867 850 sita
924 799 1030 862 est,
1065 810 1180 848 non
1240 793 1606 848 Palaestinam
1659 793 1757 846 ubi
1817 791 1997 845 altera
2024 794 2113 844 est

460 889 742 956 Caesarea,
771 890 912 939 tunc
972 883 1282 955 navigavit.
1315 882 1437 936 Viri
1497 886 1693 936 tamen
1728 880 1879 935 docti
1914 879 2109 950 plures

461 980 777 1030 Caesaream
815 972 1130 1028 Palaestinae
1159 971 1513 1042 intelligunt,
1559 969 1848 1041 imprimis
1883 967 2108 1033 Billius,

459 1065 769 1129 Baroniuii,
805 1067 976 1133 atque
1008 1062 1182 1116 etiam
1211 1061 1336 1132 ipse
1384 1059 1827 1125 Tillemontius;
1858 1074 2108 1128 quorum

458 1154 795 1226 opinionem
856 1154 1056 1206 auctor
1115 1150 1241 1204 Vitae
1300 1148 1494 1204 Basilii
1550 1148 1627 1219 (p.
1687 1149 1774 1214 40,
1810 1148 1918 1217 41),
1952 1162 2108 1201 novae

456 1242 696 1300 editioui
730 1256 974 1312 operum
1025 1240 1208 1294 sancti
1268 1236 1520 1292 doctoris
1553 1237 1797 1308 praevim,
1827 1235 2109 1290 validissi-

455 1333 569 1388 mis
602 1330 913 1386 momentis
943 1328 1249 1399 impugnat
1279 1329 1336 1381 et
1363 1325 1592 1381 refellit.

451 1422 637 1478 XXIX.
661 1421 720 1476 In
747 1417 1083 1490 Cappadocia
1111 1417 1358 1486 primum
1407 1415 1717 1469 amicitiam
1749 1430 1869 1468 cum
1899 1413 2105 1468 Basilio

1007 1506 1204 1576 junxit
1238 1503 1544 1574 Gregorius.

529 1599 736 1655 Narrat
766 1595 1077 1667 Gregorius
1104 1594 1499 1649 Nazianzenus
1521 1593 1601 1664 (a)
1623 1609 1685 1648 se
1714 1595 1769 1647 et
1798 1590 2100 1657 Basilium,

457 1713 484 1739 ‹‹
523 1688 714 1744 Veluti
742 1686 964 1740 ﬂuxum
996 1683 1307 1754 quemdam
1358 1681 1637 1748 ﬂuminis,
1672 1698 1738 1736 ex
1766 1681 1970 1736 eodem
2001 1696 2100 1751 pa-

457 1778 579 1834 triae
614 1777 768 1832 fonte
800 1773 860 1828 in
893 1773 1150 1827 diversas
1180 1771 1446 1843 regiones
1477 1770 1750 1825 doctrinae
1781 1769 2100 1840 cupiditate

1794 391 1972 452 Vl'l‘A
2025 393 2085 450 S.
2141 388 2534 450 GREGORII.

2140 526 2194 589 Α
2225 523 2396 576 rebus
2421 522 2771 593 quibusdam
2798 521 3049 576 visendis
3073 529 3290 577 ornata:
3311 528 3466 590 sunt;
3494 524 3643 579 hanc
3665 529 3871 581 contra

3750 392 3868 450 164

2220 613 2285 664 ut
2315 627 2478 666 arma
2505 610 2592 664 vel
2645 611 2955 683 tragoedias
3015 616 3159 665 notae
3210 613 3474 681 quaedam
3525 617 3698 684 atque
3729 614 3870 670 insi-

2220 699 2374 770 gnia,
2411 700 2492 754 sic
2524 699 2849 755 litterarum
2907 699 3089 771 gloria
3147 700 3414 756 nobilitat
3460 701 3868 775 illustremque

2221 789 2426 842 reddit.
2463 811 2490 837 ››

2291 877 2450 932 XXX.
2483 879 2738 934 Caesarea
2771 877 3129 948 Cappadociae
3167 880 3366 933 litteris
3395 881 3506 950 fuit
3529 881 3788 952 insignis.

2288 966 2445 1020 Nihil
2469 973 2557 1022 est
2587 968 2644 1021 in
2674 967 2766 1022 his
2814 967 3024 1031 verbis,
3060 971 3122 1022 ut
3179 969 3445 1024 observat
3491 975 3685 1026 noster
3717 976 3862 1026 Pru-

2220 1057 2449 1111 dentius
2481 1057 2680 1111 Maran
2705 1057 2796 1127 (ε),
2825 1057 2978 1128 quod
3014 1073 3128 1111 non
3162 1058 3379 1128 optime
3410 1060 3715 1116 conveniat
3745 1063 3862 1117 Ca-

2217 1163 2391 1202 sareaa
2426 1146 2852 1218 Cappadocum.
2876 1147 3015 1217 Apte
3036 1145 3272 1217 quidem
3295 1148 3607 1220 Gregorius
3630 1150 3859 1219 urbem,

2216 1236 2276 1292 in
2308 1253 2423 1306 qua
2450 1234 2813 1307 loquebatur,
2846 1238 2902 1289 et
2929 1251 3065 1290 voce
3113 1239 3169 1290 et
3198 1253 3376 1292 manu
3426 1238 3740 1311 designans
3772 1241 3864 1296 di-

2215 1325 2416 1380 cebat:
2480 1346 2508 1373 ‹‹
2557 1327 2738 1388 Hanc,
2790 1323 3055 1394 inquam,
3116 1323 3406 1382 illustrem
3457 1327 3769 1397 civitatem,
3803 1334 3863 1386 et

2214 1418 2512 1470 nostram:
2549 1434 2577 1462 ››
2630 1409 2840 1481 Ταύτην
2901 1408 2957 1465 δὲ
3005 1409 3148 1488 λέγω
3198 1416 3299 1483 τήν
3346 1418 3613 1492 περιφανῆ
3658 1437 3715 1470 τε
3769 1417 3862 1471 καὶ

2213 1501 2500 1577 ἡμετέραν.
2530 1503 2652 1558 Non
2687 1507 2852 1574 putat
2908 1503 3317 1560 Tillemontius
3358 1506 3506 1560 hanc
3537 1509 3858 1563 Caesaream

2213 1611 2246 1648 a
2267 1593 2478 1647 studiis
2495 1592 2910 1661 litterarum,ut
2931 1609 2964 1647 a
2986 1593 3275 1665 praecipuo
3304 1595 3468 1650 urbis
3489 1601 3856 1664 ornamento,

2211 1681 2435 1738 laudari
2467 1680 2745 1753 potuisse.
2780 1681 2915 1749 Sed,
2942 1687 3007 1736 ut
3067 1683 3332 1737 omittam
3383 1684 3721 1750 Eusebium,
3754 1685 3859 1756 qui

2209 1772 2576 1843 Cappadociae
2608 1769 2883 1842 praesules
2914 1770 3178 1826 doctrina
3218 1771 3371 1827 inter
3402 1772 3544 1828 alios
3576 1774 3860 1830 enituisse

448 1869 753 1932 dissectos,
788 1878 1014 1926 rursus,
1038 1859 1196 1916 velut
1217 1877 1283 1915 ex
1317 1860 1667 1930 composito,
1696 1858 1810 1913 Deo
1833 1856 2100 1912 videlicet
2130 1893 2176 1958 B
2207 1863 2454 1915 testatur
2475 1860 2563 1930 (Γ),
2596 1859 2720 1930 ipse
2744 1859 2995 1914 Basilius
3028 1860 3286 1932 Gregorii
3313 1861 3646 1918 testimonio
3678 1879 3858 1918 suum

451 1956 533 2011 ita
557 1951 913 2024 impellente,
943 1948 1187 2004 Athenis
1219 1948 1484 2003 coivisse.
1519 1970 1546 1997 »
1594 1947 1841 2016 Uterque
1871 1962 2008 2018 ergo
2037 1945 2098 1999 in
2131 1945 2175 1958 υ
2208 1946 2495 2018 adjungit,
2529 1949 2585 2001 et
2605 1945 2980 2002 litterisinter
3010 1949 3210 2018 patriae
3238 1954 3582 2005 ornamenta
3609 1951 3707 2006 dat
3728 1950 3859 2023 pal-

451 2041 814 2116 Cappadocia
844 2039 1191 2109 conjunctus
1234 2038 1443 2104 fuerat,
1475 2036 1628 2106 quod
1660 2051 1962 2107 perperam
1997 2051 2097 2089 ne-

450 2138 551 2205 gat
574 2127 1000 2202 Papebrochius
1029 2128 1125 2198 (b),
1160 2126 1258 2197 qui
1291 2126 1465 2181 etiam
1517 2126 1728 2180 asserit
1754 2124 2095 2196 Gregorium

451 2226 508 2277 et
538 2219 819 2276 Basiliam
849 2217 1106 2288 primum
1159 2215 1403 2269 Athenis
1460 2218 1665 2268 mutuo
1724 2229 1786 2268 se
1831 2212 2092 2268 novisse:

447 2317 691 2382 uterque
722 2309 856 2363 inde
879 2306 934 2361 in
965 2306 1154 2361 varias
1187 2304 1448 2375 regiones
1479 2304 1773 2375 profectus
1803 2320 1917 2358 non
1950 2303 2097 2359 alter

443 2417 474 2457 ο
508 2400 708 2466 Ponto,
739 2397 885 2452 alter
914 2412 945 2450 e
975 2393 1355 2466 Cappadocia.
1391 2394 1451 2448 Id
1486 2394 1864 2448 conﬁrmatur
1901 2392 2095 2448 verbis

444 2489 706 2561 Gregorii
740 2487 799 2541 in
838 2485 1042 2541 eadem
1100 2484 1360 2539 oratione
1417 2483 1508 2554 (ι),
1540 2481 1642 2537 ubi
1696 2482 1951 2537 Athenas
1983 2481 2094 2538 sibi

452 2603 473 2629 ι
510 2595 639 2634 vere
671 2593 898 2645 aureas,
932 2573 1092 2639 dicit,
1148 2589 1212 2628 ac
1240 2573 1288 2628 si
1347 2573 1618 2642 cuiquam
1650 2570 1769 2638 alii,
1804 2572 2091 2627 bonorum

449 2671 741 2741 parentes.
772 2665 920 2720 Nam
952 2662 1058 2716 illa
1089 2662 1234 2716 mihi
1261 2661 1584 2727 hominem,
1615 2678 1730 2716 non
1765 2660 1927 2715 illum
1962 2661 2091 2733 qui-

447 2757 579 2811 dem
612 2760 744 2808 ante
773 2753 1056 2825 ignotum,
1091 2751 1192 2805 sed
1223 2754 1418 2805 tamen
1451 2749 1678 2821 plenius
1729 2751 2090 2806 noscendum

441 2845 838 2917 praebuerunt.
889 2864 917 2893 ››
970 2839 1196 2892 Ἐκεῐναι
1242 2839 1340 2914 γάρ
1396 2858 1487 2911 μοι
1534 2839 1625 2892 τὸν
1679 2835 1844 2912 ἄνδρα
1897 2842 2086 2892 τοῦτον

441 2933 729 3008 ἐγνώρισαν
762 2927 1108 3004 τελεώτερον,
1143 2924 1267 2981 οὐδὲ
1296 2927 1419 3002 πρὶν
1450 2926 1835 3001 ἀγνοούμενον.

511 3023 671 3078 Idem
703 3020 952 3077 efﬁcitur
968 3019 1054 3074 vel
1081 3033 1150 3073 ex
1173 3017 1318 3089 ipsis
1343 3018 1602 3090 Gregorii
1625 3018 1836 3086 verbis,
1871 3017 2087 3090 quibus

2208 2052 2386 2090 mam.
2415 2035 2510 2091 Sic
2541 2035 2697 2090 enim
2752 2035 3009 2106 loquitur
3065 2037 3141 2108 (g)
3172 2038 3243 2093 de
3295 2055 3360 2093 eo
3401 2043 3555 2094 statu
3589 2039 3646 2094 in
3679 2056 3858 2112 quem

2207 2123 2488 2180 divisione
2509 2124 2881 2196 Cappadociae
2911 2125 3145 2181 redacta
3173 2131 3297 2182 erat
3322 2145 3336 2182 :
3386 2151 3413 2177 «
3445 2127 3856 2199 Spectaculum

2205 2212 2593 2269 fmdissimum
2625 2214 2779 2268 facta
2821 2218 2929 2280 est,
2963 2231 3084 2285 quae
3115 2215 3279 2287 prius
3316 2220 3443 2272 tum
3476 2217 3548 2272 de
3577 2216 3850 2273 litteratis

2202 2303 2410 2359 viris...
2442 2303 2817 2375 gloriabatur.
2878 2303 3159 2360 Similiter
3214 2304 3276 2360 in
3308 2304 3422 2361 alia
3473 2305 3716 2378 epistola
3746 2308 3847 2379 (ἡ),

2202 2391 2530 2448 litterarum
2556 2393 2750 2448 studia
2808 2392 2958 2448 inter
3014 2409 3083 2449 ea
3121 2411 3249 2466 quae
3294 2395 3514 2451 civitati
3548 2413 3759 2452 nomen
3789 2400 3848 2452 et

2202 2482 2419 2539 famam
2451 2486 2809 2554 pepererant,
2835 2481 3118 2554 praecipue
3135 2489 3569 2540 commemorat.
3602 2488 3687 2540 An
3716 2502 3848 2542 vero

2202 2571 2534 2644 Gregorius,
2560 2571 2938 2642 pronuntiato
2971 2572 3208 2628 nomine
3239 2571 3849 2638 Caisareae,admonere

2203 2664 2430 2732 poterat
2460 2660 2773 2730 auditores,
2815 2660 3158 2729 Caesaream,
3202 2661 3273 2716 de
3330 2678 3446 2732 qua
3477 2663 3848 2734 loquebatur,

2201 2766 2317 2804 non
2345 2766 2472 2804 eam
2503 2765 2630 2804 esse
2682 2749 2741 2803 in
2775 2765 2890 2819 qua
2922 2750 3242 2805 orationem
3276 2750 3546 2819 habebat,
3582 2752 3681 2806 sed
3716 2752 3850 2807 illu-

2200 2843 2378 2894 strem
2441 2838 2599 2893 illam
2654 2838 2712 2892 in
2769 2837 3063 2893 Palestina
3128 2839 3446 2894 Caesaream
3505 2841 3853 2913 designari?

2198 2930 2359 2984 Certe
2390 2927 2437 2984 si
2469 2929 2539 2984 de
2570 2932 2824 2984 Caesarea
2853 2927 3155 2983 Palestinae
3189 2928 3419 2984 locutus
3477 2929 3682 2985 fuisset
3713 2930 3853 2987 Gre-

2197 3017 2758 3090 gorius,auditorum
2781 3017 3009 3072 animos
3040 3017 3397 3086 offendisset,
3425 3020 3638 3073 nedum
3668 3020 3847 3075 bene-

443 3116 575 3186 post
603 3109 841 3166 Billium
873 3113 929 3164 et
957 3107 1268 3163 Baronium
1327 3106 1733 3163 Tillemontius
1765 3107 2086 3164 Caesaream
2192 3106 2503 3162 volentiam
2537 3107 3181 3178 captasset,meritoque
3209 3107 3613 3178 expostulandi
3634 3125 3842 3164 ansam

440 3204 499 3258 in
532 3199 837 3256 Palaestina
857 3198 1096 3254 indicari
1119 3196 1459 3253 arbitratur.
1492 3197 1621 3253 Haec
1652 3202 1790 3253 sunt
1818 3198 2079 3270 Gregorii

2196 3195 2542 3268 praebuisset
2564 3195 3126 3266 Cappadocibus,qui
3146 3195 3467 3251 litterarum
3494 3203 3547 3252 et
3568 3197 3846 3269 eloquen-

436 3289 691 3346 verbain
715 3287 984 3344 Oratione
1006 3288 1073 3344 De
1101 3286 1302 3342 Basilii
1331 3287 1581 3342 laudibus
1611 3287 1707 3359 (ἀ),
1742 3258 2079 3344 habitaUCae-
2110 3258 2152 3326 C
2191 3258 2283 3341 tiae
2312 3284 2546 3340 laudem
2587 3258 2701 3339 nec.
2721 3258 3173 3340 Caesariensibus
3224 3286 3543 3354 Palestinae,
3576 3258 3842 3342 necaliis

435 3397 616 3436 Barcae
649 3396 662 3433 :
693 3375 814 3433 Ἐπὶ
845 3376 944 3443 τήν
979 3375 1280 3450 Καισαρέων
1310 3373 1472 3430 πόλιν
1507 3374 1796 3450 ἐπείγεται,
1825 3381 1932 3430 τῶν
1980 3380 2080 3450 τῇ·

439 3466 496 3522 δε
530 3466 764 3540 μεθέξων
796 3461 1215 3538 παιδευτηρίων·
1245 3464 1443 3533 ταύτην
1479 3462 1536 3519 δὲ
1583 3462 1731 3540 λέγω
1780 3466 1877 3532 τήν
1927 3487 2079 3540 περι-

442 3563 577 3634 φανῆ
637 3576 694 3610 τε
741 3555 830 3609 καὶ
879 3554 1162 3629 ἡμετέραν,
1215 3551 1329 3608 ἐπεὶ
1375 3553 1463 3608 καὶ
1524 3558 1630 3607 τῶν
1697 3553 1842 3627 ἐμῶν
1903 3553 2080 3630 λόγων

439 3645 575 3716 αὕτη
607 3644 928 3720 καθηγεμὼν
960 3641 1050 3698 καὶ
1108 3639 1448 3712 διδάσκαλος,
1478 3643 1574 3711 τήν
1623 3642 1727 3718 οὐχ
1775 3644 1935 3711 ἦττον
1987 3641 2084 3696 λό-

433 3757 544 3812 γων
599 3731 942 3809 μητρόπολιν
992 3733 1025 3801 ἢ
1075 3736 1180 3786 τῶν
1228 3730 1564 3803 πολεων,ὦν
1610 3731 1934 3807 ὑπέρκειται,
1967 3731 2086 3785 καὶ·
2138 3744 2140 3747 ’

537 3826 549 3843 ν
590 3822 618 3842 1’
709 3821 730 3838 ν
914 3823 929 3842 \
1331 3840 1342 3852 .
1397 3822 1418 3838 τ’
1530 3817 1555 3840 )I
1638 3842 1656 3854 ρ
1752 3825 1778 3834 ~
1817 3821 1830 3836 ν

430 3827 532 3880 καθ
581 3846 654 3877 ων
707 3843 822 3898 εχει
868 3843 967 3890 την
1020 3819 1322 3876 δυναστείαν
1392 3842 1451 3888 ην
1501 3842 1546 3874 ει
1575 3842 1654 3882 τις
1686 3842 1782 3875 του
1813 3843 1863 3875 εν
1900 3819 2087 3896 λόγοις

430 3914 659 3991 κράτους
729 3913 1165 3986 ἀποπερήσειεν,
1241 3910 1532 3987 ἀφῃρηκὼς
1599 3907 1743 3963 ἔσται
1833 3909 1961 3964 αὐτὸ
2023 3911 2086 3964 τὸ

435 4001 729 4058 κάλλιστόν
778 4021 836 4054 τε
881 3998 971 4054 καί
1017 3996 1354 4056 ἷδικώτατον.
1402 3997 1605 4054 ’Ἃλλαι
1664 3998 1756 4071 μὲν
1822 3998 1921 4074 γὰρ
1983 4004 2089 4054 τῶν

437 4090 652 4147 πόλεων
717 4089 912 4152 ἄλλοις
979 4087 1308 4166 ἀγάλλονται
1376 4086 1854 4160 καλλωπίσμασιν,
1905 4090 1939 4157 ἢ
1989 4089 2085 4143 παὶ

440 4179 620 4240 λαιοῖς
646 4181 680 4248 ἢ
715 4178 876 4251 νέοις,
912 4177 1060 4239 ὅπως
1095 4178 1177 4248 ἂν,
1205 4178 1379 4251 οἶμαι,
1411 4183 1516 4232 τῶν
1551 4175 1910 4252 διηγημάτων
1940 4177 2082 4253 ἔχω-

443 4289 544 4336 σιν,
593 4269 627 4337 ἢ
676 4273 783 4322 τῶν
842 4266 1155 4343 ὁρωμένων·
1205 4271 1273 4340 τῇ
1325 4264 1382 4320 δὲ
1430 4266 1610 4342 λόγοι,
1660 4267 1721 4321 τὸ
1778 4268 2082 4343 γνώρισμα,

443 4357 622 4433 ὥσπερ
672 4356 722 4411 ἐν
785 4362 902 4418 τοῖς
969 4354 1161 4417 ὅπλοις
1212 4357 1247 4425 ἢ
1295 4360 1411 4417 τοῖς
1475 4353 1706 4429 δράμασι
1762 4358 1828 4410 τὰ
1896 4357 2083 4426 ἐπίση-

444 4468 538 4521 μα.
578 4470 605 4498 ί(
636 4449 976 4513 Caesaream,
1011 4451 1076 4500 ut
1107 4446 1437 4502 scholarum
1469 4444 1629 4500 illius
1661 4446 1907 4501 civitatis
1956 4464 2085 4518 par-

437 4538 622 4608 ticeps
653 4541 827 4599 esset,
887 4533 1213 4600 contendit;
1267 4534 1438 4601 hanc,
1472 4533 1734 4604 inquam,
1797 4534 2082 4590 illustrem

2191 3375 2522 3431 civitatibus
2553 3374 2963 3429 concedebant.
2988 3373 3286 3437 Quomodo
3315 3375 3489 3430 etiam
3522 3376 3841 3432 Caesaream

2193 3464 2494 3520 Palestinae
2546 3486 2575 3512 «
2609 3463 2898 3518 civitatem
2958 3467 3219 3519 nostram
3253 3485 3281 3514 ››
3312 3465 3503 3520 dicere
3550 3463 3837 3535 licuisset,

2191 3554 2310 3609 imo
2342 3576 2368 3602 ‹‹
2410 3553 2659 3624 patriam
2683 3572 2710 3605 η
2771 3551 3084 3624 appellare,
3120 3552 3219 3608 ubi
3250 3553 3331 3608 ait
3355 3554 3439 3624 (i),
3470 3576 3498 3603 «
3533 3570 3600 3608 ex
3633 3555 3838 3611 eodem

2194 3642 2392 3714 patriae
2425 3643 2674 3697 fonte....
2707 3641 3082 3698 dissectos....
3113 3641 3355 3697 Athenis
3386 3641 3648 3698 coivisse.

2263 3732 2439 3786 Addit
2468 3733 2530 3802 (7')
2564 3731 2684 3786 haec
2740 3730 2913 3786 verba
2967 3731 3306 3803 Gregorius,
3342 3747 3470 3802 quae
3504 3731 3664 3787 litem
3700 3731 3842 3786 diri-

2195 3825 2403 3876 munt:
2437 3843 2464 3869 «
2496 3821 2627 3874 Jam
2654 3837 2781 3890 quae
2838 3825 3187 3890 sequuntur,
3222 3820 3259 3873 ii
3308 3827 3619 3892 exponant,
3655 3821 3753 3892 qui
3787 3825 3848 3877 et

2195 3927 2328 3966 eum
2362 3910 2515 3980 apud
2544 3926 2603 3964 se
2631 3908 2994 3976 erudierunt,
3026 3913 3081 3963 et
3114 3910 3367 3964 fructum
3401 3927 3467 3965 ex
3501 3909 3689 3980 ipsius
3709 3927 3843 3965 eru-

2196 4000 2414 4054 ditione
2435 4004 2710 4069 ceperunt
2732 4003 3011 4068 ;quantus
3039 3997 3304 4053 videlicet
3329 3998 3843 4071 magistris,quan-

2195 4094 2290 4144 tus
2320 4087 2641 4159 aequalibus
2673 4091 2844 4143 esset.
2882 4110 2909 4136 ››
2943 4087 3083 4151 Quis
3114 4087 3446 4159 ambigendi
3477 4087 3659 4154 locus,
3693 4089 3843 4144 utris

2195 4177 2646 4234 Caesariensibus
2669 4177 2957 4232 narranda
2986 4177 3293 4248 Gregorius
3315 4177 3636 4249 relinquat?
3663 4177 3839 4249 Iisne,

2197 4270 2295 4341 qui
2321 4270 2487 4341 longe
2514 4268 2718 4322 remoti
2740 4272 2923 4335 erant,
2959 4283 3064 4323 nec
3086 4269 3367 4339 majorem
3396 4285 3464 4323 ex
3485 4267 3679 4323 Basilii
3705 4285 3839 4324 eru-

2196 4357 2414 4412 ditione
2439 4356 2749 4411 utilitatem
2777 4372 2953 4426 quam
2985 4356 3109 4411 aliae
3142 4357 3400 4412 civitates
3423 4361 3836 4429 perceperant;

2196 4464 2269 4501 an
2303 4446 2374 4501 iis
2400 4462 2546 4516 quos
2576 4444 3003 4516 alloquebatur,
3036 4446 3254 4519 quique
3293 4450 3350 4501 et
3390 4446 3586 4501 Basilii
3620 4446 3842 4502 studio-

2195 4552 2326 4590 rum
2359 4534 2696 4589 meminisse
2749 4538 3036 4604 poterant,
3071 4538 3127 4588 et
3156 4535 3256 4606 qui
3287 4536 3415 4605 ejus
3445 4535 3709 4591 doctrina
3741 4552 3844 4606 per

440 4627 754 4688 civitatem,
815 4629 872 4679 et
903 4628 1160 4678 nostram
1190 4641 1202 4677 :
1238 4639 1372 4678 nam
1418 4637 1678 4677 meorum
1714 4639 1942 4694 quoque
1973 4629 2091 4679 stu-
2119 4632 2165 4695 D
2197 4627 2282 4679 tot
2312 4639 2498 4678 annos
2537 4623 2745 4677 imbuti
2805 4623 3032 4678 fuerant
3061 4623 3088 4677 ‘I
3116 4624 3259 4678 Cum
3319 4623 3498 4694 igitur
3527 4623 3619 4678 his
3648 4624 3841 4678 verbis

439 4717 670 4771 diorum
701 4715 818 4769 dux
849 4718 906 4768 et
938 4712 1222 4783 magistra
1283 4710 1536 4777 exstitit;
1569 4727 1695 4781 quae
1741 4728 1854 4765 non
1889 4712 2086 4768 minus

435 4805 763 4861 litterarum
798 4809 970 4874 atque
1022 4801 1316 4864 doctrinae,
1352 4817 1526 4871 quam
1585 4799 1842 4868 urbium,
1877 4802 2086 4870 quibus

440 4893 712 4965 praecedit
744 4897 799 4947 et
848 4891 1202 4955 dominatur,
1239 4888 1615 4960 metropolis;
1667 4905 1842 4959 quam
1875 4889 1923 4943 si
1954 4892 2084 4960 quis

437 4983 710 5038 doctrinae
746 4979 938 5052 palma
966 4979 1319 5052 spoliaverit,
1351 4995 1473 5032 rem
1506 4978 1767 5032 omnium
1812 4979 2084 5050 pulcher-

439 5072 650 5128 rimam
682 5070 911 5142 ipsique
962 5069 1211 5124 maxime
1242 5068 1536 5139 propriam
1583 5066 1878 5138 eripuerit.
1913 5069 2082 5140 Nam,

440 5177 573 5218 cum
600 5159 721 5216 aliae
777 5159 1039 5214 civitates
1093 5157 1223 5212 aliis
1271 5155 1649 5225 ornamentis,
1683 5156 1770 5213 vel
1802 5157 2080 5229 antiquis,

436 5250 523 5308 vel
555 5249 718 5307 novis
749 5247 1290 5322 glorientur,prout,
1325 5245 1549 5318 opinor,
1582 5244 1669 5301 vel
1703 5243 2081 5316 historiis,vel

532 5449 585 5520 a)
619 5447 713 5504 0r.
747 5447 834 5515 143,
868 5445 1037 5502 n.15.

533 5514 589 5590 Ii)
620 5521 655 5573 9
687 5514 842 5588 Maii,
874 5536 930 5591 p.
965 5518 1087 5587 379,
1123 5514 1223 5575 col.
1260 5514 1316 5591 2,
1349 5516 1467 5570 not.

529 5598 578 5658 c)
610 5593 706 5647 Or.
740 5592 829 5658 43,
864 5608 920 5644 n.
956 5591 1044 5644 14.

529 5663 585 5732 d)
615 5663 788 5732 Ibid.,
816 5679 875 5718 ιι.
914 5661 999 5718 13.

532 5665 563 5719 d
615 5665 788 5732 Ibid.,
816 5679 875 5718 n.
914 5665 999 5718 13.

532 5665 585 5811 ei
616 5737 759 5795 Vitae
787 5735 987 5808 Basil.,
1018 5731 1157 5792 ibid.

2197 4711 2502 4766 manifeste
2524 4711 2784 4766 Caesarea
2809 4713 3217 4783 Cappadocum
3237 4711 3844 4784 dignoscatur,imme~

2197 4801 2307 4856 rito
2335 4800 2541 4872 quarit
2562 4799 2992 4868 Tillemontius,
3029 4801 3183 4872 quod
3214 4818 3353 4873 pace
3383 4801 3530 4856 tanti
3553 4801 3656 4856 viri
3688 4801 3841 4855 dixe-

2196 4890 2326 4960 rim,
2363 4905 2466 4944 cur
2513 4889 2846 4962 Gregorius,
2895 4890 2991 4962 qui
3025 4892 3291 4945 Caesareae
3321 4891 3648 4961 perorabat,
3678 4890 3838 4945 Basi-

2194 4979 2337 5033 lium
2368 4978 2427 5032 in
2460 4977 2608 5033 hanc
2652 4980 2856 5033 urbem
2888 4978 3115 5034 venisse
3173 4981 3468 5051 conceptis
3503 4980 3692 5034 verbis
3721 4996 3838 5035 non

2193 5069 2369 5135 dicat;
2405 5085 2507 5122 cur
2538 5085 2650 5122 non
2683 5084 2811 5122 eam
2843 5069 3128 5139 designet,
3160 5069 3271 5123 nisi
3317 5069 3610 5140 ejusmodi
3659 5069 3838 5133 notis,

2195 5175 2320 5229 quae
2351 5155 2558 5211 saltem
2591 5156 2639 5211 ei
2665 5173 2796 5211 cum
2831 5157 3012 5212 altera
3041 5166 3296 5213 Caesarea
3325 5174 3668 5213 communes
3699 5157 3838 5212 sint.

2193 5247 2355 5313 Quod
2387 5249 2583 5301 autem
2615 5245 2818 5316 objicit
2843 5245 3253 5304 Tillemontius
3297 5264 3366 5304 ex
3415 5263 3480 5304 eo
3512 5247 3665 5319 quod
3695 5247 3840 5304 Gre-

2261 5443 2329 5514 (f')
2365 5441 2490 5519 [ita
2525 5441 2727 5519 σοφίη
2761 5460 2810 5500 c.
2844 5443 2931 5514 43,
2965 5462 3021 5519 p.
3048 5444 3174 5504 548.

2260 5518 2335 5586 (g)
2367 5515 2548 5586 Epist.
2583 5516 2675 5570 7e.

2285 5587 2343 5658 Ιι)
2363 5587 2553 5659 _Epist.
2583 5587 2673 5644 74.

2282 5659 2323 5726 i)
2350 5657 2445 5716 0r.
2488 5659 2575 5726 43,
2605 5675 2664 5715 n.
2698 5658 2784 5718 15.

2283 5729 2325 5805 i)
2351 5729 2524 5806 lbid.,
2556 5745 2616 5789 η.
2650 5730 2736 5789 13.
