4152 6208
302 332 403 393 165

1480 369 1487 378 .
1598 319 1777 383 VITA
1832 321 1894 382 S.
1944 320 2339 382 GREGORII.

3556 321 3669 381 166

302 462 483 537 gorius
511 461 851 529 Casaream,
882 457 953 514 de
982 472 1095 528 qua
1124 450 1403 528 loquitur,
1438 475 1466 505 ‹‹
1500 456 1789 512 civitatem
1820 470 1923 509 no-
1953 457 2009 521 Α
2037 463 2126 509 est
2180 460 2515 525 tempestas,
2567 472 2745 527 quam
2804 453 3035 527 egregio
3085 457 3268 512 metro
3322 454 3529 511 cecinit
3576 456 3670 527 (e).

300 557 464 607 stram
502 571 531 603 ι
568 548 841 622 appellet,
873 546 1012 620 quia
1042 571 1069 596 (ι
1105 545 1293 618 ipsius
1323 544 1655 601 studiorum
1698 544 1815 601 dux
1870 546 1927 599 et

299 640 567 712 magistra
594 638 830 707 exstitit;
869 657 891 687 ι
927 636 1104 709 quod,
1137 634 1400 708 inquam,
1446 634 1648 706 objicit
1689 634 1777 688 vir
1824 634 1923 688 do-

298 734 434 796 ctus,
465 732 531 785 ut
560 728 761 800 probet
788 726 910 782 haec
937 725 1115 782 verba
1144 741 1261 780 non
1302 740 1429 780 esse
1476 723 1809 797 accipienda
1856 722 1929 778 de

298 820 542 876 Caesarea
588 816 986 889 Cappadociae,
1035 830 1210 886 quam
1269 813 1540 886 Gregorio
1598 836 1626 863 ‹‹
1685 830 1850 869 suam
1897 833 1924 862 ››

298 908 415 966 aliis
444 908 515 963 de
549 905 765 971 causis,
798 909 971 977 atque
992 904 1287 975 imprimis
1308 904 1460 975 quod
1484 920 1601 958 suae
1622 902 1927 975 provinciae

296 995 625 1069 metropolis
656 998 832 1061 esset,
864 993 1157 1067 appellare
1185 991 1417 1060 licebat,
1446 992 1509 1047 in
1540 993 1735 1064 ipsum
1768 1006 1927 1063 rege-

294 1088 451 1143 ritur.
482 1084 738 1151 Etenim,
772 1100 908 1139 cum
957 1086 1274 1138 Caesaream
1306 1081 1619 1153 Gregorius
1649 1081 1720 1137 ob
1754 1078 1929 1136 disci—

292 1177 499 1248 plinas,
529 1191 676 1245 quas
706 1173 787 1228 ibi
818 1173 1112 1241 hauserat,
1146 1188 1261 1227 non
1292 1170 1482 1227 solum
1506 1171 1577 1226 ob
1596 1169 1931 1242 metropoli-

290 1266 395 1321 tica
407 1266 569 1337 jura,
585 1278 800 1319 «suam
824 1282 854 1312 »
876 1260 1146 1329 disceret;
1169 1260 1454 1317 rationem
1477 1260 1687 1317 addere
1709 1259 1928 1329 debuit,

292 1372 388 1410 cur
414 1370 546 1411 eam
578 1350 866 1425 singulari
908 1349 1078 1407 modo
1110 1366 1280 1407 suam
1330 1347 1664 1422 appellaret,
1714 1348 1932 1421 alioqui

291 1461 453 1501 nemo
484 1461 605 1500 non
636 1444 1029 1501 existimasset
1045 1458 1180 1499 eum
1211 1441 1283 1499 ad
1306 1442 1445 1513 jura
1475 1440 1812 1514 metropolis
1843 1458 1932 1497 re-

296 1536 509 1607 spicere
539 1535 640 1606 (a).

328 1641 508 1698 XXXI.
533 1643 875 1698 Litterarum
904 1656 1097 1697 amore
1126 1639 1185 1695 in
1213 1640 1558 1695 Palestinam
1586 1655 1643 1695 se
1671 1640 1896 1710 confert.

358 1751 515 1806 Idem
548 1749 881 1805 litterarum
911 1764 1091 1819 amor,
1111 1746 1211 1819 qui
1229 1746 1508 1803 Basilium
1526 1752 1581 1803 et
1595 1746 1936 1819 Gregorium

300 1841 506 1896 Cesare
528 1840 944 1912 Cappadocum
976 1838 1370 1908 conjunxerat,
1387 1836 1634 1893 alterum
1658 1837 1728 1892 ab
1758 1835 1937 1892 altero
1968 1832 2015 1898 B

298 1929 580 1984 distraxit.
610 1926 867 1983 Basilius
897 1942 1146 1997 namque
1189 1925 1323 1981 inde
1354 1926 1645 1998 profectus
1676 1929 1764 1981 est
1791 1928 1936 1981 Con-

297 2017 764 2090 stantinopolim,
793 2016 1107 2089 Gregorius
1136 2031 1272 2071 vero
1298 2015 1357 2069 in
1380 2015 1744 2072 Palaestinam
1770 2014 1939 2071 navi-

300 2108 448 2181 gavit
498 2126 513 2163 :
570 2127 593 2156 α
647 2105 733 2162 Ob
782 2106 927 2161 artis
958 2104 1218 2161 oratoriae
1258 2121 1517 2161 amorem
1549 2106 1608 2160 in
1640 2105 1939 2160 Palestina:

298 2196 529 2265 scholis,
572 2200 706 2252 tum
764 2194 1128 2261 ﬂorentibus,
1186 2198 1449 2250 moratus
1492 2194 1585 2267 (b).
1620 2216 1648 2245 ‹‹
1682 2193 1941 2250 Illustres

300 2288 447 2344 enim
475 2290 652 2343 erant
681 2284 891 2342 scholae
920 2284 1032 2340 illae
1062 2302 1128 2341 ac
1158 2285 1607 2354 ﬂorentissimae,
1643 2286 1703 2339 in
1726 2284 1943 2357 quibus

302 2392 363 2434 ex
403 2374 762 2433 Christianis
799 2373 960 2443 olim,
991 2374 1332 2446 Pamphilus
1364 2379 1602 2446 martyr,
1633 2373 1943 2439 Eusebius,

305 2467 513 2538 aliique
566 2464 899 2522 doctissimi
926 2463 1031 2520 viri
1062 2463 1306 2535 professi
1336 2464 1594 2532 fuerant;
1628 2463 1721 2519 his
1749 2465 1945 2518 autem

307 2554 689 2627 temporibus,
720 2553 1107 2626 Thesperium
1138 2553 1469 2624 Gregorius,
1502 2557 1567 2607 ut
1594 2553 1797 2608 scribit
1819 2551 1945 2607 Hie-

299 2660 598 2713 ronymus,
632 2642 950 2709 rhetorem,
991 2641 1333 2713 eloquentiae
1382 2646 1789 2714 praceptorem
1844 2641 1947 2696 ha-

308 2733 463 2802 buit;
496 2733 663 2788 inter
691 2732 879 2787 socios
909 2732 1208 2798 Euzoium,
1241 2731 1340 2803 qui
1374 2735 1592 2803 postea,
1627 2732 1951 2803 imperante

304 2822 555 2894 Valente,
592 2820 918 2894 patrocinio
946 2819 1291 2876 Arianorum
1342 2824 1570 2876 creatus
1618 2819 1950 2893 episcopus,

310 2912 725 2969 Caesariensem
758 2910 953 2966 sedem
978 2909 1300 2979 occupavit.

725 3016 937 3073 XXXII.
968 3015 1365 3072 Alexandriam
1393 3019 1547 3090 petit.

373 3122 741 3196 Aliquandiu
771 3125 1167 3178 commoratus
1205 3122 1265 3177 in
1296 3122 1602 3179 Palaestina
1645 3124 1957 3197 Gregorius

2034 542 2243 598 Omnia
2278 548 2620 615 praesentem
2668 544 2940 600 omnibus
2980 549 3228 600 mortem
3258 544 3625 601 intentabant
3657 560 3670 601 :

2036 631 2306 703 Gregorio
2338 638 2531 689 autem
2564 651 2721 689 mors
2744 634 2950 690 animae
2980 633 3150 707 longe
3180 635 3460 706 majorem
3482 634 3677 691 formi-

2037 722 2230 777 dinem
2264 723 2555 778 all‘erebat.
2596 743 2617 771 α
2654 724 2714 778 In
2746 722 3071 795 periculum
3102 725 3257 780 enim
3300 724 3479 780 miser
3512 741 3679 781 vene-

2035 811 2382 883 ram,inquit
2410 811 2507 882 (d),
2542 829 2611 868 ne
2643 829 2757 868 non
2791 813 3077 869 initiatius
3106 829 3135 868 e
3166 814 3283 869 vita
3299 814 3682 887 discederem,

2038 900 2401 971 spiritualem
2452 918 2664 972 aquam
2712 900 2864 958 inter
2911 902 3185 959 exitiosas
3228 906 3285 959 et
3353 904 3681 961 mortiferas

2038 990 2228 1045 undas
2261 989 2617 1046 desiderans.
2659 1012 2687 1042 »
2739 990 3061 1061 Clamabat,
3102 992 3464 1063 obsecrabat,
3510 993 3683 1050 breve

2040 1079 2334 1150 quoddam
2366 1081 2644 1152 temporis
2676 1080 2932 1152 spatium
2964 1080 3296 1153 expetebat;
3338 1084 3533 1138 tantos
3582 1082 3681 1140 de-

2041 1185 2205 1224 mum
2233 1169 2464 1241 genitus
2485 1170 2710 1242 edebat,
2746 1174 2811 1226 ut
2841 1169 3055 1242 caeteri,
3099 1172 3254 1243 quod
3276 1170 3369 1228 vix
3404 1173 3685 1230 credibile

2042 1261 2150 1330 est,
2196 1257 2430 1315 omissis
2461 1258 2711 1332 quisque
2762 1258 3014 1332 propriis
3053 1259 3511 1327 calamitatibus,
3546 1278 3685 1319 suas

2043 1346 2303 1419 Gregorii
2326 1346 2640 1419 ejulatibus
2671 1364 2868 1420 preces
2882 1350 3273 1421 jungerent,ej
3282 1366 3352 1405 us
3368 1348 3687 1407 infortunio

2044 1435 2433 1493 condolenles.
2458 1436 2692 1507 Omnes,
2730 1438 2909 1494 etiam
2948 1438 3049 1510 qui
3079 1439 3259 1494 Deum
3282 1443 3412 1494 ante
3436 1456 3550 1495 non
3581 1456 3685 1496 no-

2045 1530 2195 1593 rant,
2230 1527 2411 1582 Deum
2460 1527 2825 1594 invocabant,
2872 1532 2937 1583 ut
2983 1527 3187 1583 scribit
3236 1529 3549 1601 Gregorius
3577 1530 3685 1601 (e);

2047 1616 2199 1687 quod
2232 1619 2383 1671 certe
2414 1620 2755 1687 argumento
2804 1621 2893 1672 est
2922 1615 3119 1688 plures
3149 1616 3209 1671 in
3239 1633 3307 1672 ea
3336 1618 3464 1672 navi
3507 1618 3689 1674 fuisse

2046 1704 2245 1760 ﬁdeles
2277 1704 2657 1774 Christianos,
2694 1704 2985 1777 baptismo
3026 1704 3302 1773 initiatos,
3326 1722 3359 1761 a
3386 1706 3600 1778 quibus
3632 1710 3692 1762 et

2045 1793 2171 1866 ipse
2195 1793 2504 1866 Gregorius
2538 1794 2882 1850 necessitate
2904 1793 3242 1867 compulsus
3265 1810 3394 1850 eum
3420 1799 3612 1867 petere
3635 1798 3692 1852 et

2047 1882 2342 1954 suscipere
2395 1887 2622 1955 poterat
2648 1883 2711 1955 (f)
2747 1900 2759 1938 :
2795 1884 2947 1955 quod
2982 1883 3216 1956 quidem
3268 1882 3440 1939 licere
3482 1886 3694 1941 docent

2047 1970 2891 2044 Tertullianus,Hieronymus,
2920 1973 3307 2044 Augustinus,
3342 1972 3557 2043 aliique
3589 1974 3693 2029 do-

2049 2065 2254 2128 ctores,
2300 2064 2473 2132 atque
2524 2060 2701 2117 etiam
2748 2060 3031 2132 approbat
3067 2059 3339 2116 Ecclesia.
3390 2061 3692 2127 Quomodo

2050 2165 2185 2222 ergo
2210 2148 2321 2220 ipsi
2351 2148 2410 2203 in
2445 2153 2694 2205 mentem
2726 2166 2841 2205 non
2871 2148 3047 2217 venit,
3081 2153 3145 2204 ut
3167 2166 3200 2203 a
3226 2153 3524 2204 vectorum
3546 2165 3694 2221 quo-

2050 2238 2207 2310 piam
2238 2237 2598 2309 baptismum
2641 2237 2904 2309 peteret?
2934 2236 3218 2293 Validitas
3265 2236 3541 2309 baptismi
3591 2253 3696 2310 per

2048 2326 2228 2383 laicos
2257 2325 2451 2382 collati
2482 2343 2597 2382 non
2626 2326 2771 2381 satis
2823 2329 2960 2381 nota
2994 2326 3176 2381 fuisse
3206 2326 3417 2381 Graecis
3446 2325 3693 2382 videtur.

2053 2416 2146 2473 Sic
2178 2414 2445 2482 Basilius,
2504 2419 2638 2487 post
2681 2414 3035 2487 Cyprianum
3067 2419 3123 2470 et
3153 2414 3579 2481 Firmilianum,
3636 2415 3697 2470 in

2054 2504 2300 2578 epistola
2353 2503 2651 2571 canonica,
2712 2519 2933 2559 canone
2977 2503 3032 2558 1°
3091 2519 3104 2557 :
3160 2504 3388 2569 «Quare
3444 2519 3566 2571 eos,
3614 2503 3701 2558 in-

2057 2594 2184 2665 quit
2214 2594 2309 2665 (g),
2333 2594 2431 2665 qui
2460 2593 2530 2648 ab
2562 2592 2823 2665 ipsorum
2849 2592 3115 2663 partibus
3136 2592 3395 2659 stabunt,
3417 2594 3700 2663 tanquam

2058 2700 2093 2738 a
2120 2683 2284 2738 laicis
2315 2681 2658 2752 baptizatos,
2682 2683 2991 2752 jusserunt
3019 2697 3151 2735 vero
3199 2679 3465 2735 Ecclesiae
3512 2679 3702 2751 bapti-

2061 2778 2248 2828 smate
2285 2772 2355 2827 ad
2388 2770 2700 2827 Ecclesium
2730 2771 3026 2826 venientes
3056 2769 3399 2842 expugnari.
3425 2788 3451 2821 ιι
3479 2769 3701 2835 Quibus

2061 2862 2252 2918 verbis
2293 2861 2478 2932 liquet
2518 2859 2795 2915 collatum
2845 2876 2879 2914 a
2920 2858 3087 2915 laicis
3134 2860 3424 2931 baptisma
3468 2859 3703 2915 irritum

2063 2952 2219 3024 apud
2250 2950 2474 3006 Graecos
2503 2948 2771 3004 habitum
2802 2948 3002 3004 fuisse.

2063 3056 2517 3114 XXXV-XXXVI.
2566 3056 2851 3111 Promittit
2883 3054 3175 3123 Gregorius
3204 3071 3259 3110 se
3286 3056 3398 3110 Deo
3428 3057 3706 3111 victurum

2136 3132 2187 3184 si
2213 3145 2390 3200 sospes
2416 3126 2623 3184 evadat.
2655 3158 2722 3168 η-
2752 3132 3051 3183 Parentum
3080 3143 3136 3183 se
3165 3127 3414 3199 precibus
3431 3134 3709 3184 servatum

313 3213 723 3270 Alexandriam
755 3228 819 3267 se
857 3210 1121 3280 contulit,
1154 3212 1324 3283 cujus
1363 3212 1526 3268 urbis
1554 3212 1783 3270 scholas
1814 3213 1954 3270 olim
1984 3203 2028 3271 C
2134 3202 2396 3273 αθηοδσίίο

313 3303 683 3359 illustrarant
710 3301 1000 3370 Clemens,
1031 3300 1318 3373 Origines,
1349 3301 1563 3374 aliique
1592 3302 1697 3358 viri
1746 3303 1958 3376 pietate

316 3400 365 3448 et
393 3392 654 3449 scientia
675 3390 1144 3455 commendandi,
1167 3395 1224 3446 et
1246 3408 1392 3463 quas
1424 3392 1661 3447 demum
1678 3393 1959 3465 Didymus

319 3482 674 3538 celebriores
703 3479 975 3535 reddidit.
1005 3479 1211 3535 Adhuc
1242 3484 1439 3536 noster
1470 3482 1803 3554 Gregorius,
1827 3482 1962 3537 licet

313 3587 372 3626 ex
398 3576 528 3627 voto
561 3571 690 3627 Deo
734 3567 984 3639 oblatus,
1029 3572 1153 3624 erat
1192 3568 1666 3639 catechumenus,
1713 3587 1779 3626 ex
1826 3588 1958 3642 usu,

314 3676 405 3715 seu
425 3661 637 3732 potius
664 3659 850 3714 abusu
875 3656 1109 3712 illorum
1129 3663 1481 3729 temporum,
1497 3659 1753 3731 antiquis
1774 3659 1963 3716 Eccle-

310 3750 397 3804 siae
428 3750 712 3805 moribus
733 3746 1267 3817 traditionibusque
1296 3747 1631 3819 apostolicis
1648 3750 1959 3805 adversan-

317 3844 383 3909 te,
434 3855 619 3911 quem
682 3836 810 3908 ipse
866 3836 1240 3908 postmodum
1299 3836 1632 3908 Gregorius,
1688 3837 1960 3917 Basilius,

312 3926 623 3999 Gregorius
657 3926 959 3998 Nyssenus
989 3924 1241 3996 graviter
1270 3924 1541 3981 insectati
1573 3932 1731 3983 sunt.

314 4032 1096 4109 ΧΣΧΙΙΙ-ΧΧΧΝε-ᾼψξῃαδ
1123 4033 1345 4109 navigat
1372 4034 1424 4109 et
1453 4036 1611 4109 gravi
1648 4039 1966 4109 tempestate

368 4108 650 4178 jactatur.
686 4134 775 4178 -ν
811 4103 1071 4178 Validitas
1124 4105 1385 4173 baptismi
1429 4119 1530 4173 per
1577 4103 1968 4166 laicos'collati

376 4173 480 4234 rion
510 4178 657 4233 satis
682 4177 817 4231 nota
847 4173 1067 4231 Graecis.

381 4284 641 4340 Demum
668 4282 897 4339 haustis
916 4282 1222 4355 utriusque
1248 4283 1514 4340 Caesareas
1531 4288 1589 4340 et
1607 4284 1967 4345 Alexandriae

316 4374 702 4430 scientiarum
737 4372 1017 4441 fontibus,
1050 4371 1257 4442 majori
1288 4372 1468 4427 animi
1500 4374 1704 4431 ardore
1727 4377 1971 4434 Athena-

314 4478 439 4518 rum
461 4463 719 4518 ﬂumina
733 4460 960 4527 sitiens,
982 4476 1276 4533 morasque
1297 4460 1629 4535 impatiens,
1653 4481 1971 4523 conscensa

2138 3308 2244 3363 Per
2261 3306 2464 3379 viginti
2488 3305 2610 3362 dies
2640 3304 2822 3361 saeviit
2847 3307 3190 3378 tempestas,
3208 3304 3568 3377 totidemque
3590 3303 3711 3360 die-

2065 3399 2178 3454 bus
2235 3396 2641 3470 gemebundus
2672 3411 2852 3468 supra
2882 3395 3123 3468 puppim
3153 3395 3341 3467 jacuit
3371 3393 3704 3466 Gregorius,

2066 3487 2250 3544 Deum
2283 3484 2527 3557 supplex
2556 3500 2818 3555 exorans,
2852 3483 3144 3556 pollicitus
3161 3484 3208 3540 si
3241 3482 3419 3540 maris
3448 3481 3706 3555 periculo

2066 3575 2433 3644 liberaretur,
2474 3577 2649 3645 atque
2678 3572 2926 3645 expetito
2965 3572 3255 3645 baptismo
3292 3573 3598 3639 frueretur,
3631 3570 3709 3639 ei,

2070 3683 2105 3723 a
2161 3681 2276 3736 quo
2335 3662 2583 3719 salutem
2640 3661 2976 3733 accepisset,
3034 3677 3161 3717 sese
3208 3664 3707 3716 consecraturum.

2070 3778 2097 3806 ‹‹
2131 3755 2293 3809 Tuus
2350 3769 2505 3818 sum,
2565 3749 2919 3806 inclamabat
2974 3749 3051 3822 (h)
3085 3766 3098 3807 :
3132 3754 3304 3805 antea
3341 3750 3468 3821 jam
3524 3765 3707 3817 eram,

2070 3848 2128 3900 et
2158 3858 2312 3897 nunc
2342 3840 2573 3896 iterum.
2604 3839 2690 3895 Tu
2721 3855 2813 3893 me
2840 3838 2933 3894 bis
2964 3838 3231 3910 accipies,
3265 3836 3578 3909 pretiosam
3604 3835 3713 3892 tibi

2071 3930 2524 4006 possessionem,
2560 3933 2723 3984 terra:
2756 3927 3049 4008 marisque
3074 3943 3315 3997 munus,
3342 3925 3449 3981 tibi
3504 3941 3714 3981 conse-

2072 4025 2299 4078 cratum
2328 4024 2460 4075 voto
2493 4016 2748 4090 parentis
2774 4021 2831 4072 et
2859 4020 3017 4071 metu
3049 4016 3424 4088 gravissimo.
3464 4013 3594 4071 Tibi
3624 4014 3713 4069 vi-

2073 4128 2226 4179 vam,
2259 4109 2307 4165 si
2341 4108 2551 4179 duplex
2592 4105 2915 4178 periculum
2946 4105 3221 4178 elI'ugero.
3275 4104 3337 4162 Si
3388 4120 3481 4161 me
3528 4103 3717 4176 perire

2075 4198 2298 4267 siveris,
2330 4197 2538 4261 cultor,
2570 4195 2677 4250 tibi
2710 4195 2937 4267 peribit.
2974 4195 3379 4268 Expergiscere
3419 4193 3583 4261 mihi,
3616 4196 3718 4249 aut

2075 4289 2336 4361 gradere,
2369 4290 2425 4343 et
2469 4290 2690 4340 metum
2740 4301 3063 4357 compesce.
3100 4307 3128 4334 »
3160 4284 3269 4339 Vix
3299 4284 3421 4339 haec
3470 4282 3716 4353 dixerat,

2077 4395 2209 4435 cum
2242 4376 2441 4433 statim
2468 4374 2671 4430 sedata
2701 4380 2791 4430 est
2818 4378 2874 4429 et
2893 4376 3250 4430 commutata
3269 4374 3327 4429 in
3360 4389 3564 4431 auram
3585 4388 3718 4445 pro-

2080 4467 2245 4524 cella.
2279 4466 2582 4521 Servatum
2614 4480 2676 4519 se
2710 4464 2976 4535 agnoscit
3016 4462 3331 4536 Gregorius
3362 4464 3426 4534 (ἱ)
3449 4461 3719 4535 precibus

315 4552 440 4607 navi
467 4551 721 4624 Eginea
750 4550 904 4605 circa
933 4550 1192 4605 medium
1223 4551 1628 4619 Novembrem,
1674 4570 1788 4625 quo
1820 4559 1966 4611 tem-
1998 4573 2045 4637 D
2076 4559 2405 4630 parentum,
2442 4553 2542 4626 qui
2572 4553 2631 4608 in
2662 4552 2886 4608 somnis
2908 4553 3192 4608 admoniti
3220 4569 3392 4625 quem
3423 4552 3483 4607 in
3516 4566 3720 4607 casum

318 4656 448 4711 pore
476 4638 999 4713 periculosissimas
1030 4643 1407 4711 tempestates
1436 4641 1646 4697 exoriri
1676 4643 1883 4713 solent,
1905 4643 1965 4700 in
2076 4646 2362 4701 adductus
2392 4646 2545 4698 esset
2574 4641 3132 4712 filius,orationibus
3153 4658 3219 4697 ac
3241 4641 3515 4713 lacrymis
3536 4644 3720 4696 Deum

322 4727 602 4784 Graeciam
630 4745 735 4800 per
761 4744 922 4784 mare
946 4728 1355 4783 Parthenicum
1381 4728 1634 4801 navigat.
1658 4730 1856 4803 Itaque
1875 4734 1970 4790 vix

313 4816 432 4885 jam
462 4817 780 4889 paululum
814 4818 977 4874 navis
1000 4821 1381 4889 processerat,
1397 4834 1531 4873 cum
1562 4820 1753 4891 gravis
1773 4826 1970 4879 exorta

388 4943 466 5024 (ᾳ)
498 4941 858 5024 Scrupulum
891 4941 1157 5024 aliquem
1177 4941 1624 5024 mihi_injiciunt
1640 4946 1817 5024 verba
1838 4949 1969 5024 Gre:

325 5013 465 5081 gorii
522 5013 670 5069 orati
707 5015 781 5090 _in
838 5013 1070 5090 laudem
1117 5013 1349 5090 Caesar-ii
1398 5016 1505 5087 (or.
1554 5016 1608 5083 7,
1644 5033 1717 5090 _n.
1757 5018 1835 5090 6),
1868 5020 1969 5075 ubi

328 5090 637 5163 postquam
690 5086 759 5163 de
808 5086 1037 5163 primaL
1067 5086 1411 5163 educatione
1452 5087 1715 5163 Caesarii,
1748 5086 1971 5163 suaque

327 5155 510 5225 ipsius
535 5155 899 5233 mentionem
915 5157 1066 5223 fecit,
1092 5156 1176 5213 sic
1202 5157 1607 5233 prosequitur:
1632 5181 1661 5211 ‹‹
1685 5155 1827 5217 Cum
1842 5155 1971 5233 jam

330 5228 813 5305 peregrinationis
834 5234 1068 5305 tempus
1093 5228 1222 5285 esse
1248 5228 1575 5305 _videretur,
1606 5247 1675 5288 ac
1700 5228 1972 5305 tum'pri-

330 5299 489 5375 mum
519 5300 670 5375 alter
696 5300 767 5356 ab
798 5299 977 5375 altero
998 5300 1535 5375 distractisumus;
1568 5317 1673 5375 ego
1694 5299 1972 5361 nimirum

333 5369 401 5444 ob
461 5371 612 5444 artis
658 5372 921 5428 oratoriae
967 5389 1254 5444 amorem,
1276 5372 1338 5429 in
1388 5369 1699 5431 Palaestinae
1733 5376 1971 5444 scholis,

334 5442 457 5515 tum
484 5442 849 5514 florentibus,
882 5448 1165 5515 moratus,
1196 5443 1295 5499 ille
1339 5448 1537 5500 autem
1561 5442 1973 5505 Alexandriam

334 5513 645 5589 profectus,
673 5536 703 5566 ››
731 5516 790 5572 Si
821 5532 954 5589 cum
984 5513 1238 5589 primum
1267 5515 1578 5589 Gregorius
1609 5522 1667 5574 et
1692 5519 1974 5579 Caesarius

336 5581 474 5660 alter
504 5586 577 5643 ab
594 5586 771 5660 altero
804 5581 1067 5660 distracti
1089 5591 1250 5656 sunt,
1270 5581 1581 5660 Gregorius
1601 5590 1977 5651 Palaestinam

338 5656 519 5735 petiit,
542 5659 673 5720 etin
692 5658 911 5722 scholis
934 5664 1025 5723 est
1051 5663 1336 5736 moratus,
1358 5656 1616 5723 Caesarea
1634 5661 1975 5740 Palaestina,

2077 4735 2516 4793 obsecraverant
2546 4736 2611 4786 ut
2643 4729 2995 4803 periclitanti
3046 4746 3216 4803 opem
3247 4731 3442 4787 ferret.
3485 4729 3634 4793 Quin
3666 4731 3723 4785 et

2075 4826 2136 4882 in
2166 4826 2297 4897 ipsa
2325 4819 2571 4895 periculi
2603 4820 2860 4889 ﬂamma,
2878 4819 3080 4892 juveni
3112 4819 3345 4876 cuidam
3376 4836 3444 4875 ex
3478 4817 3720 4875 vectori-

2078 4963 2192 5003 non
2224 4946 2626 5017 Cappadocum
2663 4948 2754 5000 est
2791 4944 3187 5015 intelligenda,
3245 4944 3357 5001 nisi
3405 4943 3723 5000 dixerimus

2078 5024 2389 5087 utrumque
2438 5022 2577 5072 tunc
2625 5022 2921 5072 versatum
2970 5019 3238 5073 Caesarea:
3283 5017 3717 5088 Cappadocum,

2080 5091 2235 5147 unde
2269 5091 2414 5144 alter
2458 5088 2852 5157 Palaestinam,
2885 5087 3030 5145 alter
3084 5087 3499 5146 Alexandriam
3530 5087 3719 5161 petiit.

2150 5162 2223 5216 (bl
2256 5162 2352 5216 0r.
2387 5160 2473 5216 10.
2504 5177 2561 5216 ι).
2596 5160 2719 5216 163.
2749 5164 2816 5216 A.

2504 5177 2561 5232 p.
2596 5177 2719 5230 103,
2749 5177 2816 5216 Α.

2175 5162 2203 5216 b
2256 5162 2352 5216 Or.
2387 5160 2473 5233 10,
2504 5177 2561 5232 p.
2596 5160 2719 5230 163,
2749 5164 2816 5216 A.

2172 5162 2223 5359 if}
2251 5232 2441 5289 Carm.
2473 5233 2547 5288 De
2570 5232 2690 5289 Vita
2717 5249 2838 5302 sua,
2867 5249 2923 5289 ν.
2957 5232 3050 5289 131
3089 5237 3146 5290 et
3171 5249 3292 5306 seq.

2215 5304 2230 5359 l
2258 5304 2352 5359 Or.
2382 5304 2470 5359 18.
2501 5320 2560 5359 n.
2596 5304 2716 5359 131.

2210 5304 2230 5444 ἰ
2258 5304 2352 5360 Or.
2382 5304 2470 5369 18,
2501 5320 2560 5360 n.
2596 5304 2716 5359 131.

2254 5375 2425 5444 Boll.,
2452 5376 2487 5429 9
2517 5375 2672 5444 Maii,
2707 5393 2716 5444 ]

2152 5375 2224 5446 (e)
2254 5375 2425 5445 Boll.,
2452 5376 2487 5429 9
2517 5375 2672 5446 Maii,
2706 5393 2765 5449 p.
2795 5376 2919 5433 379.

2152 5448 2232 5519 (Γ)
2261 5447 2511 5520 Tillem.,
2542 5452 2585 5504 t.
2616 5448 2707 5515 IX,
2742 5465 2798 5520 p.
2829 5449 2954 5504 326.

2154 5521 2225 5664 ﬂ)
2257 5520 2325 5588 T,
2359 5519 2437 5575 III
2467 5535 2624 5576 novas
2654 5519 2816 5603 edit,
2839 5538 2897 5595 p.
2926 5521 3051 5578 270.

2221 5591 2238 5664 )
2264 5590 2461 5664 Carm.
2492 5592 2568 5649 De
2605 5593 2721 5650 Vua
2750 5609 2871 5664 sua,
2904 5609 2958 5652 ν.
2991 5594 3051 5652 19

2154 5590 2238 5665 (h)
2268 5590 2461 5649 Carm.
2492 5592 2568 5649 De
2605 5593 2721 5650 Vile
2750 5590 2871 5668 sud,
2904 5609 2958 5652 ν.
2991 5593 3096 5652 194
3124 5596 3181 5653 et
3208 5607 3334 5667 seq.

2154 5664 2221 5742 (i)
2252 5662 2350 5724 Or.
2381 5664 2469 5740 18,
2511 5680 2570 5723 n.
2610 5664 2700 5725 31.
