4152 6208
428 346 541 405 167

1740 339 1925 403 VI'l‘A
1985 345 2048 404 S.
2098 334 2495 404 GltEGORlI.

3697 339 3808 407 468

326 514 339 539 χ
420 478 554 543 bus,
587 475 977 548 quiGregorio
1002 474 1386 530 charissimus
1408 477 1550 545 erat,
1569 474 1691 529 visa
1710 474 1873 530 estin
1899 490 2056 532 som-
2086 476 2141 544 Α
2169 475 2578 548 XXXVIII-XL.
2601 476 2809 533 διοιωο
2838 476 2974 531 ritui
3018 475 3273 533 subducit
3315 477 3589 533 Basiliam
3619 476 3815 547 Grego-

418 567 509 622 nis
542 569 727 621 mater
755 565 880 635 ejus
901 564 1021 620 Non
1036 581 1105 619 na
1128 580 1284 619 mare
1304 563 1715 632 conscendere,
1739 570 2058 636 arreptam-

420 673 532 730 que
582 654 771 710 navim
822 654 892 709 ad
940 657 1153 708 terram
1214 652 1549 725 protrahere
1603 670 1616 707 :
1670 670 1786 724 qua
1842 653 2061 711 visione

414 748 720 819 perspecta
767 746 823 798 et
864 745 1115 812 narrata,
1168 741 1367 797 statim
1410 745 1721 797 consecuta
1763 746 1853 797 est
1896 745 2060 797 tran-

420 833 679 906 quillitas
703 831 969 904 (a).Tum
1000 835 1257 887 vectores
1286 847 1509 901 omnes,
1544 835 1827 903 quotquot
1857 830 2060 886 inﬁde-

415 922 499 978 les
524 926 707 991 erant,
736 936 799 975 se
824 919 941 991 Dei,
979 935 1153 989 quem
1180 917 1403 975 colebat
1426 918 1760 990 Gregorius,
1794 918 2059 991 benigni-

416 1016 533 1067 tate
562 1013 818 1066 servatos
850 1011 1230 1081 agnoscentes
1259 1012 1317 1064 et
1367 1008 1725 1075 conﬁtentes,
1779 1007 2061 1064 Christia-

415 1117 551 1155 nam
610 1098 951 1171 religionem
1011 1114 1080 1152 ex
1138 1096 1333 1152 animo
1376 1095 1710 1168 amplexati,
1768 1096 2059 1168 duplicem

415 1189 569 1246 nacti
602 1191 739 1245 sunt
789 1185 1057 1242 salutem.
1092 1208 1121 1236 «
1151 1186 1341 1257 Hujus
1388 1186 1500 1257 ipsi
1552 1186 1812 1257 periculi,
1862 1185 2058 1257 inquit

416 1277 728 1350 Gregorius
758 1276 855 1348 (ὁ),
890 1276 1107 1330 donum
1138 1274 1465 1330 exstitimus
1499 1291 1514 1330 :
1540 1279 1604 1330 ut
1634 1274 1790 1331 enim
1822 1291 1928 1331 nos
1946 1279 2059 1330 Deo

414 1382 780 1432 voveramus,
814 1364 860 1420 si
890 1364 1201 1419 discrimen
1234 1364 1659 1437 eil‘ugeremus;
1693 1364 1772 1419 ita
1802 1363 2058 1436 periculo

417 1456 664 1525 liberati,
695 1471 803 1510 nos
834 1453 1007 1509 etiam
1037 1456 1195 1525 ipsos
1226 1452 1567 1509 obtulimus.
1603 1474 1631 1502 »
1662 1453 1884 1519 Quibus
1929 1468 2058 1509 ver-

418 1548 509 1603 bis
540 1544 873 1616 Gregorius,
907 1542 957 1597 si
1006 1541 1252 1597 Baronio
1284 1541 1425 1597 ﬁdes
1456 1542 1551 1614 (c),
1600 1557 1661 1598 se
1706 1546 1763 1597 et
1802 1545 2060 1598 vectores

419 1652 582 1692 sacro
613 1632 963 1705 baptismate
985 1635 1111 1686 tum
1142 1630 1321 1687 fuisse
1352 1629 1609 1687 initiatos
1640 1630 1949 1703 signiﬁcat.

566 1739 831 1797 XXXVII.
862 1737 1101 1793 Athenas
1129 1737 1347 1793 advenit
1374 1739 1525 1793 circa
1552 1754 1762 1793 annum
1782 1737 1905 1791 350.

487 1829 725 1888 Interim
756 1826 919 1883 navis
962 1825 1346 1897 tranquillum
1396 1842 1497 1898 per
1551 1843 1746 1899 aquor
1790 1825 2058 1881 Rhodum
2090 1848 2138 1913 B

418 1919 664 1994 appulit,
697 1918 898 1973 Rhodo
928 1916 1215 1988 Eginam,
1247 1915 1501 1987 indeque
1530 1915 1757 1971 solvens
1789 1915 2063 1970 secundis

416 2008 692 2066 ﬂuctibus
718 2006 952 2062 tandem
981 2005 1261 2075 expetitas
1292 2004 1601 2073 Gregorius
1632 2004 1893 2059 Athenas
1939 2020 2064 2075 per-

413 2098 589 2155 venit.
622 2098 745 2161 Quo
775 2100 969 2151 autem
1012 2110 1164 2148 anno
1210 2092 1548 2163 pervenerit,
1606 2097 1760 2147 certo
1816 2092 2060 2148 deﬁnire

416 2186 651 2243 difﬁcile
684 2183 873 2239 fuerit.
907 2181 1335 2238 Tantummodo
1358 2198 1425 2237 ex
1448 2182 1573 2252 ipso
1596 2181 1901 2249 discimus,
1925 2197 2061 2237 eum

413 2275 733 2332 imberbem
757 2272 946 2330 adhuc
977 2271 1180 2342 fuisse,
1213 2286 1349 2327 cum
1377 2269 1707 2326 litterarum
1751 2287 1949 2327 amore
1977 2270 2063 2326 in-

424 2382 636 2425 census
664 2363 920 2420 Athenas
951 2360 1135 2431 petiit,
1160 2360 1255 2416 his
1284 2359 1439 2415 enim
1477 2358 1668 2414 verbis
1698 2375 1935 2415 narrare
1966 2359 2062 2414 in-

414 2456 553 2528 cipit
581 2455 1009 2525 tempestatem,
1054 2466 1182 2521 qua
1223 2448 1282 2504 in
1317 2448 1467 2504 hanc
1500 2448 1704 2505 urbem
1744 2465 1887 2504 nave
1933 2453 2059 2504 ten-

411 2543 572 2603 denti
603 2539 937 2614 supervenit
968 2556 982 2594 :

548 2641 625 2713 (ἀ)
656 2641 877 2713 Lanugo
904 2636 1147 2693 nondum
1175 2651 1341 2708 genas
1370 2643 1606 2713 texerat,
1634 2637 1820 2691 tamen

661 2712 742 2768 Me
770 2711 1085 2766 litterarum
1114 2716 1329 2781 ceperat
1355 2709 1568 2779 fervens
1595 2723 1773 2776 amor,
1807 2709 1914 2762 etc.

484 2812 550 2866 In
580 2807 839 2866 oratione
868 2821 1102 2878 quoque
1130 2821 1291 2875 XLIII,
1326 2822 1383 2858 n.
1437 2804 1528 2875 25,
1578 2805 1663 2859 ait
1692 2820 1755 2859 se
1808 2808 1867 2859 et
1896 2801 2058 2858 Basi-

412 2898 557 2955 lium
586 2895 829 2952 Athenis
856 2895 916 2951 in
947 2893 1197 2965 patriam
1227 2893 1469 2948 reduces
1500 2914 1529 2942 «
1574 2908 1644 2947 ex
1693 2890 2058 2947 imberbibus

411 2988 567 3044 viros
610 2984 813 3053 factos,
855 3006 883 3033 »
913 2981 1003 3036 καὶ
1031 2979 1293 3053 τελοῦμεν
1327 2977 1403 3041 εἷς
1436 2976 1629 3054 ἄνδρας
1662 2976 1715 3051 ἐξ
1780 2976 2054 3053 ἀγενείων.

416 3076 579 3144 Quod
634 3083 784 3131 certe
841 3072 1105 3128 funditus
1160 3071 1362 3127 evertit
1424 3086 1625 3126 eorum
1682 3066 2055 3141 opinionem,

420 3166 520 3240 qui
548 3182 683 3222 eum
726 3163 963 3236 triginta
992 3178 1175 3217 annos
1204 3159 1448 3215 Athenis
1486 3157 1680 3215 studio
1710 3157 2053 3229 eloquentia

2241 549 2357 602 rius
2377 579 2445 587 —
2469 547 2631 619 Opem
2658 552 2765 617 [ert
2815 552 3005 603 contra
3056 549 3361 603 Armenios.
3394 580 3463 588 —
3492 548 3814 605 Arctzssima

2239 620 2513 674 Basiliam
2541 619 2689 674 inter
2726 628 2777 675 et
2805 619 3134 687 Gregorium
3164 621 3524 675 necessitudo.

2238 741 2522 798 Omnibus
2552 742 2935 799 humanitatis
2976 744 3182 800 ofﬁciis
3228 743 3509 800 Basilium
3554 745 3815 818 suscepit

2169 830 2502 903 Gregorius;
2533 837 2877 904 gratamque
2932 832 3224 902 imprimis
3255 833 3306 890 ei
3352 850 3589 905 operam
3641 835 3811 891 adve-

2168 920 2350 976 nienti
2382 920 2645 992 prabuit,
2678 920 2868 976 virum
2898 937 3133 993 gravem
3155 925 3212 978 et
3240 922 3570 979 modestum
3588 923 3810 979 subdu-

2168 1010 2349 1065 cendo
2380 1009 2601 1065 stolida
2622 1008 3003 1065 ludiﬁcationi
3028 1010 3266 1066 Athenis
3299 1010 3525 1067 usitata
3539 1026 3678 1084 erga
3706 1028 3809 1067 no-

2166 1115 2267 1154 vos
2296 1096 2636 1170 discipulos,
2668 1099 2769 1169 qui
2797 1098 2857 1153 in
2887 1098 3038 1154 hanc
3069 1099 3276 1155 urbem
3321 1117 3383 1156 se
3410 1100 3806 1157 conferebant.

2168 1190 2447 1243 Insanum
2480 1186 2636 1243 hunc
2667 1187 2867 1256 ritum,
2899 1187 2960 1244 in
2985 1189 3245 1245 oratione
3268 1190 3342 1245 De
3369 1191 3575 1246 Basilii
3616 1190 3812 1246 laudi-

2168 1276 2285 1349 bus,
2317 1276 2608 1348 eleganter
2636 1276 2911 1334 describit
2940 1278 3280 1351 Gregorius;
3314 1280 3415 1351 qui
3450 1297 3585 1335 mox
3613 1280 3811 1335 adver-

2166 1382 2269 1421 sus
2299 1365 2602 1422 Armenios
2631 1367 2913 1438 quosdam
2948 1385 3060 1423 non
3093 1368 3398 1424 mimorem
3422 1368 3607 1425 amico
3639 1384 3807 1441 opem

2166 1453 2317 1509 tulit.
2351 1454 2419 1508 Hi
2451 1454 2729 1510 nimirum
2761 1456 3018 1512 Armenii
3051 1457 3252 1514 Basilii
3285 1457 3424 1513 olim
3467 1457 3576 1513 sub
3621 1458 3810 1529 ipsius

2167 1546 2328 1616 patre
2384 1543 2788 1615 condiscipuli,
2823 1544 3035 1601 invidis
3065 1545 3247 1602 oculis
3280 1548 3407 1618 ejus
3433 1545 3637 1602 laudes
3667 1564 3812 1602 con-

2165 1630 2791 1703 spicientes.tanquam
2815 1634 3060 1689 Athenis
3082 1634 3308 1690 diutius
3339 1635 3702 1698 commorati,
3734 1641 3814 1691 te-

2166 1736 2323 1776 mere
2354 1719 2716 1777 lacessebant
2733 1721 3077 1789 Basililium,
3103 1740 3135 1778 a
3153 1740 3265 1794 quo
3287 1722 3453 1778 facile
3475 1723 3812 1779 refelleban-

2166 1812 2279 1864 tur.
2304 1808 2618 1882 Gregorius
2649 1811 2906 1883 quidem,
2930 1810 3287 1867 Athenarum
3315 1811 3811 1883 amans,ipsarum

2170 1897 2612 1954 astimationem
2644 1898 2702 1954 in
2734 1900 3025 1956 Armeniis
3056 1917 3090 1955 a
3117 1899 3328 1955 Basilio
3379 1900 3672 1971 superatis
3716 1916 3812 1971 pe-

2169 1985 2410 2043 riclitari
2441 2004 2589 2059 agre
2620 1987 3052 2055 ferens;veritus
3074 2006 3145 2043 ne
3173 1988 3371 2044 civitas
3404 1987 3622 2059 aliquid
3646 1989 3815 2044 dede-

2170 2076 2321 2131 coris
2352 2076 2661 2149 acciperet,
2678 2078 2727 2132 si
2763 2093 2947 2133 novus
2986 2075 3181 2133 accola
3200 2077 3559 2148 antiquiores
3580 2093 3817 2149 supera-

2171 2168 2259 2219 ret
2288 2164 2473 2237 primo
2502 2164 2792 2221 Armeniis
2823 2181 2992 2238 Opem
3027 2165 3268 2232 ferebat;
3300 2169 3360 2220 at
3388 2164 3489 2220 ubi
3520 2165 3809 2236 perﬁdum

2168 2267 2370 2308 eorum
2400 2269 2529 2309 esse
2559 2252 2868 2310 consilium
2898 2253 3209 2325 perspexit,
3258 2256 3447 2310 totum
3490 2269 3553 2310 se
3595 2254 3666 2309 ad
3707 2254 3812 2309 Ba-

2169 2339 2367 2399 silium
2398 2341 2588 2413 Vertit,
2619 2358 2801 2414 eoque
2825 2342 3069 2414 juvante
3115 2342 3376 2399 Armenii
3415 2342 3651 2414 penitus
3682 2358 3809 2414 pro-

2168 2429 2370 2502 ﬂigati.
2422 2454 2450 2482 ‹‹
2500 2430 2567 2503 (Ι)
2611 2430 2741 2487 Hac
2768 2431 2972 2499 altera,
3000 2430 3216 2487 Basilio
3247 2435 3303 2486 et
3332 2431 3627 2504 Gregorio,
3658 2430 3809 2487 ami-

2168 2518 2317 2575 citia
2338 2536 2454 2575 non
2477 2520 2601 2591 jam
2642 2518 2918 2591 scintilla,
2951 2521 3052 2576 sed
3099 2520 3191 2575 fax
3221 2519 3379 2575 clara
3431 2524 3489 2576 et
3541 2518 3810 2576 sublimis

2168 2608 2523 2665 accenditur.
2565 2631 2594 2660 »
2623 2608 2727 2665 His
2757 2626 3011 2682 namque
3041 2608 3308 2665 amicitia
3355 2608 3569 2664 ofﬁciis
3590 2608 3811 2681 Grego-

2166 2697 2290 2754 rius
2319 2698 2461 2754 adeo
2494 2698 2605 2754 sibi
2635 2697 2917 2754 Basilium
2948 2697 3297 2767 conciliavit,
3330 2696 3583 2753 Basilius
3616 2702 3811 2753 autem

2166 2803 2397 2843 morum
2432 2787 2713 2859 gravitate
2744 2788 2887 2843 adeo
2916 2786 3253 2859 Gregorium
3288 2785 3562 2853 devinxit,
3584 2790 3648 2841 ut
3668 2802 3812 2842 una-

2166 2876 2355 2932 nimes
2384 2875 2561 2933 simul
2593 2877 2800 2946 eﬁ‘ecti,
2831 2876 2944 2932 sibi
2976 2876 3220 2948 quisque
3249 2874 3623 2931 felicissimus
3654 2875 3813 2931 vide-

2165 2970 2325 3023 retur
2346 2967 2496 3038 quod
2519 2966 2695 3022 talem
2732 2970 3081 3036 tantumque
3114 2970 3317 3021 nactus
3348 2968 3501 3020 esset
3529 2964 3810 3020 amicum.

2167 3056 2293 3111 Hac
2324 3059 2465 3110 sunt
2515 3054 2853 3111 arctissima
2887 3053 3163 3110 Basilium
3195 3054 3347 3109 inter
3380 3058 3435 3109 et
3462 3054 3809 3126 Gregorium

2164 3144 2431 3200 amicitia
2455 3142 3347 3199 fundamenta.Perfectissimum
3374 3142 3527 3198 istud
3550 3147 3635 3196 est
3657 3141 3809 3198 ami-

418 3218 776 3328 ijmpendisse
805 3251 1085 3308 sentiunt.
1118 3247 1311 3305 Verba
1338 3252 1531 3305 tamen
1564 3247 1846 3320 Gregorii,
1872 3252 1936 3302 ut
1965 3263 2057 3303 ve-

2173 3233 2317 3289 citia
2348 3232 2691 3288 Christiana
2750 3232 3065 3304 exemplar,
3126 3249 3241 3304 quo
3295 3232 3414 3288 noti
3448 3248 3512 3287 ac
3552 3231 3808 3288 celebres

418 3362 550 3402 rum
582 3344 783 3410 fatear,
808 3341 891 3397 sic
922 3338 1105 3411 accipi
1134 3342 1192 3394 et
1219 3338 1456 3410 quidem
1498 3343 1652 3393 recte
1692 3340 1959 3409 possunt,
1993 3338 2058 3391 ut

417 3432 738 3490 imberbem
761 3429 944 3486 fuisse
984 3427 1407 3497 existimemus,
1430 3442 1565 3481 cum
1585 3424 1836 3497 primum
1865 3430 2058 3497 pater-

419 3539 554 3581 nam
588 3522 827 3577 domum
859 3515 1092 3589 reliquit
1120 3519 1186 3571 ut
1215 3515 1502 3588 plurimas
1538 3514 1709 3570 urbes
1732 3516 2059 3586 perarraret

418 3612 745 3670 studiorum
798 3625 996 3673 causa,
1046 3606 1367 3662 Caesaream
1426 3608 1753 3676 utramque,
1812 3602 2055 3657 Alexan-

419 3702 628 3769 driam,
662 3704 718 3757 et
744 3698 981 3754 tandem
1012 3695 1267 3751 Athenas
1319 3711 1467 3766 quas
1496 3693 1867 3765 potissimum
1898 3691 2058 3747 adire

417 3792 707 3863 cupiebat,
726 3793 1007 3858 tanquam
1024 3784 1349 3840 litterarum
1366 3784 1565 3839 sedem
1595 3787 1653 3838 et
1674 3779 2055 3852 domicilium,

415 3882 531 3941 Has
576 3878 779 3952 igitur,
809 3881 874 3931 ut
917 3873 1231 3931 verisimile
1282 3877 1391 3943 est,
1443 3872 1587 3927 adiit
1641 3872 1791 3927 circa
1836 3885 2058 3926 annum

414 3974 540 4040 £50;
572 3972 623 4026 si
654 3968 891 4041 quidem
919 3963 1159 4021 Athenis
1209 3963 1336 4035 jam
1386 3962 1746 4030 versabatur,
1806 3977 1942 4017 cum
1991 3976 2058 4016 eo

413 4059 590 4126 venit,
616 4075 768 4114 anno
797 4055 922 4123 351,
946 4052 1219 4125 Basilius,
1250 4053 1421 4125 cujus
1437 4052 1747 4108 adventum
1765 4050 1890 4121 jam
1904 4050 2060 4105 fama

415 4146 745 4215 nuntiabat,
803 4158 1197 4217 magnamque
1252 4141 1527 4199 omnibus
1570 4140 2059 4212 exspectationem

418 4241 695 4301 moverat,
738 4232 1024 4305 praecipue
1074 4237 1271 4289 autem
1319 4230 1614 4303 Gregorio,
1655 4229 1753 4301 qui
1803 4229 2060 4284 Athenas

419 4324 611 4383 Basilii
634 4325 883 4379 adventu
904 4343 931 4372 α
964 4337 1169 4377 aureas
1190 4342 1219 4371 »
1253 4320 1363 4375 sibi
1390 4321 1574 4375 factas
1595 4317 1877 4391 singulari
1909 4333 2063 4373 amo-

419 4414 501 4470 ris
531 4411 918 4469 declarations
958 4409 1323 4481 signiﬁcabat
1354 4424 1368 4462 :
1409 4428 1431 4456 ι
1463 4408 1717 4463 Athenas
1758 4406 1902 4461 mihi
1932 4421 2062 4461 vere

420 4518 649 4570 aureas,
674 4501 883 4571 inquit,
906 4499 998 4570 (e),
1043 4514 1130 4565 ac,
1191 4496 1241 4552 si
1297 4495 1571 4578 cuiquam
1625 4495 1742 4561 alii,
1777 4496 2062 4550 bonorum

2162 3322 2342 3393 fuere,
2367 3325 2494 3377 tum
2526 3321 2864 3379 hominibus
2885 3338 3004 3378 sua
3032 3323 3238 3389 atatis,
3273 3327 3396 3377 tum
3426 3319 3697 3377 omnibus
3713 3336 3804 3375 re-

2164 3416 2251 3468 tro
2282 3410 2531 3469 saeculis.

2164 3534 2484 3590 XLI-XLII.
2514 3535 2716 3591 Crescit
2752 3535 3001 3590 amicitia
3032 3536 3176 3590 inter
3204 3533 3523 3603 Gregorium
3550 3542 3605 3589 et
3639 3534 3803 3588 Basi-

2236 3607 2394 3661 lium.
2452 3606 2567 3663 Una
2622 3607 2841 3676 utrique
2861 3608 3053 3661 anima
3106 3622 3221 3662 esse
3266 3606 3577 3662 videbatur.
3631 3607 3808 3663 Unum

2234 3679 2457 3750 utrique
2482 3676 2726 3732 studium
2752 3681 2869 3733 erat
2892 3680 3086 3734 virtus.
3424 3718 3427 3719 ν

2236 3785 2422 3840 Crevit
2478 3784 2667 3839 adhuc
2724 3767 3034 3857 progressu
3093 3786 3373 3857 temporis
3426 3788 3547 3840 tam
3606 3786 3810 3840 sancta

2166 3873 2421 3930 amicitia
2439 3872 2806 3928 voluntatum
2828 3890 2893 3929 ac
2914 3873 3240 3929 studiorum
3265 3873 3808 3929 consentione.Cum

2167 3964 2323 4018 enim
2367 3966 2639 4018 mutuum
2660 3962 2810 4017 inter
2826 3979 2887 4018 se
2904 3963 3152 4018 confessi
3175 3962 3425 4018 fuissent
3452 3962 3809 4018 desiderium

2167 4051 2453 4108 sectanda
2484 4050 2886 4123 phi1080phia,
2918 4056 3045 4106 tum
3078 4057 3322 4123 uterque
3368 4050 3535 4107 alteri
3579 4050 3810 4123 quidvis

2166 4146 2308 4205 erat,
2344 4139 2797 4209 contubernalis,
2830 4141 3144 4207 convictor,
3173 4157 3438 4205 concors,
3462 4156 3644 4195 unum
3676 4156 3811 4211 spe-

2169 4234 2355 4297 etans,
2376 4229 2583 4284 iisdem
2616 4229 2791 4285 rebus
2819 4229 3101 4299 gaudens.
3141 4229 3280 4293 Quis
3310 4229 3484 4301 digne
3513 4227 3814 4301 scripserit

2169 4318 2476 4392 praclaros
2491 4323 2611 4373 tam
2639 4318 2863 4373 eximia
2881 4318 3334 4373 necessitudinis
3356 4317 3617 4373 fructus?
3636 4317 3811 4373 Eccui

2170 4413 2331 4464 tanta
2361 4406 2622 4463 discendi
2647 4408 2831 4479 copia,
2866 4410 2931 4462 ut
2961 4407 3265 4478 utriusque
3295 4410 3421 4462 tum
3464 4406 3524 4462 in
3577 4405 3809 4476 litteris,

2170 4504 2296 4554 tum
2344 4497 2404 4552 in
2434 4496 2646 4569 pietate
2679 4512 3025 4568 progressus
3055 4513 3329 4552 enarrare
3374 4496 3599 4568 queat?
3647 4494 3812 4551 Unus

421 4595 714 4666 parentes.
748 4589 892 4644 Nam
923 4587 1032 4642 illa
1072 4585 1217 4640 mihi
1251 4584 1568 4653 hominem,
1600 4601 1714 4638 non
1747 4582 1914 4637 illum
1937 4581 2064 4653 qui-
2094 4588 2140 4653 D
2170 4587 2229 4642 id
2260 4591 2457 4657 posset
2483 4585 2719 4658 exsequi
2767 4584 3097 4657 Gregorius.
3132 4608 3159 4636 ‹‹
3193 4589 3304 4640 Par
3332 4601 3465 4659 spes
3513 4585 3808 4651 doctrina,

422 4682 555 4738 dem
588 4684 721 4735 ante
750 4679 1035 4751 ignotum,
1070 4676 1171 4730 sed
1218 4678 1414 4729 tamen
1446 4670 1673 4745 plenius
1704 4672 2062 4727 noscendum

422 4770 896 4844 prabuerunt.Ac
924 4765 1250 4821 doctrinam
1279 4762 1610 4834 exquirens,
1643 4760 2061 4815 beatitudinem

422 4859 631 4930 reperi;
655 4857 916 4928 mihique
941 4853 1161 4926 dispari
1193 4852 1365 4907 modo
1406 4851 1556 4906 idem
1589 4850 1742 4921 quod
1777 4848 1933 4903 Sauli
1968 4863 2062 4903 ac-

424 4947 584 5013 cidit,
601 4947 699 5018 qui
728 4945 908 5019 patris
929 4944 1125 4999 asinas
1141 4957 1427 5013 quarens,
1451 4956 1696 5011 regnum
1729 4937 2060 4993 invenit.....

424 5036 724 5094 Habebunt
755 5052 858 5091 nos
904 5033 1165 5100 Athena,
1191 5030 1352 5086 velut
1370 5029 1599 5085 ﬂuxum
1624 5028 1939 5100 quemdam
1955 5026 2065 5081 ﬂu-

425 5126 625 5193 minis,
658 5139 727 5180 ex
755 5124 959 5180 eodem
990 5122 1188 5194 patria
1218 5120 1375 5177 fonte
1404 5118 1465 5175 in
1510 5118 1771 5174 diversas
1800 5116 2065 5189 regiones

426 5214 699 5273 doctrina
731 5212 1046 5286 cupiditate
1086 5210 1387 5277 dissectos,
1412 5222 1768 5279 rursumque
1813 5204 1972 5262 velut
1997 5220 2066 5261 ex

422 5304 765 5379 composito,
788 5303 904 5363 Deo
923 5299 1191 5361 videlicet
1206 5300 1289 5357 ita
1306 5297 1671 5373 impellente,
1702 5298 1998 5356 coeuntes.
2030 5315 2063 5347 ιδ

517 5466 571 5534 a)
605 5465 685 5537 νει
712 5468 873 5537 Greg.
904 5480 961 5536 p.
987 5464 1042 5537 5.

518 5538 568 5605 δ)
599 5536 694 5593 Or.
728 5536 905 5605 1s,’n.
936 5536 1026 5598 31,

518 5539 548 5593 b
599 5538 694 5593 Or.
728 5538 815 5605 18,
848 5552 905 5591 n.
936 5538 1026 5598 31.

517 5538 568 5737 c}
592 5608 628 5664 9
656 5608 890 5737 Maius.
922 5604 1047 5691 37B.

558 5682 573 5737 l
602 5683 788 5737 Carm.
866 5695 896 5737 e
930 5679 1047 5737 γιια

495 5673 573 5758 (ἅ)
602 5673 896 5739 ϐαι-απυδ
930 5679 1053 5739 Vita
1082 5693 1201 5752 sua,
1233 5694 1287 5738 v.
1320 5673 1451 5750 112(

492 5466 513 5683 ἓ

2169 4674 2363 4745 inquit
2383 4674 2480 4745 (g),
2506 4674 2615 4729 hoc
2639 4678 2745 4745 est,
2779 4674 2859 4728 rei
2891 4674 3153 4729 omnium
3187 4674 3685 4739 individiossima,
3706 4690 3812 4728 nos

2169 4764 2453 4819 ducebat:
2479 4767 2536 4818 et
2567 4768 2760 4819 tamen
2793 4763 2993 4819 aberat
3018 4763 3259 4831 invidia,
3281 4762 3573 4818 aemulatio
3616 4768 3811 4817 autem

2171 4853 2232 4908 in
2280 4851 2463 4923 pretio
2509 4851 2851 4908 habebatur.
2889 4852 3003 4906 Hoc
3049 4851 3281 4923 utrique
3323 4856 3637 4916 certamen,
3695 4865 3811 4905 non

2172 4946 2301 4997 uter
2331 4940 2550 5013 primas
2581 4941 2773 5007 ferret,
2816 4942 2916 4995 sed
2940 4946 3069 4996 uter
3117 4940 3287 4996 alteri
3317 4957 3416 4996 eas
3447 4940 3808 5006 concederet,

2172 5035 2415 5101 uterque
2436 5031 2590 5085 enim
2614 5028 2831 5084 alteros
2853 5029 3093 5103 gloriam
3112 5045 3214 5101 pro
3245 5046 3353 5086 sua
3371 5030 3639 5085 ducebat.
3688 5027 3816 5084 Una

2172 5119 2405 5190 utrique
2429 5118 2625 5174 anima
2678 5117 2999 5186 videbatur,
3033 5119 3147 5174 duo
3177 5134 3417 5190 corpora
3462 5118 3815 5174 ferens.......

2170 5213 2366 5264 Unum
2397 5208 2629 5278 utrique
2657 5224 2805 5279 opus
2835 5212 2892 5264 et
2921 5207 3184 5264 studium
3232 5207 3417 5263 virtus
3445 5211 3587 5277 erat,
3636 5210 3693 5262 et
3740 5206 3813 5263 ad

2171 5297 2399 5355 futuras
2456 5312 2590 5369 spes
2640 5295 2850 5365 vivere,
2900 5312 3125 5369 nosque
3178 5295 3260 5355 ita
3317 5311 3675 5373 comparare,
3725 5298 3813 5367 ut,

2264 5458 2313 5530 θ)
2343 5457 2557 5530 ουκ-43,
2590 5456 2831 5530 11.1191;
2863 5457 2948 5516 15.

2264 5528 2309 5601 ῃ
2340 5528 2513 5601 Ibid.,
2544 5544 2603 5584 η.
2638 5528 2841 5601 15,17.

2266 5600 2518 5676 g)1bid.,
2550 5615 2606 5657 n.
2637 5600 2727 5657 20.
