4152 6208
214 343 305 403 169

1510 341 1688 401 VITA
1737 340 1800 401 S.
1849 338 2247 400 GREGOBII.

3470 344 3586 405 170

209 480 315 531 ante
346 472 664 530 discessum
688 488 755 527 ex
778 473 884 528 hac
905 474 1040 541 vita,
1074 472 1212 528 hinc
1234 473 1643 545 migraremus.
1662 474 1819 539 Quod
1852 476 1905 539 Α
1936 477 2107 541 est,et
2126 471 2486 528 carminibus
2511 472 2665 545 leges
2688 473 3008 544 prmscribit
3030 492 3043 542 ;
3069 474 3187 530 sive
3214 475 3273 530 in
3305 476 3581 533 omnibus

207 565 405 637 quidem
424 565 595 620 nobis
611 564 682 619 ob
704 564 904 620 oculos
928 568 1229 636 ponentes,
1244 565 1423 621 vitam
1444 565 1820 638 actionesque

204 669 371 710 omnes
411 658 643 709 nostras
696 652 1117 725 dirigebamus,
1150 657 1276 709 tum
1323 655 1503 710 divini
1549 655 1819 727 praecepti

201 745 402 798 ductum
423 747 757 814 sequentes,
775 747 903 797 tum
929 742 1075 798 alter
1104 743 1271 799 alteri
1288 743 1521 800 virtutis
1554 744 1815 800 studium

200 837 507 887 rxacuentes
532 850 547 898 ;
579 838 774 904 atque,
800 832 915 886 nisi
968 832 1079 888 hoc
1109 833 1481 904 arrogantius
1511 833 1702 888 dicere
1731 832 1817 887 vi-

197 923 323 985 dear,
355 926 599 990 uterque
630 921 795 975 alteri
828 938 1033 976 norma
1054 925 1110 977 et
1140 922 1395 977 amussis
1425 938 1681 989 eramus,
1700 939 1817 993 qua

199 1017 384 1063 rectum
428 1027 459 1064 a
493 1027 669 1081 prevo
699 1010 1072 1066 discernitur.
1123 1011 1249 1068 Non
1281 1011 1435 1066 enim
1477 1027 1611 1067 cum
1642 1012 1813 1067 soda-

195 1099 308 1153 lium
341 1105 676 1154 nostrarum
700 1099 1196 1171 petulantissimis
1217 1104 1272 1155 et
1300 1100 1810 1172 impudicissimis,

193 1188 267 1241 sed
301 1204 427 1240 cum
469 1188 823 1244 castissimis
871 1189 1359 1244 consuetudinem
1408 1188 1809 1257 habebamus;

192 1293 269 1330 nec
295 1293 419 1330 cum
453 1276 939 1347 pugnacissimis,
975 1278 1076 1333 sed
1114 1294 1245 1332 cum
1271 1277 1810 1349 pacatissimis,iis-

189 1381 291 1434 que,
318 1381 567 1434 quorum
601 1367 962 1421 consuetudo
1016 1366 1304 1422 maximos
1350 1367 1574 1422 fructus
1614 1367 1811 1422 affere-

186 1454 298 1509 bat:
330 1453 468 1509 illud
502 1454 786 1510 nimirum
837 1455 1202 1528 exploratum
1246 1455 1550 1525 habentes,
1585 1455 1810 1512 facilius

186 1559 283 1597 esse
309 1542 509 1597 vitium
546 1544 915 1607 contrahere,
951 1560 1129 1616 quam
1160 1544 1437 1600 virtutem
1470 1544 1755 1617 impertiri
1790 1562 1805 1613 ;

187 1632 652 1701 quemadmodum
702 1633 880 1687 etiam
935 1633 1166 1689 facilius
1214 1650 1344 1689 esse
1373 1634 1576 1688 morbo
1620 1632 1809 1689 alieno

184 1719 535 1790 infici,quam
594 1721 908 1777 sanitatem
960 1722 1178 1794 largiri.
1236 1722 1568 1794 Diseiplinis
1611 1739 1805 1793 porro,

190 1823 276 1861 non
304 1813 414 1863 tam
439 1810 929 1878 jucundissimis,
985 1827 1161 1883 quam
1206 1811 1444 1881 optimis
1476 1810 1803 1867 oblectaba-
1836 1844 1882 1910 B

189 1914 335 1952 mur:
366 1916 499 1953 nam
535 1898 676 1953 hinc
708 1915 962 1970 quoque,
996 1899 1083 1956 vel
1135 1900 1206 1955 ad
1245 1900 1543 1964 virtutem,
1596 1900 1683 1956 vel
1732 1902 1802 1956 ad

188 1984 373 2050 ﬁlium,
399 1987 653 2055 juvenes
684 1988 1099 2043 informantur.
1136 2010 1163 2038 »

188 2091 499 2147 XLIII-XLV.
553 2096 621 2149 In
686 2096 857 2148 sacris
900 2095 1153 2149 domibus
1200 2095 1427 2151 assidui.
1501 2096 1809 2152 Christiani

238 2167 405 2238 etesse
428 2168 484 2238 ret
516 2167 807 2219 nominari
838 2166 1042 2238 volunt.
1075 2167 1368 2238 Pestifera’
1394 2168 1525 2221 aliis
1554 2168 1802 2236 Athenae,

239 2234 368 2289 nihil
396 2237 513 2290 illis
544 2240 763 2305 nocent,
790 2237 885 2291 sed
913 2238 982 2292 ad
1011 2237 1171 2308 ﬁdem
1202 2234 1556 2309 conﬁrmant.

242 2366 262 2388 τε
292 2342 411 2396 Duae
465 2343 640 2399 nobis
689 2343 790 2398 via:
839 2348 990 2400 notae
1040 2350 1242 2400 erant:
1276 2346 1460 2402 altera
1510 2347 1699 2419 prima
1749 2350 1807 2403 et

190 2431 528 2499 pmstantior,
563 2430 750 2487 altera
782 2434 1038 2488 secunda
1068 2439 1123 2489 et
1153 2434 1446 2491 inferioris
1478 2435 1645 2507 pretii
1671 2435 1805 2491 :illa

187 2533 367 2587 nempe,
398 2535 519 2589 quae
552 2521 629 2574 ad
662 2536 859 2575 sacras
894 2527 1125 2577 nostras
1158 2523 1390 2592 domos,
1439 2540 1655 2596 eosque
1703 2524 1801 2596 qui

188 2603 275 2659 illic
301 2610 481 2662 errant
517 2609 1079 2679 doctores,ferebat;
1127 2611 1248 2666 haec
1287 2616 1506 2681 autem,
1558 2630 1686 2685 quae
1730 2614 1801 2668 ad

188 2700 407 2751 externos
428 2703 841 2767 praeceptores.
871 2699 1119 2755 Caeteras
1151 2716 1511 2772 omnes,quze
1532 2702 1601 2756 ad
1636 2702 1801 2774 festa,

190 2784 496 2851 spectacula,
532 2785 798 2841 celebres
849 2794 1190 2859 conventus,
1242 2790 1445 2859 epulas
1491 2791 1799 2862 ducebant,

188 2886 313 2939 equo
342 2890 401 2927 ac
429 2873 638 2929 libenti
687 2875 884 2930 animo
934 2876 1062 2930 aliis
1112 2875 1631 2949 reliqueramus....
1675 2880 1799 2950 jam

188 2973 287 3011 cum
316 2959 436 3016 aliis
467 2964 584 3017 alia
622 2963 887 3033 quaedam
920 2971 1307 3037 cognomenta
1336 2967 1475 3036 sint,
1506 2968 1595 3023 vel
1625 2985 1658 3023 a
1696 2985 1798 3039 pa-

185 3047 397 3105 rentibus
426 3051 786 3123 accepta,vel
820 3069 887 3107 ex
922 3054 1153 3123 seipsis,
1181 3055 1286 3110 hoc
1330 3061 1419 3111 est
1450 3074 1517 3111 ex
1546 3057 1799 3128 propriis

183 3133 274 3189 vita
300 3139 493 3195 studiis
524 3140 912 3197 institutione
959 3148 1300 3215 comparata
1334 3161 1347 3200 :
1382 3145 1550 3201 nobis
1598 3150 1798 3202 contra

192 3238 359 3296 magna
385 3245 471 3282 res
501 3234 560 3284 et
597 3245 879 3301 magnum
912 3247 1124 3286 nomen
1165 3236 1308 3299 erat,
1351 3233 1709 3291 Christianos
1742 3240 1798 3291 et
1826 3215 1868 3281 C

191 3326 285 3367 esse
309 3322 357 3370 et
382 3318 743 3373 nominari...
780 3322 982 3391 Atque,
1016 3323 1080 3375 ut
1110 3336 1230 3376 rem
1263 3321 1322 3376 in
1356 3340 1538 3395 pauca
1571 3328 1794 3379 contra-

187 3398 307 3469 ham,
334 3407 616 3475 pestiferae
646 3408 880 3476 quidem
915 3407 1067 3478 aliis,
1102 3410 1254 3481 quod
1292 3412 1358 3466 ad
1394 3412 1599 3467 animas
1639 3412 1795 3469 salu-

186 3492 269 3542 tam
292 3492 496 3561 attinet,
524 3495 769 3550 Athena:
802 3498 1185 3553 sunt...nobis
1216 3504 1410 3555 autem
1444 3500 1586 3555 nihil
1619 3501 1796 3556 detri-

190 3579 325 3633 menti
354 3583 416 3637 ab
448 3584 517 3637 iis
552 3583 802 3638 allatum
840 3590 1152 3657 est,utpote
1176 3588 1276 3659 qui
1304 3588 1499 3645 animo
1532 3607 1796 3647 commu-

189 3665 267 3719 niti
293 3675 338 3722 et
366 3672 591 3743 obsepti
626 3689 881 3727 eramus.
915 3673 1064 3737 Quin
1101 3679 1294 3746 potius
1337 3677 1471 3732 hinc
1514 3680 1583 3732 ad
1618 3680 1793 3734 ﬁdem

191 3756 457 3813 confirmati
488 3778 727 3816 sumus.
754 3784 779 3809 ››
816 3763 951 3817 Inde
973 3764 1307 3835 contigit,ut
1326 3767 1624 3838 egregium
1648 3768 1794 3824 illud

192 3857 268 3910 par
290 3848 619 3920 amicorum,
655 3869 765 3906 non
800 3852 857 3906 in
898 3852 1173 3908 universa
1202 3855 1419 3911 Graecia
1447 3856 1658 3925 solum,
1692 3859 1793 3913 sed

193 3936 310 3987 extra
334 3936 605 3994 Greciam
640 3939 1062 4009 celebraretur;
1096 3948 1153 3997 et
1184 3960 1318 3998 cum
1349 3960 1549 4000 eorum
1583 3947 1796 4017 magis-

196 4019 247 4073 tri
270 4023 434 4082 Ianam
465 4028 832 4083 Athenarum
867 4030 1385 4104 aquuarent,ipsi
1416 4036 1796 4106 quoque,ubi-

202 4122 377 4182 Cunque
406 4118 518 4171 noti
551 4123 724 4172 erant
774 4118 1059 4190 magistri,
1109 4120 1164 4175 in
1200 4120 1507 4178 hominum
1535 4141 1631 4179 ore
1664 4143 1791 4180 ver-

200 4206 430 4271 sarentur,
487 4210 542 4262 et
593 4206 785 4262 Oresti
831 4224 895 4263 ac
946 4208 1127 4264 Piladi
1177 4210 1346 4283 longe
1404 4213 1474 4267 ab
1517 4214 1791 4271 omnibus

199 4289 564 4354 praeferrentur.

250 4378 501 4454 Quidquid
525 4390 802 4458 prmterea
826 4387 894 4442 de
915 4386 1131 4444 Basilio
1163 4388 1452 4460 privatum
1478 4392 1791 4463 Gregorius

195 4459 448 4552 honoriﬁce
470 4475 767 4544 praedicat,
799 4477 869 4531 de
900 4475 1028 4547 ipso
1061 4459 1291 4548 quoque
1319 4459 1789 4552 Gregorio-intel-

197 4548 433 4651 “gendum
466 4579 591 4618 esse
643 4564 864 4619 nemini
899 4566 1165 4621 dubitare
1209 4567 1360 4639 licet,
1423 4570 1688 4640 quamvis
1729 4572 1785 4626 id
1818 4588 1864 4651 Β

202 4640 375 4702 silentio
397 4652 798 4719 praetermittat
815 4654 901 4707 vir
918 4658 1034 4708 tam
1059 4657 1567 4729 modestus,ut(a)«
1586 4659 1786 4715 laudes

204 4742 299 4786 Buas
327 4752 388 4791 ne
417 4741 483 4795 ab
515 4743 626 4796 alio
660 4743 898 4814 quidem
930 4760 1192 4815 unquam
1226 4747 1527 4817 praedicari
1563 4753 1785 4819 patere-

204 4820 314 4908 tur.»
340 4824 523 4883 Dicere
554 4846 689 4902 ergo
714 4832 905 4897 liceat,
931 4848 1062 4886 cum
1091 4832 1232 4887 Vitas
1263 4833 1449 4905 ipsius
1480 4836 1784 4908 scriptore,

204 4902 253 4957 de
274 4908 538 4985 Gregorio,
572 4918 727 4988 quod
758 4918 884 4989 ipse
910 4918 1221 4989 Gregorius
1254 4902 1452 4976 noster
1482 4923 1552 4976 de
1574 4902 1786 4978 iiasilio

201 4996 417 5069 scripsit;
474 5021 679 5077 nempe
730 5006 1073 5079 Gregorium
1125 5007 1217 5062 his
1264 5010 1572 5079 prenditum
1606 5013 1786 5069 fuisse

204 5085 429 5156 moribus,
458 5094 557 5164 qui
588 5096 763 5151 etiam
813 5097 940 5152 sine
970 5095 1236 5151 doctrina
1273 5096 1508 5154 laudem
1539 5099 1789 5157 habuis-

206 5178 329 5240 sent;
356 5180 445 5234 sed
467 5184 535 5237 ad
559 5183 665 5239 hos
686 5201 877 5241 mores
896 5189 952 5241 et
971 5185 1261 5258 egregiam
1288 5186 1541 5243 indolem
1563 5193 1784 5248 tantam

205 5266 462 5326 accessisse
491 5272 766 5341 doctrinae
797 5274 1048 5347 cepiam,
1074 5279 1141 5330 ut
1170 5291 1341 5331 nemo
1374 5294 1507 5333 cum
1540 5294 1605 5335 eo
1636 5296 1789 5338 com-

208 5355 443 5441 parandus
474 5367 646 5433 esset,
679 5364 798 5420 sive
827 5364 887 5419 in
920 5364 1228 5435 rhetorica,
1262 5382 1389 5438 quas
1419 5366 1685 5441 linguam
1714 5371 1787 5428 ad

207 5436 519 5508 Grecismum
545 5452 777 5528 format,
808 5453 1114 5513 historiam
1139 5436 1382 5530 colligit,
1415 5436 1619 5517 metris
1648 5476 1790 5536 prie-

278 5586 424 5663 (1)912
458 5594 541 5662 43,
573 5614 629 5654 n.
663 5600 756 5657 22.

283 5653 321 5733 δ)
342 5660 424 5721 Or.
452 5667 504 5724 5.
526 5653 619 5728 '2’1.

435 5793 685 5867 PATROL.
718 5800 831 5866 Gs.
873 5796 1117 5868 XXXV.

1930 559 2313 632 philosophia:
2338 560 2634 633 partibus:
2658 577 2729 617 ne
2748 562 3124 634 geometriam
3153 563 3393 635 quidem
3415 564 3487 621 ab
3510 580 3577 621 eo

1930 649 2253 722 neglectam
2288 651 2489 717 fuisse,
2526 668 2629 707 nec
2658 654 3098 723 astromoniam,
3123 669 3229 708 nec
3260 654 3580 712 arithmeti-

1929 755 2056 794 cam
2084 757 2099 807 ;
2132 741 2231 795 sed
2266 739 2339 796 iis
2385 740 2625 809 relictis,
2675 758 2803 812 quae
2852 743 2925 797 ad
2974 742 3251 814 pietatem
3299 744 3578 814 prodesse

1928 844 2041 884 non
2066 834 2355 900 poterant,
2389 834 2618 885 tantum
2660 847 2730 885 ex
2771 830 2844 886 iis
2890 831 3219 903 disciplinis
3249 832 3362 887 sibi
3410 849 3574 889 sum-

1924 918 2134 989 psisse,
2168 923 2457 989 quantum
2489 918 2634 975 satis
2666 922 2811 986 erat,
2846 924 2908 975 ut
2951 920 3023 975 ab
3074 920 3169 989 iis,
3213 922 3313 992 qui
3354 938 3481 978 sese
3512 922 3573 978 in

1923 1006 2033 1063 hoc
2064 1023 2273 1077 genere
2301 1008 2701 1074 venditabant,
2734 1008 3013 1081 exagitari
3045 1026 3159 1065 non
3194 1015 3412 1081 posset.

2064 1095 2255 1150 XLVI.
2285 1098 2651 1168 Praeceptor“
2680 1098 2878 1168 quibus
2915 1114 3047 1154 usus
3075 1108 3153 1154 est
3183 1100 3431 1155 Athenis.

1993 1182 2399 1255 Presceptores,
2438 1183 2654 1256 quibus
2685 1202 2830 1240 usus
2876 1190 2965 1241 est
2992 1186 3236 1241 Athenis
3266 1187 3576 1258 Gregorius

1918 1273 2074 1345 apud
2096 1277 2181 1329 tot
2211 1272 2486 1330 homines
2507 1272 2763 1329 celebres
2792 1278 2977 1342 erant,
3003 1275 3157 1346 apud
3182 1281 3325 1347 quot
3338 1276 3575 1332 Athena

1920 1361 2079 1432 ipsae.
2132 1363 2199 1415 Hi
2253 1362 2413 1418 fuere
2463 1362 2756 1419 Himerius
2802 1367 2861 1419 et
2906 1364 3303 1420 Promresius:
3349 1365 3576 1437 primus

1920 1448 2154 1522 gentilis
2184 1454 2326 1520 erat,
2362 1451 2507 1506 alter
2533 1467 2665 1506 vero
2697 1449 3170 1523 Christianus.Is,
3204 1452 3277 1509 ob
3311 1453 3573 1510 discendi

1921 1538 2434 1610 copiam,primum
2456 1538 2517 1595 in
2549 1538 2931 1607 Gallias,inde
2957 1540 3201 1597 Romam
3234 1558 3268 1597 a
3287 1542 3574 1599 Constan-

1918 1627 1999 1682 tio
2031 1628 2272 1696 missus,
2324 1627 2443 1683 illic
2490 1645 2559 1683 ex
2606 1628 3119 1686 senatusconsulto
3175 1631 3425 1687 donatus
3484 1635 3573 1688 est

1918 1720 2113 1772 statua
2134 1718 2421 1787 ejusmodi
2451 1717 2833 1789 inscriptione
2862 1719 3203 1775 nobilitata:
3237 1736 3437 1775 nsum
3461 1737 3562 1775 as-

1918 1822 2045 1861 RUM
2078 1822 2231 1862 noua
2263 1823 2396 1861 REGI
2420 1808 3217 1869 ELoousNrm.Christianum
3239 1808 3398 1864 hunc
3420 1808 3567 1865 dixi-

1915 1910 2070 1963 mus,
2101 1895 2389 1968 quidquid
2440 1896 2740 1969 scripserit
2784 1897 3107 1969 Eunapius,
3154 1896 3255 1969 qui
3304 1898 3462 1953 hunc
3502 1904 3570 1954 ut

1914 1983 2192 2054 gentilem
2225 1985 2338 2039 sibi
2361 1985 2634 2041 vindicat.
2659 1985 3006 2042 Proeeresius
3035 1987 3191 2042 enim
3224 1986 3571 2043 Christianae

1915 2072 2181 2144 religioni
2223 2073 2306 2129 sic
2353 2074 2623 2130 addictus
2656 2076 2788 2145 fuit,
2826 2079 2891 2130 ut
2934 2093 3069 2131 cum
3097 2075 3391 2142 Julianus,
3442 2076 3569 2149 lege

1916 2161 2052 2215 data
2110 2179 2183 2216 ne
2233 2161 2548 2218 Christiani
2621 2162 2954 2219 liberalium
3023 2165 3240 2220 artium
3298 2166 3565 2220 doctores

1915 2254 2131 2319 essent,
2152 2250 2266 2322 ipsi
2289 2250 2651 2308 Christianos
2682 2253 2888 2309 docere
2916 2252 3568 2324 permisisset,scholam

1915 2342 2124 2410 sponte
2163 2339 2485 2396 deseruerit
2516 2355 2529 2395 :
2573 2341 2728 2412 quod
2761 2356 2830 2396 ex
2860 2341 3210 2413 Hieronymo
3258 2341 3567 2398 discimus.

1914 2428 2063 2494 Quin
2094 2428 2220 2501 ipse
2253 2430 2551 2501 Eunapius
2578 2431 2800 2498 scribit,
2854 2431 3233 2487 Proazresium
3279 2432 3570 2488 sententia

1911 2518 2130 2573 Juliani
2154 2536 2187 2573 a
2204 2518 2451 2575 lectione
2474 2524 2765 2575 remotum
2790 2520 2991 2577 fuisse.
3008 2527 3096 2575 An
3114 2538 3249 2577 vero
3268 2519 3562 2592 Julianus,

1912 2607 2279 2662 ethnicorum
2303 2608 2789 2681 philosophorum
2812 2609 3307 2680 studiosissimus,
3330 2614 3563 2665 senten-

1912 2697 1993 2751 tia
2047 2713 2156 2751 sua
2212 2714 2245 2752 a
2300 2697 2547 2753 lectione
2602 2700 2943 2754 removisset
2991 2698 3387 2770 Proaaresium,
3448 2698 3562 2755 nisi

1911 2785 2303 2842 Christianam
2334 2786 2676 2858 religionem
2710 2786 2915 2842 fuisset
2944 2788 3242 2859 professus
3262 2787 3290 2843 ‘I

2139 2875 2356 2930 XLVII.
2390 2878 2465 2931 De
2489 2877 2710 2932 Juliano
2738 2876 2983 2947 Gregorii
3011 2879 3330 2947 augurium.

1981 2963 2458 3019 HabuitAthenis
2472 2965 2998 3037 Gregorium,inter
3017 2966 3347 3021 studiorum
3367 2965 3560 3023 socios

1907 3052 2207 3108 Julianum
2242 3056 2690 3124 exrequatorem,
2725 3070 2899 3125 quem
2931 3055 2989 3109 in
3040 3054 3299 3111 oratione
3330 3055 3563 3112 decima

1908 3157 2062 3196 nona
2094 3143 2174 3210 (n.
2210 3142 2276 3195 12
2305 3146 2362 3195 et
2406 3142 2493 3214 16)
2524 3140 2877 3214 alloquitur;
2911 3141 3156 3198 alterum
3191 3143 3329 3198 item
3378 3143 3560 3200 Julia-

1907 3245 2048 3285 num
2074 3229 2243 3301 longe
2274 3229 2663 3285 famosiorem.
2692 3231 2741 3287 Is
2775 3235 2897 3286 erat
2924 3230 3218 3301 Julianus,
3237 3231 3560 3289 Constantii

1903 3319 2151 3391 Augusti
2184 3336 2506 3389 successor,
2542 3336 2649 3375 sua
2681 3337 2712 3374 a
2763 3320 3039 3392 religione
3088 3321 3413 3377 Christiana
3458 3322 3561 3377 de-

1905 3408 2150 3464 fectione
2208 3408 2589 3479 notissimus,
2667 3410 3058 3481 omnibusque
3118 3422 3269 3466 retro
3327 3410 3558 3467 saeculis

1906 3497 2316 3552 exsecrandus.
2348 3501 2491 3551 Cum
2538 3497 2796 3553 Athenas
2847 3498 3103 3554 venisset
3149 3498 3303 3554 circa
3333 3516 3555 3555 annum

1904 3587 2011 3640 355
2043 3585 2325 3655 medium,
2360 3586 2460 3640 ubi
2494 3586 2750 3657 primum
2799 3604 2933 3643 cum
2983 3604 3049 3644 eo
3089 3604 3440 3660 congressus
3469 3593 3559 3644 est

1905 3674 2242 3747 Gregorius,
2275 3675 2573 3730 hominem
2608 3675 2765 3731 novit
2792 3693 2805 3745 ;
2836 3682 2894 3731 et
2922 3676 3207 3747 quidquid
3243 3683 3445 3749 postea
3474 3677 3559 3732 in-

1906 3763 2040 3819 felix
2068 3764 2467 3835 comprobavit
2492 3770 2732 3819 eventus
2758 3766 3051 3837 perspexit
3081 3770 3137 3821 et
3166 3765 3557 3836 praenuntiare

1904 3870 2018 3908 non
2070 3852 2357 3908 dubitavit
2386 3852 2477 3908 his
2524 3853 2714 3909 verbis
2745 3854 2820 3925 (ὁ)
2871 3880 2898 3905 u
2949 3854 3127 3920 Quale
3156 3857 3552 3909 Romanorum

1903 3941 2060 4013 regio
2090 3940 2310 3996 malum
2344 3940 2484 3997 alit!
2535 3963 2562 3992 »
2599 3941 2727 3996 Οἷον
2761 3940 2923 3994 κακὸν
2956 3941 2991 4010 ἡ
3025 3938 3309 4013 Ῥωμαίων
3366 3938 3550 4018 τρέφει

1902 4026 2088 4090 πόλις.

2106 4119 2341 4174 XLVIII.
2376 4119 2634 4173 Raditum
2664 4121 2721 4174 in
2752 4121 2993 4191 patriam
3026 4119 3340 4175 meditatur.

1972 4215 2095 4263 Non
2121 4208 2217 4263 diu
2255 4212 2387 4279 post
2412 4207 2631 4263 Juliani
2663 4209 3000 4280 adventum,
3025 4209 3337 4281 Gregorius
3366 4212 3424 4265 et
3450 4208 3559 4265 Baai

1900 4298 2092 4369 silius,
2126 4297 2296 4369 plena
2327 4298 2598 4352 doctrinae
2630 4298 2922 4354 mercibus
2978 4315 3141 4369 nave,
3192 4299 3447 4355 reditum
3490 4299 3551 4355 in

1898 4387 2168 4459 patriam,
2227 4391 2294 4440 ut
2347 4385 2559 4440 initum
2594 4386 2901 4442 sanctioris
2933 4386 3188 4443 instituti
3235 4387 3548 4444 consilium

1898 4475 2591 4551 perﬁciant,meditantur
2620 4476 2751 4547 (c).«
2784 4477 2996 4531 Aderat
3018 4477 3315 4533 discessus
3342 4478 3553 4542 dies,et

1899 4564 2184 4640 quidquid
2244 4565 2316 4618 ad
2349 4563 2675 4619 discessum
2725 4565 3070 4636 pertinebat,
3116 4571 3385 4621 extremae
3417 4565 3553 4620 allo-

1894 4656 2181 4719 cutiones,
2206 4651 2662 4724 prosecutiones,
2686 4652 3550 4726 revocationes,gemitus,com-

1894 4745 2121 4816 plexos,
2167 4741 2456 4813 lacrymas.
2508 4760 2535 4793 ι
2589 4742 2739 4796 Tum
2814 4758 2913 4797 eos
2986 4742 3328 4797 circumstat
3377 4742 3549 4797 soda-

1895 4834 2040 4888 lium
2072 4831 2170 4903 (d),
2225 4830 2562 4901 aequalium,
2611 4848 2677 4885 ac
2728 4831 3143 4903 magistrorum
3189 4829 3366 4886 etiam
3400 4848 3548 4886 non-

1895 4920 2190 4976 nullorum
2222 4919 2454 4972 chorus:
2487 4922 2700 4989 negant
2722 4934 2782 4973 se
2800 4918 2884 4973 eis
2908 4916 3159 4973 abeundi
3192 4921 3544 4989 potestatem

1894 5010 2189 5075 facturos;
2222 5007 2551 5070 obsecrant,
2585 5006 2697 5061 vim
2731 5007 2973 5073 faciunt,
3001 5006 3328 5078 hortantur,
3363 5024 3540 5079 spon-

1895 5100 2035 5155 dent
2056 5114 2117 5153 se
2138 5094 2379 5152 calculis
2394 5094 2518 5151 suis
2532 5095 2773 5151 daturos
2793 5095 3134 5169 eloquentiae
3152 5095 3547 5169 principatum

1896 5187 2172 5261 Gregorio
2207 5202 2219 5241 :
2257 5183 2401 5240 nihil
2436 5201 2550 5239 non
2581 5184 2844 5241 efficiunt
2887 5189 2949 5241 ut
2987 5185 3241 5241 reditum
3273 5184 3551 5242 interclu-

1896 5281 2058 5337 dant.
2106 5274 2315 5331 Omnia
2361 5274 2687 5346 perrumpit
2729 5273 3020 5343 Basilius;
3064 5275 3164 5332 sed
3214 5274 3550 5348 Gregorius,

1895 5366 2109 5444 partim
2162 5364 2485 5421 amicorum
2536 5364 2808 5436 precibus
2857 5364 3179 5438 emollitus,
3222 5363 3437 5438 partim
3476 5363 3550 5421 ab

1895 5458 2025 5535 ipso
2054 5453 2268 5513 Basilio
2296 5453 2585 5527 proditus,
2621 5454 2706 5511 sic
2736 5454 2891 5513 enim
2923 5455 3048 5529 ipse
3079 5452 3362 5511 Basilium
3392 5453 3555 5511 incu-

1990 5599 2039 5666 ο)
2069 5598 2164 5655 Or.
2197 5596 2286 5666 43,
2311 5613 2372 5665 n,
2404 5596 2502 5653 24.

1990 5617 2018 5658 c
2069 5599 2164 5655 Or.
2197 5599 2286 5666 43,
2311 5613 2372 5665 n,
2404 5599 2502 5653 24.

1967 5599 2046 5751 ἱᾶέ
2073 5672 2265 5731 Carm.
2299 5672 2380 5728 De
2407 5670 2516 5729 vita
2547 5686 2671 5746 sua,
2703 5688 2759 5731 v.
2790 5671 2897 5731 248
2927 5674 2985 5732 et
3012 5687 3139 5746 seq.

3214 5800 3252 5873 θ
