4152 6208
522 380 631 437 171

1862 376 2042 437 VITA
2095 377 2157 434 δ.
2207 370 2603 435 GHEGURH.

3806 382 3931 440 1‘12

518 515 629 579 sat,
659 510 847 565 victus
880 514 992 576 est,
1014 514 1071 566 et
1101 510 1320 565 invitus
1349 510 1597 567 Athenis
1629 509 1927 566 remansit.
1951 510 2161 564 Verum
2197 511 2253 574 Α
2282 511 2514 562 cturum
2547 524 2640 562 me
2688 523 3018 579 receperam
3053 514 3116 564 ut
3144 513 3335 565 tecum
3370 509 3501 565 vitae
3550 514 3929 569 consuetudi-

518 615 649 655 cum
675 598 776 655 diu
798 600 869 654 ab
893 600 1100 654 anima:
1128 617 1245 655 suae
1268 600 1511 655 dimidio
1532 600 1785 671 separari
1805 615 1954 671 aegre
1972 598 2165 664 ferret,

518 693 575 745 et
605 692 884 759 praeterea
914 689 1117 759 patriae
1164 694 1591 760 parentumque
1623 688 1909 744 desiderio
1940 692 2169 742 tenere-

515 782 632 842 tur,
657 776 831 848 paulo
863 781 995 848 post
1027 777 1228 832 furtim
1253 795 1315 833 se
1336 778 1617 833 subduxit
1646 782 1703 832 et
1722 778 1792 833 ad
1826 794 1964 833 suos
1986 793 2169 832 rever-

515 882 617 920 sus
652 870 757 920 est.
794 888 820 917 ‹‹
853 866 967 920 Nec
1010 870 1206 921 tamen
1241 866 1298 921 in
1344 865 1606 936 longum,
1641 866 1832 936 inquit
1879 867 1977 937 (a),
2021 864 2166 919 mihi

515 954 797 1027 producta
844 959 932 1010 est
980 955 1099 1011 haec
1145 955 1544 1012 calamitas...
1579 956 1687 1011 Sed
1722 973 1836 1011 non
1870 956 1948 1009 ita
1980 954 2165 1009 multo

512 1048 773 1115 tempore
820 1043 1067 1100 Athenis
1118 1049 1318 1116 postea
1367 1050 1786 1113 commoratus,
1837 1044 1994 1099 velut
2048 1060 2164 1115 prie

514 1132 695 1188 animi
727 1133 1016 1188 desiderio
1048 1151 1266 1205 equum
1298 1133 1464 1189 illum
1522 1134 1894 1189 Homericum
1943 1134 2160 1202 imitor,

512 1220 933 1292 perfractisque
961 1239 1185 1291 eorum,
1219 1240 1253 1278 a
1282 1223 1499 1293 quibus
1549 1222 1860 1288 retinebar,
1890 1221 2161 1289 vinculis,

511 1325 751 1381 campos
782 1309 1032 1381 pedibus
1076 1311 1266 1381 pulso.
1303 1318 1477 1383 atque
1527 1312 1601 1367 ad
1650 1311 1913 1367 sodalem
1961 1326 2161 1366 meum

511 1397 734 1471 impetu
781 1400 954 1457 feror.
998 1420 1024 1450 ιο
1081 1400 1142 1456 Id
1182 1401 1425 1474 contigit
1472 1418 1624 1457 anno
1658 1402 1805 1471 L356,
1836 1408 1934 1457 aut
1964 1400 2161 1457 forsan

512 1487 750 1543 ineunte
774 1489 898 1543 357.

509 1574 704 1631 XLIV.
731 1576 810 1631 Ad
837 1586 1092 1647 parente:
1121 1595 1245 1634 cum
1285 1580 1460 1651 fratre
1509 1580 1748 1636 Caesarie
1794 1580 1963 1636 simul
1992 1578 2157 1635 redit.

582 1664 893 1738 Digressus
942 1667 1185 1723 Athenis
1233 1668 1544 1740 Gregorius
1595 1668 2159 1740 Constantinopolim

510 1757 665 1809 terra
695 1756 899 1826 petiit;
934 1773 1112 1827 quam
1143 1756 1200 1810 iu
1237 1757 1439 1812 urbem
1473 1757 1759 1813 Caesarius
1807 1759 1933 1827 ejus
1986 1759 2162 1813 frater

508 1842 858 1898 Alexandria
888 1846 1203 1917 profectus,
1226 1846 1429 1901 eodem
1455 1850 1713 1918 tempore
1744 1846 2156 1918 appulit.Quod

512 1932 749 2002 quidem
779 1933 1091 2005 Gregorius
1124 1951 1240 1989 non
1270 1939 1489 1990 temere
1522 1952 1588 1990 ac
1615 1936 1872 2002 fortuito,
1907 1937 2007 1990 sed
2048 1935 2164 1990 sin-

510 2019 703 2091 gulari
734 2020 839 2077 Dei
870 2022 1576 2094 providentia,parentum
1608 2026 1756 2080 votis
1779 2026 2163 2089 t'avente,con-

510 2108 714 2179 tigisse
745 2110 1018 2165 observat
1050 2110 1150 2183 (ὁ).
1177 2134 1205 2161 ‹‹
1239 2112 1343 2165 Pia
1374 2129 1628 2183 namque
1658 2118 1864 2182 mater,
1897 2118 2159 2168 materno

511 2198 769 2268 quodam
802 2202 954 2267 voto,
987 2203 1163 2271 atque
1196 2200 1415 2256 amoris
1464 2217 1601 2273 ergo
1645 2200 1797 2256 ﬁlios
1829 2201 2017 2273 pleno,
2051 2200 2160 2257 hoc

508 2286 769 2357 optabat,
822 2288 1318 2360 quemadmodum
1370 2290 1575 2346 ambos
1636 2291 1833 2345 eodem
1900 2293 2158 2363 tempore

507 2375 801 2449 emiserat,
834 2376 918 2433 sic
950 2377 1154 2434 ambos
1202 2395 1435 2450 quoque
1466 2379 1643 2435 simul
1690 2380 1999 2435 redeuntes
2029 2395 2157 2434 cer-

507 2469 691 2520 neret.
718 2488 745 2515 n
780 2465 981 2538 Itaque
1012 2467 1321 2534 Caesarius,
1346 2468 1558 2540 spretis
1589 2467 1911 2523 honoribus
1941 2468 2156 2539 quibus

507 2553 777 2626 princeps
827 2555 1028 2610 civitas
1072 2556 1315 2628 ipseque
1362 2556 1678 2628 imperator
1723 2574 1857 2612 eum
1908 2558 2155 2613 retinere

507 2642 868 2714 nitebantur,
889 2645 1187 2716 proposito
1221 2645 1401 2700 nobili
1433 2646 1810 2701 matrimonio
1842 2646 2155 2718 oblataque

508 2731 799 2787 senatoria
829 2732 1369 2803 dignitate,itineris
1391 2735 1615 2789 socium
1648 2750 1713 2788 ac
1744 2734 2015 2791 comitem
2038 2735 2152 2789 fra-

506 2821 579 2875 tri
611 2836 673 2875 se
717 2820 1004 2891 adjunxit,
1055 2826 1230 2892 atque
1281 2822 1363 2877 ita
1411 2823 1481 2877 ad
1530 2826 1833 2893 paternam
1883 2825 2149 2894 domum,

507 2909 662 2964 unde
692 2908 870 2965 simul
902 2910 1104 2965 emissi
1136 2912 1389 2981 fuerant,
1421 2910 1597 2966 simul
1631 2911 1872 2967 rediere.

506 3034 568 3089 L.
608 3034 689 3088 LI.
727 3036 958 3102 Rogatus
986 3051 1020 3089 a
1061 3034 1386 3105 parentibus
1429 3043 1479 3089 et
1525 3036 1759 3103 civibus,
1795 3036 1995 3092 mundo
2044 3038 2153 3093 ali-

576 3108 903 3177 quantulum
933 3108 1194 3177 temporis
1227 3109 1512 3177 impendit.
1534 3108 1718 3162 Pietas
1740 3123 1870 3177 erga
1896 3115 2149 3175 parentes

572 3176 726 3231 domi
754 3179 946 3232 retinet
981 3176 1323 3248 Gregorium,
1356 3179 1541 3249 ibique
1580 3176 1938 3235 monasticam
1976 3182 2147 3237 vitam

571 3249 711 3318 agit.

573 3354 775 3409 Redux
806 3354 863 3409 in
896 3353 1144 3425 patriam
1176 3354 1581 3425 Gregorius,ut
1601 3355 1853 3411 Basilius
1875 3357 1931 3411 in
1952 3374 2142 3427 suam,

502 3444 723 3498 mundo
749 3448 805 3497 et
834 3460 1018 3497 scenas
1056 3442 1490 3515 aliquantulum
1522 3445 1803 3515 temporis
1833 3446 2141 3517 impendit,

503 3531 773 3602 quamvis
806 3532 877 3586 ab
910 3531 1231 3586 ambitione
1256 3534 1313 3587 et
1341 3531 1622 3587 theatrica
1646 3533 1863 3603 ingenii
1886 3540 2143 3590 ostenta-

500 3619 658 3674 tione
680 3634 855 3690 quam
880 3618 1131 3673 maxime
1152 3618 1489 3673 abhorreret
1514 3636 1527 3685 ;
1555 3619 1651 3673 sed
1678 3620 1900 3675 civibus
1924 3626 1981 3675 et
2004 3622 2146 3676 ami-

503 3707 588 3764 cis
614 3709 1052 3779 rogantibus,ut
1068 3724 1192 3762 com
1201 3713 1460 3779 portatas
1485 3708 1557 3762 ab
1574 3709 1787 3764 exteris
1807 3710 2143 3781 regionibus

496 3814 635 3869 epes
667 3802 979 3867 promeret,
1004 3796 1224 3869 ingenii
1254 3796 1346 3852 sui
1378 3796 1699 3868 specimina
1720 3798 2005 3869 denegare
2029 3818 2141 3855 non

490 3885 696 3953 licuit;
730 3890 807 3953 et,
843 3891 908 3940 ut
938 3885 1127 3959 ipsius
1157 3886 1350 3942 verbis
1380 3892 1513 3941 utar
1541 3888 1633 3956 (ε),
1676 3888 1868 3941 amicis
1897 3889 2138 3957 saltavit,

487 3977 605 4034 τοῖς
653 3970 835 4048 φίλοις
878 3972 1242 4050 ὠρχησάμην.
1294 3974 1667 4045 Propositum
1718 3993 1973 4047 namque
2030 3978 2141 4049 ipsi

490 4067 613 4117 erat
642 4064 712 4117 ab
759 4064 945 4132 initio,
984 4066 1256 4135 projectis
1300 4064 1596 4131 erunibus,
1631 4064 1802 4119 etiam
1855 4065 2139 4121 facundia:

488 4148 811 4219 laboribus,
836 4152 937 4206 uni
962 4151 1345 4223 philosophiae
1376 4169 1611 4223 operam
1644 4154 1801 4221 dare,
1831 4171 1929 4209 seu
1958 4155 2138 4210 vitam

491 4239 875 4293 monasticam
922 4239 1216 4311 amplecti.
1269 4240 1327 4294 Si
1381 4241 1590 4295 Ruﬁno
1651 4241 1725 4311 (ἀ)
1758 4244 2138 4315 credendum,

491 4326 791 4381 rhetorica:
868 4343 1085 4381 munus
1168 4329 1476 4399 magnifice
1532 4329 1784 4386 Basilius
1862 4333 2136 4400 exercuit,

489 4412 801 4485 Gregorius
846 4432 975 4469 vero
1008 4415 1476 4486 magnificentius
1518 4418 1889 4489 contempsit.
1925 4420 2138 4476 Basilio

488 4502 687 4573 etiam,
744 4520 879 4558 cum
925 4502 1167 4558 Athenis
1213 4509 1606 4571 versarentur,
1652 4508 2023 4580 promiserat,
2074 4526 2137 4565 se

486 4608 620 4647 cum
644 4609 710 4648 eo
732 4593 788 4647 in
814 4592 1077 4648 eamdem
1107 4592 1483 4647 solitudinem
1517 4597 2132 4653 recessurum.Verum
2164 4615 2211 4678 D

482 4680 542 4737 in
575 4682 727 4737 cedes
762 4685 1032 4754 paternas
1080 4698 1375 4736 reversum
1408 4687 1547 4737 aetas
1590 4682 1792 4739 senilis
1823 4691 2131 4755 parentum

483 4771 639 4826 domi
675 4788 906 4827 manere
953 4769 1256 4841 compulit,
1292 4775 1355 4824 ut
1384 4787 1585 4825 eorum
1633 4787 1833 4826 curam
1870 4773 2129 4847 haberet,

482 4861 799 4931 datamque
829 4860 1015 4915 amico
1057 4859 1228 4913 fidem
1281 4858 1485 4913 debita:
1536 4860 1879 4931 parentibus
1929 4862 2130 4933 pietati

481 4949 830 5021 posthabere
859 4949 1065 5021 coegit.
1105 4971 1131 4998 «
1167 4948 1476 5003 Promissis
1509 4966 1622 5003 non
1673 4949 1829 5018 steti,
1866 4950 2062 5019 lateor,
2096 4974 2125 5004 η

481 5038 676 5109 inquit
701 5038 951 5110 querelis
976 5037 1170 5091 Basilii
1199 5039 1556 5108 respondens
1578 5040 1647 5108 (θ)
1674 5054 1687 5092 :
1719 5060 1739 5088 ι
1773 5039 2127 5111 quippejam

479 5126 618 5182 inde
635 5128 707 5182 ab
723 5127 964 5183 Athenis
986 5128 1264 5198 illiusque
1307 5126 1417 5181 loci
1442 5127 1703 5181 amicitia
1719 5133 1775 5183 et
1796 5130 2126 5186 animorum

480 5216 839 5274 connexione
870 5220 997 5287 (nec
1048 5216 1203 5272 enim
1234 5214 1429 5287 aptius
1460 5217 1700 5271 verbum
1733 5220 2007 5291 occurrit)
2040 5220 2123 5275 fa-

569 5412 625 5553 lg;
657 5412 1084 5541 8r.§73,nn.824.

706 5503 752 5540 r.
823 5530 839 5553 ,
918 5528 930 5540 .
1007 5527 1021 5541 .

574 5485 625 5553 b)
657 5485 752 5557 Or.
785 5486 839 5557 7,
874 5502 930 5541 ιι.
967 5488 1021 5541 8.

569 5557 619 5684 θ
650 5556 842 5640 Garm.
874 5557 950 5639 pe
972 5559 1090 5613 vita
1116 5571 1238 5628 sua,
1267 5573 1323 5617 ν.
1354 5557 1481 5618 274.

614 5631 627 5684 l
656 5629 818 5684 Ηιδι..
849 5628 950 5683 lib.
984 5645 1046 5684 ιι.
1078 5646 1127 5684 e.
1159 5628 1216 5684 9.

612 5631 627 5700 )
656 5629 818 5698 Hist.,
849 5628 950 5683 lib.
984 5645 1046 5699 ιι,
1078 5646 1127 5687 c.
1159 5628 1216 5687 9.

545 5704 617 5785 te)
647 5701 834 5779 Epist.
862 5700 934 5759 al.
962 5701 1018 5762 5.

2278 613 2413 651 nem
2446 596 2742 662 haberem,
2779 597 3074 668 simulque
3105 598 3568 670 philosopharer.
3597 599 3799 657 Fidem
3829 620 3932 659 au-

2278 690 2396 740 tem
2429 685 2622 752 fefelli,
2657 686 2811 741 haud
2845 690 3053 757 sponte
3098 704 3163 741 ac
3193 687 3441 742 libenter
3476 706 3487 743 :
3523 705 3723 744 verum
3770 694 3927 762 quod

2276 773 2367 830 lex
2399 775 2583 845 legem
2615 777 2929 846 superarit,
2953 792 3021 830 ea
3042 775 3343 843 nimirum,
3374 794 3500 847 qua:
3534 783 3802 848 parentes
3828 797 3925 837 co-

2275 862 2392 917 lere
2413 863 2603 932 jubet,
2624 863 2808 935 legem
2842 864 3167 919 sodalitatis
3199 881 3263 919 ac
3295 865 3729 922 familiaritatis.
3770 892 3789 917 ι
3832 871 3924 925 ln-

2273 955 2431 1006 terea
2456 957 2652 1007 tamen
2694 952 3030 1024 Gregorius,
3063 959 3348 1023 quantum
3387 954 3497 1024 ipsi
3547 954 3729 1023 licuit,
3763 960 3920 1029 quod

2274 1040 2389 1095 Deo
2420 1043 2787 1111 promiserat,
2821 1041 2950 1096 vitae
2984 1058 3165 1111 genus
3219 1046 3308 1097 est
3359 1049 3635 1111 secutus;
3670 1062 3922 1117 cumque

2274 1128 2387 1199 ipsi
2422 1130 2479 1183 in
2508 1129 2887 1185 solitudinem
2911 1146 3039 1185 sese
3072 1130 3385 1202 reeipiendi
3418 1131 3663 1188 facultas
3685 1152 3801 1190 non
3824 1136 3926 1192 da-

2272 1222 2453 1286 retur,
2488 1219 2560 1274 ab
2592 1218 2764 1274 amici
2812 1218 3103 1275 consortio
3151 1220 3481 1276 abstractus
3538 1222 3621 1277 sic
3652 1224 3826 1279 vitam
3857 1225 3921 1280 in

2274 1307 2535 1378 paternis
2569 1308 2792 1363 aedibus
2818 1308 3092 1377 instituit,
3118 1313 3179 1364 ut
3212 1310 3402 1365 media
3433 1311 3689 1381 quadam
3719 1314 3924 1369 viain-

2272 1396 2507 1465 cedens,
2542 1413 2675 1452 cum
2708 1397 2922 1452 actioni
2971 1402 3096 1452 tum
3150 1398 3626 1469 contemplationi
3663 1406 3918 1459 vacaret.

2272 1485 2495 1557 Quippe
2527 1486 2723 1541 media
2751 1485 2875 1541 haec
2924 1486 3035 1555 via,
3073 1486 3303 1543 tametsi
3350 1486 3497 1543 illud
3550 1490 3678 1545 vitae
3730 1507 3919 1563 genus

2271 1589 2386 1629 non
2418 1578 2587 1636 esset,
2621 1576 2772 1645 quod
2809 1592 2870 1631 se
2901 1576 2956 1631 in
2992 1575 3308 1631 solitudine
3339 1594 3469 1632 cum
3505 1579 3716 1634 Basilio
3751 1586 3918 1636 actu-

2271 1680 2399 1718 rum
2433 1664 2802 1734 promiserat,
2828 1665 3071 1719 minime
3100 1670 3293 1721 tamen
3328 1684 3359 1720 a
3391 1670 3702 1738 propositae
3736 1670 3917 1742 philo-

2269 1752 2484 1823 sophiae
2516 1769 2691 1825 scopo
2725 1752 2912 1808 aliena
2941 1759 3084 1808 erat.
3122 1759 3243 1810 Imo
3272 1756 3389 1810 vita
3432 1756 3563 1827 ipsa
3592 1760 3917 1816 monastica

2214 1846 2411 1947 Berat.
2445 1842 2495 1896 si
2529 1842 2725 1896 minus
2757 1859 2995 1913 corpore
3018 1844 3077 1897 in
3101 1844 3329 1899 deserto
3347 1851 3402 1899 et
3419 1845 3735 1901 solitudine
3766 1856 3917 1915 acta,

2270 1930 2476 1985 saltem
2508 1936 2701 1986 mente
2730 1936 2787 1985 et
2822 1933 3104 1986 moribus.
3142 1955 3164 1981 ι
3200 1933 3425 1987 Merum
3465 1934 3621 1989 enim
3672 1946 3761 1991 est
3798 1938 3920 1993 vita

2270 2019 2614 2081 monastiea,
2656 2036 2770 2074 non
2805 2036 3137 2091 corporum,
3175 2042 3195 2069 υ
3230 2027 3293 2076 ut
3325 2022 3447 2093 ipse
3479 2024 3792 2094 Gregorius
3826 2028 3918 2081 his

2267 2106 2458 2162 verbis
2490 2112 2739 2163 testatur
2768 2108 2857 2180 (f),
2899 2108 2997 2164 ubi
3025 2109 3177 2164 viam
3212 2109 3374 2165 illam
3417 2112 3664 2168 mediam
3696 2115 3918 2170 descri-

2268 2195 2355 2249 bit
2384 2213 2397 2251 :
2430 2194 2653 2266 Τρόπων
2687 2195 2790 2270 γὰρ
2825 2196 2954 2250 εἶναι
2985 2197 3082 2264 τὴν
3120 2219 3158 2270 μ
3188 2199 3335 2267 ονὴν,
3388 2198 3449 2252 οὗ
3483 2200 3763 2271 σωμάτων.
3817 2204 3917 2259 Sic

2267 2283 2441 2338 etiam
2475 2284 2850 2353 Sozomenus,
2884 2282 3335 2361 φιλοσοφοῦντας,
3372 2289 3685 2344 monachos
3718 2291 3917 2362 appel-

2266 2371 2348 2427 lat
2370 2389 2481 2428 non
2506 2378 2733 2428 tantum
2754 2391 2851 2429 eos
2870 2396 2899 2424 ‹‹
2920 2375 3019 2446 qui
3052 2377 3109 2429 in
3143 2375 3458 2432 solitudine
3480 2377 3849 2450 delituerunt,
3877 2402 3908 2430 ››

2261 2477 2463 2515 verum
2495 2462 2670 2516 etiam
2700 2468 2824 2529 taos,
2859 2486 2887 2513 ‹‹
2922 2463 3042 2535 qui,
3075 2464 3209 2519 licet
3258 2465 3316 2519 in
3371 2466 3563 2520 media
3606 2467 3905 2524 civitatum

2261 2551 2451 2617 turba,
2484 2550 2731 2606 vixerint
2759 2551 2902 2607 viles
2935 2557 2992 2607 et
3020 2554 3254 2622 ahjecti,
3290 2571 3392 2609 nec
3424 2572 3456 2608 a
3482 2556 3658 2628 vulgo
3703 2556 3906 2613 ullate-

2262 2655 2374 2694 nus
2416 2638 2815 2711 discrepantes
2845 2642 2942 2712 (g).
2966 2642 3185 2697 Verum
3218 2642 3395 2713 igitur
3420 2645 3693 2699 monachi
3725 2645 3907 2702 vitam

2259 2726 2318 2781 in
2351 2729 2523 2784 domo
2555 2734 2815 2799 paterna,
2850 2733 3111 2785 nondum
3161 2731 3219 2784 in
3272 2747 3485 2797 eremo,
3527 2734 3735 2804 agebat
3765 2735 3909 2790 Gre-

2259 2816 2496 2887 gorius;
2530 2834 2777 2888 vereque
2828 2820 3170 2886 monachus,
3208 2837 3321 2875 non
3366 2837 3624 2893 corpore,
3658 2825 3757 2878 sed
3790 2826 3914 2881 vita

2262 2911 2318 2961 et
2348 2906 2611 2962 moribus
2643 2908 2771 2962 fuit.

2266 3066 2386 3120 LII.
2426 3068 2600 3121 Vitam
2631 3070 2986 3123 monasticam
3006 3085 3061 3123 se
3087 3069 3673 3140 ampleacurizm,etiam
3702 3084 3823 3130 voto
3852 3092 3915 3132 se

2891 3143 3262 3197 astrinxerat.

2177 3244 2220 3310 C
2334 3262 2474 3327 Quis
2504 3262 2796 3318 enimvero
2828 3263 3020 3335 plura,
3054 3282 3230 3336 quam
3264 3283 3392 3338 quas
3426 3268 3729 3338 prmestitit
3760 3270 3906 3326 Gre-

2255 3350 2478 3420 gorius,
2514 3352 2769 3423 requirat
2799 3356 2863 3405 ut
2893 3353 3027 3423 quis
3069 3354 3246 3408 vitam
3280 3357 3663 3411 monasticam
3706 3360 3905 3428 egisse

2252 3439 2540 3501 credatur,
2573 3445 2631 3494 et
2664 3440 2986 3495 monachus
3018 3441 3444 3500 existimandus
3476 3446 3572 3513 sit,
3609 3463 3674 3500 eo
3707 3450 3904 3502 maxi-

2253 3544 2345 3582 me
2376 3534 2634 3598 tempore
2666 3544 2781 3599 quo
2813 3530 3072 3584 nondum
3097 3536 3221 3585 erat
3269 3532 3325 3585 in
3352 3550 3459 3588 usu
3494 3535 3773 3590 solemnis
3799 3555 3901 3593 vo-

2251 3620 2444 3671 torum
2478 3617 2593 3672 Deo
2626 3619 2985 3688 nuncupatio
3007 3619 3034 3672 ?
3066 3620 3184 3674 Sua
3213 3637 3347 3676 eum
3384 3628 3567 3677 mater
3598 3624 3711 3679 Deo
3741 3626 3901 3681 dica-

2250 3706 2352 3773 vit,
2377 3723 2410 3760 a
2440 3722 2555 3775 quo
2588 3711 2924 3777 acceperat;
2960 3724 3322 3781 quiscunque
3347 3717 3533 3766 mater
3564 3713 3749 3768 fuerat
3776 3716 3902 3786 pol-

2250 3794 2428 3859 licita,
2464 3794 2776 3866 Gregorius
2828 3805 2953 3850 rata
2999 3796 3220 3853 habuit.
3278 3801 3405 3870 [pse
3454 3819 3565 3855 non
3617 3804 3795 3858 semel
3837 3822 3902 3861 se

2248 3882 2364 3937 Deo
2396 3882 2607 3937 obtulit
2638 3889 2694 3937 et
2723 3884 2978 3952 addixit;
3034 3886 3214 3941 vitam
3248 3891 3626 3945 monasticam
3670 3894 3900 3963 ample-

2246 3988 2458 4026 xurum
2490 3972 2666 4027 etiam
2698 3978 2827 4027 voto
2857 3990 2919 4028 se
2942 3975 3231 4045 astrinxit,
3253 3993 3384 4031 cum
3420 3983 3761 4049 tempestate
3776 3983 3904 4050 jac-

2248 4065 2406 4115 tatus
2439 4062 2495 4113 in
2531 4059 2809 4131 periculo,
2858 4063 3010 4133 quod
3046 4064 3315 4133 precibus
3344 4072 3399 4120 et
3427 4075 3557 4122 voto
3592 4069 3899 4139 [impulsa-

2246 4149 2345 4214 vit,
2380 4153 2727 4204 versaretur.
2764 4150 3054 4206 Promissa
3087 4152 3331 4207 ﬁdeliter
3362 4156 3593 4225 perfecit
3628 4157 3727 4227 (ἡ).
3761 4158 3900 4214 0m-

2248 4238 2363 4303 nia,
2388 4238 2565 4292 etiam
2601 4239 2884 4293 facundiae
2916 4240 3165 4307 labores,
3192 4245 3540 4313 contempsit
3576 4262 3690 4300 non
3724 4263 3897 4303 secus

2247 4343 2312 4381 ac
2343 4326 2428 4381 illi
2456 4328 2570 4382 duo
2601 4327 2956 4399 philosophi,
2981 4346 3232 4400 quorum
3256 4330 3403 4386 alter
3424 4335 3636 4403 praedia
3663 4352 3770 4389 sua
3798 4339 3900 4392 de-

2246 4414 2504 4487 reliquit,
2530 4415 2676 4471 alter
2706 4418 3015 4473 collectum
3038 4436 3107 4473 ex
3128 4421 3377 4476 venditis
3404 4424 3558 4492 agris
3583 4432 3894 4493 argentum

2247 4504 2306 4559 in
2338 4522 2496 4560 mare
2543 4506 2784 4576 projecit
2831 4507 2918 4577 (ί).
2972 4507 3219 4564 Missum
3267 4510 3374 4564 fuit
3424 4511 3894 4585 matrimonium,

2245 4593 2573 4648 castitatem
2606 4595 2780 4661 vovit,
2816 4611 2993 4665 quam
3024 4597 3295 4668 amplecti
3332 4600 3509 4654 fixum
3542 4602 3651 4672 ipsi
3686 4603 3892 4660 immo-

2242 4686 2484 4753 tumque
2515 4700 2747 4754 semper
2775 4684 2883 4738 fuit
2916 4703 2927 4739 :
2965 4683 3138 4738 Πάλαι
3176 4682 3501 4760 δεδογμένον
3538 4690 3586 4742 τ’
3616 4690 3682 4757 ἦν
3705 4711 3728 4756 ,·
3760 4709 3889 4748 om-

2242 4769 2416 4824 nibus
2447 4793 2473 4818 ‹‹
2509 4770 2720 4824 Caetera
2752 4772 3008 4842 quidem,
3042 4773 3234 4845 inquit
3259 4776 3344 4847 (j),
3374 4778 3646 4833 mandato
3680 4786 3735 4834 et
3758 4780 3889 4852 Spi-

2239 4858 2374 4913 ritui
2407 4858 2651 4930 reliqui;
2686 4877 2751 4915 ac
2785 4862 3096 4931 pretiosam
3126 4867 3498 4935 margaritam
3532 4884 3667 4922 cum
3698 4870 3891 4925 omni-

2238 4947 2349 5001 bus
2382 4947 2473 5018 iis,
2503 4965 2628 5019 qua:
2658 4950 2951 5019 quondam
2994 4951 3303 5017 habebam,
3339 4957 3689 5011 commutavi
3717 4976 3729 5024 ;
3763 4959 3888 5015 fac-

2237 5041 2449 5107 tusque
2480 5054 2635 5103 sum,
2678 5046 2801 5105 aut,
2835 5047 2897 5093 ut
2928 5041 3140 5095 rectius
3174 5041 3399 5113 loquar,
3433 5045 3557 5100 ﬁeri
3589 5051 3724 5117 opto
3756 5064 3886 5105 ma-

2235 5140 2383 5195 gnus
2411 5123 2509 5180 ille
2541 5127 2883 5198 negotiator,
2934 5129 3031 5199 qui
3064 5130 3289 5200 exiguis
3337 5132 3512 5188 rebus
3550 5138 3724 5207 atque
3755 5152 3887 5194 om-

2235 5212 2373 5269 nino
2404 5214 2682 5286 perituris
2708 5232 2923 5288 magna
2952 5224 3007 5272 et
3038 5228 3252 5276 aeterna
3284 5221 3447 5307 emit,
3481 5244 3508 5276 »

2323 5414 2372 5483 f)
2401 5412 2591 5468 Carm.
2619 5413 2693 5469 De
2720 5414 2836 5469 vita
2862 5430 2983 5480 sua,
3013 5431 3070 5484 v,
3103 5416 3228 5473 329.

2322 5484 2376 5560 g)
2409 5484 2729 5560 §ozom.,_l.
2765 5502 2850 5552 ιιι,
2883 5504 2932 5543 c.
2968 5486 3056 5555 17,
3087 5505 3144 5560 p.
3176 5489 3303 5546 528.

2326 5554 2599 5635 tt)'Carm.
2632 5556 2711 5635 De
2726 5559 2847 5635 uita
2874 5576 2999 5635 sua,
3028 5554 3242 5620 v.'272.

2325 5627 2364 5697 ἱ)
2396 5626 2565 5697 ima,
2598 5645 2651 5682 ν.
2682 5629 2807 5687 283.

2320 5696 2369 5777 Ῑ)
2398 5696 2494 5758 Or.
2526 5699 2581 5775 6,
2615 5716 2673 5760 ιι.
2703 5700 2759 5763 5.
