  <div class='ocr_page' id='page_1' title='image "/cluster/home/n/w/nwhite01/storage/ocr_20150623/35/hvd.32044054100326/092.png"; bbox 0 0 4152 6208; ppageno 0'>
   <div class='ocr_carea' id='block_1_1' title="bbox 305 376 427 435">
    <p class='ocr_par' dir='ltr' id='par_1_1' title="bbox 305 376 427 435">
     <span class='ocr_line' id='line_1_1' title="bbox 305 376 427 435; baseline -0.008 -1"><span class='ocrx_word' id='word_1_1' title='bbox 305 376 427 435; x_wconf 78' lang='grc'>173</span> 
     </span>
    </p>
   </div>
   <div class='ocr_carea' id='block_1_2' title="bbox 359 505 1893 578">
    <p class='ocr_par' dir='ltr' id='par_1_2' title="bbox 359 505 1893 578">
     <span class='ocr_line' id='line_1_2' title="bbox 359 505 1893 578; baseline -0.001 -16"><span class='ocrx_word' id='word_1_2' title='bbox 359 507 509 563; x_wconf 87' lang='lat' dir='ltr'><strong>LIII.</strong></span> <span class='ocrx_word' id='word_1_3' title='bbox 537 508 821 578; x_wconf 82' lang='lat' dir='ltr'>Baptisma</span> <span class='ocrx_word' id='word_1_4' title='bbox 847 505 1097 576; x_wconf 75' lang='lat' dir='ltr'>suscipit.</span> <span class='ocrx_word' id='word_1_5' title='bbox 1131 507 1249 575; x_wconf 81' lang='lat' dir='ltr'>Quo</span> <span class='ocrx_word' id='word_1_6' title='bbox 1271 514 1506 577; x_wconf 81' lang='lat' dir='ltr'>tempore</span> <span class='ocrx_word' id='word_1_7' title='bbox 1527 522 1638 562; x_wconf 80' lang='lat' dir='ltr'>non</span> <span class='ocrx_word' id='word_1_8' title='bbox 1665 515 1893 563; x_wconf 78' lang='lat' dir='ltr'>constat.</span> 
     </span>
    </p>
   </div>
   <div class='ocr_carea' id='block_1_3' title="bbox 374 613 1959 685">
    <p class='ocr_par' dir='ltr' id='par_1_3' title="bbox 374 613 1959 685">
     <span class='ocr_line' id='line_1_3' title="bbox 374 613 1959 685; baseline -0.001 -17"><span class='ocrx_word' id='word_1_9' title='bbox 374 616 525 668; x_wconf 89' lang='lat' dir='ltr'>Tam</span> <span class='ocrx_word' id='word_1_10' title='bbox 558 615 878 685; x_wconf 89' lang='lat' dir='ltr'>perfectum</span> <span class='ocrx_word' id='word_1_11' title='bbox 900 613 1027 667; x_wconf 70' lang='lat' dir='ltr'>vitae</span> <span class='ocrx_word' id='word_1_12' title='bbox 1058 629 1243 685; x_wconf 92' lang='lat' dir='ltr'>genus</span> <span class='ocrx_word' id='word_1_13' title='bbox 1272 613 1431 668; x_wconf 86' lang='lat' dir='ltr'>haud</span> <span class='ocrx_word' id='word_1_14' title='bbox 1452 614 1629 669; x_wconf 90' lang='lat' dir='ltr'>dubie</span> <span class='ocrx_word' id='word_1_15' title='bbox 1648 629 1959 685; x_wconf 71' lang='lat' dir='ltr'>aggressus</span> 
     </span>
    </p>
   </div>
   <div class='ocr_carea' id='block_1_4' title="bbox 302 702 1959 774">
    <p class='ocr_par' dir='ltr' id='par_1_4' title="bbox 302 702 1959 774">
     <span class='ocr_line' id='line_1_4' title="bbox 302 702 1959 774; baseline -0.001 -16"><span class='ocrx_word' id='word_1_16' title='bbox 302 707 396 758; x_wconf 86' lang='lat' dir='ltr'>est</span> <span class='ocrx_word' id='word_1_17' title='bbox 425 702 748 774; x_wconf 80' lang='lat' dir='ltr'>Gregorius</span> <span class='ocrx_word' id='word_1_18' title='bbox 770 708 903 774; x_wconf 90' lang='lat' dir='ltr'>post</span> <span class='ocrx_word' id='word_1_19' title='bbox 931 706 1268 773; x_wconf 89' lang='lat' dir='ltr'>susceptum</span> <span class='ocrx_word' id='word_1_20' title='bbox 1293 702 1619 774; x_wconf 87' lang='lat' dir='ltr'>baptisma;</span> <span class='ocrx_word' id='word_1_21' title='bbox 1659 702 1813 773; x_wconf 87' lang='lat' dir='ltr'>quod</span> <span class='ocrx_word' id='word_1_22' title='bbox 1843 718 1959 773; x_wconf 90' lang='lat' dir='ltr'>quo</span> 
     </span>
    </p>
   </div>
   <div class='ocr_carea' id='block_1_5' title="bbox 302 790 1956 863">
    <p class='ocr_par' dir='ltr' id='par_1_5' title="bbox 302 790 1956 863">
     <span class='ocr_line' id='line_1_5' title="bbox 302 790 1956 863; baseline 0.001 -18"><span class='ocrx_word' id='word_1_23' title='bbox 302 798 578 863; x_wconf 88' lang='lat' dir='ltr'>tempore</span> <span class='ocrx_word' id='word_1_24' title='bbox 618 792 960 863; x_wconf 77' lang='lat' dir='ltr'>susceperit,</span> <span class='ocrx_word' id='word_1_25' title='bbox 994 791 1149 846; x_wconf 90' lang='lat' dir='ltr'>inter</span> <span class='ocrx_word' id='word_1_26' title='bbox 1180 790 1488 862; x_wconf 90' lang='lat' dir='ltr'>scriptores</span> <span class='ocrx_word' id='word_1_27' title='bbox 1523 808 1637 846; x_wconf 91' lang='lat' dir='ltr'>non</span> <span class='ocrx_word' id='word_1_28' title='bbox 1671 792 1956 846; x_wconf 86' lang='lat' dir='ltr'>convenit.</span> 
     </span>
    </p>
   </div>
   <div class='ocr_carea' id='block_1_6' title="bbox 302 880 1957 951">
    <p class='ocr_par' dir='ltr' id='par_1_6' title="bbox 302 880 1957 951">
     <span class='ocr_line' id='line_1_6' title="bbox 302 880 1957 951; baseline 0.001 -17"><span class='ocrx_word' id='word_1_29' title='bbox 302 881 645 935; x_wconf 85' lang='lat' dir='ltr'>Arbitratur</span> <span class='ocrx_word' id='word_1_30' title='bbox 676 880 959 935; x_wconf 85' lang='lat' dir='ltr'>Baronius</span> <span class='ocrx_word' id='word_1_31' title='bbox 988 880 1065 950; x_wconf 94' lang='lat' dir='ltr'>(a)</span> <span class='ocrx_word' id='word_1_32' title='bbox 1096 880 1151 933; x_wconf 90' lang='lat' dir='ltr'>id</span> <span class='ocrx_word' id='word_1_33' title='bbox 1176 880 1490 951; x_wconf 82' lang='lat' dir='ltr'>contigisse</span> <span class='ocrx_word' id='word_1_34' title='bbox 1520 896 1650 935; x_wconf 91' lang='lat' dir='ltr'>cum</span> <span class='ocrx_word' id='word_1_35' title='bbox 1701 880 1957 935; x_wconf 82' lang='lat' dir='ltr'>Athenas</span> 
     </span>
    </p>
   </div>
   <div class='ocr_carea' id='block_1_7' title="bbox 304 968 1955 1040">
    <p class='ocr_par' dir='ltr' id='par_1_7' title="bbox 304 968 1955 1040">
     <span class='ocr_line' id='line_1_7' title="bbox 304 968 1955 1040; baseline 0.001 -18"><span class='ocrx_word' id='word_1_36' title='bbox 304 970 442 1023; x_wconf 82' lang='lat' dir='ltr'>navi</span> <span class='ocrx_word' id='word_1_37' title='bbox 496 973 734 1035; x_wconf 79' lang='lat' dir='ltr'>peteret,</span> <span class='ocrx_word' id='word_1_38' title='bbox 783 972 1093 1040; x_wconf 81' lang='lat' dir='ltr'>postquam</span> <span class='ocrx_word' id='word_1_39' title='bbox 1127 985 1158 1023; x_wconf 90' lang='lat' dir='ltr'><em>e</em></span> <span class='ocrx_word' id='word_1_40' title='bbox 1200 968 1457 1039; x_wconf 90' lang='lat' dir='ltr'>periculo</span> <span class='ocrx_word' id='word_1_41' title='bbox 1496 968 1778 1023; x_wconf 89' lang='lat' dir='ltr'>liberatus</span> <span class='ocrx_word' id='word_1_42' title='bbox 1826 968 1955 1023; x_wconf 89' lang='lat' dir='ltr'>fuit.</span> 
     </span>
    </p>
   </div>
   <div class='ocr_carea' id='block_1_8' title="bbox 307 1056 1956 1128">
    <p class='ocr_par' dir='ltr' id='par_1_8' title="bbox 307 1056 1956 1128">
     <span class='ocr_line' id='line_1_8' title="bbox 307 1056 1956 1128; baseline 0.003 -21"><span class='ocrx_word' id='word_1_43' title='bbox 307 1081 329 1107; x_wconf 76' lang='grc' dir='ltr'>ι</span> <span class='ocrx_word' id='word_1_44' title='bbox 367 1057 535 1120; x_wconf 85' lang='lat' dir='ltr'>Quod</span> <span class='ocrx_word' id='word_1_45' title='bbox 569 1062 765 1112; x_wconf 88' lang='lat' dir='ltr'>autem</span> <span class='ocrx_word' id='word_1_46' title='bbox 803 1056 885 1111; x_wconf 90' lang='lat' dir='ltr'>ait</span> <span class='ocrx_word' id='word_1_47' title='bbox 914 1056 1271 1128; x_wconf 82' lang='lat' dir='ltr'>(Gregorius)</span> <span class='ocrx_word' id='word_1_48' title='bbox 1302 1073 1332 1111; x_wconf 94' lang='lat' dir='ltr'><em>e</em></span> <span class='ocrx_word' id='word_1_49' title='bbox 1364 1056 1619 1128; x_wconf 91' lang='lat' dir='ltr'>periculo</span> <span class='ocrx_word' id='word_1_50' title='bbox 1648 1056 1956 1112; x_wconf 87' lang='lat' dir='ltr'>liberatum</span> 
     </span>
    </p>
   </div>
   <div class='ocr_carea' id='block_1_9' title="bbox 299 1145 1956 1217">
    <p class='ocr_par' dir='ltr' id='par_1_9' title="bbox 299 1145 1956 1217">
     <span class='ocr_line' id='line_1_9' title="bbox 299 1145 1956 1217; baseline -0.001 -14"><span class='ocrx_word' id='word_1_51' title='bbox 299 1164 369 1203; x_wconf 81' lang='lat' dir='ltr'>ex</span> <span class='ocrx_word' id='word_1_52' title='bbox 402 1151 542 1201; x_wconf 78' lang='lat' dir='ltr'>voto</span> <span class='ocrx_word' id='word_1_53' title='bbox 574 1146 771 1200; x_wconf 78' lang='lat' dir='ltr'>statim</span> <span class='ocrx_word' id='word_1_54' title='bbox 806 1163 867 1202; x_wconf 89' lang='lat' dir='ltr'>se</span> <span class='ocrx_word' id='word_1_55' title='bbox 920 1151 1031 1202; x_wconf 90' lang='lat' dir='ltr'>Deo</span> <span class='ocrx_word' id='word_1_56' title='bbox 1064 1146 1367 1215; x_wconf 83' lang='lat' dir='ltr'>obtulisse,</span> <span class='ocrx_word' id='word_1_57' title='bbox 1401 1145 1555 1201; x_wconf 83' lang='lat' dir='ltr'>haud</span> <span class='ocrx_word' id='word_1_58' title='bbox 1598 1145 1753 1200; x_wconf 83' lang='lat' dir='ltr'>aliud</span> <span class='ocrx_word' id='word_1_59' title='bbox 1790 1149 1956 1217; x_wconf 84' lang='lat' dir='ltr'>puta-</span> 
     </span>
    </p>
   </div>
   <div class='ocr_carea' id='block_1_10' title="bbox 298 1234 1957 1305">
    <p class='ocr_par' dir='ltr' id='par_1_10' title="bbox 298 1234 1957 1305">
     <span class='ocr_line' id='line_1_10' title="bbox 298 1234 1957 1305; baseline -0.001 -16"><span class='ocrx_word' id='word_1_60' title='bbox 298 1252 439 1290; x_wconf 88' lang='lat' dir='ltr'>mus</span> <span class='ocrx_word' id='word_1_61' title='bbox 457 1235 517 1288; x_wconf 82' lang='lat' dir='ltr'>id</span> <span class='ocrx_word' id='word_1_62' title='bbox 533 1250 682 1297; x_wconf 84' lang='lat' dir='ltr'>esse,</span> <span class='ocrx_word' id='word_1_63' title='bbox 713 1250 887 1305; x_wconf 90' lang='lat' dir='ltr'>quam</span> <span class='ocrx_word' id='word_1_64' title='bbox 913 1235 1067 1305; x_wconf 89' lang='lat' dir='ltr'>quod</span> <span class='ocrx_word' id='word_1_65' title='bbox 1094 1234 1450 1305; x_wconf 81' lang='lat' dir='ltr'>baptismum</span> <span class='ocrx_word' id='word_1_66' title='bbox 1470 1238 1770 1304; x_wconf 86' lang='lat' dir='ltr'><em>tantopere</em></span> <span class='ocrx_word' id='word_1_67' title='bbox 1787 1248 1957 1304; x_wconf 86' lang='lat' dir='ltr'>expe-</span> 
     </span>
    </p>
   </div>
   <div class='ocr_carea' id='block_1_11' title="bbox 294 1321 1952 1395">
    <p class='ocr_par' dir='ltr' id='par_1_11' title="bbox 294 1321 1952 1395">
     <span class='ocr_line' id='line_1_11' title="bbox 294 1321 1952 1395; baseline -0.001 -18"><span class='ocrx_word' id='word_1_68' title='bbox 294 1326 475 1379; x_wconf 86' lang='lat' dir='ltr'>titum</span> <span class='ocrx_word' id='word_1_69' title='bbox 498 1325 577 1376; x_wconf 78' lang='lat' dir='ltr'>sit</span> <span class='ocrx_word' id='word_1_70' title='bbox 607 1328 910 1379; x_wconf 81' lang='lat' dir='ltr'>assecutus</span> <span class='ocrx_word' id='word_1_71' title='bbox 936 1365 945 1377; x_wconf 90' lang='lat'>.</span> <span class='ocrx_word' id='word_1_72' title='bbox 973 1345 1001 1371; x_wconf 83' lang='lat'>»</span> <span class='ocrx_word' id='word_1_73' title='bbox 1018 1322 1278 1395; x_wconf 88' lang='lat' dir='ltr'>Gregorii</span> <span class='ocrx_word' id='word_1_74' title='bbox 1303 1322 1431 1376; x_wconf 61' lang='lat' dir='ltr'>vitae</span> <span class='ocrx_word' id='word_1_75' title='bbox 1454 1321 1704 1393; x_wconf 87' lang='lat' dir='ltr'>scriptor</span> <span class='ocrx_word' id='word_1_76' title='bbox 1733 1326 1952 1386; x_wconf 87' lang='lat' dir='ltr'>censet,</span> 
     </span>
    </p>
   </div>
   <div class='ocr_carea' id='block_1_12' title="bbox 297 1409 1960 1483">
    <p class='ocr_par' dir='ltr' id='par_1_12' title="bbox 297 1409 1960 1483">
     <span class='ocr_line' id='line_1_12' title="bbox 297 1409 1960 1483; baseline -0.001 -16"><span class='ocrx_word' id='word_1_77' title='bbox 297 1430 437 1468; x_wconf 90' lang='lat' dir='ltr'>eum</span> <span class='ocrx_word' id='word_1_78' title='bbox 472 1412 780 1467; x_wconf 89' lang='lat' dir='ltr'>distulisse</span> <span class='ocrx_word' id='word_1_79' title='bbox 808 1412 1103 1483; x_wconf 88' lang='lat' dir='ltr'>baptisma</span> <span class='ocrx_word' id='word_1_80' title='bbox 1134 1427 1320 1481; x_wconf 92' lang='lat' dir='ltr'>usque</span> <span class='ocrx_word' id='word_1_81' title='bbox 1350 1411 1418 1464; x_wconf 92' lang='lat' dir='ltr'>ad</span> <span class='ocrx_word' id='word_1_82' title='bbox 1438 1409 1799 1465; x_wconf 77' lang='lat' dir='ltr'>tricesimum</span> <span class='ocrx_word' id='word_1_83' title='bbox 1825 1414 1960 1466; x_wconf 72' lang='lat' dir='ltr'>aeta-</span> 
     </span>
    </p>
   </div>
   <div class='ocr_carea' id='block_1_13' title="bbox 296 1499 1956 1570">
    <p class='ocr_par' dir='ltr' id='par_1_13' title="bbox 296 1499 1956 1570">
     <span class='ocr_line' id='line_1_13' title="bbox 296 1499 1956 1570; baseline 0 -14"><span class='ocrx_word' id='word_1_84' title='bbox 296 1502 377 1558; x_wconf 88' lang='lat' dir='ltr'>tis</span> <span class='ocrx_word' id='word_1_85' title='bbox 410 1518 658 1570; x_wconf 89' lang='lat' dir='ltr'>annum,</span> <span class='ocrx_word' id='word_1_86' title='bbox 691 1517 824 1555; x_wconf 90' lang='lat' dir='ltr'>cum</span> <span class='ocrx_word' id='word_1_87' title='bbox 857 1500 1098 1555; x_wconf 82' lang='lat' dir='ltr'>Athenis</span> <span class='ocrx_word' id='word_1_88' title='bbox 1129 1503 1219 1554; x_wconf 89' lang='lat' dir='ltr'>est</span> <span class='ocrx_word' id='word_1_89' title='bbox 1265 1515 1530 1554; x_wconf 88' lang='lat' dir='ltr'>reversus</span> <span class='ocrx_word' id='word_1_90' title='bbox 1580 1499 1640 1553; x_wconf 92' lang='lat' dir='ltr'>in</span> <span class='ocrx_word' id='word_1_91' title='bbox 1684 1499 1956 1570; x_wconf 86' lang='lat' dir='ltr'>patriam.</span> 
     </span>
    </p>
   </div>
   <div class='ocr_carea' id='block_1_14' title="bbox 300 1586 1959 1659">
    <p class='ocr_par' dir='ltr' id='par_1_14' title="bbox 300 1586 1959 1659">
     <span class='ocr_line' id='line_1_14' title="bbox 300 1586 1959 1659; baseline -0.002 -14"><span class='ocrx_word' id='word_1_92' title='bbox 300 1614 327 1639; x_wconf 74' lang='grc' dir='ltr'>«ι</span> <span class='ocrx_word' id='word_1_93' title='bbox 362 1591 505 1653; x_wconf 84' lang='lat' dir='ltr'>Nos,</span> <span class='ocrx_word' id='word_1_94' title='bbox 559 1589 753 1659; x_wconf 87' lang='lat' dir='ltr'>inquit</span> <span class='ocrx_word' id='word_1_95' title='bbox 806 1587 1237 1658; x_wconf 70' lang='lat' dir='ltr'>Papebrochius</span> <span class='ocrx_word' id='word_1_96' title='bbox 1285 1588 1382 1658; x_wconf 75' lang='grc' dir='ltr'>(ὁ),</span> <span class='ocrx_word' id='word_1_97' title='bbox 1433 1603 1623 1658; x_wconf 90' lang='lat' dir='ltr'>neque</span> <span class='ocrx_word' id='word_1_98' title='bbox 1660 1587 1731 1641; x_wconf 93' lang='lat' dir='ltr'>ad</span> <span class='ocrx_word' id='word_1_99' title='bbox 1784 1586 1959 1642; x_wconf 80' lang='lat' dir='ltr'>finem</span> 
     </span>
    </p>
   </div>
   <div class='ocr_carea' id='block_1_15' title="bbox 300 1676 1958 1748">
    <p class='ocr_par' dir='ltr' id='par_1_15' title="bbox 300 1676 1958 1748">
     <span class='ocr_line' id='line_1_15' title="bbox 300 1676 1958 1748; baseline -0.002 -14"><span class='ocrx_word' id='word_1_100' title='bbox 300 1678 785 1735; x_wconf 84' lang='lat' dir='ltr'>commorationis</span> <span class='ocrx_word' id='word_1_101' title='bbox 838 1676 1213 1731; x_wconf 86' lang='lat' dir='ltr'>Atheniensis</span> <span class='ocrx_word' id='word_1_102' title='bbox 1274 1676 1631 1748; x_wconf 87' lang='lat' dir='ltr'>baptismum</span> <span class='ocrx_word' id='word_1_103' title='bbox 1708 1676 1958 1731; x_wconf 88' lang='lat' dir='ltr'>dilatum</span> 
     </span>
    </p>
   </div>
   <div class='ocr_carea' id='block_1_16' title="bbox 300 1768 1957 1837">
    <p class='ocr_par' dir='ltr' id='par_1_16' title="bbox 300 1768 1957 1837">
     <span class='ocr_line' id='line_1_16' title="bbox 300 1768 1957 1837; baseline -0.002 -15"><span class='ocrx_word' id='word_1_104' title='bbox 300 1768 490 1822; x_wconf 80' lang='lat' dir='ltr'>fuisse</span> <span class='ocrx_word' id='word_1_105' title='bbox 522 1772 819 1837; x_wconf 86' lang='lat' dir='ltr'>putamus,</span> <span class='ocrx_word' id='word_1_106' title='bbox 854 1782 1042 1835; x_wconf 86' lang='lat' dir='ltr'>neque</span> <span class='ocrx_word' id='word_1_107' title='bbox 1064 1768 1266 1820; x_wconf 82' lang='lat' dir='ltr'>statim</span> <span class='ocrx_word' id='word_1_108' title='bbox 1286 1770 1625 1836; x_wconf 84' lang='lat' dir='ltr'>susceptum</span> <span class='ocrx_word' id='word_1_109' title='bbox 1652 1770 1780 1835; x_wconf 92' lang='lat' dir='ltr'>post</span> <span class='ocrx_word' id='word_1_110' title='bbox 1806 1782 1957 1819; x_wconf 88' lang='lat' dir='ltr'>nau-</span> 
     </span>
    </p>
   </div>
   <div class='ocr_carea' id='block_1_17' title="bbox 301 1853 2911 1951">
    <p class='ocr_par' dir='ltr' id='par_1_17' title="bbox 301 1853 2911 1951">
     <span class='ocr_line' id='line_1_17' title="bbox 301 1853 2911 1951; baseline -0.003 -41"><span class='ocrx_word' id='word_1_111' title='bbox 301 1856 473 1927; x_wconf 84' lang='lat' dir='ltr'>fragii</span> <span class='ocrx_word' id='word_1_112' title='bbox 509 1854 981 1951; x_wconf 42' lang='lat' dir='ltr'>periculum,-s-ed</span> <span class='ocrx_word' id='word_1_113' title='bbox 1007 1859 1136 1951; x_wconf 66' lang='lat' dir='ltr'>post</span> <span class='ocrx_word' id='word_1_114' title='bbox 1166 1853 1456 1951; x_wconf 79' lang='lat' dir='ltr'>alternum</span> <span class='ocrx_word' id='word_1_115' title='bbox 1484 1853 1614 1951; x_wconf 65' lang='lat' dir='ltr'>vitae</span> <span class='ocrx_word' id='word_1_116' title='bbox 1642 1854 1959 1951; x_wconf 85' lang='lat' dir='ltr'>discrimen</span> <span class='ocrx_word' id='word_1_117' title='bbox 1990 1863 2037 1926; x_wconf 83' lang='grc' dir='ltr'><strong>Β</strong></span> <span class='ocrx_word' id='word_1_118' title='bbox 2070 1853 2539 1951; x_wconf 50' lang='lat' dir='ltr'>bosbiti&#39;ofrer&#39;at,</span> <span class='ocrx_word' id='word_1_119' title='bbox 2572 1853 2911 1951; x_wconf 52' lang='grc' dir='ltr'>μῄδκᾶρτον</span> 
     </span>
    </p>
   </div>
   <div class='ocr_carea' id='block_1_18' title="bbox 304 1942 1956 2014">
    <p class='ocr_par' dir='ltr' id='par_1_18' title="bbox 304 1942 1956 2014">
     <span class='ocr_line' id='line_1_18' title="bbox 304 1942 1956 2014; baseline -0.001 -15"><span class='ocrx_word' id='word_1_120' title='bbox 304 1963 335 1999; x_wconf 83' lang='lat' dir='ltr'>a</span> <span class='ocrx_word' id='word_1_121' title='bbox 366 1952 541 2000; x_wconf 71' lang='lat' dir='ltr'>terra:</span> <span class='ocrx_word' id='word_1_122' title='bbox 587 1948 768 1999; x_wconf 90' lang='lat' dir='ltr'>motu.</span> <span class='ocrx_word' id='word_1_123' title='bbox 799 1964 823 1993; x_wconf 75' lang='grc' dir='ltr'>ιι</span> <span class='ocrx_word' id='word_1_124' title='bbox 862 1943 1018 1997; x_wconf 83' lang='lat' dir='ltr'>Idem</span> <span class='ocrx_word' id='word_1_125' title='bbox 1056 1942 1494 2014; x_wconf 87' lang='lat' dir='ltr'>Papebrochius</span> <span class='ocrx_word' id='word_1_126' title='bbox 1522 1942 1614 2013; x_wconf 84' lang='grc' dir='ltr'>(ε),</span> <span class='ocrx_word' id='word_1_127' title='bbox 1649 1944 1707 1997; x_wconf 93' lang='lat' dir='ltr'>in</span> <span class='ocrx_word' id='word_1_128' title='bbox 1740 1959 1956 2014; x_wconf 88' lang='lat' dir='ltr'>appen-</span> 
     </span>
    </p>
   </div>
   <div class='ocr_carea' id='block_1_19' title="bbox 301 2031 1957 2103">
    <p class='ocr_par' dir='ltr' id='par_1_19' title="bbox 301 2031 1957 2103">
     <span class='ocr_line' id='line_1_19' title="bbox 301 2031 1957 2103; baseline -0.001 -14"><span class='ocrx_word' id='word_1_129' title='bbox 301 2036 432 2089; x_wconf 89' lang='lat' dir='ltr'>dice</span> <span class='ocrx_word' id='word_1_130' title='bbox 468 2035 538 2087; x_wconf 90' lang='lat' dir='ltr'>ad</span> <span class='ocrx_word' id='word_1_131' title='bbox 572 2033 726 2087; x_wconf 89' lang='lat' dir='ltr'>diem</span> <span class='ocrx_word' id='word_1_132' title='bbox 761 2048 973 2087; x_wconf 90' lang='lat' dir='ltr'>nonam</span> <span class='ocrx_word' id='word_1_133' title='bbox 1008 2031 1163 2097; x_wconf 88' lang='lat' dir='ltr'>Maii,</span> <span class='ocrx_word' id='word_1_134' title='bbox 1189 2031 1357 2103; x_wconf 80' lang='lat' dir='ltr'>tingit</span> <span class='ocrx_word' id='word_1_135' title='bbox 1395 2031 1739 2101; x_wconf 85' lang='lat' dir='ltr'>Gregorium</span> <span class='ocrx_word' id='word_1_136' title='bbox 1782 2032 1957 2087; x_wconf 80' lang='lat' dir='ltr'>Athe-</span> 
     </span>
    </p>
   </div>
   <div class='ocr_carea' id='block_1_20' title="bbox 300 2120 1956 2191">
    <p class='ocr_par' dir='ltr' id='par_1_20' title="bbox 300 2120 1956 2191">
     <span class='ocr_line' id='line_1_20' title="bbox 300 2120 1956 2191; baseline -0.002 -12"><span class='ocrx_word' id='word_1_137' title='bbox 300 2126 395 2179; x_wconf 88' lang='lat' dir='ltr'>nis</span> <span class='ocrx_word' id='word_1_138' title='bbox 448 2123 779 2177; x_wconf 83' lang='lat' dir='ltr'>excurrisse</span> <span class='ocrx_word' id='word_1_139' title='bbox 826 2120 1210 2191; x_wconf 85' lang='lat' dir='ltr'>Antiochiam,</span> <span class='ocrx_word' id='word_1_140' title='bbox 1242 2126 1307 2174; x_wconf 93' lang='lat' dir='ltr'>ut</span> <span class='ocrx_word' id='word_1_141' title='bbox 1356 2121 1660 2175; x_wconf 87' lang='lat' dir='ltr'>Libanium</span> <span class='ocrx_word' id='word_1_142' title='bbox 1707 2122 1956 2191; x_wconf 84' lang='lat' dir='ltr'>audiret,</span> 
     </span>
    </p>
   </div>
   <div class='ocr_carea' id='block_1_21' title="bbox 300 2209 1958 2284">
    <p class='ocr_par' dir='ltr' id='par_1_21' title="bbox 300 2209 1958 2284">
     <span class='ocr_line' id='line_1_21' title="bbox 300 2209 1958 2284; baseline -0.002 -15"><span class='ocrx_word' id='word_1_143' title='bbox 300 2229 494 2284; x_wconf 88' lang='lat' dir='ltr'>eaque</span> <span class='ocrx_word' id='word_1_144' title='bbox 544 2210 848 2265; x_wconf 85' lang='lat' dir='ltr'>occasione</span> <span class='ocrx_word' id='word_1_145' title='bbox 888 2210 1173 2265; x_wconf 89' lang='lat' dir='ltr'>Nazianzo</span> <span class='ocrx_word' id='word_1_146' title='bbox 1206 2210 1314 2263; x_wconf 88' lang='lat' dir='ltr'>iter</span> <span class='ocrx_word' id='word_1_147' title='bbox 1342 2209 1620 2264; x_wconf 89' lang='lat' dir='ltr'>habuisse</span> <span class='ocrx_word' id='word_1_148' title='bbox 1666 2214 1731 2265; x_wconf 89' lang='lat' dir='ltr'>ut</span> <span class='ocrx_word' id='word_1_149' title='bbox 1760 2225 1958 2265; x_wconf 89' lang='lat' dir='ltr'>susce-</span> 
     </span>
    </p>
   </div>
   <div class='ocr_carea' id='block_1_22' title="bbox 297 2296 1959 2373">
    <p class='ocr_par' dir='ltr' id='par_1_22' title="bbox 297 2296 1959 2373">
     <span class='ocr_line' id='line_1_22' title="bbox 297 2296 1959 2373; baseline -0.001 -18"><span class='ocrx_word' id='word_1_150' title='bbox 297 2307 472 2373; x_wconf 88' lang='lat' dir='ltr'>ptum</span> <span class='ocrx_word' id='word_1_151' title='bbox 492 2300 640 2371; x_wconf 89' lang='lat' dir='ltr'>patri</span> <span class='ocrx_word' id='word_1_152' title='bbox 650 2317 694 2352; x_wconf 68' lang='lat' dir='ltr'>aa</span> <span class='ocrx_word' id='word_1_153' title='bbox 708 2299 1108 2370; x_wconf 84' lang='lat' dir='ltr'>episcopatum</span> <span class='ocrx_word' id='word_1_154' title='bbox 1129 2296 1277 2369; x_wconf 87' lang='lat' dir='ltr'>patri</span> <span class='ocrx_word' id='word_1_155' title='bbox 1290 2298 1959 2369; x_wconf 85' lang='lat' dir='ltr'>gratulnretur,ejusque</span> 
     </span>
    </p>
   </div>
   <div class='ocr_carea' id='block_1_23' title="bbox 298 2387 1960 2457">
    <p class='ocr_par' dir='ltr' id='par_1_23' title="bbox 298 2387 1960 2457">
     <span class='ocr_line' id='line_1_23' title="bbox 298 2387 1960 2457; baseline -0.002 -13"><span class='ocrx_word' id='word_1_156' title='bbox 298 2390 586 2444; x_wconf 86' lang='lat' dir='ltr'>manibus</span> <span class='ocrx_word' id='word_1_157' title='bbox 617 2387 970 2455; x_wconf 80' lang='lat' dir='ltr'>baptismum</span> <span class='ocrx_word' id='word_1_158' title='bbox 995 2387 1345 2456; x_wconf 90' lang='lat' dir='ltr'>suscepisse,</span> <span class='ocrx_word' id='word_1_159' title='bbox 1361 2390 1537 2457; x_wconf 91' lang='lat' dir='ltr'>atque</span> <span class='ocrx_word' id='word_1_160' title='bbox 1558 2388 1766 2443; x_wconf 90' lang='lat' dir='ltr'>iterum</span> <span class='ocrx_word' id='word_1_161' title='bbox 1793 2388 1960 2441; x_wconf 86' lang='lat' dir='ltr'>Athe-</span> 
     </span>
    </p>
   </div>
   <div class='ocr_carea' id='block_1_24' title="bbox 299 2475 1957 2547">
    <p class='ocr_par' dir='ltr' id='par_1_24' title="bbox 299 2475 1957 2547">
     <span class='ocr_line' id='line_1_24' title="bbox 299 2475 1957 2547; baseline -0.001 -15"><span class='ocrx_word' id='word_1_162' title='bbox 299 2495 411 2533; x_wconf 83' lang='lat' dir='ltr'>nas</span> <span class='ocrx_word' id='word_1_163' title='bbox 466 2493 528 2532; x_wconf 88' lang='lat' dir='ltr'>se</span> <span class='ocrx_word' id='word_1_164' title='bbox 576 2476 914 2531; x_wconf 87' lang='lat' dir='ltr'>contulisse.</span> <span class='ocrx_word' id='word_1_165' title='bbox 973 2476 1080 2530; x_wconf 86' lang='lat' dir='ltr'>Sed</span> <span class='ocrx_word' id='word_1_166' title='bbox 1125 2475 1406 2546; x_wconf 88' lang='lat' dir='ltr'>figmenta</span> <span class='ocrx_word' id='word_1_167' title='bbox 1453 2475 1576 2531; x_wconf 66' lang='lat' dir='ltr'>haec</span> <span class='ocrx_word' id='word_1_168' title='bbox 1622 2482 1779 2542; x_wconf 90' lang='lat' dir='ltr'>sunt,</span> <span class='ocrx_word' id='word_1_169' title='bbox 1832 2492 1957 2547; x_wconf 69' lang='lat' dir='ltr'>quas</span> 
     </span>
    </p>
   </div>
   <div class='ocr_carea' id='block_1_25' title="bbox 302 2564 1959 2636">
    <p class='ocr_par' dir='ltr' id='par_1_25' title="bbox 302 2564 1959 2636">
     <span class='ocr_line' id='line_1_25' title="bbox 302 2564 1959 2636; baseline -0.001 -15"><span class='ocrx_word' id='word_1_170' title='bbox 302 2567 472 2621; x_wconf 90' lang='lat' dir='ltr'>nullo</span> <span class='ocrx_word' id='word_1_171' title='bbox 501 2566 735 2636; x_wconf 85' lang='lat' dir='ltr'>penitus</span> <span class='ocrx_word' id='word_1_172' title='bbox 768 2566 1043 2631; x_wconf 28' lang='lat' dir='ltr'>nituntur,</span> <span class='ocrx_word' id='word_1_173' title='bbox 1060 2564 1463 2629; x_wconf 85' lang='lat' dir='ltr'>fundamento,</span> <span class='ocrx_word' id='word_1_174' title='bbox 1491 2565 1766 2619; x_wconf 72' lang='lat' dir='ltr'>Praaterea</span> <span class='ocrx_word' id='word_1_175' title='bbox 1786 2564 1959 2619; x_wconf 85' lang='lat' dir='ltr'>Liba-</span> 
     </span>
    </p>
   </div>
   <div class='ocr_carea' id='block_1_26' title="bbox 302 2651 1957 2723">
    <p class='ocr_par' dir='ltr' id='par_1_26' title="bbox 302 2651 1957 2723">
     <span class='ocr_line' id='line_1_26' title="bbox 302 2651 1957 2723; baseline 0 -14"><span class='ocrx_word' id='word_1_176' title='bbox 302 2655 440 2709; x_wconf 90' lang='lat' dir='ltr'>nius</span> <span class='ocrx_word' id='word_1_177' title='bbox 473 2653 835 2708; x_wconf 69' lang='lat' dir='ltr'>Anthiochiae</span> <span class='ocrx_word' id='word_1_178' title='bbox 865 2670 980 2707; x_wconf 94' lang='lat' dir='ltr'>non</span> <span class='ocrx_word' id='word_1_179' title='bbox 1014 2651 1127 2706; x_wconf 91' lang='lat' dir='ltr'>nisi</span> <span class='ocrx_word' id='word_1_180' title='bbox 1174 2657 1306 2723; x_wconf 90' lang='lat' dir='ltr'>post</span> <span class='ocrx_word' id='word_1_181' title='bbox 1349 2669 1570 2707; x_wconf 90' lang='lat' dir='ltr'>annum</span> <span class='ocrx_word' id='word_1_182' title='bbox 1600 2653 1695 2708; x_wconf 76' lang='grc'>351</span> <span class='ocrx_word' id='word_1_183' title='bbox 1737 2652 1957 2709; x_wconf 87' lang='lat' dir='ltr'>docuit.</span> 
     </span>
    </p>
   </div>
   <div class='ocr_carea' id='block_1_27' title="bbox 298 2740 1957 2814">
    <p class='ocr_par' dir='ltr' id='par_1_27' title="bbox 298 2740 1957 2814">
     <span class='ocr_line' id='line_1_27' title="bbox 298 2740 1957 2814; baseline -0.002 -16"><span class='ocrx_word' id='word_1_184' title='bbox 298 2746 509 2814; x_wconf 84' lang='lat' dir='ltr'>Itaque</span> <span class='ocrx_word' id='word_1_185' title='bbox 550 2743 825 2797; x_wconf 89' lang='lat' dir='ltr'>standum</span> <span class='ocrx_word' id='word_1_186' title='bbox 877 2744 984 2807; x_wconf 87' lang='lat' dir='ltr'>est,</span> <span class='ocrx_word' id='word_1_187' title='bbox 1040 2745 1103 2794; x_wconf 92' lang='lat' dir='ltr'>ut</span> <span class='ocrx_word' id='word_1_188' title='bbox 1159 2740 1329 2795; x_wconf 90' lang='lat' dir='ltr'>nobis</span> <span class='ocrx_word' id='word_1_189' title='bbox 1385 2741 1635 2811; x_wconf 90' lang='lat' dir='ltr'>videtur,</span> <span class='ocrx_word' id='word_1_190' title='bbox 1695 2741 1957 2813; x_wconf 86' lang='lat' dir='ltr'>Gregorii</span> 
     </span>
    </p>
   </div>
   <div class='ocr_carea' id='block_1_28' title="bbox 300 2828 1956 2904">
    <p class='ocr_par' dir='ltr' id='par_1_28' title="bbox 300 2828 1956 2904">
     <span class='ocr_line' id='line_1_28' title="bbox 300 2828 1956 2904; baseline -0.002 -18"><span class='ocrx_word' id='word_1_191' title='bbox 300 2831 627 2904; x_wconf 78' lang='lat' dir='ltr'>presbyteri</span> <span class='ocrx_word' id='word_1_192' title='bbox 681 2830 1003 2897; x_wconf 65' lang='lat' dir='ltr'>sententiae,</span> <span class='ocrx_word' id='word_1_193' title='bbox 1052 2828 1151 2899; x_wconf 90' lang='lat' dir='ltr'>qui</span> <span class='ocrx_word' id='word_1_194' title='bbox 1210 2828 1415 2884; x_wconf 90' lang='lat' dir='ltr'>scribit</span> <span class='ocrx_word' id='word_1_195' title='bbox 1472 2832 1554 2897; x_wconf 79' lang='grc' dir='ltr'>(ιι)</span> <span class='ocrx_word' id='word_1_196' title='bbox 1612 2830 1956 2901; x_wconf 86' lang='lat' dir='ltr'>Gregorium</span> 
     </span>
    </p>
   </div>
   <div class='ocr_carea' id='block_1_29' title="bbox 298 2917 1954 2989">
    <p class='ocr_par' dir='ltr' id='par_1_29' title="bbox 298 2917 1954 2989">
     <span class='ocr_line' id='line_1_29' title="bbox 298 2917 1954 2989; baseline -0.003 -13"><span class='ocrx_word' id='word_1_197' title='bbox 298 2925 572 2977; x_wconf 85' lang='lat' dir='ltr'>nostrum</span> <span class='ocrx_word' id='word_1_198' title='bbox 609 2917 804 2989; x_wconf 78' lang='lat' dir='ltr'>patriae</span> <span class='ocrx_word' id='word_1_199' title='bbox 837 2920 1196 2983; x_wconf 86' lang='lat' dir='ltr'>restitutum,</span> <span class='ocrx_word' id='word_1_200' title='bbox 1231 2917 1487 2988; x_wconf 89' lang='lat' dir='ltr'>primum</span> <span class='ocrx_word' id='word_1_201' title='bbox 1542 2918 1737 2972; x_wconf 89' lang='lat' dir='ltr'>divino</span> <span class='ocrx_word' id='word_1_202' title='bbox 1766 2918 1954 2989; x_wconf 89' lang='lat' dir='ltr'>bapti-</span> 
     </span>
    </p>
   </div>
   <div class='ocr_carea' id='block_1_30' title="bbox 297 3005 1955 3077">
    <p class='ocr_par' dir='ltr' id='par_1_30' title="bbox 297 3005 1955 3077">
     <span class='ocr_line' id='line_1_30' title="bbox 297 3005 1955 3077; baseline -0.002 -11"><span class='ocrx_word' id='word_1_203' title='bbox 297 3013 491 3065; x_wconf 88' lang='lat' dir='ltr'>smate</span> <span class='ocrx_word' id='word_1_204' title='bbox 517 3008 789 3073; x_wconf 88' lang='lat' dir='ltr'>tinctum,</span> <span class='ocrx_word' id='word_1_205' title='bbox 813 3006 865 3060; x_wconf 87' lang='lat' dir='ltr'>vi</span> <span class='ocrx_word' id='word_1_206' title='bbox 898 3010 954 3061; x_wconf 92' lang='lat' dir='ltr'>et</span> <span class='ocrx_word' id='word_1_207' title='bbox 996 3006 1266 3061; x_wconf 83' lang='lat' dir='ltr'>facultate</span> <span class='ocrx_word' id='word_1_208' title='bbox 1289 3006 1414 3077; x_wconf 89' lang='lat' dir='ltr'>jam</span> <span class='ocrx_word' id='word_1_209' title='bbox 1471 3010 1607 3062; x_wconf 89' lang='lat' dir='ltr'>ante</span> <span class='ocrx_word' id='word_1_210' title='bbox 1647 3005 1955 3063; x_wconf 91' lang='lat' dir='ltr'>collustra-</span> 
     </span>
    </p>
   </div>
   <div class='ocr_carea' id='block_1_31' title="bbox 295 3104 450 3154">
    <p class='ocr_par' dir='ltr' id='par_1_31' title="bbox 295 3104 450 3154">
     <span class='ocr_line' id='line_1_31' title="bbox 295 3104 450 3154; baseline -0.019 0"><span class='ocrx_word' id='word_1_211' title='bbox 295 3104 450 3154; x_wconf 86' lang='lat' dir='ltr'>tum.</span> 
     </span>
    </p>
   </div>
   <div class='ocr_carea' id='block_1_32' title="bbox 334 3183 1911 3256">
    <p class='ocr_par' dir='ltr' id='par_1_32' title="bbox 334 3183 1911 3256">
     <span class='ocr_line' id='line_1_32' title="bbox 334 3183 1911 3256; baseline -0.001 -14"><span class='ocrx_word' id='word_1_212' title='bbox 334 3187 478 3242; x_wconf 85' lang='lat' dir='ltr'><strong>LIV.</strong></span> <span class='ocrx_word' id='word_1_213' title='bbox 508 3187 802 3256; x_wconf 81' lang='lat' dir='ltr'>Nunquam</span> <span class='ocrx_word' id='word_1_214' title='bbox 822 3183 1062 3256; x_wconf 85' lang='lat' dir='ltr'>jurandi</span> <span class='ocrx_word' id='word_1_215' title='bbox 1094 3184 1269 3256; x_wconf 76' lang='lat' dir='ltr'>legem</span> <span class='ocrx_word' id='word_1_216' title='bbox 1296 3185 1406 3240; x_wconf 82' lang='lat' dir='ltr'>sibi</span> <span class='ocrx_word' id='word_1_217' title='bbox 1434 3184 1628 3239; x_wconf 82' lang='lat' dir='ltr'>indicit</span> <span class='ocrx_word' id='word_1_218' title='bbox 1644 3194 1696 3240; x_wconf 85' lang='lat' dir='ltr'>et</span> <span class='ocrx_word' id='word_1_219' title='bbox 1713 3193 1911 3240; x_wconf 86' lang='lat' dir='ltr'>servat.</span> 
     </span>
    </p>
   </div>
   <div class='ocr_carea' id='block_1_33' title="bbox 368 3273 1947 3345">
    <p class='ocr_par' dir='ltr' id='par_1_33' title="bbox 368 3273 1947 3345">
     <span class='ocr_line' id='line_1_33' title="bbox 368 3273 1947 3345; baseline -0.001 -15"><span class='ocrx_word' id='word_1_220' title='bbox 368 3277 522 3330; x_wconf 91' lang='lat' dir='ltr'>Tum</span> <span class='ocrx_word' id='word_1_221' title='bbox 558 3273 667 3327; x_wconf 85' lang='lat' dir='ltr'>sibi</span> <span class='ocrx_word' id='word_1_222' title='bbox 718 3273 902 3344; x_wconf 83' lang='lat' dir='ltr'>legem</span> <span class='ocrx_word' id='word_1_223' title='bbox 955 3288 1256 3343; x_wconf 89' lang='lat' dir='ltr'>nunquam</span> <span class='ocrx_word' id='word_1_224' title='bbox 1300 3273 1562 3343; x_wconf 89' lang='lat' dir='ltr'>jurandi,</span> <span class='ocrx_word' id='word_1_225' title='bbox 1595 3275 1855 3345; x_wconf 89' lang='lat' dir='ltr'>quandiu</span> <span class='ocrx_word' id='word_1_226' title='bbox 1890 3274 1947 3329; x_wconf 87' lang='lat' dir='ltr'>in</span> 
     </span>
    </p>
   </div>
   <div class='ocr_carea' id='block_1_34' title="bbox 297 3361 1949 3432">
    <p class='ocr_par' dir='ltr' id='par_1_34' title="bbox 297 3361 1949 3432">
     <span class='ocr_line' id='line_1_34' title="bbox 297 3361 1949 3432; baseline -0.001 -13"><span class='ocrx_word' id='word_1_227' title='bbox 297 3365 407 3419; x_wconf 85' lang='lat' dir='ltr'>hac</span> <span class='ocrx_word' id='word_1_228' title='bbox 439 3364 561 3417; x_wconf 83' lang='lat' dir='ltr'>vita</span> <span class='ocrx_word' id='word_1_229' title='bbox 590 3367 938 3423; x_wconf 86' lang='lat' dir='ltr'>versaretur,</span> <span class='ocrx_word' id='word_1_230' title='bbox 975 3377 1152 3431; x_wconf 89' lang='lat' dir='ltr'>quam</span> <span class='ocrx_word' id='word_1_231' title='bbox 1200 3361 1375 3417; x_wconf 89' lang='lat' dir='ltr'>etiam</span> <span class='ocrx_word' id='word_1_232' title='bbox 1416 3378 1603 3432; x_wconf 87' lang='lat' dir='ltr'>usque</span> <span class='ocrx_word' id='word_1_233' title='bbox 1650 3364 1720 3417; x_wconf 92' lang='lat' dir='ltr'>ad</span> <span class='ocrx_word' id='word_1_234' title='bbox 1761 3368 1949 3419; x_wconf 85' lang='lat' dir='ltr'>extre-</span> 
     </span>
    </p>
   </div>
   <div class='ocr_carea' id='block_1_35' title="bbox 296 3449 1948 3523">
    <p class='ocr_par' dir='ltr' id='par_1_35' title="bbox 296 3449 1948 3523">
     <span class='ocr_line' id='line_1_35' title="bbox 296 3449 1948 3523; baseline -0.001 -15"><span class='ocrx_word' id='word_1_235' title='bbox 296 3469 464 3508; x_wconf 88' lang='lat' dir='ltr'>mum</span> <span class='ocrx_word' id='word_1_236' title='bbox 498 3452 657 3505; x_wconf 90' lang='lat' dir='ltr'>diem</span> <span class='ocrx_word' id='word_1_237' title='bbox 689 3449 957 3515; x_wconf 85' lang='lat' dir='ltr'>servavit,</span> <span class='ocrx_word' id='word_1_238' title='bbox 989 3449 1215 3504; x_wconf 88' lang='lat' dir='ltr'>indixit.</span> <span class='ocrx_word' id='word_1_239' title='bbox 1264 3454 1409 3504; x_wconf 91' lang='lat' dir='ltr'>Tum</span> <span class='ocrx_word' id='word_1_240' title='bbox 1460 3451 1571 3505; x_wconf 87' lang='lat' dir='ltr'>sibi</span> <span class='ocrx_word' id='word_1_241' title='bbox 1613 3452 1948 3523; x_wconf 89' lang='lat' dir='ltr'>consulens,</span> 
     </span>
    </p>
   </div>
   <div class='ocr_carea' id='block_1_36' title="bbox 297 3537 1947 3611">
    <p class='ocr_par' dir='ltr' id='par_1_36' title="bbox 297 3537 1947 3611">
     <span class='ocr_line' id='line_1_36' title="bbox 297 3537 1947 3611; baseline -0.001 -15"><span class='ocrx_word' id='word_1_242' title='bbox 297 3542 415 3596; x_wconf 89' lang='lat' dir='ltr'>Deo</span> <span class='ocrx_word' id='word_1_243' title='bbox 448 3556 511 3595; x_wconf 89' lang='lat' dir='ltr'>se</span> <span class='ocrx_word' id='word_1_244' title='bbox 543 3537 778 3602; x_wconf 85' lang='lat' dir='ltr'>obtulit,</span> <span class='ocrx_word' id='word_1_245' title='bbox 812 3544 876 3591; x_wconf 91' lang='lat' dir='ltr'>ut</span> <span class='ocrx_word' id='word_1_246' title='bbox 906 3555 938 3591; x_wconf 90' lang='lat' dir='ltr'>a</span> <span class='ocrx_word' id='word_1_247' title='bbox 972 3538 1188 3593; x_wconf 86' lang='lat' dir='ltr'>mundo</span> <span class='ocrx_word' id='word_1_248' title='bbox 1210 3539 1536 3608; x_wconf 87' lang='lat' dir='ltr'>sejunctus,</span> <span class='ocrx_word' id='word_1_249' title='bbox 1579 3555 1711 3593; x_wconf 89' lang='lat' dir='ltr'>cum</span> <span class='ocrx_word' id='word_1_250' title='bbox 1753 3556 1819 3595; x_wconf 90' lang='lat' dir='ltr'>eo</span> <span class='ocrx_word' id='word_1_251' title='bbox 1848 3541 1947 3611; x_wconf 90' lang='lat' dir='ltr'>qui</span> 
     </span>
    </p>
   </div>
   <div class='ocr_carea' id='block_1_37' title="bbox 304 3626 1951 3699">
    <p class='ocr_par' dir='ltr' id='par_1_37' title="bbox 304 3626 1951 3699">
     <span class='ocr_line' id='line_1_37' title="bbox 304 3626 1951 3699; baseline -0.001 -14"><span class='ocrx_word' id='word_1_252' title='bbox 304 3630 470 3685; x_wconf 85' lang='lat' dir='ltr'>solus</span> <span class='ocrx_word' id='word_1_253' title='bbox 503 3627 863 3699; x_wconf 89' lang='lat' dir='ltr'>purissimus</span> <span class='ocrx_word' id='word_1_254' title='bbox 896 3632 985 3679; x_wconf 82' lang='lat' dir='ltr'>est</span> <span class='ocrx_word' id='word_1_255' title='bbox 1022 3626 1151 3680; x_wconf 62' lang='lat' dir='ltr'>vita</span> <span class='ocrx_word' id='word_1_256' title='bbox 1172 3627 1597 3682; x_wconf 86' lang='lat' dir='ltr'>consuetudine</span> <span class='ocrx_word' id='word_1_257' title='bbox 1619 3628 1951 3699; x_wconf 85' lang='lat' dir='ltr'>jugeretur,</span> 
     </span>
    </p>
   </div>
   <div class='ocr_carea' id='block_1_38' title="bbox 297 3714 1948 3789">
    <p class='ocr_par' dir='ltr' id='par_1_38' title="bbox 297 3714 1948 3789">
     <span class='ocr_line' id='line_1_38' title="bbox 297 3714 1948 3789; baseline -0.001 -15"><span class='ocrx_word' id='word_1_258' title='bbox 297 3726 475 3789; x_wconf 87' lang='lat' dir='ltr'>atque</span> <span class='ocrx_word' id='word_1_259' title='bbox 506 3733 577 3771; x_wconf 87' lang='lat' dir='ltr'>ex</span> <span class='ocrx_word' id='word_1_260' title='bbox 626 3731 925 3770; x_wconf 88' lang='lat' dir='ltr'>sacrorum</span> <span class='ocrx_word' id='word_1_261' title='bbox 960 3714 1239 3769; x_wconf 90' lang='lat' dir='ltr'>librorum</span> <span class='ocrx_word' id='word_1_262' title='bbox 1270 3715 1544 3771; x_wconf 86' lang='lat' dir='ltr'>familiari</span> <span class='ocrx_word' id='word_1_263' title='bbox 1581 3716 1824 3772; x_wconf 91' lang='lat' dir='ltr'>lectione</span> <span class='ocrx_word' id='word_1_264' title='bbox 1858 3735 1948 3774; x_wconf 89' lang='lat' dir='ltr'>ve-</span> 
     </span>
    </p>
   </div>
   <div class='ocr_carea' id='block_1_39' title="bbox 297 3802 1948 3877">
    <p class='ocr_par' dir='ltr' id='par_1_39' title="bbox 297 3802 1948 3877">
     <span class='ocr_line' id='line_1_39' title="bbox 297 3802 1948 3877; baseline 0 -15"><span class='ocrx_word' id='word_1_265' title='bbox 297 3806 494 3862; x_wconf 86' lang='lat' dir='ltr'>ritatis</span> <span class='ocrx_word' id='word_1_266' title='bbox 529 3804 900 3876; x_wconf 82' lang='lat' dir='ltr'>splendorem</span> <span class='ocrx_word' id='word_1_267' title='bbox 953 3802 1234 3871; x_wconf 87' lang='lat' dir='ltr'>hauriret,</span> <span class='ocrx_word' id='word_1_268' title='bbox 1283 3805 1435 3874; x_wconf 90' lang='lat' dir='ltr'>quod</span> <span class='ocrx_word' id='word_1_269' title='bbox 1483 3804 1656 3859; x_wconf 90' lang='lat' dir='ltr'>etiam</span> <span class='ocrx_word' id='word_1_270' title='bbox 1692 3822 1793 3877; x_wconf 91' lang='lat' dir='ltr'>per</span> <span class='ocrx_word' id='word_1_271' title='bbox 1824 3824 1948 3862; x_wconf 87' lang='lat' dir='ltr'>om-</span> 
     </span>
    </p>
   </div>
   <div class='ocr_carea' id='block_1_40' title="bbox 296 3892 1950 3952">
    <p class='ocr_par' dir='ltr' id='par_1_40' title="bbox 296 3892 1950 3952">
     <span class='ocr_line' id='line_1_40' title="bbox 296 3892 1950 3952; baseline -0.001 0"><span class='ocrx_word' id='word_1_272' title='bbox 296 3913 433 3952; x_wconf 89' lang='lat' dir='ltr'>nem</span> <span class='ocrx_word' id='word_1_273' title='bbox 483 3895 662 3947; x_wconf 78' lang='lat' dir='ltr'>vitam</span> <span class='ocrx_word' id='word_1_274' title='bbox 714 3893 899 3947; x_wconf 83' lang='lat' dir='ltr'>facere</span> <span class='ocrx_word' id='word_1_275' title='bbox 948 3908 1061 3946; x_wconf 90' lang='lat' dir='ltr'>non</span> <span class='ocrx_word' id='word_1_276' title='bbox 1104 3892 1344 3948; x_wconf 85' lang='lat' dir='ltr'>destitit.</span> <span class='ocrx_word' id='word_1_277' title='bbox 1388 3916 1415 3942; x_wconf 85' lang='lat'><strong><em>«</em></strong></span> <span class='ocrx_word' id='word_1_278' title='bbox 1448 3893 1774 3949; x_wconf 89' lang='lat' dir='ltr'>monachus</span> <span class='ocrx_word' id='word_1_279' title='bbox 1822 3910 1950 3951; x_wconf 91' lang='lat' dir='ltr'>esse</span> 
     </span>
    </p>
   </div>
   <div class='ocr_carea' id='block_1_41' title="bbox 294 3981 1947 4058">
    <p class='ocr_par' dir='ltr' id='par_1_41' title="bbox 294 3981 1947 4058">
     <span class='ocr_line' id='line_1_41' title="bbox 294 3981 1947 4058; baseline -0.001 -18"><span class='ocrx_word' id='word_1_280' title='bbox 294 3985 493 4058; x_wconf 88' lang='lat' dir='ltr'>potius</span> <span class='ocrx_word' id='word_1_281' title='bbox 525 3982 767 4049; x_wconf 90' lang='lat' dir='ltr'>habens,</span> <span class='ocrx_word' id='word_1_282' title='bbox 801 4003 828 4029; x_wconf 84' lang='grc'><strong>››</strong></span> <span class='ocrx_word' id='word_1_283' title='bbox 860 3981 1052 4051; x_wconf 88' lang='lat' dir='ltr'>inquit</span> <span class='ocrx_word' id='word_1_284' title='bbox 1079 3982 1206 4051; x_wconf 88' lang='lat' dir='ltr'>ejus</span> <span class='ocrx_word' id='word_1_285' title='bbox 1237 3982 1378 4036; x_wconf 71' lang='lat' dir='ltr'>Vitae</span> <span class='ocrx_word' id='word_1_286' title='bbox 1411 3982 1681 4053; x_wconf 83' lang='lat' dir='ltr'>scriptor,</span> <span class='ocrx_word' id='word_1_287' title='bbox 1716 4005 1743 4032; x_wconf 92' lang='grc'>‹‹</span> <span class='ocrx_word' id='word_1_288' title='bbox 1772 4000 1947 4055; x_wconf 88' lang='lat' dir='ltr'>quam</span> 
     </span>
    </p>
   </div>
   <div class='ocr_carea' id='block_1_42' title="bbox 296 4070 1949 4142">
    <p class='ocr_par' dir='ltr' id='par_1_42' title="bbox 296 4070 1949 4142">
     <span class='ocr_line' id='line_1_42' title="bbox 296 4070 1949 4142; baseline -0.002 -12"><span class='ocrx_word' id='word_1_289' title='bbox 296 4074 665 4137; x_wconf 82' lang='lat' dir='ltr'>mundanus,</span> <span class='ocrx_word' id='word_1_290' title='bbox 696 4074 754 4125; x_wconf 89' lang='lat' dir='ltr'>et</span> <span class='ocrx_word' id='word_1_291' title='bbox 812 4086 1032 4141; x_wconf 84' lang='lat' dir='ltr'>pauper</span> <span class='ocrx_word' id='word_1_292' title='bbox 1069 4086 1245 4141; x_wconf 91' lang='lat' dir='ltr'>quam</span> <span class='ocrx_word' id='word_1_293' title='bbox 1277 4070 1687 4142; x_wconf 68' lang='lat' dir='ltr'>quazstuarius.</span> <span class='ocrx_word' id='word_1_294' title='bbox 1730 4093 1757 4120; x_wconf 83' lang='lat'><strong>»</strong></span> <span class='ocrx_word' id='word_1_295' title='bbox 1785 4073 1949 4128; x_wconf 89' lang='lat' dir='ltr'>Tunc</span> 
     </span>
    </p>
   </div>
   <div class='ocr_carea' id='block_1_43' title="bbox 293 4158 1951 4233">
    <p class='ocr_par' dir='ltr' id='par_1_43' title="bbox 293 4158 1951 4233">
     <span class='ocr_line' id='line_1_43' title="bbox 293 4158 1951 4233; baseline -0.002 -15"><span class='ocrx_word' id='word_1_296' title='bbox 293 4164 367 4227; x_wconf 87' lang='lat' dir='ltr'>ei,</span> <span class='ocrx_word' id='word_1_297' title='bbox 403 4161 503 4233; x_wconf 89' lang='lat' dir='ltr'>qui</span> <span class='ocrx_word' id='word_1_298' title='bbox 538 4176 674 4213; x_wconf 85' lang='lat' dir='ltr'>eum</span> <span class='ocrx_word' id='word_1_299' title='bbox 723 4158 780 4212; x_wconf 86' lang='lat' dir='ltr'>in</span> <span class='ocrx_word' id='word_1_300' title='bbox 812 4162 1028 4213; x_wconf 90' lang='lat' dir='ltr'>sortem</span> <span class='ocrx_word' id='word_1_301' title='bbox 1069 4159 1292 4230; x_wconf 90' lang='lat' dir='ltr'>accepit</span> <span class='ocrx_word' id='word_1_302' title='bbox 1330 4164 1387 4214; x_wconf 90' lang='lat' dir='ltr'>et</span> <span class='ocrx_word' id='word_1_303' title='bbox 1433 4160 1699 4225; x_wconf 87' lang='lat' dir='ltr'>servavit,</span> <span class='ocrx_word' id='word_1_304' title='bbox 1751 4160 1951 4216; x_wconf 90' lang='lat' dir='ltr'>omnia</span> 
     </span>
    </p>
   </div>
   <div class='ocr_carea' id='block_1_44' title="bbox 294 4246 1948 4319">
    <p class='ocr_par' dir='ltr' id='par_1_44' title="bbox 294 4246 1948 4319">
     <span class='ocr_line' id='line_1_44' title="bbox 294 4246 1948 4319; baseline -0.001 -12"><span class='ocrx_word' id='word_1_305' title='bbox 294 4253 448 4307; x_wconf 89' lang='lat' dir='ltr'>dono</span> <span class='ocrx_word' id='word_1_306' title='bbox 478 4248 663 4314; x_wconf 83' lang='lat' dir='ltr'>dedit,</span> <span class='ocrx_word' id='word_1_307' title='bbox 694 4263 855 4319; x_wconf 91' lang='lat' dir='ltr'>opes,</span> <span class='ocrx_word' id='word_1_308' title='bbox 894 4246 1287 4318; x_wconf 88' lang='lat' dir='ltr'>splendorem,</span> <span class='ocrx_word' id='word_1_309' title='bbox 1328 4252 1439 4303; x_wconf 90' lang='lat' dir='ltr'>etc.</span> <span class='ocrx_word' id='word_1_310' title='bbox 1491 4269 1513 4298; x_wconf 77' lang='grc' dir='ltr'>ι</span> <span class='ocrx_word' id='word_1_311' title='bbox 1548 4248 1694 4304; x_wconf 88' lang='lat' dir='ltr'>Nam</span> <span class='ocrx_word' id='word_1_312' title='bbox 1726 4250 1948 4305; x_wconf 62' lang='lat' dir='ltr'>caeteris</span> 
     </span>
    </p>
   </div>
   <div class='ocr_carea' id='block_1_45' title="bbox 293 4335 1949 4408">
    <p class='ocr_par' dir='ltr' id='par_1_45' title="bbox 293 4335 1949 4408">
     <span class='ocr_line' id='line_1_45' title="bbox 293 4335 1949 4408; baseline -0.001 -14"><span class='ocrx_word' id='word_1_313' title='bbox 293 4342 351 4394; x_wconf 89' lang='lat' dir='ltr'>in</span> <span class='ocrx_word' id='word_1_314' title='bbox 404 4339 605 4403; x_wconf 81' lang='lat' dir='ltr'>rebus,</span> <span class='ocrx_word' id='word_1_315' title='bbox 665 4336 858 4407; x_wconf 88' lang='lat' dir='ltr'>inquit</span> <span class='ocrx_word' id='word_1_316' title='bbox 905 4335 998 4405; x_wconf 88' lang='lat' dir='ltr'>(e),</span> <span class='ocrx_word' id='word_1_317' title='bbox 1048 4351 1140 4391; x_wconf 90' lang='lat' dir='ltr'>me</span> <span class='ocrx_word' id='word_1_318' title='bbox 1190 4335 1394 4407; x_wconf 91' lang='lat' dir='ltr'>quovis</span> <span class='ocrx_word' id='word_1_319' title='bbox 1452 4336 1691 4391; x_wconf 90' lang='lat' dir='ltr'>homine</span> <span class='ocrx_word' id='word_1_320' title='bbox 1721 4338 1949 4408; x_wconf 84' lang='lat' dir='ltr'>segnio-</span> 
     </span>
    </p>
   </div>
   <div class='ocr_carea' id='block_1_46' title="bbox 294 4424 1947 4497">
    <p class='ocr_par' dir='ltr' id='par_1_46' title="bbox 294 4424 1947 4497">
     <span class='ocr_line' id='line_1_46' title="bbox 294 4424 1947 4497; baseline -0.001 -14"><span class='ocrx_word' id='word_1_321' title='bbox 294 4444 414 4483; x_wconf 87' lang='lat' dir='ltr'>rem</span> <span class='ocrx_word' id='word_1_322' title='bbox 449 4444 517 4482; x_wconf 92' lang='lat' dir='ltr'>ac</span> <span class='ocrx_word' id='word_1_323' title='bbox 536 4424 965 4497; x_wconf 86' lang='lat' dir='ltr'>languidiorem</span> <span class='ocrx_word' id='word_1_324' title='bbox 988 4439 1115 4479; x_wconf 87' lang='lat' dir='ltr'>esse</span> <span class='ocrx_word' id='word_1_325' title='bbox 1136 4440 1251 4479; x_wconf 92' lang='lat' dir='ltr'>non</span> <span class='ocrx_word' id='word_1_326' title='bbox 1274 4424 1522 4489; x_wconf 77' lang='lat' dir='ltr'>inﬁcior,</span> <span class='ocrx_word' id='word_1_327' title='bbox 1542 4441 1775 4480; x_wconf 91' lang='lat' dir='ltr'>omnem</span> <span class='ocrx_word' id='word_1_328' title='bbox 1792 4426 1947 4482; x_wconf 90' lang='lat' dir='ltr'>enim</span> 
     </span>
    </p>
   </div>
   <div class='ocr_carea' id='block_1_47' title="bbox 293 4512 1941 4587">
    <p class='ocr_par' dir='ltr' id='par_1_47' title="bbox 293 4512 1941 4587">
     <span class='ocr_line' id='line_1_47' title="bbox 293 4512 1941 4587; baseline -0.002 -16"><span class='ocrx_word' id='word_1_329' title='bbox 293 4516 677 4587; x_wconf 86' lang='lat' dir='ltr'>cupiditatem</span> <span class='ocrx_word' id='word_1_330' title='bbox 722 4512 929 4583; x_wconf 81' lang='lat' dir='ltr'>ebjeci,</span> <span class='ocrx_word' id='word_1_331' title='bbox 964 4527 1032 4566; x_wconf 84' lang='lat' dir='ltr'>ex</span> <span class='ocrx_word' id='word_1_332' title='bbox 1062 4528 1177 4582; x_wconf 93' lang='lat' dir='ltr'>quo</span> <span class='ocrx_word' id='word_1_333' title='bbox 1208 4512 1436 4567; x_wconf 86' lang='lat' dir='ltr'>Christo</span> <span class='ocrx_word' id='word_1_334' title='bbox 1483 4528 1693 4568; x_wconf 91' lang='lat' dir='ltr'>nomen</span> <span class='ocrx_word' id='word_1_335' title='bbox 1728 4513 1885 4579; x_wconf 90' lang='lat' dir='ltr'>dedi,</span> <span class='ocrx_word' id='word_1_336' title='bbox 1918 4538 1941 4567; x_wconf 76' lang='grc' dir='ltr'><strong><em>ι</em></strong></span> 
     </span>
    </p>
   </div>
   <div class='ocr_carea' id='block_1_48' title="bbox 1651 372 2387 436">
    <p class='ocr_par' dir='ltr' id='par_1_48' title="bbox 1651 372 2387 436">
     <span class='ocr_line' id='line_1_48' title="bbox 1651 372 2387 436; baseline 0.001 -4"><span class='ocrx_word' id='word_1_337' title='bbox 1651 374 1831 436; x_wconf 85' lang='lat' dir='ltr'>Vl&#39;l‘A</span> <span class='ocrx_word' id='word_1_338' title='bbox 1879 377 1945 435; x_wconf 92' lang='lat' dir='ltr'>S.</span> <span class='ocrx_word' id='word_1_339' title='bbox 1993 372 2387 436; x_wconf 79' lang='lat' dir='ltr'>GREGORII.</span> 
     </span>
    </p>
   </div>
   <div class='ocr_carea' id='block_1_49' title="bbox 3601 379 3718 440">
    <p class='ocr_par' dir='ltr' id='par_1_49' title="bbox 3601 379 3718 440">
     <span class='ocr_line' id='line_1_49' title="bbox 3601 379 3718 440; baseline 0.017 -2"><span class='ocrx_word' id='word_1_340' title='bbox 3601 379 3718 440; x_wconf 71' lang='grc'>174</span> 
     </span>
    </p>
   </div>
   <div class='ocr_carea' id='block_1_50' title="bbox 1985 508 3717 582">
    <p class='ocr_par' dir='ltr' id='par_1_50' title="bbox 1985 508 3717 582">
     <span class='ocr_line' id='line_1_50' title="bbox 1985 508 3717 582; baseline 0.001 -20"><span class='ocrx_word' id='word_1_341' title='bbox 1985 508 2042 572; x_wconf 74' lang='grc' dir='ltr'><strong>Α</strong></span> <span class='ocrx_word' id='word_1_342' title='bbox 2070 508 2345 563; x_wconf 88' lang='lat' dir='ltr'>omnibus</span> <span class='ocrx_word' id='word_1_343' title='bbox 2375 524 2438 563; x_wconf 89' lang='lat' dir='ltr'>se</span> <span class='ocrx_word' id='word_1_344' title='bbox 2474 509 2716 575; x_wconf 81' lang='lat' dir='ltr'>exuerit,</span> <span class='ocrx_word' id='word_1_345' title='bbox 2749 510 2905 580; x_wconf 83' lang='lat' dir='ltr'>quod</span> <span class='ocrx_word' id='word_1_346' title='bbox 2949 509 3172 563; x_wconf 90' lang='lat' dir='ltr'>dudum</span> <span class='ocrx_word' id='word_1_347' title='bbox 3207 512 3514 580; x_wconf 85' lang='lat' dir='ltr'>statuerat,</span> <span class='ocrx_word' id='word_1_348' title='bbox 3545 528 3717 582; x_wconf 80' lang='grc' dir='ltr'>πρου-</span> 
     </span>
    </p>
   </div>
   <div class='ocr_carea' id='block_1_51' title="bbox 2068 593 3373 669">
    <p class='ocr_par' dir='ltr' id='par_1_51' title="bbox 2068 593 3373 669">
     <span class='ocr_line' id='line_1_51' title="bbox 2068 593 3373 669; baseline 0.005 -22"><span class='ocrx_word' id='word_1_349' title='bbox 2068 594 2237 666; x_wconf 74' lang='grc' dir='ltr'>θέμην</span> <span class='ocrx_word' id='word_1_350' title='bbox 2273 593 2446 669; x_wconf 79' lang='grc' dir='ltr'>ῥίψαι,</span> <span class='ocrx_word' id='word_1_351' title='bbox 2479 602 2542 651; x_wconf 93' lang='lat' dir='ltr'>ut</span> <span class='ocrx_word' id='word_1_352' title='bbox 2571 596 2868 653; x_wconf 89' lang='lat' dir='ltr'>Christum</span> <span class='ocrx_word' id='word_1_353' title='bbox 2899 602 3057 653; x_wconf 85' lang='lat' dir='ltr'>totus</span> <span class='ocrx_word' id='word_1_354' title='bbox 3086 598 3373 655; x_wconf 88' lang='lat' dir='ltr'>indueret.</span> 
     </span>
    </p>
   </div>
   <div class='ocr_carea' id='block_1_52' title="bbox 2068 729 3713 813">
    <p class='ocr_par' dir='ltr' id='par_1_52' title="bbox 2068 729 3713 813">
     <span class='ocr_line' id='line_1_52' title="bbox 2068 729 3713 813; baseline 0.004 -29"><span class='ocrx_word' id='word_1_355' title='bbox 2068 729 2179 784; x_wconf 88' lang='lat' dir='ltr'>LV.</span> <span class='ocrx_word' id='word_1_356' title='bbox 2212 730 2330 785; x_wconf 84' lang='lat' dir='ltr'>Non</span> <span class='ocrx_word' id='word_1_357' title='bbox 2361 730 2561 801; x_wconf 75' lang='lat' dir='ltr'>affectu</span> <span class='ocrx_word' id='word_1_358' title='bbox 2591 733 2825 791; x_wconf 86' lang='lat' dir='ltr'>tantum,</span> <span class='ocrx_word' id='word_1_359' title='bbox 2859 729 2955 813; x_wconf 68' lang='lat' dir='ltr'>sed</span> <span class='ocrx_word' id='word_1_360' title='bbox 2997 731 3183 802; x_wconf 85' lang='lat' dir='ltr'>reipsa</span> <span class='ocrx_word' id='word_1_361' title='bbox 3226 747 3284 787; x_wconf 85' lang='lat' dir='ltr'>se</span> <span class='ocrx_word' id='word_1_362' title='bbox 3335 736 3490 789; x_wconf 72' lang='lat' dir='ltr'>exuit</span> <span class='ocrx_word' id='word_1_363' title='bbox 3521 732 3713 803; x_wconf 83' lang='lat' dir='ltr'>Grego-</span> 
     </span>
    </p>
   </div>
   <div class='ocr_carea' id='block_1_53' title="bbox 2814 816 2959 858">
    <p class='ocr_par' dir='ltr' id='par_1_53' title="bbox 2814 816 2959 858">
     <span class='ocr_line' id='line_1_53' title="bbox 2814 816 2959 858; baseline 0.014 -2"><span class='ocrx_word' id='word_1_364' title='bbox 2814 816 2959 858; x_wconf 66' lang='grc' dir='ltr'>ηαδ.</span> 
     </span>
    </p>
   </div>
   <div class='ocr_carea' id='block_1_54' title="bbox 2138 906 3709 980">
    <p class='ocr_par' dir='ltr' id='par_1_54' title="bbox 2138 906 3709 980">
     <span class='ocr_line' id='line_1_54' title="bbox 2138 906 3709 980; baseline 0.003 -18"><span class='ocrx_word' id='word_1_365' title='bbox 2138 906 2252 962; x_wconf 79' lang='lat' dir='ltr'>Nec</span> <span class='ocrx_word' id='word_1_366' title='bbox 2280 923 2413 962; x_wconf 90' lang='lat' dir='ltr'>vero</span> <span class='ocrx_word' id='word_1_367' title='bbox 2445 906 2654 962; x_wconf 76' lang='lat' dir='ltr'>attactu</span> <span class='ocrx_word' id='word_1_368' title='bbox 2692 910 2942 974; x_wconf 86' lang='lat' dir='ltr'>tantum,</span> <span class='ocrx_word' id='word_1_369' title='bbox 2978 912 3043 963; x_wconf 93' lang='lat' dir='ltr'>ut</span> <span class='ocrx_word' id='word_1_370' title='bbox 3086 909 3475 980; x_wconf 90' lang='lat' dir='ltr'>quisbusdam</span> <span class='ocrx_word' id='word_1_371' title='bbox 3514 910 3709 967; x_wconf 89' lang='lat' dir='ltr'>visum</span> 
     </span>
    </p>
   </div>
   <div class='ocr_carea' id='block_1_55' title="bbox 2067 995 3709 1071">
    <p class='ocr_par' dir='ltr' id='par_1_55' title="bbox 2067 995 3709 1071">
     <span class='ocr_line' id='line_1_55' title="bbox 2067 995 3709 1071; baseline 0.004 -20"><span class='ocrx_word' id='word_1_372' title='bbox 2067 1001 2176 1064; x_wconf 91' lang='lat' dir='ltr'>est,</span> <span class='ocrx_word' id='word_1_373' title='bbox 2210 996 2310 1051; x_wconf 87' lang='lat' dir='ltr'>sed</span> <span class='ocrx_word' id='word_1_374' title='bbox 2346 995 2536 1066; x_wconf 90' lang='lat' dir='ltr'>reipsa</span> <span class='ocrx_word' id='word_1_375' title='bbox 2564 995 2840 1050; x_wconf 87' lang='lat' dir='ltr'>omnibus</span> <span class='ocrx_word' id='word_1_376' title='bbox 2861 1012 2922 1051; x_wconf 88' lang='lat' dir='ltr'>se</span> <span class='ocrx_word' id='word_1_377' title='bbox 2957 996 3126 1051; x_wconf 90' lang='lat' dir='ltr'>bonis</span> <span class='ocrx_word' id='word_1_378' title='bbox 3165 998 3327 1053; x_wconf 79' lang='lat' dir='ltr'>exuit</span> <span class='ocrx_word' id='word_1_379' title='bbox 3375 998 3709 1071; x_wconf 87' lang='lat' dir='ltr'>Gregorius.</span> 
     </span>
    </p>
   </div>
   <div class='ocr_carea' id='block_1_56' title="bbox 2070 1084 3711 1159">
    <p class='ocr_par' dir='ltr' id='par_1_56' title="bbox 2070 1084 3711 1159">
     <span class='ocr_line' id='line_1_56' title="bbox 2070 1084 3711 1159; baseline 0.001 -17"><span class='ocrx_word' id='word_1_380' title='bbox 2070 1084 2223 1142; x_wconf 86' lang='lat' dir='ltr'>Nihil</span> <span class='ocrx_word' id='word_1_381' title='bbox 2258 1088 2459 1140; x_wconf 86' lang='lat' dir='ltr'>contra</span> <span class='ocrx_word' id='word_1_382' title='bbox 2488 1101 2556 1140; x_wconf 83' lang='lat' dir='ltr'>ex</span> <span class='ocrx_word' id='word_1_383' title='bbox 2587 1084 2773 1156; x_wconf 88' lang='lat' dir='ltr'>ipsius</span> <span class='ocrx_word' id='word_1_384' title='bbox 2805 1088 3151 1141; x_wconf 85' lang='lat' dir='ltr'>testamento</span> <span class='ocrx_word' id='word_1_385' title='bbox 3182 1086 3355 1157; x_wconf 86' lang='lat' dir='ltr'>objici</span> <span class='ocrx_word' id='word_1_386' title='bbox 3388 1091 3595 1159; x_wconf 90' lang='lat' dir='ltr'>potest;</span> <span class='ocrx_word' id='word_1_387' title='bbox 3630 1088 3711 1145; x_wconf 88' lang='lat' dir='ltr'>si-</span> 
     </span>
    </p>
   </div>
   <div class='ocr_carea' id='block_1_57' title="bbox 2068 1172 3711 1249">
    <p class='ocr_par' dir='ltr' id='par_1_57' title="bbox 2068 1172 3711 1249">
     <span class='ocr_line' id='line_1_57' title="bbox 2068 1172 3711 1249; baseline 0.002 -20"><span class='ocrx_word' id='word_1_388' title='bbox 2068 1174 2328 1245; x_wconf 85' lang='lat' dir='ltr'>quidem,</span> <span class='ocrx_word' id='word_1_389' title='bbox 2359 1191 2459 1245; x_wconf 90' lang='lat' dir='ltr'>pro</span> <span class='ocrx_word' id='word_1_390' title='bbox 2490 1177 2822 1245; x_wconf 88' lang='lat' dir='ltr'>temporum</span> <span class='ocrx_word' id='word_1_391' title='bbox 2852 1172 3085 1230; x_wconf 91' lang='lat' dir='ltr'>illorum</span> <span class='ocrx_word' id='word_1_392' title='bbox 3119 1176 3561 1245; x_wconf 88' lang='lat' dir='ltr'>consuetudine,</span> <span class='ocrx_word' id='word_1_393' title='bbox 3604 1194 3711 1249; x_wconf 86' lang='lat' dir='ltr'>pa-</span> 
     </span>
    </p>
   </div>
   <div class='ocr_carea' id='block_1_58' title="bbox 2069 1258 3713 1333">
    <p class='ocr_par' dir='ltr' id='par_1_58' title="bbox 2069 1258 3713 1333">
     <span class='ocr_line' id='line_1_58' title="bbox 2069 1258 3713 1333; baseline 0.004 -19"><span class='ocrx_word' id='word_1_394' title='bbox 2069 1264 2301 1314; x_wconf 80' lang='lat' dir='ltr'>rentum</span> <span class='ocrx_word' id='word_1_395' title='bbox 2333 1259 2730 1315; x_wconf 74' lang='lat' dir='ltr'>hzsreditatem</span> <span class='ocrx_word' id='word_1_396' title='bbox 2760 1258 2872 1331; x_wconf 92' lang='lat' dir='ltr'>ipsi</span> <span class='ocrx_word' id='word_1_397' title='bbox 2895 1260 3055 1317; x_wconf 90' lang='lat' dir='ltr'>adire</span> <span class='ocrx_word' id='word_1_398' title='bbox 3077 1260 3289 1317; x_wconf 78' lang='lat' dir='ltr'>licebat</span> <span class='ocrx_word' id='word_1_399' title='bbox 3308 1262 3406 1333; x_wconf 79' lang='grc' dir='ltr'>(ο).</span> <span class='ocrx_word' id='word_1_400' title='bbox 3434 1262 3713 1320; x_wconf 69' lang='lat' dir='ltr'>Praeterea</span> 
     </span>
    </p>
   </div>
   <div class='ocr_carea' id='block_1_59' title="bbox 2070 1346 3712 1418">
    <p class='ocr_par' dir='ltr' id='par_1_59' title="bbox 2070 1346 3712 1418">
     <span class='ocr_line' id='line_1_59' title="bbox 2070 1346 3712 1418; baseline 0.002 -15"><span class='ocrx_word' id='word_1_401' title='bbox 2070 1364 2183 1403; x_wconf 91' lang='lat' dir='ltr'>non</span> <span class='ocrx_word' id='word_1_402' title='bbox 2217 1346 2431 1403; x_wconf 88' lang='lat' dir='ltr'>idcirco</span> <span class='ocrx_word' id='word_1_403' title='bbox 2469 1347 2863 1404; x_wconf 67' lang='lat' dir='ltr'>hereditatem</span> <span class='ocrx_word' id='word_1_404' title='bbox 2908 1349 3073 1418; x_wconf 87' lang='lat' dir='ltr'>adiit,</span> <span class='ocrx_word' id='word_1_405' title='bbox 3120 1353 3185 1405; x_wconf 90' lang='lat' dir='ltr'>ut</span> <span class='ocrx_word' id='word_1_406' title='bbox 3226 1366 3353 1406; x_wconf 88' lang='lat' dir='ltr'>eam</span> <span class='ocrx_word' id='word_1_407' title='bbox 3382 1350 3491 1406; x_wconf 90' lang='lat' dir='ltr'>sibi</span> <span class='ocrx_word' id='word_1_408' title='bbox 3524 1368 3712 1407; x_wconf 88' lang='lat' dir='ltr'>serva-</span> 
     </span>
    </p>
   </div>
   <div class='ocr_carea' id='block_1_60' title="bbox 2070 1436 3713 1509">
    <p class='ocr_par' dir='ltr' id='par_1_60' title="bbox 2070 1436 3713 1509">
     <span class='ocr_line' id='line_1_60' title="bbox 2070 1436 3713 1509; baseline 0.003 -18"><span class='ocrx_word' id='word_1_409' title='bbox 2070 1441 2190 1504; x_wconf 88' lang='lat' dir='ltr'>ret;</span> <span class='ocrx_word' id='word_1_410' title='bbox 2224 1437 2324 1493; x_wconf 91' lang='lat' dir='ltr'>sed</span> <span class='ocrx_word' id='word_1_411' title='bbox 2355 1439 2418 1491; x_wconf 90' lang='lat' dir='ltr'>ut</span> <span class='ocrx_word' id='word_1_412' title='bbox 2441 1436 2667 1508; x_wconf 90' lang='lat' dir='ltr'>piorum</span> <span class='ocrx_word' id='word_1_413' title='bbox 2700 1441 3028 1509; x_wconf 89' lang='lat' dir='ltr'>parentum,</span> <span class='ocrx_word' id='word_1_414' title='bbox 3071 1439 3170 1509; x_wconf 91' lang='lat' dir='ltr'>qui</span> <span class='ocrx_word' id='word_1_415' title='bbox 3222 1438 3526 1496; x_wconf 85' lang='lat' dir='ltr'>facultates</span> <span class='ocrx_word' id='word_1_416' title='bbox 3574 1456 3713 1496; x_wconf 88' lang='lat' dir='ltr'>suas</span> 
     </span>
    </p>
   </div>
   <div class='ocr_carea' id='block_1_61' title="bbox 2070 1524 3715 1598">
    <p class='ocr_par' dir='ltr' id='par_1_61' title="bbox 2070 1524 3715 1598">
     <span class='ocr_line' id='line_1_61' title="bbox 2070 1524 3715 1598; baseline 0.001 -17"><span class='ocrx_word' id='word_1_417' title='bbox 2070 1524 2427 1597; x_wconf 90' lang='lat' dir='ltr'>pauperibus</span> <span class='ocrx_word' id='word_1_418' title='bbox 2458 1525 2783 1597; x_wconf 78' lang='lat' dir='ltr'>erogandae</span> <span class='ocrx_word' id='word_1_419' title='bbox 2815 1525 3185 1598; x_wconf 90' lang='lat' dir='ltr'>reliquerant,</span> <span class='ocrx_word' id='word_1_420' title='bbox 3204 1532 3493 1585; x_wconf 81' lang='lat' dir='ltr'>extremas</span> <span class='ocrx_word' id='word_1_421' title='bbox 3517 1527 3715 1584; x_wconf 85' lang='lat' dir='ltr'>volun-</span> 
     </span>
    </p>
   </div>
   <div class='ocr_carea' id='block_1_62' title="bbox 2068 1613 3711 1689">
    <p class='ocr_par' dir='ltr' id='par_1_62' title="bbox 2068 1613 3711 1689">
     <span class='ocr_line' id='line_1_62' title="bbox 2068 1613 3711 1689; baseline 0.003 -21"><span class='ocrx_word' id='word_1_422' title='bbox 2068 1618 2217 1670; x_wconf 87' lang='lat' dir='ltr'>tates</span> <span class='ocrx_word' id='word_1_423' title='bbox 2249 1618 2679 1685; x_wconf 86' lang='lat' dir='ltr'>exsequeretur.</span> <span class='ocrx_word' id='word_1_424' title='bbox 2715 1613 3087 1680; x_wconf 86' lang='lat' dir='ltr'>Quinimo,ne</span> <span class='ocrx_word' id='word_1_425' title='bbox 3117 1616 3176 1670; x_wconf 92' lang='lat' dir='ltr'>in</span> <span class='ocrx_word' id='word_1_426' title='bbox 3210 1617 3549 1689; x_wconf 88' lang='lat' dir='ltr'>episcopatu</span> <span class='ocrx_word' id='word_1_427' title='bbox 3580 1618 3711 1689; x_wconf 88' lang='lat' dir='ltr'>qui-</span> 
     </span>
    </p>
   </div>
   <div class='ocr_carea' id='block_1_63' title="bbox 2069 1702 3715 1778">
    <p class='ocr_par' dir='ltr' id='par_1_63' title="bbox 2069 1702 3715 1778">
     <span class='ocr_line' id='line_1_63' title="bbox 2069 1702 3715 1778; baseline 0.003 -21"><span class='ocrx_word' id='word_1_428' title='bbox 2069 1702 2201 1757; x_wconf 90' lang='lat' dir='ltr'>dem</span> <span class='ocrx_word' id='word_1_429' title='bbox 2234 1704 2430 1757; x_wconf 85' lang='lat' dir='ltr'>minus</span> <span class='ocrx_word' id='word_1_430' title='bbox 2462 1718 2683 1774; x_wconf 91' lang='lat' dir='ltr'>pauper</span> <span class='ocrx_word' id='word_1_431' title='bbox 2708 1703 2948 1758; x_wconf 83' lang='lat' dir='ltr'>exstitit.</span> <span class='ocrx_word' id='word_1_432' title='bbox 2976 1704 3182 1759; x_wconf 85' lang='lat' dir='ltr'>Factus</span> <span class='ocrx_word' id='word_1_433' title='bbox 3204 1704 3566 1761; x_wconf 89' lang='lat' dir='ltr'>Sasimorum</span> <span class='ocrx_word' id='word_1_434' title='bbox 3593 1706 3715 1778; x_wconf 88' lang='lat' dir='ltr'>epi-</span> 
     </span>
    </p>
   </div>
   <div class='ocr_carea' id='block_1_64' title="bbox 2070 1792 3712 1865">
    <p class='ocr_par' dir='ltr' id='par_1_64' title="bbox 2070 1792 3712 1865">
     <span class='ocr_line' id='line_1_64' title="bbox 2070 1792 3712 1865; baseline 0.003 -20"><span class='ocrx_word' id='word_1_435' title='bbox 2070 1807 2427 1861; x_wconf 89' lang='lat' dir='ltr'>scopus,nec</span> <span class='ocrx_word' id='word_1_436' title='bbox 2450 1808 2657 1862; x_wconf 91' lang='lat' dir='ltr'>panem</span> <span class='ocrx_word' id='word_1_437' title='bbox 2700 1792 2936 1863; x_wconf 90' lang='lat' dir='ltr'>quidem</span> <span class='ocrx_word' id='word_1_438' title='bbox 2960 1792 3172 1847; x_wconf 86' lang='lat' dir='ltr'>habere</span> <span class='ocrx_word' id='word_1_439' title='bbox 3203 1809 3265 1847; x_wconf 92' lang='lat' dir='ltr'>se</span> <span class='ocrx_word' id='word_1_440' title='bbox 3296 1794 3378 1848; x_wconf 91' lang='lat' dir='ltr'>ait</span> <span class='ocrx_word' id='word_1_441' title='bbox 3407 1794 3509 1865; x_wconf 83' lang='lat' dir='ltr'>(Ii),</span> <span class='ocrx_word' id='word_1_442' title='bbox 3540 1810 3712 1865; x_wconf 89' lang='lat' dir='ltr'>quem</span> 
     </span>
    </p>
   </div>
   <div class='ocr_carea' id='block_1_65' title="bbox 2957 1875 3713 1953">
    <p class='ocr_par' dir='ltr' id='par_1_65' title="bbox 2957 1875 3713 1953">
     <span class='ocr_line' id='line_1_65' title="bbox 2957 1875 3713 1953; baseline 0.009 -21"><span class='ocrx_word' id='word_1_443' title='bbox 2957 1875 3091 1951; x_wconf 68' lang='grc' dir='ltr'>ἕξων</span> <span class='ocrx_word' id='word_1_444' title='bbox 3120 1883 3199 1951; x_wconf 79' lang='grc' dir='ltr'>τῷ</span> <span class='ocrx_word' id='word_1_445' title='bbox 3232 1877 3366 1953; x_wconf 78' lang='grc' dir='ltr'>ξένῳ</span> <span class='ocrx_word' id='word_1_446' title='bbox 3406 1878 3713 1939; x_wconf 72' lang='grc' dir='ltr'>διακλάσαι.</span> 
     </span>
    </p>
   </div>
   <div class='ocr_carea' id='block_1_66' title="bbox 2066 1968 3716 2041">
    <p class='ocr_par' dir='ltr' id='par_1_66' title="bbox 2066 1968 3716 2041">
     <span class='ocr_line' id='line_1_66' title="bbox 2066 1968 3716 2041; baseline 0.004 -19"><span class='ocrx_word' id='word_1_447' title='bbox 2066 1968 2265 2040; x_wconf 90' lang='lat' dir='ltr'>Neque</span> <span class='ocrx_word' id='word_1_448' title='bbox 2305 1968 2479 2024; x_wconf 87' lang='lat' dir='ltr'>ditior</span> <span class='ocrx_word' id='word_1_449' title='bbox 2508 1970 2617 2023; x_wconf 83' lang='lat' dir='ltr'>fuit</span> <span class='ocrx_word' id='word_1_450' title='bbox 2646 1969 3164 2041; x_wconf 88' lang='lat' dir='ltr'>Constantinopoli.</span> <span class='ocrx_word' id='word_1_451' title='bbox 3189 1992 3216 2021; x_wconf 78' lang='grc' dir='ltr'>α</span> <span class='ocrx_word' id='word_1_452' title='bbox 3242 1970 3545 2039; x_wconf 80' lang='lat' dir='ltr'>Pecunias,</span> <span class='ocrx_word' id='word_1_453' title='bbox 3568 1994 3596 2022; x_wconf 82' lang='lat'><strong>»</strong></span> <span class='ocrx_word' id='word_1_454' title='bbox 3628 1972 3716 2028; x_wconf 90' lang='lat' dir='ltr'>in-</span> 
     </span>
    </p>
   </div>
   <div class='ocr_carea' id='block_1_67' title="bbox 2068 2057 3716 2132">
    <p class='ocr_par' dir='ltr' id='par_1_67' title="bbox 2068 2057 3716 2132">
     <span class='ocr_line' id='line_1_67' title="bbox 2068 2057 3716 2132; baseline 0.004 -21"><span class='ocrx_word' id='word_1_455' title='bbox 2068 2058 2195 2127; x_wconf 89' lang='lat' dir='ltr'>quit</span> <span class='ocrx_word' id='word_1_456' title='bbox 2233 2058 2320 2128; x_wconf 90' lang='lat' dir='ltr'>(i),</span> <span class='ocrx_word' id='word_1_457' title='bbox 2370 2081 2397 2107; x_wconf 86' lang='lat'><strong>«</strong></span> <span class='ocrx_word' id='word_1_458' title='bbox 2432 2057 2720 2129; x_wconf 79' lang='lat' dir='ltr'>eripient?</span> <span class='ocrx_word' id='word_1_459' title='bbox 2776 2058 2834 2113; x_wconf 89' lang='lat' dir='ltr'>Si</span> <span class='ocrx_word' id='word_1_460' title='bbox 2882 2074 3043 2114; x_wconf 89' lang='lat' dir='ltr'>meas</span> <span class='ocrx_word' id='word_1_461' title='bbox 3074 2059 3333 2130; x_wconf 90' lang='lat' dir='ltr'>quidem,</span> <span class='ocrx_word' id='word_1_462' title='bbox 3368 2060 3479 2132; x_wconf 90' lang='lat' dir='ltr'>ipsi</span> <span class='ocrx_word' id='word_1_463' title='bbox 3511 2061 3716 2117; x_wconf 87' lang='lat' dir='ltr'>eadem</span> 
     </span>
    </p>
   </div>
   <div class='ocr_carea' id='block_1_68' title="bbox 2066 2145 3714 2217">
    <p class='ocr_par' dir='ltr' id='par_1_68' title="bbox 2066 2145 3714 2217">
     <span class='ocr_line' id='line_1_68' title="bbox 2066 2145 3714 2217; baseline 0.002 -16"><span class='ocrx_word' id='word_1_464' title='bbox 2066 2162 2241 2217; x_wconf 89' lang='lat' dir='ltr'>opera</span> <span class='ocrx_word' id='word_1_465' title='bbox 2270 2163 2494 2217; x_wconf 90' lang='lat' dir='ltr'>pennas</span> <span class='ocrx_word' id='word_1_466' title='bbox 2525 2145 2724 2216; x_wconf 87' lang='lat' dir='ltr'>etiam,</span> <span class='ocrx_word' id='word_1_467' title='bbox 2757 2147 2973 2217; x_wconf 87' lang='lat' dir='ltr'>quibus</span> <span class='ocrx_word' id='word_1_468' title='bbox 3006 2147 3247 2202; x_wconf 89' lang='lat' dir='ltr'>minime</span> <span class='ocrx_word' id='word_1_469' title='bbox 3288 2148 3527 2204; x_wconf 88' lang='lat' dir='ltr'>indutus</span> <span class='ocrx_word' id='word_1_470' title='bbox 3559 2165 3714 2217; x_wconf 89' lang='lat' dir='ltr'>sum,</span> 
     </span>
    </p>
   </div>
   <div class='ocr_carea' id='block_1_69' title="bbox 2068 2234 3720 2308">
    <p class='ocr_par' dir='ltr' id='par_1_69' title="bbox 2068 2234 3720 2308">
     <span class='ocr_line' id='line_1_69' title="bbox 2068 2234 3720 2308; baseline 0.002 -19"><span class='ocrx_word' id='word_1_471' title='bbox 2068 2234 2433 2289; x_wconf 87' lang='lat' dir='ltr'>abscindanl.</span> <span class='ocrx_word' id='word_1_472' title='bbox 2469 2258 2490 2287; x_wconf 78' lang='grc' dir='ltr'><strong><em>ι</em></strong></span> <span class='ocrx_word' id='word_1_473' title='bbox 2532 2236 2590 2289; x_wconf 93' lang='lat' dir='ltr'>In</span> <span class='ocrx_word' id='word_1_474' title='bbox 2624 2234 2909 2306; x_wconf 88' lang='lat' dir='ltr'>carmine,</span> <span class='ocrx_word' id='word_1_475' title='bbox 2930 2250 3042 2305; x_wconf 91' lang='lat' dir='ltr'>quo</span> <span class='ocrx_word' id='word_1_476' title='bbox 3064 2234 3366 2292; x_wconf 85' lang='lat' dir='ltr'>Julianum</span> <span class='ocrx_word' id='word_1_477' title='bbox 3389 2241 3720 2308; x_wconf 61' lang='lat' dir='ltr'>aequato-</span> 
     </span>
    </p>
   </div>
   <div class='ocr_carea' id='block_1_70' title="bbox 2068 2322 3713 2397">
    <p class='ocr_par' dir='ltr' id='par_1_70' title="bbox 2068 2322 3713 2397">
     <span class='ocr_line' id='line_1_70' title="bbox 2068 2322 3713 2397; baseline 0.003 -20"><span class='ocrx_word' id='word_1_478' title='bbox 2068 2340 2188 2378; x_wconf 90' lang='lat' dir='ltr'>rem</span> <span class='ocrx_word' id='word_1_479' title='bbox 2224 2327 2406 2395; x_wconf 90' lang='lat' dir='ltr'>rogat,</span> <span class='ocrx_word' id='word_1_480' title='bbox 2441 2327 2502 2378; x_wconf 89' lang='lat' dir='ltr'>ut</span> <span class='ocrx_word' id='word_1_481' title='bbox 2534 2340 2653 2378; x_wconf 88' lang='lat' dir='ltr'>rem</span> <span class='ocrx_word' id='word_1_482' title='bbox 2687 2322 3036 2379; x_wconf 78' lang='lat' dir='ltr'>familiarem</span> <span class='ocrx_word' id='word_1_483' title='bbox 3069 2324 3453 2397; x_wconf 86' lang='lat' dir='ltr'>vectigalibus</span> <span class='ocrx_word' id='word_1_484' title='bbox 3476 2326 3713 2395; x_wconf 80' lang='lat' dir='ltr'>eximat,</span> 
     </span>
    </p>
   </div>
   <div class='ocr_carea' id='block_1_71' title="bbox 2070 2412 3714 2485">
    <p class='ocr_par' dir='ltr' id='par_1_71' title="bbox 2070 2412 3714 2485">
     <span class='ocr_line' id='line_1_71' title="bbox 2070 2412 3714 2485; baseline 0.002 -18"><span class='ocrx_word' id='word_1_485' title='bbox 2070 2412 2225 2483; x_wconf 85' lang='lat' dir='ltr'>ait(j)</span> <span class='ocrx_word' id='word_1_486' title='bbox 2242 2429 2382 2467; x_wconf 89' lang='lat' dir='ltr'>suas</span> <span class='ocrx_word' id='word_1_487' title='bbox 2404 2429 2465 2468; x_wconf 89' lang='lat' dir='ltr'>se</span> <span class='ocrx_word' id='word_1_488' title='bbox 2487 2428 2626 2484; x_wconf 91' lang='lat' dir='ltr'>opes</span> <span class='ocrx_word' id='word_1_489' title='bbox 2656 2413 3031 2485; x_wconf 83' lang='lat' dir='ltr'>pauperibus,</span> <span class='ocrx_word' id='word_1_490' title='bbox 3064 2414 3258 2470; x_wconf 88' lang='lat' dir='ltr'>studio</span> <span class='ocrx_word' id='word_1_491' title='bbox 3294 2415 3542 2471; x_wconf 67' lang='lat' dir='ltr'>ferenda</span> <span class='ocrx_word' id='word_1_492' title='bbox 3582 2431 3714 2471; x_wconf 88' lang='lat' dir='ltr'>cru-</span> 
     </span>
    </p>
   </div>
   <div class='ocr_carea' id='block_1_72' title="bbox 2068 2500 3719 2576">
    <p class='ocr_par' dir='ltr' id='par_1_72' title="bbox 2068 2500 3719 2576">
     <span class='ocr_line' id='line_1_72' title="bbox 2068 2500 3719 2576; baseline 0.002 -19"><span class='ocrx_word' id='word_1_493' title='bbox 2068 2500 2173 2569; x_wconf 87' lang='lat' dir='ltr'>cis,</span> <span class='ocrx_word' id='word_1_494' title='bbox 2195 2518 2487 2573; x_wconf 83' lang='lat' dir='ltr'>erogasse,</span> <span class='ocrx_word' id='word_1_495' title='bbox 2513 2517 2728 2573; x_wconf 89' lang='lat' dir='ltr'>easque</span> <span class='ocrx_word' id='word_1_496' title='bbox 2757 2518 3129 2558; x_wconf 89' lang='lat' dir='ltr'>communem</span> <span class='ocrx_word' id='word_1_497' title='bbox 3160 2503 3568 2575; x_wconf 89' lang='lat' dir='ltr'>navigantibus</span> <span class='ocrx_word' id='word_1_498' title='bbox 3590 2520 3719 2576; x_wconf 90' lang='lat' dir='ltr'>por-</span> 
     </span>
    </p>
   </div>
   <div class='ocr_carea' id='block_1_73' title="bbox 2066 2590 3715 2662">
    <p class='ocr_par' dir='ltr' id='par_1_73' title="bbox 2066 2590 3715 2662">
     <span class='ocr_line' id='line_1_73' title="bbox 2066 2590 3715 2662; baseline 0.002 -17"><span class='ocrx_word' id='word_1_499' title='bbox 2066 2595 2193 2646; x_wconf 88' lang='lat' dir='ltr'>tum</span> <span class='ocrx_word' id='word_1_500' title='bbox 2222 2607 2371 2661; x_wconf 89' lang='lat' dir='ltr'>esse,</span> <span class='ocrx_word' id='word_1_501' title='bbox 2404 2606 2715 2646; x_wconf 90' lang='lat' dir='ltr'>commune</span> <span class='ocrx_word' id='word_1_502' title='bbox 2746 2590 3147 2662; x_wconf 78' lang='lat' dir='ltr'>indigentibus</span> <span class='ocrx_word' id='word_1_503' title='bbox 3180 2591 3483 2647; x_wconf 80' lang='lat' dir='ltr'>auxilium.</span> <span class='ocrx_word' id='word_1_504' title='bbox 3506 2591 3633 2648; x_wconf 85' lang='lat' dir='ltr'>Alio</span> <span class='ocrx_word' id='word_1_505' title='bbox 3654 2592 3715 2649; x_wconf 89' lang='lat' dir='ltr'>in</span> 
     </span>
    </p>
   </div>
   <div class='ocr_carea' id='block_1_74' title="bbox 2067 2678 3717 2752">
    <p class='ocr_par' dir='ltr' id='par_1_74' title="bbox 2067 2678 3717 2752">
     <span class='ocr_line' id='line_1_74' title="bbox 2067 2678 3717 2752; baseline 0.001 -17"><span class='ocrx_word' id='word_1_506' title='bbox 2067 2679 2326 2735; x_wconf 86' lang='lat' dir='ltr'>carmine</span> <span class='ocrx_word' id='word_1_507' title='bbox 2355 2679 2431 2751; x_wconf 87' lang='lat' dir='ltr'>(k)</span> <span class='ocrx_word' id='word_1_508' title='bbox 2463 2696 2525 2734; x_wconf 90' lang='lat' dir='ltr'>se</span> <span class='ocrx_word' id='word_1_509' title='bbox 2557 2680 2680 2751; x_wconf 90' lang='lat' dir='ltr'>ipse</span> <span class='ocrx_word' id='word_1_510' title='bbox 2723 2678 3089 2750; x_wconf 88' lang='lat' dir='ltr'>interrogans</span> <span class='ocrx_word' id='word_1_511' title='bbox 3134 2679 3233 2735; x_wconf 91' lang='lat' dir='ltr'>ubi</span> <span class='ocrx_word' id='word_1_512' title='bbox 3266 2680 3385 2735; x_wconf 93' lang='lat' dir='ltr'>sint</span> <span class='ocrx_word' id='word_1_513' title='bbox 3427 2697 3590 2752; x_wconf 90' lang='lat' dir='ltr'>opes,</span> <span class='ocrx_word' id='word_1_514' title='bbox 3619 2697 3717 2737; x_wconf 89' lang='lat' dir='ltr'>re-</span> 
     </span>
    </p>
   </div>
   <div class='ocr_carea' id='block_1_75' title="bbox 2066 2768 3717 2840">
    <p class='ocr_par' dir='ltr' id='par_1_75' title="bbox 2066 2768 3717 2840">
     <span class='ocr_line' id='line_1_75' title="bbox 2066 2768 3717 2840; baseline 0.001 -16"><span class='ocrx_word' id='word_1_515' title='bbox 2066 2769 2315 2840; x_wconf 83' lang='lat' dir='ltr'>spondet</span> <span class='ocrx_word' id='word_1_516' title='bbox 2343 2784 2355 2823; x_wconf 89' lang='lat'>:</span> <span class='ocrx_word' id='word_1_517' title='bbox 2381 2768 2652 2823; x_wconf 78' lang='lat' dir='ltr'>«Partem</span> <span class='ocrx_word' id='word_1_518' title='bbox 2682 2770 2830 2823; x_wconf 89' lang='lat' dir='ltr'>Deus</span> <span class='ocrx_word' id='word_1_519' title='bbox 2851 2768 3047 2835; x_wconf 90' lang='lat' dir='ltr'>habet,</span> <span class='ocrx_word' id='word_1_520' title='bbox 3073 2772 3300 2840; x_wconf 85' lang='lat' dir='ltr'>partem</span> <span class='ocrx_word' id='word_1_521' title='bbox 3328 2770 3569 2824; x_wconf 90' lang='lat' dir='ltr'>alteram</span> <span class='ocrx_word' id='word_1_522' title='bbox 3597 2786 3717 2826; x_wconf 85' lang='lat' dir='ltr'>sce-</span> 
     </span>
    </p>
   </div>
   <div class='ocr_carea' id='block_1_76' title="bbox 2065 2856 3715 2928">
    <p class='ocr_par' dir='ltr' id='par_1_76' title="bbox 2065 2856 3715 2928">
     <span class='ocr_line' id='line_1_76' title="bbox 2065 2856 3715 2928; baseline 0.001 -17"><span class='ocrx_word' id='word_1_523' title='bbox 2065 2856 2287 2912; x_wconf 89' lang='lat' dir='ltr'>leratus</span> <span class='ocrx_word' id='word_1_524' title='bbox 2320 2857 2463 2912; x_wconf 91' lang='lat' dir='ltr'>livor</span> <span class='ocrx_word' id='word_1_525' title='bbox 2485 2856 2794 2928; x_wconf 91' lang='lat' dir='ltr'>rapacibus</span> <span class='ocrx_word' id='word_1_526' title='bbox 2817 2857 3090 2912; x_wconf 88' lang='lat' dir='ltr'>manibus</span> <span class='ocrx_word' id='word_1_527' title='bbox 3122 2856 3419 2912; x_wconf 80' lang='lat' dir='ltr'>tradidit.»</span> <span class='ocrx_word' id='word_1_528' title='bbox 3442 2857 3715 2913; x_wconf 89' lang='lat' dir='ltr'>Scrihens</span> 
     </span>
    </p>
   </div>
   <div class='ocr_carea' id='block_1_77' title="bbox 2066 2944 3716 3017">
    <p class='ocr_par' dir='ltr' id='par_1_77' title="bbox 2066 2944 3716 3017">
     <span class='ocr_line' id='line_1_77' title="bbox 2066 2944 3716 3017; baseline 0.001 -16"><span class='ocrx_word' id='word_1_529' title='bbox 2066 2946 2254 3001; x_wconf 88' lang='lat' dir='ltr'>amico</span> <span class='ocrx_word' id='word_1_530' title='bbox 2282 2946 2381 3016; x_wconf 89' lang='lat' dir='ltr'>qui</span> <span class='ocrx_word' id='word_1_531' title='bbox 2416 2944 2727 3000; x_wconf 86' lang='lat' dir='ltr'>nonnullos</span> <span class='ocrx_word' id='word_1_532' title='bbox 2756 2945 2828 3000; x_wconf 90' lang='lat' dir='ltr'>ab</span> <span class='ocrx_word' id='word_1_533' title='bbox 2859 2961 2926 3000; x_wconf 92' lang='lat' dir='ltr'>eo</span> <span class='ocrx_word' id='word_1_534' title='bbox 2974 2944 3155 3001; x_wconf 89' lang='lat' dir='ltr'>libros</span> <span class='ocrx_word' id='word_1_535' title='bbox 3202 2950 3569 3017; x_wconf 88' lang='lat' dir='ltr'>poposcerat,</span> <span class='ocrx_word' id='word_1_536' title='bbox 3621 2945 3716 3004; x_wconf 91' lang='lat' dir='ltr'>his</span> 
     </span>
    </p>
   </div>
   <div class='ocr_carea' id='block_1_78' title="bbox 2064 3032 3716 3105">
    <p class='ocr_par' dir='ltr' id='par_1_78' title="bbox 2064 3032 3716 3105">
     <span class='ocr_line' id='line_1_78' title="bbox 2064 3032 3716 3105; baseline -0.001 -12"><span class='ocrx_word' id='word_1_537' title='bbox 2064 3053 2199 3093; x_wconf 90' lang='lat' dir='ltr'>eum</span> <span class='ocrx_word' id='word_1_538' title='bbox 2234 3034 2426 3091; x_wconf 88' lang='lat' dir='ltr'>verbis</span> <span class='ocrx_word' id='word_1_539' title='bbox 2459 3032 2779 3105; x_wconf 89' lang='lat' dir='ltr'>alloquitur</span> <span class='ocrx_word' id='word_1_540' title='bbox 2810 3034 2870 3105; x_wconf 81' lang='lat' dir='ltr'>lt)</span> <span class='ocrx_word' id='word_1_541' title='bbox 2905 3050 2918 3089; x_wconf 91' lang='lat'><strong>:</strong></span> <span class='ocrx_word' id='word_1_542' title='bbox 2956 3055 2983 3084; x_wconf 82' lang='lat'><strong>«</strong></span> <span class='ocrx_word' id='word_1_543' title='bbox 3020 3035 3179 3101; x_wconf 88' lang='lat' dir='ltr'>Quod</span> <span class='ocrx_word' id='word_1_544' title='bbox 3232 3033 3282 3090; x_wconf 92' lang='lat' dir='ltr'>si</span> <span class='ocrx_word' id='word_1_545' title='bbox 3332 3033 3438 3090; x_wconf 92' lang='lat' dir='ltr'>tibi</span> <span class='ocrx_word' id='word_1_546' title='bbox 3486 3033 3716 3091; x_wconf 88' lang='lat' dir='ltr'>videtur</span> 
     </span>
    </p>
   </div>
   <div class='ocr_carea' id='block_1_79' title="bbox 2066 3122 3709 3197">
    <p class='ocr_par' dir='ltr' id='par_1_79' title="bbox 2066 3122 3709 3197">
     <span class='ocr_line' id='line_1_79' title="bbox 2066 3122 3709 3197; baseline -0.001 -16"><span class='ocrx_word' id='word_1_547' title='bbox 2066 3124 2307 3181; x_wconf 89' lang='lat' dir='ltr'>minime</span> <span class='ocrx_word' id='word_1_548' title='bbox 2338 3123 2807 3196; x_wconf 81' lang='lat' dir='ltr'>phi1080phicum</span> <span class='ocrx_word' id='word_1_549' title='bbox 2841 3139 2970 3178; x_wconf 89' lang='lat' dir='ltr'>esse</span> <span class='ocrx_word' id='word_1_550' title='bbox 3000 3122 3279 3179; x_wconf 88' lang='lat' dir='ltr'>librorum</span> <span class='ocrx_word' id='word_1_551' title='bbox 3314 3123 3569 3196; x_wconf 89' lang='lat' dir='ltr'>pretium</span> <span class='ocrx_word' id='word_1_552' title='bbox 3600 3140 3709 3197; x_wconf 86' lang='lat' dir='ltr'>po-</span> 
     </span>
    </p>
   </div>
   <div class='ocr_carea' id='block_1_80' title="bbox 1982 3210 3709 3287">
    <p class='ocr_par' dir='ltr' id='par_1_80' title="bbox 1982 3210 3709 3287">
     <span class='ocr_line' id='line_1_80' title="bbox 1982 3210 3709 3287; baseline -0.002 -16"><span class='ocrx_word' id='word_1_553' title='bbox 1982 3220 2025 3287; x_wconf 83' lang='lat' dir='ltr'>C</span> <span class='ocrx_word' id='word_1_554' title='bbox 2065 3213 2300 3281; x_wconf 86' lang='lat' dir='ltr'>stulare,</span> <span class='ocrx_word' id='word_1_555' title='bbox 2335 3216 2398 3268; x_wconf 90' lang='lat' dir='ltr'>tu</span> <span class='ocrx_word' id='word_1_556' title='bbox 2422 3210 2565 3267; x_wconf 87' lang='lat' dir='ltr'>mihi</span> <span class='ocrx_word' id='word_1_557' title='bbox 2601 3210 2905 3283; x_wconf 90' lang='lat' dir='ltr'>pecuniam</span> <span class='ocrx_word' id='word_1_558' title='bbox 2948 3210 3125 3278; x_wconf 89' lang='lat' dir='ltr'>solve,</span> <span class='ocrx_word' id='word_1_559' title='bbox 3175 3212 3563 3283; x_wconf 85' lang='lat' dir='ltr'>objectionem</span> <span class='ocrx_word' id='word_1_560' title='bbox 3608 3230 3709 3268; x_wconf 86' lang='lat' dir='ltr'>au-</span> 
     </span>
    </p>
   </div>
   <div class='ocr_carea' id='block_1_81' title="bbox 2060 3300 3711 3372">
    <p class='ocr_par' dir='ltr' id='par_1_81' title="bbox 2060 3300 3711 3372">
     <span class='ocr_line' id='line_1_81' title="bbox 2060 3300 3711 3372; baseline -0.002 -12"><span class='ocrx_word' id='word_1_561' title='bbox 2060 3309 2178 3360; x_wconf 89' lang='lat' dir='ltr'>tem</span> <span class='ocrx_word' id='word_1_562' title='bbox 2212 3306 2375 3357; x_wconf 89' lang='lat' dir='ltr'>tuam</span> <span class='ocrx_word' id='word_1_563' title='bbox 2408 3300 2631 3356; x_wconf 86' lang='lat' dir='ltr'>solvent</span> <span class='ocrx_word' id='word_1_564' title='bbox 2661 3316 2963 3371; x_wconf 87' lang='lat' dir='ltr'>pauperes.</span> <span class='ocrx_word' id='word_1_565' title='bbox 2994 3319 3021 3350; x_wconf 79' lang='grc' dir='ltr'><strong>ιι</strong></span> <span class='ocrx_word' id='word_1_566' title='bbox 3060 3302 3193 3365; x_wconf 67' lang='lat' dir='ltr'>Quis</span> <span class='ocrx_word' id='word_1_567' title='bbox 3225 3300 3462 3372; x_wconf 88' lang='lat' dir='ltr'>quidem</span> <span class='ocrx_word' id='word_1_568' title='bbox 3512 3301 3711 3357; x_wconf 81' lang='lat' dir='ltr'>omnia</span> 
     </span>
    </p>
   </div>
   <div class='ocr_carea' id='block_1_82' title="bbox 2060 3388 3707 3465">
    <p class='ocr_par' dir='ltr' id='par_1_82' title="bbox 2060 3388 3707 3465">
     <span class='ocr_line' id='line_1_82' title="bbox 2060 3388 3707 3465; baseline -0.002 -16"><span class='ocrx_word' id='word_1_569' title='bbox 2060 3391 2402 3465; x_wconf 90' lang='lat' dir='ltr'>Gregorium</span> <span class='ocrx_word' id='word_1_570' title='bbox 2435 3388 2711 3445; x_wconf 91' lang='lat' dir='ltr'>omnibus</span> <span class='ocrx_word' id='word_1_571' title='bbox 2739 3404 2803 3445; x_wconf 86' lang='lat' dir='ltr'>se</span> <span class='ocrx_word' id='word_1_572' title='bbox 2834 3388 3207 3445; x_wconf 82' lang='lat' dir='ltr'>facultatibus</span> <span class='ocrx_word' id='word_1_573' title='bbox 3236 3388 3707 3461; x_wconf 85' lang='lat' dir='ltr'>exuisseliquido</span> 
     </span>
    </p>
   </div>
   <div class='ocr_carea' id='block_1_83' title="bbox 2060 3483 2482 3537">
    <p class='ocr_par' dir='ltr' id='par_1_83' title="bbox 2060 3483 2482 3537">
     <span class='ocr_line' id='line_1_83' title="bbox 2060 3483 2482 3537; baseline -0.009 0"><span class='ocrx_word' id='word_1_574' title='bbox 2060 3483 2482 3537; x_wconf 90' lang='lat' dir='ltr'>demonstrant.</span> 
     </span>
    </p>
   </div>
   <div class='ocr_carea' id='block_1_84' title="bbox 2062 3574 3698 3647">
    <p class='ocr_par' dir='ltr' id='par_1_84' title="bbox 2062 3574 3698 3647">
     <span class='ocr_line' id='line_1_84' title="bbox 2062 3574 3698 3647; baseline -0.001 -14"><span class='ocrx_word' id='word_1_575' title='bbox 2062 3578 2373 3634; x_wconf 86' lang='lat' dir='ltr'>LVI-LVII.</span> <span class='ocrx_word' id='word_1_576' title='bbox 2410 3576 2627 3640; x_wconf 81' lang='lat' dir='ltr'>Omnia,</span> <span class='ocrx_word' id='word_1_577' title='bbox 2662 3575 2882 3631; x_wconf 84' lang='lat' dir='ltr'>litteras</span> <span class='ocrx_word' id='word_1_578' title='bbox 2921 3590 3150 3647; x_wconf 86' lang='lat' dir='ltr'>quoque,</span> <span class='ocrx_word' id='word_1_579' title='bbox 3212 3574 3422 3631; x_wconf 79' lang='lat' dir='ltr'>Christo</span> <span class='ocrx_word' id='word_1_580' title='bbox 3456 3574 3698 3647; x_wconf 71' lang='lat' dir='ltr'>dimisit.</span> 
     </span>
    </p>
   </div>
   <div class='ocr_carea' id='block_1_85' title="bbox 2130 3645 3700 3716">
    <p class='ocr_par' dir='ltr' id='par_1_85' title="bbox 2130 3645 3700 3716">
     <span class='ocr_line' id='line_1_85' title="bbox 2130 3645 3700 3716; baseline -0.001 -12"><span class='ocrx_word' id='word_1_581' title='bbox 2130 3650 2253 3705; x_wconf 85' lang='lat' dir='ltr'>Alia</span> <span class='ocrx_word' id='word_1_582' title='bbox 2284 3664 2447 3714; x_wconf 87' lang='lat' dir='ltr'>vana,</span> <span class='ocrx_word' id='word_1_583' title='bbox 2481 3647 2601 3702; x_wconf 76' lang='lat' dir='ltr'>alia</span> <span class='ocrx_word' id='word_1_584' title='bbox 2632 3652 2708 3701; x_wconf 88' lang='lat' dir='ltr'>est</span> <span class='ocrx_word' id='word_1_585' title='bbox 2737 3648 2895 3701; x_wconf 76' lang='lat' dir='ltr'>utilis</span> <span class='ocrx_word' id='word_1_586' title='bbox 2921 3645 3251 3716; x_wconf 77' lang='lat' dir='ltr'>eloquentia,</span> <span class='ocrx_word' id='word_1_587' title='bbox 3281 3645 3506 3716; x_wconf 85' lang='lat' dir='ltr'>famula</span> <span class='ocrx_word' id='word_1_588' title='bbox 3530 3647 3700 3703; x_wconf 86' lang='lat' dir='ltr'>verbi.</span> 
     </span>
    </p>
   </div>
   <div class='ocr_carea' id='block_1_86' title="bbox 2133 3719 3697 3788">
    <p class='ocr_par' dir='ltr' id='par_1_86' title="bbox 2133 3719 3697 3788">
     <span class='ocr_line' id='line_1_86' title="bbox 2133 3719 3697 3788; baseline -0.001 -13"><span class='ocrx_word' id='word_1_589' title='bbox 2133 3725 2289 3776; x_wconf 81' lang='lat' dir='ltr'>Hanc</span> <span class='ocrx_word' id='word_1_590' title='bbox 2311 3720 2419 3773; x_wconf 83' lang='lat' dir='ltr'>sibi</span> <span class='ocrx_word' id='word_1_591' title='bbox 2446 3722 2494 3772; x_wconf 82' lang='lat' dir='ltr'>et</span> <span class='ocrx_word' id='word_1_592' title='bbox 2522 3719 2720 3772; x_wconf 82' lang='lat' dir='ltr'>amicis</span> <span class='ocrx_word' id='word_1_593' title='bbox 2749 3721 2965 3788; x_wconf 75' lang='lat' dir='ltr'>exaptat</span> <span class='ocrx_word' id='word_1_594' title='bbox 2997 3719 3304 3786; x_wconf 77' lang='lat' dir='ltr'>Gregorius.</span> <span class='ocrx_word' id='word_1_595' title='bbox 3342 3722 3498 3772; x_wconf 81' lang='lat' dir='ltr'>Hanc</span> <span class='ocrx_word' id='word_1_596' title='bbox 3524 3719 3697 3774; x_wconf 75' lang='lat' dir='ltr'>solam</span> 
     </span>
    </p>
   </div>
   <div class='ocr_carea' id='block_1_87' title="bbox 2128 3788 3439 3862">
    <p class='ocr_par' dir='ltr' id='par_1_87' title="bbox 2128 3788 3439 3862">
     <span class='ocr_line' id='line_1_87' title="bbox 2128 3788 3439 3862; baseline -0.005 -15"><span class='ocrx_word' id='word_1_597' title='bbox 2128 3791 2519 3862; x_wconf 83' lang='lat' dir='ltr'>complectitur:</span> <span class='ocrx_word' id='word_1_598' title='bbox 2541 3790 2642 3843; x_wconf 81' lang='lat' dir='ltr'>hac</span> <span class='ocrx_word' id='word_1_599' title='bbox 2670 3804 2832 3859; x_wconf 88' lang='lat' dir='ltr'>quam</span> <span class='ocrx_word' id='word_1_600' title='bbox 2854 3789 3098 3842; x_wconf 72' lang='lat' dir='ltr'>maxime</span> <span class='ocrx_word' id='word_1_601' title='bbox 3123 3788 3439 3842; x_wconf 79' lang='lat' dir='ltr'>delectatur.</span> 
     </span>
    </p>
   </div>
   <div class='ocr_carea' id='block_1_88' title="bbox 2129 3892 3703 3963">
    <p class='ocr_par' dir='ltr' id='par_1_88' title="bbox 2129 3892 3703 3963">
     <span class='ocr_line' id='line_1_88' title="bbox 2129 3892 3703 3963; baseline -0.001 -11"><span class='ocrx_word' id='word_1_602' title='bbox 2129 3896 2284 3952; x_wconf 88' lang='lat' dir='ltr'>Nihil</span> <span class='ocrx_word' id='word_1_603' title='bbox 2315 3895 2470 3952; x_wconf 91' lang='lat' dir='ltr'>enim</span> <span class='ocrx_word' id='word_1_604' title='bbox 2502 3894 2610 3950; x_wconf 91' lang='lat' dir='ltr'>sibi</span> <span class='ocrx_word' id='word_1_605' title='bbox 2642 3910 2710 3949; x_wconf 84' lang='lat' dir='ltr'>ex</span> <span class='ocrx_word' id='word_1_606' title='bbox 2740 3893 3015 3949; x_wconf 89' lang='lat' dir='ltr'>omnibus</span> <span class='ocrx_word' id='word_1_607' title='bbox 3058 3892 3307 3949; x_wconf 86' lang='lat' dir='ltr'>servavit</span> <span class='ocrx_word' id='word_1_608' title='bbox 3335 3896 3544 3963; x_wconf 68' lang='lat' dir='ltr'>praeter</span> <span class='ocrx_word' id='word_1_609' title='bbox 3583 3894 3703 3950; x_wconf 89' lang='lat' dir='ltr'>elo-</span> 
     </span>
    </p>
   </div>
   <div class='ocr_carea' id='block_1_89' title="bbox 2060 3980 3702 4057">
    <p class='ocr_par' dir='ltr' id='par_1_89' title="bbox 2060 3980 3702 4057">
     <span class='ocr_line' id='line_1_89' title="bbox 2060 3980 3702 4057; baseline 0 -18"><span class='ocrx_word' id='word_1_610' title='bbox 2060 3984 2382 4057; x_wconf 82' lang='lat' dir='ltr'>quentiam,</span> <span class='ocrx_word' id='word_1_611' title='bbox 2427 3999 2603 4055; x_wconf 89' lang='lat' dir='ltr'>quam</span> <span class='ocrx_word' id='word_1_612' title='bbox 2635 3986 2796 4038; x_wconf 89' lang='lat' dir='ltr'>tanto</span> <span class='ocrx_word' id='word_1_613' title='bbox 2829 3981 3046 4051; x_wconf 87' lang='lat' dir='ltr'>labore,</span> <span class='ocrx_word' id='word_1_614' title='bbox 3091 3980 3415 4053; x_wconf 88' lang='lat' dir='ltr'>peragratis</span> <span class='ocrx_word' id='word_1_615' title='bbox 3434 3980 3702 4053; x_wconf 90' lang='lat' dir='ltr'>pluribus</span> 
     </span>
    </p>
   </div>
   <div class='ocr_carea' id='block_1_90' title="bbox 2059 4069 3697 4143">
    <p class='ocr_par' dir='ltr' id='par_1_90' title="bbox 2059 4069 3697 4143">
     <span class='ocr_line' id='line_1_90' title="bbox 2059 4069 3697 4143; baseline -0.001 -13"><span class='ocrx_word' id='word_1_616' title='bbox 2059 4074 2309 4130; x_wconf 89' lang='lat' dir='ltr'>Orientis</span> <span class='ocrx_word' id='word_1_617' title='bbox 2329 4076 2503 4143; x_wconf 90' lang='lat' dir='ltr'>atque</span> <span class='ocrx_word' id='word_1_618' title='bbox 2520 4069 2848 4126; x_wconf 89' lang='lat' dir='ltr'>Occidentis</span> <span class='ocrx_word' id='word_1_619' title='bbox 2870 4069 3206 4142; x_wconf 84' lang='lat' dir='ltr'>regionibus</span> <span class='ocrx_word' id='word_1_620' title='bbox 3218 4074 3653 4137; x_wconf 84' lang='lat' dir='ltr'>comparaverat</span> <span class='ocrx_word' id='word_1_621' title='bbox 3682 4088 3697 4129; x_wconf 92' lang='lat'><strong>:</strong></span> 
     </span>
    </p>
   </div>
   <div class='ocr_carea' id='block_1_91' title="bbox 2059 4157 3698 4230">
    <p class='ocr_par' dir='ltr' id='par_1_91' title="bbox 2059 4157 3698 4230">
     <span class='ocr_line' id='line_1_91' title="bbox 2059 4157 3698 4230; baseline 0.001 -17"><span class='ocrx_word' id='word_1_622' title='bbox 2059 4186 2087 4213; x_wconf 85' lang='lat'><strong>«</strong></span> <span class='ocrx_word' id='word_1_623' title='bbox 2124 4161 2309 4217; x_wconf 91' lang='lat' dir='ltr'>Unum</span> <span class='ocrx_word' id='word_1_624' title='bbox 2361 4160 2504 4214; x_wconf 90' lang='lat' dir='ltr'>mihi</span> <span class='ocrx_word' id='word_1_625' title='bbox 2558 4159 2615 4213; x_wconf 91' lang='lat' dir='ltr'>in</span> <span class='ocrx_word' id='word_1_626' title='bbox 2648 4158 2949 4213; x_wconf 89' lang='lat' dir='ltr'>amoribus</span> <span class='ocrx_word' id='word_1_627' title='bbox 3007 4158 3135 4225; x_wconf 86' lang='lat' dir='ltr'>fuit,</span> <span class='ocrx_word' id='word_1_628' title='bbox 3166 4157 3359 4230; x_wconf 90' lang='lat' dir='ltr'>inquit</span> <span class='ocrx_word' id='word_1_629' title='bbox 3388 4159 3510 4229; x_wconf 73' lang='grc' dir='ltr'>(νη),</span> <span class='ocrx_word' id='word_1_630' title='bbox 3540 4158 3698 4215; x_wconf 88' lang='lat' dir='ltr'>litte-</span> 
     </span>
    </p>
   </div>
   <div class='ocr_carea' id='block_1_92' title="bbox 2058 4246 3703 4318">
    <p class='ocr_par' dir='ltr' id='par_1_92' title="bbox 2058 4246 3703 4318">
     <span class='ocr_line' id='line_1_92' title="bbox 2058 4246 3703 4318; baseline -0.001 -13"><span class='ocrx_word' id='word_1_631' title='bbox 2058 4266 2253 4305; x_wconf 89' lang='lat' dir='ltr'>rarum</span> <span class='ocrx_word' id='word_1_632' title='bbox 2288 4249 2487 4315; x_wconf 91' lang='lat' dir='ltr'>decus,</span> <span class='ocrx_word' id='word_1_633' title='bbox 2539 4264 2686 4318; x_wconf 86' lang='lat' dir='ltr'>quas</span> <span class='ocrx_word' id='word_1_634' title='bbox 2734 4246 2878 4301; x_wconf 88' lang='lat' dir='ltr'>mihi</span> <span class='ocrx_word' id='word_1_635' title='bbox 2932 4251 3349 4318; x_wconf 89' lang='lat' dir='ltr'>compararunt</span> <span class='ocrx_word' id='word_1_636' title='bbox 3394 4247 3598 4303; x_wconf 85' lang='lat' dir='ltr'>Oriens</span> <span class='ocrx_word' id='word_1_637' title='bbox 3642 4253 3703 4304; x_wconf 90' lang='lat' dir='ltr'>et</span> 
     </span>
    </p>
   </div>
   <div class='ocr_carea' id='block_1_93' title="bbox 2058 4334 3701 4403">
    <p class='ocr_par' dir='ltr' id='par_1_93' title="bbox 2058 4334 3701 4403">
     <span class='ocr_line' id='line_1_93' title="bbox 2058 4334 3701 4403; baseline -0.001 -9"><span class='ocrx_word' id='word_1_638' title='bbox 2058 4338 2361 4403; x_wconf 89' lang='lat' dir='ltr'>Occidens,</span> <span class='ocrx_word' id='word_1_639' title='bbox 2392 4341 2450 4392; x_wconf 89' lang='lat' dir='ltr'>et</span> <span class='ocrx_word' id='word_1_640' title='bbox 2491 4334 2720 4392; x_wconf 75' lang='lat' dir='ltr'>Graeciae</span> <span class='ocrx_word' id='word_1_641' title='bbox 2759 4340 3189 4400; x_wconf 89' lang='lat' dir='ltr'>ornamentum,</span> <span class='ocrx_word' id='word_1_642' title='bbox 3224 4336 3480 4391; x_wconf 65' lang='lat' dir='ltr'>Athena.</span> <span class='ocrx_word' id='word_1_643' title='bbox 3514 4338 3576 4392; x_wconf 90' lang='lat' dir='ltr'>In</span> <span class='ocrx_word' id='word_1_644' title='bbox 3606 4337 3701 4394; x_wconf 90' lang='lat' dir='ltr'>his</span> 
     </span>
    </p>
   </div>
   <div class='ocr_carea' id='block_1_94' title="bbox 2057 4423 3701 4496">
    <p class='ocr_par' dir='ltr' id='par_1_94' title="bbox 2057 4423 3701 4496">
     <span class='ocr_line' id='line_1_94' title="bbox 2057 4423 3701 4496; baseline -0.001 -14"><span class='ocrx_word' id='word_1_645' title='bbox 2057 4428 2156 4482; x_wconf 91' lang='lat' dir='ltr'>diu</span> <span class='ocrx_word' id='word_1_646' title='bbox 2190 4427 2559 4494; x_wconf 82' lang='lat' dir='ltr'>multumque</span> <span class='ocrx_word' id='word_1_647' title='bbox 2581 4423 2857 4491; x_wconf 85' lang='lat' dir='ltr'>laboravi;</span> <span class='ocrx_word' id='word_1_648' title='bbox 2881 4424 2983 4478; x_wconf 88' lang='lat' dir='ltr'>sed</span> <span class='ocrx_word' id='word_1_649' title='bbox 3014 4428 3072 4479; x_wconf 92' lang='lat' dir='ltr'>et</span> <span class='ocrx_word' id='word_1_650' title='bbox 3100 4423 3231 4479; x_wconf 89' lang='lat' dir='ltr'>illas</span> <span class='ocrx_word' id='word_1_651' title='bbox 3254 4441 3468 4496; x_wconf 88' lang='lat' dir='ltr'>pronas</span> <span class='ocrx_word' id='word_1_652' title='bbox 3505 4442 3701 4481; x_wconf 89' lang='lat' dir='ltr'>coram</span> 
     </span>
    </p>
   </div>
   <div class='ocr_carea' id='block_1_95' title="bbox 2057 4512 3699 4585">
    <p class='ocr_par' dir='ltr' id='par_1_95' title="bbox 2057 4512 3699 4585">
     <span class='ocr_line' id='line_1_95' title="bbox 2057 4512 3699 4585; baseline -0.001 -15"><span class='ocrx_word' id='word_1_653' title='bbox 2057 4515 2284 4570; x_wconf 90' lang='lat' dir='ltr'>Christo</span> <span class='ocrx_word' id='word_1_654' title='bbox 2299 4513 2527 4579; x_wconf 88' lang='lat' dir='ltr'>demisi,</span> <span class='ocrx_word' id='word_1_655' title='bbox 2558 4512 2837 4581; x_wconf 87' lang='lat' dir='ltr'>humique</span> <span class='ocrx_word' id='word_1_656' title='bbox 2869 4512 3048 4581; x_wconf 79' lang='lat' dir='ltr'>affixi,</span> <span class='ocrx_word' id='word_1_657' title='bbox 3071 4512 3341 4568; x_wconf 88' lang='lat' dir='ltr'>cedentes</span> <span class='ocrx_word' id='word_1_658' title='bbox 3359 4529 3571 4585; x_wconf 90' lang='lat' dir='ltr'>magno</span> <span class='ocrx_word' id='word_1_659' title='bbox 3600 4514 3699 4570; x_wconf 90' lang='lat' dir='ltr'>Dei</span> 
     </span>
    </p>
   </div>
   <div class='ocr_carea' id='block_1_96' title="bbox 293 4584 3706 4680">
    <p class='ocr_par' dir='ltr' id='par_1_96' title="bbox 293 4584 3706 4680">
     <span class='ocr_line' id='line_1_96' title="bbox 293 4584 3706 4680; baseline 0.001 -23"><span class='ocrx_word' id='word_1_660' title='bbox 293 4584 389 4680; x_wconf 57' lang='grc' dir='ltr'>ἀφί</span> <span class='ocrx_word' id='word_1_661' title='bbox 442 4602 506 4656; x_wconf 80' lang='grc' dir='ltr'>οὗ</span> <span class='ocrx_word' id='word_1_662' title='bbox 567 4603 780 4675; x_wconf 82' lang='grc' dir='ltr'>Χριστῷ</span> <span class='ocrx_word' id='word_1_663' title='bbox 832 4598 1238 4670; x_wconf 58' lang='lat' dir='ltr'>mensarum;</span> <span class='ocrx_word' id='word_1_664' title='bbox 1292 4617 1481 4671; x_wconf 90' lang='lat' dir='ltr'>neque</span> <span class='ocrx_word' id='word_1_665' title='bbox 1550 4618 1618 4656; x_wconf 85' lang='lat' dir='ltr'>ex</span> <span class='ocrx_word' id='word_1_666' title='bbox 1671 4584 2023 4657; x_wconf 84' lang='lat' dir='ltr'>omnibusD</span> <span class='ocrx_word' id='word_1_667' title='bbox 2058 4604 2267 4669; x_wconf 88' lang='lat' dir='ltr'>Verbo,</span> <span class='ocrx_word' id='word_1_668' title='bbox 2310 4604 2463 4675; x_wconf 92' lang='lat' dir='ltr'>quod</span> <span class='ocrx_word' id='word_1_669' title='bbox 2509 4617 2740 4656; x_wconf 92' lang='lat' dir='ltr'>omnem</span> <span class='ocrx_word' id='word_1_670' title='bbox 2799 4600 3070 4656; x_wconf 67' lang='lat' dir='ltr'>humanae</span> <span class='ocrx_word' id='word_1_671' title='bbox 3118 4602 3331 4657; x_wconf 86' lang='lat' dir='ltr'>mentis</span> <span class='ocrx_word' id='word_1_672' title='bbox 3370 4584 3596 4658; x_wconf 85' lang='lat' dir='ltr'>varium</span> <span class='ocrx_word' id='word_1_673' title='bbox 3648 4610 3706 4659; x_wconf 87' lang='lat' dir='ltr'>et</span> 
     </span>
    </p>
   </div>
   <div class='ocr_carea' id='block_1_97' title="bbox 293 4687 3701 4763">
    <p class='ocr_par' dir='ltr' id='par_1_97' title="bbox 293 4687 3701 4763">
     <span class='ocr_line' id='line_1_97' title="bbox 293 4687 3701 4763; baseline -0.001 -14"><span class='ocrx_word' id='word_1_674' title='bbox 293 4696 496 4758; x_wconf 87' lang='lat' dir='ltr'>rebus,</span> <span class='ocrx_word' id='word_1_675' title='bbox 530 4709 657 4763; x_wconf 65' lang='lat' dir='ltr'>quae</span> <span class='ocrx_word' id='word_1_676' title='bbox 702 4690 831 4745; x_wconf 88' lang='lat' dir='ltr'>aliis</span> <span class='ocrx_word' id='word_1_677' title='bbox 874 4690 1153 4760; x_wconf 82' lang='lat' dir='ltr'>jucundae</span> <span class='ocrx_word' id='word_1_678' title='bbox 1193 4695 1248 4745; x_wconf 90' lang='lat' dir='ltr'>et</span> <span class='ocrx_word' id='word_1_679' title='bbox 1272 4691 1602 4761; x_wconf 67' lang='lat' dir='ltr'>expetendae</span> <span class='ocrx_word' id='word_1_680' title='bbox 1636 4691 1813 4745; x_wconf 89' lang='lat' dir='ltr'>videri</span> <span class='ocrx_word' id='word_1_681' title='bbox 1846 4709 1945 4746; x_wconf 86' lang='lat' dir='ltr'>so-</span> <span class='ocrx_word' id='word_1_682' title='bbox 2056 4691 2394 4748; x_wconf 89' lang='lat' dir='ltr'>mutabilem</span> <span class='ocrx_word' id='word_1_683' title='bbox 2427 4706 2755 4746; x_wconf 88' lang='lat' dir='ltr'>sermonem</span> <span class='ocrx_word' id='word_1_684' title='bbox 2789 4687 2957 4761; x_wconf 87' lang='lat' dir='ltr'>longe</span> <span class='ocrx_word' id='word_1_685' title='bbox 2990 4693 3247 4761; x_wconf 88' lang='lat' dir='ltr'>superat.</span> <span class='ocrx_word' id='word_1_686' title='bbox 3275 4712 3301 4738; x_wconf 86' lang='grc'><strong>››</strong></span> <span class='ocrx_word' id='word_1_687' title='bbox 3328 4693 3541 4746; x_wconf 70' lang='lat' dir='ltr'>Cmtera</span> <span class='ocrx_word' id='word_1_688' title='bbox 3573 4691 3701 4763; x_wconf 89' lang='lat' dir='ltr'>qui-</span> 
     </span>
    </p>
   </div>
   <div class='ocr_carea' id='block_1_98' title="bbox 292 4777 3702 4851">
    <p class='ocr_par' dir='ltr' id='par_1_98' title="bbox 292 4777 3702 4851">
     <span class='ocr_line' id='line_1_98' title="bbox 292 4777 3702 4851; baseline -0.001 -13"><span class='ocrx_word' id='word_1_689' title='bbox 292 4784 436 4848; x_wconf 88' lang='lat' dir='ltr'>lent,</span> <span class='ocrx_word' id='word_1_690' title='bbox 470 4780 591 4835; x_wconf 84' lang='lat' dir='ltr'>ulla</span> <span class='ocrx_word' id='word_1_691' title='bbox 622 4785 836 4847; x_wconf 84' lang='lat' dir='ltr'>teneor,</span> <span class='ocrx_word' id='word_1_692' title='bbox 871 4795 987 4833; x_wconf 93' lang='lat' dir='ltr'>non</span> <span class='ocrx_word' id='word_1_693' title='bbox 1020 4778 1251 4848; x_wconf 91' lang='lat' dir='ltr'>opibus,</span> <span class='ocrx_word' id='word_1_694' title='bbox 1288 4800 1314 4826; x_wconf 86' lang='grc'><strong>››</strong></span> <span class='ocrx_word' id='word_1_695' title='bbox 1357 4786 1461 4833; x_wconf 89' lang='lat' dir='ltr'>etc.</span> <span class='ocrx_word' id='word_1_696' title='bbox 1528 4778 1784 4835; x_wconf 87' lang='lat' dir='ltr'>Plurima</span> <span class='ocrx_word' id='word_1_697' title='bbox 1834 4780 1947 4837; x_wconf 86' lang='lat' dir='ltr'>alia</span> <span class='ocrx_word' id='word_1_698' title='bbox 2056 4783 2186 4837; x_wconf 91' lang='lat' dir='ltr'>dem</span> <span class='ocrx_word' id='word_1_699' title='bbox 2218 4779 2416 4835; x_wconf 90' lang='lat' dir='ltr'>omnia</span> <span class='ocrx_word' id='word_1_700' title='bbox 2460 4778 2790 4834; x_wconf 86' lang='lat' dir='ltr'>volentibus</span> <span class='ocrx_word' id='word_1_701' title='bbox 2823 4777 3073 4847; x_wconf 77' lang='lat' dir='ltr'>reliquit,</span> <span class='ocrx_word' id='word_1_702' title='bbox 3124 4794 3286 4849; x_wconf 86' lang='lat' dir='ltr'>opes,</span> <span class='ocrx_word' id='word_1_703' title='bbox 3317 4780 3545 4851; x_wconf 82' lang='lat' dir='ltr'>generis</span> <span class='ocrx_word' id='word_1_704' title='bbox 3598 4798 3702 4836; x_wconf 84' lang='lat' dir='ltr'>no-</span> 
     </span>
    </p>
   </div>
   <div class='ocr_carea' id='block_1_99' title="bbox 294 4864 3703 4941">
    <p class='ocr_par' dir='ltr' id='par_1_99' title="bbox 294 4864 3703 4941">
     <span class='ocr_line' id='line_1_99' title="bbox 294 4864 3703 4941; baseline -0.001 -14"><span class='ocrx_word' id='word_1_705' title='bbox 294 4872 383 4927; x_wconf 86' lang='lat' dir='ltr'>fas</span> <span class='ocrx_word' id='word_1_706' title='bbox 414 4870 512 4924; x_wconf 90' lang='lat' dir='ltr'>hic</span> <span class='ocrx_word' id='word_1_707' title='bbox 544 4884 671 4923; x_wconf 90' lang='lat' dir='ltr'>esse</span> <span class='ocrx_word' id='word_1_708' title='bbox 702 4868 911 4921; x_wconf 81' lang='lat' dir='ltr'>referre</span> <span class='ocrx_word' id='word_1_709' title='bbox 943 4866 1014 4920; x_wconf 92' lang='lat' dir='ltr'>de</span> <span class='ocrx_word' id='word_1_710' title='bbox 1043 4866 1159 4920; x_wconf 90' lang='lat' dir='ltr'>vita</span> <span class='ocrx_word' id='word_1_711' title='bbox 1191 4867 1489 4937; x_wconf 86' lang='lat' dir='ltr'>gestisque</span> <span class='ocrx_word' id='word_1_712' title='bbox 1527 4868 1785 4939; x_wconf 86' lang='lat' dir='ltr'>Gregorii</span> <span class='ocrx_word' id='word_1_713' title='bbox 1819 4876 1948 4941; x_wconf 90' lang='lat' dir='ltr'>post</span> <span class='ocrx_word' id='word_1_714' title='bbox 2055 4868 2364 4935; x_wconf 89' lang='lat' dir='ltr'>bilitatem,</span> <span class='ocrx_word' id='word_1_715' title='bbox 2396 4866 2665 4939; x_wconf 90' lang='lat' dir='ltr'>gloriam,</span> <span class='ocrx_word' id='word_1_716' title='bbox 2689 4871 2823 4932; x_wconf 87' lang='lat' dir='ltr'>etc.;</span> <span class='ocrx_word' id='word_1_717' title='bbox 2847 4864 3309 4938; x_wconf 89' lang='lat' dir='ltr'>ateloquentiam</span> <span class='ocrx_word' id='word_1_718' title='bbox 3334 4866 3517 4924; x_wconf 89' lang='lat' dir='ltr'>solam</span> <span class='ocrx_word' id='word_1_719' title='bbox 3541 4885 3703 4926; x_wconf 86' lang='lat' dir='ltr'>com-</span> 
     </span>
    </p>
   </div>
   <div class='ocr_carea' id='block_1_100' title="bbox 294 4954 3699 5030">
    <p class='ocr_par' dir='ltr' id='par_1_100' title="bbox 294 4954 3699 5030">
     <span class='ocr_line' id='line_1_100' title="bbox 294 4954 3699 5030; baseline -0 -16"><span class='ocrx_word' id='word_1_720' title='bbox 294 4961 640 5029; x_wconf 87' lang='lat' dir='ltr'>susceptum</span> <span class='ocrx_word' id='word_1_721' title='bbox 698 4954 1020 5027; x_wconf 86' lang='lat' dir='ltr'>baptisma,</span> <span class='ocrx_word' id='word_1_722' title='bbox 1079 4954 1249 5023; x_wconf 86' lang='lat' dir='ltr'>cujus</span> <span class='ocrx_word' id='word_1_723' title='bbox 1319 4955 1506 5026; x_wconf 88' lang='lat' dir='ltr'>gratia</span> <span class='ocrx_word' id='word_1_724' title='bbox 1572 4971 1637 5010; x_wconf 89' lang='lat' dir='ltr'>eo</span> <span class='ocrx_word' id='word_1_725' title='bbox 1714 4956 1947 5012; x_wconf 89' lang='lat' dir='ltr'>uberior</span> <span class='ocrx_word' id='word_1_726' title='bbox 2056 4958 2256 5028; x_wconf 89' lang='lat' dir='ltr'>plexus</span> <span class='ocrx_word' id='word_1_727' title='bbox 2284 4961 2391 5026; x_wconf 89' lang='lat' dir='ltr'>est,</span> <span class='ocrx_word' id='word_1_728' title='bbox 2426 4973 2531 5011; x_wconf 90' lang='lat' dir='ltr'>nec</span> <span class='ocrx_word' id='word_1_729' title='bbox 2573 4955 2854 5027; x_wconf 89' lang='lat' dir='ltr'>suscepti,</span> <span class='ocrx_word' id='word_1_730' title='bbox 2889 4960 2951 5009; x_wconf 90' lang='lat' dir='ltr'>ut</span> <span class='ocrx_word' id='word_1_731' title='bbox 3001 4972 3126 5011; x_wconf 88' lang='lat' dir='ltr'>eam</span> <span class='ocrx_word' id='word_1_732' title='bbox 3163 4955 3273 5010; x_wconf 91' lang='lat' dir='ltr'>sibi</span> <span class='ocrx_word' id='word_1_733' title='bbox 3313 4963 3699 5030; x_wconf 89' lang='lat' dir='ltr'>compararet,</span> 
     </span>
    </p>
   </div>
   <div class='ocr_carea' id='block_1_101' title="bbox 296 5041 3702 5119">
    <p class='ocr_par' dir='ltr' id='par_1_101' title="bbox 296 5041 3702 5119">
     <span class='ocr_line' id='line_1_101' title="bbox 296 5041 3702 5119; baseline 0 -15"><span class='ocrx_word' id='word_1_734' title='bbox 296 5049 405 5104; x_wconf 87' lang='lat' dir='ltr'>fuit</span> <span class='ocrx_word' id='word_1_735' title='bbox 428 5048 517 5119; x_wconf 71' lang='grc' dir='ltr'>(ί),</span> <span class='ocrx_word' id='word_1_736' title='bbox 540 5044 691 5117; x_wconf 84' lang='lat' dir='ltr'>quod</span> <span class='ocrx_word' id='word_1_737' title='bbox 724 5042 901 5099; x_wconf 91' lang='lat' dir='ltr'>simul</span> <span class='ocrx_word' id='word_1_738' title='bbox 935 5058 997 5098; x_wconf 91' lang='lat' dir='ltr'>se</span> <span class='ocrx_word' id='word_1_739' title='bbox 1026 5041 1284 5097; x_wconf 72' lang='lat' dir='ltr'>asceticae</span> <span class='ocrx_word' id='word_1_740' title='bbox 1314 5043 1440 5098; x_wconf 67' lang='lat' dir='ltr'>vite</span> <span class='ocrx_word' id='word_1_741' title='bbox 1488 5045 1843 5101; x_wconf 88' lang='lat' dir='ltr'>consecrarit</span> <span class='ocrx_word' id='word_1_742' title='bbox 1892 5052 1948 5101; x_wconf 91' lang='lat' dir='ltr'>et</span> <span class='ocrx_word' id='word_1_743' title='bbox 2057 5046 2274 5103; x_wconf 89' lang='lat' dir='ltr'>laboris</span> <span class='ocrx_word' id='word_1_744' title='bbox 2323 5062 2455 5102; x_wconf 91' lang='lat' dir='ltr'>eum</span> <span class='ocrx_word' id='word_1_745' title='bbox 2506 5060 2767 5117; x_wconf 88' lang='lat' dir='ltr'>unquam</span> <span class='ocrx_word' id='word_1_746' title='bbox 2818 5043 3104 5116; x_wconf 80' lang='lat' dir='ltr'>pcenituit.</span> <span class='ocrx_word' id='word_1_747' title='bbox 3162 5044 3234 5100; x_wconf 91' lang='lat' dir='ltr'>Ut</span> <span class='ocrx_word' id='word_1_748' title='bbox 3280 5046 3436 5101; x_wconf 91' lang='lat' dir='ltr'>enim</span> <span class='ocrx_word' id='word_1_749' title='bbox 3466 5063 3616 5103; x_wconf 89' lang='lat' dir='ltr'>vana</span> <span class='ocrx_word' id='word_1_750' title='bbox 3643 5052 3702 5104; x_wconf 89' lang='lat' dir='ltr'>et</span> 
     </span>
    </p>
   </div>
   <div class='ocr_carea' id='block_1_102' title="bbox 2126 5238 3076 5313">
    <p class='ocr_par' dir='ltr' id='par_1_102' title="bbox 2126 5238 3076 5313">
     <span class='ocr_line' id='line_1_102' title="bbox 2126 5238 3076 5313; baseline -0.003 -17"><span class='ocrx_word' id='word_1_751' title='bbox 2126 5240 2208 5313; x_wconf 80' lang='lat' dir='ltr'>(h)</span> <span class='ocrx_word' id='word_1_752' title='bbox 2239 5244 2429 5297; x_wconf 88' lang='lat' dir='ltr'>Carm.</span> <span class='ocrx_word' id='word_1_753' title='bbox 2462 5240 2535 5297; x_wconf 88' lang='lat' dir='ltr'>De</span> <span class='ocrx_word' id='word_1_754' title='bbox 2569 5239 2687 5313; x_wconf 79' lang='lat' dir='ltr'>Vita</span> <span class='ocrx_word' id='word_1_755' title='bbox 2713 5254 2835 5308; x_wconf 79' lang='lat' dir='ltr'>sua,</span> <span class='ocrx_word' id='word_1_756' title='bbox 2864 5254 2918 5295; x_wconf 86' lang='lat' dir='ltr'>v.</span> <span class='ocrx_word' id='word_1_757' title='bbox 2952 5238 3076 5293; x_wconf 70' lang='lat'>470.</span> 
     </span>
    </p>
   </div>
   <div class='ocr_carea' id='block_1_103' title="bbox 2126 5311 2651 5380">
    <p class='ocr_par' dir='ltr' id='par_1_103' title="bbox 2126 5311 2651 5380">
     <span class='ocr_line' id='line_1_103' title="bbox 2126 5311 2651 5380; baseline -0.002 -12"><span class='ocrx_word' id='word_1_758' title='bbox 2126 5311 2199 5380; x_wconf 65' lang='lat' dir='ltr'>(ii</span> <span class='ocrx_word' id='word_1_759' title='bbox 2221 5313 2317 5369; x_wconf 91' lang='lat' dir='ltr'>Or.</span> <span class='ocrx_word' id='word_1_760' title='bbox 2348 5314 2441 5379; x_wconf 86' lang='lat'>26,</span> <span class='ocrx_word' id='word_1_761' title='bbox 2472 5328 2530 5367; x_wconf 92' lang='lat' dir='ltr'>n.</span> <span class='ocrx_word' id='word_1_762' title='bbox 2568 5311 2651 5367; x_wconf 83' lang='grc'>16.</span> 
     </span>
    </p>
   </div>
   <div class='ocr_carea' id='block_1_104' title="bbox 2124 5378 2963 5463">
    <p class='ocr_par' dir='ltr' id='par_1_104' title="bbox 2124 5378 2963 5463">
     <span class='ocr_line' id='line_1_104' title="bbox 2124 5378 2963 5463; baseline -0.021 -19"><span class='ocrx_word' id='word_1_763' title='bbox 2220 5378 2519 5463; x_wconf 72' lang='lat' dir='ltr'>Garm.al_.</span> <span class='ocrx_word' id='word_1_764' title='bbox 2549 5382 2637 5463; x_wconf 50' lang='lat'>£9,</span> <span class='ocrx_word' id='word_1_765' title='bbox 2670 5380 2740 5463; x_wconf 81' lang='lat' dir='ltr'>ad</span> <span class='ocrx_word' id='word_1_766' title='bbox 2771 5378 2963 5463; x_wconf 73' lang='lat' dir='ltr'>Julian</span> 
     </span>
    </p>
   </div>
   <div class='ocr_carea' id='block_1_105' title="bbox 388 5454 3034 5530">
    <p class='ocr_par' dir='ltr' id='par_1_105' title="bbox 388 5454 3034 5530">
     <span class='ocr_line' id='line_1_105' title="bbox 388 5454 3034 5530; baseline -0.002 -16"><span class='ocrx_word' id='word_1_767' title='bbox 388 5454 452 5530; x_wconf 80' lang='grc' dir='ltr'>ιι)</span> <span class='ocrx_word' id='word_1_768' title='bbox 484 5461 586 5513; x_wconf 89' lang='lat' dir='ltr'>Vit.</span> <span class='ocrx_word' id='word_1_769' title='bbox 616 5474 675 5530; x_wconf 15' lang='lat' dir='ltr'>p7.</span> <span class='ocrx_word' id='word_1_770' title='bbox 708 5456 763 5511; x_wconf 91' lang='lat'>8.</span> <span class='ocrx_word' id='word_1_771' title='bbox 825 5526 848 5530; x_wconf 35' lang='grc' dir='ltr'><strong>Α</strong></span> <span class='ocrx_word' id='word_1_772' title='bbox 2125 5454 2200 5530; x_wconf 60' lang='lat' dir='ltr'>(It)</span> <span class='ocrx_word' id='word_1_773' title='bbox 2220 5460 2419 5530; x_wconf 68' lang='lat' dir='ltr'>Carm.</span> <span class='ocrx_word' id='word_1_774' title='bbox 2452 5454 2527 5530; x_wconf 53' lang='lat' dir='ltr'>al:</span> <span class='ocrx_word' id='word_1_775' title='bbox 2541 5454 2613 5530; x_wconf 66' lang='grc'>⁸8.</span> <span class='ocrx_word' id='word_1_776' title='bbox 2646 5454 2717 5509; x_wconf 91' lang='lat' dir='ltr'>ad</span> <span class='ocrx_word' id='word_1_777' title='bbox 2750 5454 3034 5525; x_wconf 85' lang='lat' dir='ltr'>seipsum.</span> 
     </span>
    </p>
   </div>
   <div class='ocr_carea' id='block_1_106' title="bbox 382 5462 1952 5676">
    <p class='ocr_par' dir='ltr' id='par_1_106' title="bbox 382 5462 1785 5676">
     <span class='ocr_line' id='line_1_106' title="bbox 382 5462 763 5583; baseline -0.01 -68"><span class='ocrx_word' id='word_1_778' title='bbox 382 5462 452 5537; x_wconf 3' lang='lat' dir='ltr'>pd)</span> <span class='ocrx_word' id='word_1_779' title='bbox 484 5462 675 5583; x_wconf 89' lang='lat' dir='ltr'>Vit.</span> <span class='ocrx_word' id='word_1_780' title='bbox 708 5462 763 5511; x_wconf 89' lang='lat'>8.</span> 
     </span>
     <span class='ocr_line' id='line_1_107' title="bbox 386 5526 874 5599; baseline -0.012 -13"><span class='ocrx_word' id='word_1_781' title='bbox 386 5534 435 5598; x_wconf 86' lang='lat' dir='ltr'>e)</span> <span class='ocrx_word' id='word_1_782' title='bbox 470 5531 567 5586; x_wconf 91' lang='lat' dir='ltr'>Or.</span> <span class='ocrx_word' id='word_1_783' title='bbox 677 5573 693 5599; x_wconf 93' lang='lat'>,</span> <span class='ocrx_word' id='word_1_784' title='bbox 728 5543 787 5584; x_wconf 90' lang='lat' dir='ltr'>n.</span> <span class='ocrx_word' id='word_1_785' title='bbox 820 5526 874 5581; x_wconf 90' lang='lat'>3.</span> 
     </span>
     <span class='ocr_line' id='line_1_108' title="bbox 382 5596 1785 5676; baseline 0.001 -20"><span class='ocrx_word' id='word_1_786' title='bbox 382 5605 431 5672; x_wconf 71' lang='grc' dir='ltr'>Γ)</span> <span class='ocrx_word' id='word_1_787' title='bbox 690 5600 918 5676; x_wconf 85' lang='lat' dir='ltr'>D_e__Vita</span> <span class='ocrx_word' id='word_1_788' title='bbox 944 5612 1069 5676; x_wconf 64' lang='lat' dir='ltr'>sua,</span> <span class='ocrx_word' id='word_1_789' title='bbox 1097 5611 1152 5657; x_wconf 80' lang='grc' dir='ltr'>ν.</span> <span class='ocrx_word' id='word_1_790' title='bbox 1183 5598 1309 5659; x_wconf 85' lang='grc'>270.</span> <span class='ocrx_word' id='word_1_791' title='bbox 1768 5596 1785 5615; x_wconf 72' lang='lat'><strong><em>’</em></strong></span> 
     </span>
    </p>
   </div>
   <div class='ocr_carea' id='block_1_107' title="bbox 2072 5462 3281 5676">
    <p class='ocr_par' dir='ltr' id='par_1_107' title="bbox 2123 5462 3281 5676">
     <span class='ocr_line' id='line_1_109' title="bbox 2148 5462 3034 5525; baseline 0 -15"><span class='ocrx_word' id='word_1_792' title='bbox 2148 5462 2200 5525; x_wconf 79' lang='lat' dir='ltr'>Ic)</span> <span class='ocrx_word' id='word_1_793' title='bbox 2231 5462 2419 5511; x_wconf 89' lang='lat' dir='ltr'>Carm.</span> <span class='ocrx_word' id='word_1_794' title='bbox 2452 5462 2526 5511; x_wconf 85' lang='lat' dir='ltr'>al.</span> <span class='ocrx_word' id='word_1_795' title='bbox 2558 5462 2613 5509; x_wconf 79' lang='grc' dir='ltr'>δ.</span> <span class='ocrx_word' id='word_1_796' title='bbox 2646 5462 2717 5509; x_wconf 86' lang='lat' dir='ltr'>ad</span> <span class='ocrx_word' id='word_1_797' title='bbox 2750 5462 3034 5525; x_wconf 79' lang='lat' dir='ltr'>selpsum.</span> 
     </span>
     <span class='ocr_line' id='line_1_110' title="bbox 2123 5462 2814 5672; baseline -0.003 -91"><span class='ocrx_word' id='word_1_798' title='bbox 2123 5462 2191 5672; x_wconf 44' lang='grc' dir='ltr'>ξι)</span> <span class='ocrx_word' id='word_1_799' title='bbox 2358 5526 2433 5583; x_wconf 88' lang='lat' dir='ltr'>al.</span> <span class='ocrx_word' id='word_1_800' title='bbox 2466 5525 2588 5581; x_wconf 83' lang='grc'>199.</span> <span class='ocrx_word' id='word_1_801' title='bbox 2803 5594 2814 5608; x_wconf 31' lang='grc' dir='ltr'><strong>θ</strong></span> 
     </span>
     <span class='ocr_line' id='line_1_111' title="bbox 2149 5593 3281 5676; baseline 0.001 -23"><span class='ocrx_word' id='word_1_802' title='bbox 2149 5600 2227 5669; x_wconf 90' lang='lat' dir='ltr'>m)</span> <span class='ocrx_word' id='word_1_803' title='bbox 2301 5615 2444 5656; x_wconf 88' lang='lat' dir='ltr'>arm.</span> <span class='ocrx_word' id='word_1_804' title='bbox 2478 5598 2549 5654; x_wconf 84' lang='lat' dir='ltr'>De</span> <span class='ocrx_word' id='word_1_805' title='bbox 2576 5596 2692 5653; x_wconf 87' lang='lat' dir='ltr'>reb.</span> <span class='ocrx_word' id='word_1_806' title='bbox 2722 5610 2860 5669; x_wconf 73' lang='lat' dir='ltr'>suis,</span> <span class='ocrx_word' id='word_1_807' title='bbox 2890 5611 2942 5656; x_wconf 78' lang='grc' dir='ltr'><strong>ν.</strong></span> <span class='ocrx_word' id='word_1_808' title='bbox 2972 5593 3044 5652; x_wconf 83' lang='lat'>98</span> <span class='ocrx_word' id='word_1_809' title='bbox 3069 5597 3125 5656; x_wconf 86' lang='lat' dir='ltr'>et</span> <span class='ocrx_word' id='word_1_810' title='bbox 3153 5611 3281 5676; x_wconf 84' lang='lat' dir='ltr'>seq.</span> 
     </span>
    </p>
   </div>
   <div class='ocr_carea' id='block_1_108' title="bbox 361 5668 1073 5755">
    <p class='ocr_par' dir='ltr' id='par_1_108' title="bbox 361 5668 1073 5755">
     <span class='ocr_line' id='line_1_112' title="bbox 361 5668 1073 5755; baseline -0.003 -22"><span class='ocrx_word' id='word_1_811' title='bbox 361 5668 437 5755; x_wconf 66' lang='grc' dir='ltr'>ω</span> <span class='ocrx_word' id='word_1_812' title='bbox 463 5670 622 5748; x_wconf 77' lang='lat' dir='ltr'>TilL,</span> <span class='ocrx_word' id='word_1_813' title='bbox 651 5676 695 5731; x_wconf 91' lang='lat' dir='ltr'>t.</span> <span class='ocrx_word' id='word_1_814' title='bbox 724 5670 819 5742; x_wconf 86' lang='lat' dir='ltr'>IX,</span> <span class='ocrx_word' id='word_1_815' title='bbox 853 5685 913 5745; x_wconf 89' lang='lat' dir='ltr'>p.</span> <span class='ocrx_word' id='word_1_816' title='bbox 943 5668 1073 5732; x_wconf 81' lang='lat'>337.</span> 
     </span>
    </p>
   </div>
   <div class='ocr_carea' id='block_1_109' title="bbox 388 5312 935 5387">
    <p class='ocr_par' dir='ltr' id='par_1_109' title="bbox 388 5312 935 5387">
     <span class='ocr_line' id='line_1_113' title="bbox 388 5312 935 5387; baseline -0.015 -14"><span class='ocrx_word' id='word_1_817' title='bbox 388 5312 443 5387; x_wconf 83' lang='grc' dir='ltr'>ὁ)</span> <span class='ocrx_word' id='word_1_818' title='bbox 473 5317 510 5369; x_wconf 87' lang='grc'>9</span> <span class='ocrx_word' id='word_1_819' title='bbox 538 5312 701 5387; x_wconf 71' lang='lat' dir='ltr'>Maii,</span> <span class='ocrx_word' id='word_1_820' title='bbox 716 5329 779 5387; x_wconf 87' lang='lat' dir='ltr'>p.</span> 
     </span>
    </p>
   </div>
   <div class='ocr_carea' id='block_1_110' title="bbox 364 5238 1364 5351">
    <p class='ocr_par' dir='ltr' id='par_1_110' title="bbox 364 5238 1364 5351">
     <span class='ocr_line' id='line_1_114' title="bbox 364 5238 1364 5351; baseline -0.004 -51"><span class='ocrx_word' id='word_1_821' title='bbox 364 5246 443 5351; x_wconf 46' lang='grc' dir='ltr'>ςῗξ</span> <span class='ocrx_word' id='word_1_822' title='bbox 472 5241 706 5351; x_wconf 50' lang='grc' dir='ltr'>Ξοὲηρ</span> <span class='ocrx_word' id='word_1_823' title='bbox 736 5240 981 5351; x_wconf 50' lang='lat' dir='ltr'>Magbp.</span> <span class='ocrx_word' id='word_1_824' title='bbox 1013 5238 1135 5308; x_wconf 85' lang='lat'>378,</span> <span class='ocrx_word' id='word_1_825' title='bbox 1171 5238 1279 5296; x_wconf 87' lang='lat' dir='ltr'>col.</span> <span class='ocrx_word' id='word_1_826' title='bbox 1314 5240 1364 5296; x_wconf 82' lang='lat'>1.</span> 
     </span>
    </p>
   </div>
   <div class='ocr_carea' id='block_1_111' title="bbox 362 5357 1580 5459">
    <p class='ocr_par' dir='ltr' id='par_1_111' title="bbox 362 5357 1580 5459">
     <span class='ocr_line' id='line_1_115' title="bbox 362 5357 1580 5459; baseline -0.001 -17"><span class='ocrx_word' id='word_1_827' title='bbox 985 5399 1041 5454; x_wconf 89' lang='lat' dir='ltr'>p.</span> <span class='ocrx_word' id='word_1_828' title='bbox 1075 5382 1198 5451; x_wconf 86' lang='lat'>659,</span> <span class='ocrx_word' id='word_1_829' title='bbox 1230 5382 1337 5438; x_wconf 90' lang='lat' dir='ltr'>col.</span> <span class='ocrx_word' id='word_1_830' title='bbox 1376 5385 1401 5439; x_wconf 90' lang='grc'>1</span> <span class='ocrx_word' id='word_1_831' title='bbox 1437 5389 1494 5439; x_wconf 91' lang='lat' dir='ltr'>et</span> <span class='ocrx_word' id='word_1_832' title='bbox 1522 5386 1580 5442; x_wconf 86' lang='lat'>2.</span> 
     </span>
    </p>
   </div>
  </div>
