4152 6208
406 405 519 463 175

1730 370 1912 431 VlTA
1963 367 2029 427 S.
2077 364 2120 423 G
2135 360 2472 420 BEGOllll.

3688 361 3804 423 176

404 533 637 592 inutilis
667 533 755 588 est
785 527 1135 599 eloquentia,
1169 534 1295 591 quae
1316 516 1376 571 in
1405 509 1596 568 verbis
1619 507 1900 599 duntaxat
1933 500 2044 599 sita
2071 499 2129 566 Α
2160 499 2217 599 et
2246 494 2425 593 vitam
2457 492 2778 548 solitariam
2830 497 3043 564 ageret,
3081 495 3137 547 et
3165 492 3508 564 parentibus
3550 494 3809 551 debitam

402 628 510 693 est,
542 636 720 693 quam
753 617 1097 688 aspernatur
1125 613 1180 665 et
1200 606 1441 661 damnat
1456 594 1795 669 Gregorius;
1830 590 1911 646 sic
1936 587 2048 644 alia

302 760 303 763 η
401 679 600 782 est'cdj
612 726 679 765 us
702 679 1017 762 utilitatem
1041 695 1327 771 agnoscit,
1358 696 1413 747 et
1429 682 1822 761 patrocinium
1842 679 2047 775 adver-

402 818 505 861 lls
533 797 833 855 Julianum
867 787 1132 860 suscipit,
1165 799 1337 858 quem
1371 780 1430 835 in
1461 774 1624 832 nulla
1644 788 1705 827 re
1735 764 2046 841 magisini-

403 905 587 964 quum
617 890 675 943 et
704 883 1048 941 sceleratum
1089 891 1150 931 se
1181 868 1498 945 praebuisse
1527 861 1835 925 existimat,
1869 870 2045 927 quam

1186 963 1194 964 ί
1260 961 1269 964 -
1340 959 1350 964 ’
1440 957 1451 964 ·
1536 958 1545 964 -
1634 955 1644 964 ι
1729 948 1763 964 ο·
1886 945 1962 964 ῐγμ
1984 943 2043 964 .1-

406 943 540 1035 dum
572 988 871 1033 sermones
901 969 1122 1039 eripere
1142 943 1489 1018 Christianis
1530 948 1790 1009 tentavit.
1826 967 1854 995 «
1886 943 2048 999 Unde

403 1033 605 1141 igitur,
655 1086 683 1115 »
732 1059 928 1132 inquit
968 1033 1270 1111 J-ulianum
1326 1046 1629 1116 alloquens
1659 1038 1756 1110 (a),
1796 1055 1817 1084 α
1871 1033 2046 1134 homo

405 1155 672 1213 omnium
702 1147 1016 1212 levissime,
1048 1143 1158 1199 hoc
1210 1138 1315 1193 tibi
1348 1136 1407 1189 in
1457 1133 1713 1189 mentem
1752 1123 1933 1192 venit,
1983 1124 2049 1175 ut

404 1258 704 1302 sermones
742 1232 1087 1293 Christianis
1127 1224 1419 1300 eriperes?
1453 1244 1481 1272 »
1512 1219 1604 1275 Sic
1657 1212 2047 1273 Christianam

403 1296 797 1406 elegantiam
831 1327 1028 1381 tuetur
1070 1296 1273 1376 contra
1317 1313 1687 1385 Apostatam;
1734 1304 1883 1359 hanc
1935 1296 2048 1401 sibi

406 1386 694 1479 etamicis
724 1417 958 1487 exoptat
991 1430 1003 1466 :
1037 1431 1065 1461 «
1099 1408 1172 1478 (b)
1212 1408 1397 1477 Atque
1425 1399 1652 1456 unitam
1692 1391 1860 1459 mihi,
1903 1386 2048 1445 ami-

404 1511 605 1583 cisque
634 1505 781 1563 meis
803 1514 1139 1561 sermonum
1154 1496 1332 1552 robur
1347 1488 1519 1548 adsit!
1543 1509 1570 1537 »
1594 1487 1753 1541 Hanc
1779 1479 1963 1537 solam
1986 1494 2049 1534 se

407 1567 730 1671 complecti,
760 1596 958 1666 utpote
1011 1586 1173 1645 verbi
1217 1580 1520 1646 famulam,
1556 1591 1662 1631 nec
1690 1585 1953 1643 unquam
1977 1567 2048 1621 li-

402 1661 609 1745 benter
666 1661 1067 1757 neglecturum
1116 1676 1267 1730 hanc
1320 1666 1753 1742 possessionem
1795 1661 2044 1723 fatetur;

407 1777 548 1849 quin
579 1774 774 1847 potius
808 1785 936 1826 eam
969 1772 1026 1823 et
1062 1763 1248 1820 colere
1278 1763 1334 1816 et
1358 1752 1702 1818 exosculari,
1736 1749 2047 1819 majorem-

408 1882 521 1937 que
552 1881 620 1919 ex
659 1878 727 1917 ea
763 1859 1122 1929 voluptatem
1176 1864 1399 1922 capere,
1448 1859 1625 1916 quam
1673 1857 1742 1895 ex
1774 1835 2048 1894 omnibus
2078 1867 2125 1931 Β

406 1926 537 2010 aliis
568 1953 742 2008 rebus
772 1950 833 2003 in
866 1926 1049 2003 unum
1079 1938 1358 2005 collectis,
1389 1934 1604 2005 quibus
1636 1929 1898 2002 plerique
1954 1926 2047 1979 de-

404 2044 726 2100 lectantur:
750 2040 899 2094 hanc
930 2034 1043 2091 sibi
1072 2032 1253 2087 totius
1279 2027 1407 2083 vita:
1429 2023 1667 2091 sociam,
1702 2023 1767 2073 ut
1797 2015 2046 2089 probum

402 2130 799 2195 consiliarum,
832 2130 1007 2196 atque
1036 2130 1473 2192 oongerronem,
1507 2117 1565 2166 et
1585 2110 1791 2164 ducem
1832 2104 1934 2160 via:
1966 2104 2047 2159 in-

404 2220 615 2276 ccnlum
648 2215 904 2281 ferentis,
930 2230 995 2268 ac
1017 2210 1353 2284 promptum
1378 2198 1833 2258 commilitonem
1857 2192 2046 2249 adsci-

404 2326 582 2367 scere.
616 2308 686 2363 Et
705 2305 845 2378 quia
859 2283 1290 2375 jucunditatem
1315 2307 1549 2348 omnem
1572 2286 1737 2342 humi
1762 2283 1934 2340 sitam
1954 2298 2047 2337 as-

400 2399 777 2473 pernabatur,
810 2391 1003 2449 omnis
1032 2388 1194 2445 illius
1224 2400 1388 2440 amor
1439 2381 1571 2452 post
1600 2377 1784 2432 Deum
1831 2373 1890 2427 in
1930 2370 2047 2427 elo-

404 2458 707 2562 quentiam
751 2458 1142 2539 Ghristianam
1189 2475 1411 2531 effusus
1442 2473 1550 2536 est,
1600 2464 1687 2521 vel
1718 2463 1915 2536 potius
1958 2458 2047 2513 in-

399 2559 584 2635 Beum
615 2591 864 2648 quoque,
892 2565 1370 2642 quandoquidem
1400 2560 1474 2616 ad
1503 2559 1688 2613 Deum
1737 2568 1870 2607 cum
1918 2566 2053 2621 pru-

404 2667 605 2724 dentia
633 2664 804 2736 rapit,
837 2677 940 2733 per
969 2674 1149 2729 quam
1180 2652 1355 2709 etiam
1385 2654 1536 2704 Deus
1558 2645 1783 2701 sincere
1805 2637 2050 2713 percipi-

400 2762 519 2823 tur,
542 2760 599 2811 et
626 2733 1027 2816 conservatur,
1057 2751 1231 2816 atque
1257 2742 1317 2797 in
1351 2738 1519 2795 nobis
1564 2733 1862 2791 adolescit.

407 2842 595 2903 LVlll.
624 2840 817 2900 Fidem
845 2838 1033 2893 datam
1063 2836 1165 2889 Deo
1194 2846 1309 2887 non
1355 2827 1553 2903 fefellit
1583 2823 1869 2903 Gregorius
1898 2838 1917 2875 :
1949 2834 2051 2890 quo

768 2910 923 2966 modo
945 2908 1131 2962 datam
1157 2896 1365 2958 Basilio
1392 2896 1679 2971 fefellerit.

477 3005 586 3062 Sed
621 3018 735 3075 quo
774 3017 881 3056 nos
920 2997 1072 3069 rapit
1101 2993 1305 3057 oratio,
1340 2990 1411 3044 de
1459 2983 1718 3057 Gregorii
1767 2981 1950 3038 effuso
1992 2978 2052 3034 in

402 3074 794 3168 eloquentiam
827 3103 1023 3145 amore
1053 3076 1434 3139 disserentes?
1466 3075 1549 3131 Ad
1593 3074 1789 3144 ipsum
1828 3075 2051 3141 Grego-

408 3186 561 3242 rium
594 3186 972 3245 revertamur,
1005 3188 1180 3245 quem
1211 3167 1458 3223 Athenis
1489 3164 1759 3219 reducem
1789 3161 1848 3215 in
1881 3160 2054 3215 domo

408 3279 651 3349 paterna
689 3267 1057 3339 reliquimus,
1091 3259 1287 3316 media
1331 3254 1695 3310 incedentem
1725 3250 1817 3306 via
1872 3264 2051 3319 quam
2082 3235 2125 3302 C

408 3364 641 3426 inierat,
664 3364 731 3415 ut
758 3338 935 3414 simul
964 3352 1081 3409 voti
1112 3347 1509 3422 sponsionem,
1544 3358 1660 3413 qua
1687 3340 1800 3395 Deo
1832 3338 2055 3409 obliga-

410 3458 509 3509 tus
566 3454 712 3520 erat,
764 3444 1053 3515 impleret,
1084 3442 1141 3495 et
1198 3435 1401 3491 debita:
1461 3429 1800 3503 parentibus
1856 3426 2056 3499 pietati

409 3542 624 3597 faceret
653 3517 821 3605 satis,
852 3532 936 3588 sic
966 3528 1211 3602 agendo,
1243 3524 1539 3593 vitamque
1585 3517 1943 3574 instituendo
1992 3521 2057 3571 ut

411 3629 661 3685 alterum
715 3622 883 3681 alteri
932 3636 1047 3675 non
1124 3613 1521 3687 postponeret,
1573 3607 1673 3662 sed
1724 3609 2055 3676 utrumquae

415 3717 691 3790 expleret.
725 3710 922 3768 Basilii
954 3707 1192 3780 quidem
1232 3698 1482 3774 querelis
1522 3694 1881 3767 respondens
1926 3694 2060 3750 Gre-

414 3809 636 3884 gorius,
672 3807 885 3861 fatetur
912 3816 974 3856 se
1005 3794 1311 3870 promissis
1343 3806 1458 3846 non
1489 3786 1748 3853 stetisse,
1780 3788 1837 3840 et
1881 3784 2057 3840 ﬁdem

411 3869 709 3955 fiafellisse.
734 3898 949 3949 Verum
982 3869 1277 3960 promissa
1300 3880 1489 3935 haecet
1521 3874 1695 3929 fidem
1726 3872 1923 3926 datam
1947 3869 2059 3925 Ba-

408 3986 543 4042 silio
574 3982 867 4055 intelligit,
902 3958 1002 4035 cui
1028 3971 1265 4031 Athenis
1296 3986 1357 4025 se
1386 3982 1520 4022 cum
1552 3964 1680 4035 ipso
1710 3960 1769 4015 in
1792 3958 2056 4015 solitudi-

408 4078 651 4145 nem,ut
680 4073 857 4127 vitam
892 4069 1089 4139 ageret
1127 4059 1472 4124 solitariam,
1506 4066 1870 4109 recessurum
1922 4065 2053 4120 pro-

406 4163 666 4218 miserat.
691 4159 791 4214 His
812 4152 1143 4228 promissis,
1176 4153 1241 4205 ut
1255 4150 1380 4219 jam
1406 4144 1795 4200 memoratum
1818 4143 1907 4194 est
1935 4154 2050 4193 non

405 4249 588 4315 stetit,
613 4249 763 4303 hanc
784 4247 956 4300 tidem
997 4240 1241 4298 fefellit:
1276 4260 1297 4285 α
1352 4238 1420 4306 (e)
1454 4232 1619 4289 Haud
1654 4235 1860 4302 sponte
1884 4245 1951 4283 ac
1983 4228 2051 4282 li-

404 4338 630 4405 benter;
647 4335 747 4391 sed
775 4333 928 4405 quod
970 4331 1059 4386 lex
1086 4329 1273 4399 legem
1295 4321 1605 4395 superarit,
1638 4335 1708 4375 ea
1745 4317 2047 4373 nimirum.

406 4443 532 4497 quae
563 4427 835 4496 parentes
864 4419 1049 4476 colere
1072 4416 1261 4486 jubet,
1295 4411 1480 4482 legem
1510 4406 1836 4464 sodalitatis
1867 4422 1934 4462 ac
1964 4405 2046 4460 fa-

406 4494 784 4570 miliaritatis.
820 4532 847 4560 »
880 4508 992 4565 Sed
1024 4505 1199 4560 ﬁdem
1229 4502 1426 4556 datam
1458 4498 1572 4554 Deo
1603 4495 1939 4551 nullatenus
1969 4494 2047 4550 fe-

400 4602 567 4669 fellit,
598 4598 1021 4675 promissisque
1048 4592 1230 4659 stetit,
1260 4605 1386 4646 eam
1420 4586 1678 4675 primum
1706 4584 1767 4640 in
1822 4584 2044 4640 aedibus
2078 4602 2123 4666 D

395 4673 654 4764 paternis
699 4690 873 4747 vitam
906 4684 1153 4759 agendo,
1173 4678 1424 4752 quamin
1441 4673 1754 4731 solitudine
1776 4679 2044 4730 acturum

392 4796 454 4836 se
485 4782 676 4836 fuerat
698 4777 1030 4851 pollicitus;
1081 4787 1146 4828 ac
1177 4767 1386 4824 deinde
1435 4766 1494 4819 in
1528 4778 1742 4833 eremo,
1775 4761 1833 4816 in
1866 4777 2042 4833 quam

389 4869 493 4926 ubi
526 4870 785 4941 primum
816 4866 982 4921 licuit
1011 4878 1074 4918 se
1102 4856 1336 4929 recepit.

388 4940 543 5014 LIX.
575 4961 744 5015 Vitam
785 4969 1000 5028 quoque»
1050 4948 1365 5028 solitariam
1413 4943 1588 5014 egisse
1636 4940 1951 5028 Gregorium
1983 4941 2044 4995 in

426 5012 701 5097 Tiberina,
736 5012 807 5084 in‘
825 5012 931 5099 qua
952 5026 1123 5080 situm
1144 5012 1594 5082 eratArz'anium,
1625 5030 1688 5067 re
1701 5012 1877 5067 dz'bz’le
1896 5021 1999 5067 est.

458 5118 609 5183 Quin
640 5119 818 5175 etiam
849 5110 1126 5172 credibile
1148 5114 1238 5165 est
1268 5103 1774 5177 Gregorium,cum
1795 5100 2037 5157 Athenis

382 5205 443 5263 in
469 5208 621 5265 aedes
653 5212 927 5280 paternas
950 5197 1381 5270 rediisset,hinc
1406 5194 1466 5249 in
1487 5191 1822 5248 Tiberinam
1846 5190 2032 5263 regio-

380 5312 519 5354 nem
552 5313 614 5354 se
645 5279 986 5365 contulisse,
1020 5289 1121 5347 ubi
1152 5287 1459 5344 Arianzum
1510 5298 1633 5350 rus,
1664 5281 1792 5351 ejus
1838 5279 2032 5336 natale

377 5384 590 5457 solum,
624 5386 805 5444 situm
835 5387 961 5441 erat
990 5397 1107 5438 non
1135 5377 1308 5450 longe
1339 5392 1373 5433 a
1400 5371 1719 5442 Nazianzo;
1755 5373 1822 5428 ut
1849 5368 2028 5428 simul

469 5508 526 5573 α)
556 5502 653 5559 Or.
686 5504 740 5573 4,
773 5520 833 5558 n.
865 5499 991 5573 101.

466 5572 519 5642 ὁ)
545 5572 731 5642 lbid.,
753 5590 811 5629 n.
852 5572 977 5630 100.

465 5644 513 5717 e)
545 5646 645 5717 Ep.
679 5644 754 5701 al.
784 5645 838 5717 5.

464 5710 519 5796 ἀ)
552 5710 670 5778 Vita
695 5714 895 5791 Basil.,
926 5729 984 5792 p.
1018 5710 1109 5772 46.

2157 583 2499 639 charitatem
2559 584 2754 652 posset
2799 581 3103 649 exhibere;
3157 598 3219 637 ac
3280 587 3563 654 praeterea
3611 585 3812 640 datam

2159 673 2329 727 ﬁdem
2366 670 2579 726 Basilio
2599 674 2873 737 servaret,
2894 686 3066 741 quem
3093 675 3157 725 ut
3174 671 3231 725 in
3251 671 3402 727 hanc
3425 671 3809 729 solitudinem

2158 778 2220 817 se
2250 762 2535 816 conferret
2555 759 2767 814 litteris
2793 759 3074 815 invitavit.
3110 759 3255 815 Illud
3278 761 3505 817 venisse
3526 762 3809 819 Basilium

2156 849 2470 906 verisimile
2505 854 2614 915 est,
2648 848 2914 919 quamvis
2944 848 3149 919 longas
3181 866 3295 904 non
3331 851 3559 905 duxerit
3589 868 3807 908 moras.

2156 940 2325 995 Novae
2355 938 2629 995 editionis
2659 937 3039 1010 epistolarum
3058 938 3255 993 Basilii
3286 944 3491 994 auctor
3519 941 3808 1012 agnoscit,

2156 1029 2344 1101 primo
2367 1026 2647 1083 Basilium
2670 1027 2728 1081 in
2750 1025 3085 1081 Tiberinam
3107 1027 3361 1098 recipere
3379 1044 3507 1085 sese
3526 1028 3805 1097 voluisse,

2157 1117 2311 1188 quod
2347 1117 2437 1173 his
2467 1116 2633 1188 epist.
2685 1116 2752 1169 14
2792 1116 2986 1171 verbis
3036 1116 3364 1172 comfirmat
3411 1117 3524 1189 (d):
3562 1140 3590 1167 ‹‹
3640 1119 3807 1176 Nunc

2156 1207 2338 1279 igitur
2368 1204 2669 1277 intelligis,
2699 1220 2813 1276 quo
2840 1219 2945 1275 ego
2980 1203 3223 1276 periculi
3272 1204 3490 1262 stultus
3530 1209 3807 1280 venerim,

2158 1296 2258 1368 qui
2291 1294 2486 1352 locum
2519 1292 2809 1366 ejusmodi
2842 1309 2974 1349 cum
2998 1293 3296 1363 Tiberina,
3329 1295 3488 1352 orbis
3519 1299 3805 1354 terrarum

2156 1385 2454 1454 barathro,
2490 1386 2849 1440 commutare
2879 1382 3303 1440 contenderim.
3341 1405 3369 1433 »

2157 1490 2437 1547 LX-LXII.
2490 1489 2639 1545 Nihil
2685 1490 2869 1544 nimus
2915 1488 3366 1561 essepeidebatur
3415 1490 3703 1561 Gregorius
3749 1493 3811 1548 in

2228 1564 2384 1618 domo
2434 1567 2685 1631 paterna,
2717 1577 2881 1632 quam
2919 1558 3059 1630 quod
3099 1563 3184 1615 rei
3212 1578 3332 1632 ipsa
3359 1571 3494 1618 erat.
3519 1558 3814 1619 Molestius

2223 1637 2388 1707 parit
2408 1632 2661 1702 Gregorio
2682 1634 2770 1687 rei
2796 1633 3277 1707 familiariscura.
3308 1634 3580 1689 Basiliam
3610 1638 3812 1691 invitat

2228 1705 2286 1761 at
2317 1706 2389 1761 ad
2411 1722 2467 1761 se
2497 1707 2709 1772 veniat,
2750 1710 2811 1759 ut
2845 1706 3033 1759 omnia
3059 1705 3172 1759 sint
3200 1708 3533 1761 communia.

2228 1805 2352 1869 Quo
2384 1820 2517 1875 ergo
2552 1806 2812 1873 tempore
2843 1801 3155 1873 Gregorius
3202 1803 3599 1859 confectorum
3634 1803 3808 1860 annis

2156 1897 2466 1966 parentum
2498 1908 2698 1947 curam
2729 1891 2930 1963 gessit,
2957 1890 3099 1945 nihil
3126 1891 3325 1946 minus
3355 1909 3483 1948 esse
3502 1892 3810 1949 videbatur

2157 2000 2330 2055 quam
2363 1981 2518 2054 quod
2550 1981 2741 2053 reipsa
2772 1984 2913 2037 erat.
2948 1980 3086 2036 Pars
3117 1997 3373 2052 namque
3395 1982 3520 2053 ejus
3548 1981 3809 2054 philoso-

2161 2072 2309 2145 phiae
2341 2072 2461 2127 haec
2485 2070 2612 2141 fuit,
2641 2091 2667 2123 α
2700 2070 2766 2142 (e)
2798 2069 2922 2125 Non
2955 2070 3140 2126 videri
3162 2070 3450 2142 primariae
3488 2072 3617 2127 vita:
3646 2071 3808 2127 labo-

2163 2177 2254 2218 res
2285 2159 2913 2231 exantlare,magisque
2935 2175 3063 2214 esse
3103 2175 3280 2229 quam
3302 2159 3487 2215 videri
3523 2164 3637 2216 Deo
3670 2160 3812 2215 ami-

2157 2267 2310 2306 cum.
2340 2251 2452 2305 Sed
2485 2249 2674 2318 major
2702 2264 2836 2303 eum
2881 2248 3115 2303 tenebat
3152 2249 3571 2304 monachorum
3621 2266 3812 2318 amor,

2158 2338 2394 2412 quamvi
2422 2338 2716 2393 videretur
2746 2337 2897 2392 inter
2940 2336 3160 2393 multos
3188 2337 3425 2393 versari.
3470 2360 3498 2387 ››
3532 2337 3647 2392 Nec
3698 2336 3806 2392 mi-

2158 2446 2272 2485 nus
2303 2429 2524 2484 interea
2562 2426 2908 2499 parentibus
2941 2441 3174 2481 omnem
3207 2425 3517 2481 exhibebat
3537 2425 3813 2482 sollicitu-

2160 2518 2378 2588 dinem,
2414 2533 2615 2572 eorum
2648 2518 2943 2572 senectam
2974 2514 3193 2583 fovens,
3228 2513 3374 2569 nihil
3427 2515 3615 2587 magis
3647 2515 3810 2586 pium

2160 2612 2324 2663 ratus
2338 2623 2513 2678 quam
2533 2604 2790 2678 primum
2810 2607 2940 2675 post
2962 2608 3141 2659 Deum
3158 2602 3499 2675 parentibus
3524 2603 3809 2659 honorem

2160 2699 2455 2769 praestare.
2488 2694 2909 2749 Verumtamen
2958 2689 3039 2748 rei
3090 2691 3395 2748 familiaris
3447 2709 3650 2748 curam
3695 2691 3809 2747 sibi

2161 2785 2447 2842 maximas
2481 2785 2695 2839 fatetur
2735 2782 3001 2837 attulisse
3031 2780 3351 2837 molestias.
3387 2803 3415 2832 ‹‹
3446 2781 3510 2851 (Γ)
3534 2781 3810 2836 Parentes

2163 2875 2395 2946 quidem
2429 2873 2743 2929 observans
2761 2876 2816 2927 et
2837 2872 3033 2926 fovens
3054 2870 3410 2939 laborantes,
3435 2870 3653 2941 spebus
3682 2868 3812 2925 ani-

2164 2981 2325 3020 mum
2359 2960 2955 3032 deliniebam,inquit,
2981 2964 3044 3013 ut
3073 2959 3358 3030 optimum
3377 2958 3596 3029 aliquid
3620 2959 3810 3013 adim-

2165 3054 2350 3126 plens,
2381 3058 2437 3108 et
2466 3052 2739 3123 imposito
2785 3050 3037 3122 fungens
3068 3066 3102 3104 a
3129 3053 3340 3104 natura
3385 3048 3594 3104 ofﬁcio.
3644 3052 3813 3103 Certo

2166 3149 2397 3201 constat
2425 3142 2716 3198 barathris
2746 3142 3016 3196 refertam
3050 3155 3177 3195 esse
3206 3138 3613 3211 improborum
3630 3139 3812 3207 viam,

2165 3231 2643 3307 quandoquidem
2676 3228 2820 3284 mihi
2849 3228 3026 3284 etiam
3057 3244 3125 3283 ex
3150 3227 3301 3282 bono
3335 3226 3554 3282 malum
3600 3227 3814 3282 evenit.

2164 3323 2312 3379 Nam
2343 3321 2537 3376 multa:
2553 3336 2644 3375 me
2673 3322 2730 3374 et
2757 3317 3015 3373 molestae
3038 3314 3482 3383 sollicitudines,
3503 3332 3630 3387 quis
3656 3332 3818 3370 men-

2170 3420 2285 3469 tem
2318 3428 2384 3467 ac
2415 3410 2681 3465 membra
2711 3408 2803 3463 die
2828 3423 2893 3462 ac
2923 3410 3091 3461 nocte
3139 3406 3376 3474 rodunt,
3412 3421 3442 3459 e
3491 3404 3629 3459 coalo
3683 3402 3816 3459 ani-

2170 3518 2326 3557 mam
2355 3499 2417 3555 in
2434 3504 2619 3554 terras
2632 3495 2932 3568 dejiciunt,
2958 3494 3217 3549 Primum
3242 3493 3477 3563 quidem
3503 3492 3686 3549 servis
3708 3494 3815 3548 im-

2168 3605 2371 3662 perare
2401 3587 2571 3661 quale
2602 3586 2756 3642 exitii
2792 3583 2962 3639 rete?
3001 3582 3101 3655 qui
3150 3583 3387 3637 acerbos
3435 3581 3669 3653 quidem
3712 3581 3815 3637 do-

2169 3680 2359 3735 minos
2408 3692 2639 3748 semper
2679 3675 2945 3743 oderunt,
2997 3672 3123 3743 pios
3194 3676 3387 3727 autem
3438 3669 3816 3741 impudenter

2165 3767 2546 3835 conculcant;
2582 3780 2688 3820 nec
2718 3762 2892 3818 malis
2922 3761 3275 3834 placidi,nec
3298 3759 3467 3815 bonis
3498 3758 3808 3814 dociles....

2170 3858 2384 3914 Deinde
2410 3872 2545 3912 vero
2575 3870 2696 3909 rem
2729 3850 3074 3907 familiarem
3089 3849 3518 3916 administrare,
3551 3853 3608 3903 et
3624 3847 3809 3902 Caesa-

2166 3947 2246 4002 ris
2296 3946 2527 4017 pondus
2569 3940 2831 3998 humeris
2863 3955 3093 4011 semper
3131 3938 3442 4003 sustinere,
3475 3954 3539 3992 ac
3595 3937 3807 3991 duram

2165 4036 2366 4092 audire
2397 4031 2680 4089 exactoris
2704 4045 2970 4085 vocem...
3003 4027 3249 4083 Posthac
3287 4030 3482 4081 autem
3511 4025 3663 4080 circa
3694 4024 3807 4078 fre-

2161 4123 2391 4197 quentis
2421 4120 2529 4177 fori
2576 4117 2919 4183 tumultum,
2952 4120 3008 4172 et
3055 4115 3221 4171 sedes
3253 4113 3530 4182 excelsas,
3574 4112 3807 4169 miseris

2158 4214 2362 4270 litibus
2384 4208 2663 4267 sollicitos
2680 4205 2916 4274 versari,
2941 4208 2995 4260 et
3012 4220 3349 4261 sermonum
3373 4202 3806 4275 delitigantium

2158 4302 2402 4375 strepitu
2437 4296 2704 4366 obtundi,
2730 4313 2796 4351 ac
2841 4294 3037 4366 legum
3064 4290 3421 4348 volubilibus
3444 4291 3668 4363 laqueis
3688 4308 3808 4347 mo-

2156 4391 2356 4448 lestias
2379 4388 2518 4461 pati;
2542 4385 2863 4456 ubipugnae
2882 4386 2938 4438 et
2960 4382 3212 4447 labores,
3237 4398 3303 4437 ac
3334 4379 3503 4436 malis
3534 4383 3668 4451 plus
3699 4380 3803 4434 tri-

2156 4481 2358 4537 buitur
2388 4493 2566 4549 quam
2603 4473 2791 4539 bonis,
2817 4471 3048 4545 ipsique
3079 4470 3274 4543 legum
3298 4469 3503 4526 arbitri
3535 4467 3804 4540 utrisque

2153 4568 2410 4634 venales;
2435 4563 2813 4636 etimprobus
2846 4561 2894 4617 si
2925 4560 3101 4616 ditior
3139 4560 3240 4629 sit,
3260 4560 3309 4615 is
3339 4558 3596 4630 optimus
3627 4561 3730 4613 est.
3768 4580 3797 4610 »

2157 4656 2315 4713 Licet
2368 4657 2491 4708 tota
2545 4652 2667 4705 haec
2720 4648 2981 4721 Gregorii
3025 4647 3173 4703 ratio
3230 4646 3290 4701 in
3348 4644 3799 4711 vitaainstituto,

2156 4746 2327 4802 laude
2356 4747 2529 4814 atque
2587 4738 2971 4795 admiratione
3011 4738 3190 4808 digna
3235 4735 3517 4804 videatur,
3572 4734 3800 4789 dubitat

2151 4840 2345 4890 tamen
2375 4832 2463 4886 vir
2495 4834 2733 4885 sanctus
2764 4827 2861 4897 (g),
2894 4842 2965 4881 an
2998 4824 3135 4880 hinc
3165 4822 3279 4879 sibi
3310 4823 3501 4878 omnis
3532 4823 3661 4877 vita:
3683 4820 3797 4875 dif-

2151 4920 2359 4978 ﬁculas
2389 4918 2791 4990 asperitasque
2835 4914 3083 4980 ﬂuxerit,
3120 4928 3223 4984 per
3254 4929 3432 4983 quam
3464 4911 3794 4966 incommo-

2150 5014 2290 5067 dum
2324 5026 2390 5064 ac
2419 5007 2779 5064 salebrosum
2810 5004 2880 5059 ad
2914 5000 3343 5075 philosophiam
3365 5001 3473 5056 iter
3502 4999 3793 5069 habuerit,

2147 5117 2253 5157 nec
2275 5095 2561 5154 desiderio
2583 5111 2688 5151 suo
2712 5092 3007 5165 animique
3039 5089 3334 5164 proposito
3365 5090 3506 5146 satis
3524 5089 3793 5161 dignum.

2145 5192 2332 5257 Quare
2360 5185 2573 5243 Basilio
2596 5183 2859 5240 scribens
2882 5181 3219 5252 objectanti,
3253 5180 3407 5252 quod
3441 5196 3559 5235 una
3592 5194 3794 5235 secum

2142 5280 2203 5336 in
2234 5276 2613 5335 solitudinem
2643 5289 2771 5330 sese
2793 5288 2911 5328 non
2928 5270 3262 5343 recepisset,
3288 5269 3794 5343 quemadmodum

2141 5371 2212 5429 ab
2262 5366 2505 5425 Athenis
2554 5381 2618 5422 se
2668 5363 2925 5421 facturos
2981 5364 3187 5419 mutuo
3236 5359 3655 5434 promiserant,
3686 5356 3791 5418 da-

2233 5484 2281 5555 e)
2311 5484 2501 5555 Carm.
2536 5484 2614 5555 pe
2636 5481 2752 5555 vita
2780 5495 2907 5555 sua,
2934 5494 2990 5534 ν.
3022 5479 3147 5555 ᾂξέξ.

2228 5550 2276 5627 [j
2304 5554 2499 5627 Carm.
2530 5553 2602 5608 De
2628 5552 2741 5627 retr.
2774 5552 2910 5627 suis,
2939 5567 2994 5612 v.
3028 5550 3133 5609 137
3161 5552 3219 5609 et
3248 5565 3373 5627 seq.

2228 5624 2282 5699 'g')
2313 5626 2410 5684 0r.
2443 5625 2530 5695 43,
2559 5641 2616 5683 n.
2649 5624 2740 5685 25.
