4152 6208
381 324 500 383 ΓΠ

1727 316 1913 379 VITA
1960 317 2024 378 S.
2073 318 2468 380 GBEGORII.

3687 324 3807 385 178

382 459 628 525 tamque
657 452 836 508 ﬁdem
867 450 1254 520 fefellisset,id
1281 450 1433 506 ultro
1464 452 1769 519 fatetur,ac
1799 449 2043 523 promit-
2073 454 2123 518 Α
2157 452 2460 523 agebatur,
2496 456 2553 508 et
2584 469 2761 525 quam
2788 452 2914 525 ipse
2944 453 3221 520 traduxit,
3270 469 3405 510 cum
3455 454 3624 527 panis
3654 456 3798 513 adeo

380 543 451 597 tit
484 543 766 614 deinceps
800 559 862 597 se
892 542 1064 597 fidem
1109 544 1501 597 servaturum.
1554 562 1581 591 ‹‹
1612 541 1812 595 Fidem
1845 538 2038 609 fefelli,

379 632 580 703 inquit
612 633 709 701 (α).
757 673 770 686 .
816 673 830 687 .
876 673 889 685 .
924 648 1038 685 non
1072 635 1266 686 autem
1301 646 1542 702 prorsus
1587 629 1808 695 fallam,
1852 628 2042 701 siqui-

381 723 517 777 dem
552 721 663 776 boc
691 726 925 793 gratum
956 720 1064 775 tibi
1096 720 1360 774 futurum
1392 719 1723 774 est.Partim
1757 718 1914 773 enim
1937 734 2043 773 nos

381 815 580 867 tecum
606 810 1069 881 erimus,partim
1103 810 1228 880 ipse
1247 808 1552 863 nobiscum
1574 823 1701 863 esse
1723 823 2042 879 ne,quazso,

382 898 670 971 graveris,
703 903 767 953 ut
796 898 997 953 omnia
1027 899 1144 954 sint
1171 897 1591 963 communia,et
1621 896 1857 967 aequalis
1889 896 2041 951 ami-

381 988 542 1044 citia.
576 987 671 1043 Sic
703 988 857 1043 enim
892 988 1083 1054 fiet,ut
1106 1004 1210 1042 nec
1241 991 1512 1058 parentes
1543 1002 1790 1041 moerere
1822 986 2039 1041 afﬁcia-

382 1095 545 1142 mus,
579 1082 635 1133 et
664 1082 720 1132 te
752 1078 1037 1132 fruamur.
1074 1099 1100 1127 ››
1138 1077 1221 1131 Ita
1254 1076 1569 1149 Gregorius
1600 1075 1857 1131 amicum
1892 1074 2036 1130 invi-

378 1171 470 1221 tat
502 1170 568 1221 ut
590 1166 662 1221 ad
698 1183 757 1222 se
786 1165 1231 1231 veniat,scilicet
1252 1165 1312 1220 in
1344 1164 1723 1220 solitudinem
1753 1164 2039 1220 Tiberinae

379 1256 664 1326 regionis,
700 1272 824 1327 qua
856 1272 990 1311 cum
1045 1254 1329 1310 Nazianzo
1376 1254 1565 1309 vicina
1613 1258 1786 1325 esset,
1819 1253 1875 1307 id
1913 1270 2038 1309 mo-

378 1344 529 1400 leste
560 1362 673 1400 non
710 1345 925 1399 ferrent
959 1343 1472 1416 parentes,quibus
1503 1343 1678 1398 etiam
1704 1346 1900 1415 posset
1928 1341 2039 1397 sol-

377 1433 750 1488 licitudinem
786 1432 1142 1504 impendere,
1157 1437 1214 1487 et
1243 1432 1421 1487 simul
1454 1448 1584 1487 cum
1618 1432 1805 1487 amico
1836 1431 2036 1487 solita-

378 1521 531 1576 riam
565 1521 742 1575 vitam
778 1537 970 1593 agere,
1004 1525 1069 1575 ut
1116 1519 1409 1591 pollicitus
1462 1520 1667 1574 fuerat.
1702 1520 1826 1574 Non
1858 1519 2039 1590 igitur

378 1609 635 1665 Basilius
682 1610 983 1681 Gregorio,
1037 1614 1101 1663 ut
1146 1609 1339 1665 visum
1402 1607 1775 1663 Bollandistis
1804 1610 1899 1679 (b),
1934 1608 2035 1663 sed

379 1700 698 1769 Gregorius
729 1699 947 1755 Basilio
980 1699 1225 1754 suadere
1254 1702 1498 1754 conatus
1545 1702 1633 1752 est
1663 1701 1727 1751 ut
1770 1698 1829 1751 in
1863 1697 2032 1752 Tibe-

380 1789 574 1843 rinam
609 1788 907 1859 regionem
956 1788 1269 1843 secederet.
1324 1787 1497 1841 Recte
1546 1790 1738 1841 tamen
1773 1785 1939 1841 aiunt
1972 1801 2033 1841 se

379 1894 497 1933 non
527 1876 966 1948 dubitare,quin
997 1876 1311 1932 Arianzum
1344 1876 1662 1932 excurrerit
1690 1874 1942 1931 Basilius
1964 1875 2034 1930 ad

380 1966 694 2021 visendum
727 1967 1003 2021 amicum.

379 2072 580 2129 LXIII.
638 2074 901 2142 Basilius,
961 2080 1214 2129 extructo
1284 2072 1640 2138 monasterio,
1716 2070 2034 2143 Gregorium

956 2146 1178 2201 allicere
1214 2148 1460 2199 conatur.

451 2236 681 2289 Interea
712 2232 979 2300 Basilius,
1011 2234 1107 2305 qui
1142 2233 1385 2289 docendi
1411 2248 1629 2287 munus
1661 2232 1814 2303 apud
1845 2232 2033 2288 Caesa-

377 2322 607 2379 rienses
637 2323 951 2393 abjecerat,
988 2324 1056 2377 ad
1088 2323 1242 2394 quod
1277 2338 1411 2377 eum
1443 2321 1705 2394 piissima
1724 2338 1888 2377 soror
1912 2322 2032 2377 Ma-

372 2413 567 2480 crina,
614 2428 717 2468 nec
784 2429 899 2468 non
972 2410 1287 2483 Gregorius
1343 2411 1721 2481 impulerant,
1769 2411 1929 2466 varia
1971 2412 2030 2467 in

372 2501 611 2557 Oriente
642 2506 698 2556 et
725 2502 967 2574 Egypto
1000 2500 1198 2556 invisit
1228 2499 1602 2569 monasteria,
1638 2504 1693 2555 et
1739 2500 1892 2555 circa
1928 2516 2029 2555 an-

370 2606 520 2644 num
570 2590 675 2645 358
724 2590 783 2644 in
833 2590 1083 2661 patriam
1136 2605 1424 2660 reversus,
1478 2588 1639 2643 nulla
1687 2589 2033 2660 interposita

369 2694 563 2742 mora,
595 2676 654 2732 in
687 2677 1068 2733 solitudinem
1128 2692 1255 2732 sese
1308 2676 1534 2747 recipit,
1594 2677 1804 2731 ardens
1837 2677 2031 2733 studio

366 2764 654 2837 praeclara
681 2766 967 2821 virtutum
1000 2765 1706 2837 exemplaimitandi,quze
1736 2765 1793 2819 in
1828 2783 2029 2821 mona-

370 2854 574 2909 steriis
602 2854 852 2927 Egypti,
890 2854 1227 2925 Palaestinae,
1257 2853 1573 2922 Gmlesyriaa
1615 2860 1671 2907 et
1702 2854 2030 2926 Mesopota-

372 2942 527 3013 miaa,
563 2961 678 2999 non
711 2944 836 2999 sine
867 2950 1104 3015 stupore
1129 2944 1815 3016 conspexerat.ldoneum
1847 2961 2033 3000 seces-

370 3030 467 3086 sui
496 3033 691 3087 locum
726 3034 794 3087 ad
830 3033 1015 3105 ripam
1063 3033 1237 3088 Iridis
1285 3032 1464 3101 ﬂuvii,
1513 3032 1612 3103 qui
1664 3050 1732 3088 ex
1758 3034 2032 3090 Armenia

371 3124 541 3175 estus
573 3121 826 3176 Pontum
858 3120 1081 3194 irrigat,
1130 3122 1200 3177 ab
1233 3122 1390 3177 omni
1446 3138 1687 3192 prorsus
1721 3122 2025 3177 hominum

2156 542 2339 596 durus
2370 546 2783 613 apponeretur,
2830 546 2894 596 ut
2924 543 3129 598 dentes
3163 543 3493 615 frangeret;
3526 547 3805 617 tantaque

2152 632 2275 684 erat
2305 646 2497 685 rerum
2539 630 2801 685 omnium
2832 629 3052 702 inopia,
3099 634 3163 685 ut
3212 630 3325 685 nisi
3377 634 3567 687 mater
3594 631 3797 689 Basilii

2153 722 2437 789 oportune
2487 717 2896 785 succurrisset,
2944 718 3313 774 moriendum
3364 718 3589 776 fuisset.
3623 724 3795 778 Com-

2152 810 2440 861 memorat
2467 807 2639 861 etiam
2676 806 2989 879 Gregorius
3033 806 3293 863 laborem
3342 825 3649 875 manuum,
3681 812 3797 866 Au-

2151 895 2257 969 gia:
2288 896 2507 950 fimum“
2544 913 2573 951 e
2614 896 2786 951 domo
2836 899 3204 967 exportatum
3262 901 3327 952 ut
3378 896 3531 953 horti
3580 898 3799 956 fertiles

2150 986 2549 1051 redderentur,
2586 1002 2650 1039 ac
2679 984 2937 1040 immane
2980 984 3306 1055 plaustrum
3358 1002 3465 1042 sua
3511 992 3569 1043 et
3599 987 3797 1045 Basilii

2151 1075 2369 1129 cervice
2398 1074 2790 1146 manibusque
2829 1077 3104 1130 tractum.
3138 1074 3238 1129 His
3287 1075 3447 1131 addit
3497 1075 3790 1149 lignorum

2150 1164 2644 1235 comportationes
2669 1167 2724 1219 et
2756 1162 3407 1234 lapicidinas.arborum
3441 1166 3792 1222 consitiones

2150 1257 2206 1309 et
2236 1253 2623 1326 irrigationes.

2148 1360 2301 1417 LXV.
2354 1359 2557 1435 Sta/tio,
2592 1376 2877 1435 sacrarum
2912 1360 3260 1435 litterarum
3292 1359 3581 1435 incumbit.
3628 1378 3795 1435 eoque

2410 1431 2588 1487 studio
2622 1432 2861 1501 miriﬁce
2890 1431 3193 1486 delectatur
3224 1431 3529 1503 Gregorius.

2219 1521 2383 1586 Quod
2432 1524 2734 1591 supererat
2779 1520 2881 1575 otii
2932 1521 3004 1574 ab
3057 1518 3319 1575 asceticm
3368 1520 3496 1575 vita:
3548 1522 3788 1592 muniis;

2147 1609 2583 1681 Scripturarum
2638 1607 3003 1663 meditationi
3051 1608 3491 1679 impendebant.
3526 1611 3585 1664 Id
3619 1611 3790 1684 longe

2146 1698 2548 1770 gratissimum
2602 1701 2725 1752 erat
2763 1696 3058 1767 Gregorio,
3093 1696 3186 1751 cui
3234 1697 3305 1751 de
3361 1698 3491 1753 vita:
3522 1698 3789 1755 instituto

2145 1786 2499 1843 consultanti
2528 1802 2594 1841 ac
2626 1785 2931 1840 fluctuanti
2965 1789 3162 1840 utrum
3194 1784 3450 1857 eligeret,
3494 1786 3638 1842 illud
3672 1805 3787 1860 pra)

2148 1876 2279 1931 aliis
2310 1875 2642 1947 eligendum
2664 1875 2855 1930 visum
2889 1874 3163 1943 fuerat,in
3194 1891 3309 1947 quo
3338 1875 3704 1948 frequentius
3727 1894 3791 1934 ac

2146 1964 2388 2021 liberius
2418 1980 2615 2019 sacros
2647 1964 2828 2019 libros
2877 1979 3107 2019 versare
3155 1981 3221 2019 ac
3268 1964 3540 2020 meditari
3570 1969 3785 2037 posset.

2145 2055 2332 2108 Ambo
2363 2054 2538 2124 igitur
2567 2052 2952 2108 concordibus
2984 2052 3216 2123 animis,
3249 2053 3374 2125 pari
3406 2054 3601 2109 studio
3632 2054 3789 2126 pari-

2147 2160 2258 2216 que
2290 2158 2567 2198 successu
2592 2158 2768 2197 sacraa
2801 2141 2936 2197 huic
2960 2141 3193 2196 lectioni
3225 2142 3783 2216 incumbunt,atque

2144 2248 2244 2287 eos
2276 2232 2501 2286 fructus
2530 2230 2979 2301 percipiunt,qui
3015 2247 3129 2285 non
3154 2232 3326 2286 modo
3357 2230 3417 2285 in
3441 2248 3610 2287 suam
3627 2232 3782 2303 ipso-

2144 2337 2298 2389 rum,
2330 2335 2533 2375 verum
2565 2318 2741 2374 etiam
2774 2319 2832 2373 in
2854 2318 3121 2374 Ecclesia:
3150 2319 3333 2375 totius
3364 2319 3673 2375 utilitatem
3705 2337 3787 2376 re-

2144 2410 2503 2465 dundarunt.
2566 2406 2778 2462 Nullus
2832 2406 3038 2462 dubito
3069 2407 3211 2478 quin
3271 2407 3393 2463 haec
3423 2408 3495 2463 ad
3525 2408 3785 2479 primum

2144 2499 2405 2571 Gregorii
2435 2513 2729 2553 secessum
2763 2496 3112 2567 pertineant,
3145 2511 3251 2552 nec
3282 2497 3552 2552 dubitare
3581 2497 3787 2555 sinunt

2142 2589 2263 2644 hazc
2309 2588 2484 2643 verba
2527 2586 2714 2658 ipsius
2764 2584 3025 2657 Gregorii
3076 2584 3290 2641 Basilio
3342 2586 3679 2656 scribentis,
3725 2591 3783 2644 et

2142 2680 2275 2750 post
2305 2676 2527 2749 aliquot
2550 2692 2731 2731 annos
2754 2674 3037 2746 pristinas
3061 2673 3190 2730 illas
3213 2673 3630 2747 delicias,quas
3652 2692 3786 2732 cum

2142 2768 2268 2839 ipso
2302 2766 2360 2820 in
2419 2782 2656 2821 secessu
2715 2765 3141 2836 degustaverat,
3201 2764 3591 2819 desiderantis
3649 2765 3775 2837 (d):

2143 2855 2319 2922 «Quis
2353 2870 2443 2909 me
2476 2854 2799 2909 secundum
2850 2852 3235 2924 pristinorum
3287 2851 3524 2908 illorum
3554 2853 3783 2910 dierum

2141 2949 2362 3000 statum
2391 2943 2733 3012 constituet,
2753 2942 2811 2996 in
2836 2941 3050 3013 quibus
3073 2958 3177 3013 ego
3203 2944 3397 2997 tecum
3412 2942 3784 3000 afﬂictionem

2140 3051 2242 3106 pro
2277 3032 2500 3089 deliciis
2534 3031 2820 3097 habebam
2860 3031 2978 3085 ?....
3014 3030 3155 3096 Quis
3182 3030 3541 3102 psalmodias
3567 3031 3696 3088 illas
3726 3037 3785 3089 et

2137 3123 2366 3195 vigilias
2397 3122 2575 3186 dabit,
2606 3124 2780 3192 atque
2811 3121 2882 3176 ad
2916 3120 3099 3175 Deum
3132 3136 3235 3193 per
3264 3120 3585 3176 orationem
3617 3138 3782 3194 pere-

368 3210 800 3266 consuetudine
834 3214 1120 3265 remotum
1145 3210 1321 3281 elegit
1343 3226 1371 3265 e
1399 3210 1630 3282 regione
1659 3212 2021 3281 monasterii,
2057 3195 2098 3262 C
2138 3212 2517 3286 grinationes,
2570 3209 2848 3281 illamque
2900 3208 3058 3265 velut
3109 3209 3352 3265 materia
3397 3215 3700 3266 vacantem
3723 3215 3784 3268 et

368 3299 527 3368 quod
561 3300 633 3354 ad
666 3299 911 3355 alteram
934 3300 1199 3371 ejusdem
1223 3298 1381 3355 ﬂuvii
1411 3300 1599 3372 ripam
1616 3300 1873 3356 Macrine
1896 3318 2025 3357 con-

367 3392 685 3443 struxerat.

368 3494 563 3549 LXIV.
594 3496 657 3549 In
686 3494 1045 3551 solitudinem
1075 3495 1149 3551 ad
1192 3496 1463 3551 Basiliam
1491 3512 1549 3551 se
1576 3498 1788 3568 confert
1816 3514 1835 3551 :
1865 3498 2022 3554 ambo

441 3570 617 3621 vitam
646 3570 937 3623 asceticam
969 3572 1158 3637 agunt.
1196 3568 1327 3624 Vitae
1353 3570 1666 3636 austeritas,
1690 3585 1877 3623 rerum
1911 3570 2023 3625 ino-

438 3640 559 3709 pia,
594 3655 862 3693 manuum
895 3639 1068 3708 labor,
1093 3644 1201 3694 etc.

438 3742 567 3799 Illic
597 3744 827 3815 primus
853 3744 1117 3799 omnium
1149 3744 1205 3799 in
1239 3744 1603 3817 Cappadocia
1629 3745 1802 3801 vitam
1838 3764 2021 3803 emno—

364 3832 633 3897 biticam,
666 3849 841 3903 quam
876 3832 1148 3888 solitaria:
1182 3833 1351 3905 longe
1382 3834 1798 3905 praeferendam
1830 3836 2021 3892 existi-

365 3920 853 3987 mabat,instiluit
884 3921 1471 3993 Basilius.0ptaverat
1495 3923 1728 3977 fratrem
1762 3924 2012 3993 aliquem

366 4009 645 4079 reperire,
681 4009 782 4080 qui
830 4009 1011 4064 vitam
1046 4010 1355 4065 asceticam
1380 4011 1769 4081 profiteretur,
1802 4018 1867 4067 ut
1896 4030 2014 4068 una

365 4115 503 4153 cum
546 4113 613 4153 eo
664 4099 893 4153 brevem
944 4098 1127 4166 huius
1175 4099 1301 4153 vita:
1352 4099 1591 4154 ﬂuctum
1634 4102 2017 4172 pertransiret

364 4184 710 4259 Speraverat
728 4202 789 4241 se
811 4203 941 4242 cum
968 4186 1241 4259 Gregorio
1254 4186 1575 4256 victurum;
1609 4189 1708 4243 sed
1742 4189 2018 4261 imposita

363 4276 555 4332 amico
588 4276 847 4331 fovendae
882 4280 1189 4349 parentum
1217 4277 1539 4333 senectutis
1562 4278 1880 4334 necessitas
1911 4279 2016 4334 im-

361 4364 702 4438 pedimento
735 4364 863 4436 fuit,
898 4381 1046 4436 quos
1080 4365 1276 4420 minus
1309 4364 1366 4418 id
1401 4366 1553 4434 quod
1585 4366 1739 4421 inter
1768 4381 1829 4422 se
1880 4384 2013 4423 cum

360 4453 610 4509 Athenis
640 4458 1030 4525 versarentur,
1067 4453 1219 4525 pacti
1249 4453 1503 4521 fuerant,
1533 4465 2008 4527 exsequerentur.

2132 3303 2532 3373 incorpoream
2564 3300 2744 3354 vitam
2765 3299 2793 3353 ‘I
2818 3298 2958 3365 Quis
2992 3298 3240 3355 fratrum
3272 3314 3496 3367 eorum,
3531 3300 3631 3371 qui
3663 3318 3696 3356 a
3724 3305 3781 3356 te

2132 3392 2212 3447 dii
2244 3391 2644 3446 efficiebantur
2672 3392 2846 3461 atque
2879 3389 2938 3443 in
2972 3386 3154 3443 altum
3188 3388 3602 3460 evehebantur,
3636 3406 3778 3445 con-

2131 3481 2390 3537 cordiam
2425 3479 2868 3548 animorumque
2893 3477 3365 3548 conjunctionem
3384 3478 3411 3532 ?
3430 3478 3569 3545 Quis
3590 3478 3780 3535 virtu-

2129 3571 2206 3625 tis
2237 3573 2550 3635 certamen,
2584 3571 2639 3622 et
2669 3567 2740 3622 ad
2756 3584 2881 3621 eam
2904 3566 3515 3637 incitationem,quam
3544 3567 3777 3639 scriptis

2130 3657 2359 3731 legibus
2392 3674 2457 3712 ac
2486 3655 2704 3727 regulis
2750 3654 3237 3710 obﬁrmavimus?
3269 3656 3409 3719 Quis
3441 3656 3771 3713 divinorum

2129 3746 2497 3803 oraculorum
2534 3743 3134 3815 studium,lucemque
3156 3743 3212 3797 in
3233 3743 3377 3815 ipsis
3398 3744 3575 3799 ductu
3598 3748 3775 3817 atque

2131 3833 2411 3907 auspiciis
2443 3832 2695 3905 Spiritus
2728 3831 2915 3887 sancti
2965 3832 3259 3886 inventam
3290 3831 3317 3886 ?
3347 3856 3368 3883 ι
3407 3834 3548 3886 Cum
3576 3836 3773 3888 autem

2130 3927 2187 3980 in
2239 3924 2673 3995 Scripturarum
2722 3921 2917 3977 studio
2980 3920 3112 3992 plus
3170 3920 3431 3992 antiquis
3480 3920 3776 3992 scriptori-

2132 4015 2243 4070 bus
2293 4028 2470 4085 quam
2524 4011 2757 4080 ingenio
2824 4008 3057 4081 proprio
3128 4009 3468 4077 tribuerent,
3517 4009 3774 4081 plurima

2130 4119 2199 4157 ex
2228 4100 2471 4170 Origene
2519 4096 2877 4169 collegerunt
2937 4096 3337 4152 observatione
3396 4097 3594 4170 digna,
3642 4115 3769 4171 quin

2125 4192 2184 4246 in
2234 4204 2417 4244 unum
2473 4204 2687 4259 corpus
2757 4186 2995 4241 redacta
3068 4186 3432 4242 Philocaliam
3505 4188 3769 4261 appella-

2123 4282 2280 4336 runt.

2122 4387 2313 4443 LXVI.
2343 4382 2655 4457 Philocalia
2701 4386 2752 4439 et
2783 4384 3009 4454 Regula?
3054 4384 3373 4457 mopasticaz
3405 4393 3533 4441 sunt
3560 4387 3772 4457 fructus

2474 4456 2782 4512 studiorum
2812 4457 3019 4511 Basilii
3046 4464 3097 4511 el
3129 4454 3396 4523 Gregorii.

361 4543 727 4614 Quapropter
757 4559 822 4598 eo
850 4543 1168 4598 destitutus
1200 4542 1820 4615 pr:esidio,postquam
1855 4547 2014 4602 varia
2042 4565 2089 4629 D
2192 4549 2254 4602 In
2307 4544 2637 4602 ediscendis
2686 4544 3005 4616 Scripturis
3055 4544 3304 4599 Basilius
3357 4548 3413 4599 et
3452 4544 3765 4617 Gregorius

360 4630 636 4685 lustravit
668 4633 1044 4702 monasteria,
1078 4631 1237 4687 solus
1271 4632 1328 4686 in
1362 4632 1737 4688 solitudinem
1772 4651 1833 4689 se
1864 4636 2008 4690 reci-

362 4720 485 4792 pit;
518 4720 690 4790 cujus
723 4719 965 4775 delicias
997 4720 1096 4775 ubi
1130 4720 1389 4792 primum
1422 4721 1716 4793 delibavit,
1750 4722 1903 4779 datis
1936 4726 2006 4779 ad

361 4808 703 4878 Gregorium
758 4807 985 4875 litteris,
1052 4808 1415 4880 perjucunda
1462 4809 1571 4864 loci
1621 4810 2009 4882 descriptione

362 4913 494 4951 eum
529 4895 761 4951 allicere
784 4902 1027 4952 conatus
1056 4897 1488 4970 est.Gregorius
1512 4899 1682 4955 amici
1707 4906 1765 4955 et
1787 4901 2008 4956 sollitu-

359 4984 517 5039 dinis
550 4985 838 5040 desiderio
880 4986 1155 5057 ﬂagrans,
1191 5003 1369 5058 quam
1420 4988 1677 5059 primum
1728 4988 1913 5059 licuit,
1946 4990 2005 5046 in

361 5072 609 5127 Pontum
642 5074 711 5128 ad
746 5073 1024 5129 Basilium
1057 5092 1117 5129 se
1149 5076 1414 5146 contulit,
1463 5093 1616 5131 anno
1646 5078 1753 5133 358
1783 5077 1872 5133 vel
1902 5080 2007 5134 359

354 5163 447 5231 (c).
485 5160 611 5217 Illic
642 5162 890 5218 miratur
922 5168 978 5219 et
1009 5163 1208 5219 laudat
1238 5164 1514 5222 eximiam
1554 5166 1823 5237 fratrum,
1858 5184 2006 5239 quos

354 5252 427 5306 ad
460 5251 739 5323 pietatem
771 5252 1023 5308 Basilius
1056 5253 1794 5322 instituebat,concordiam
1829 5273 2003 5313 :sua-

353 5356 481 5395 vem
508 5342 871 5413 psalmorum
899 5346 955 5397 et
974 5341 1326 5414 hymnorum
1349 5348 1733 5417 cantum,quo
1764 5362 2003 5419 magno-

356 5445 496 5501 pere
547 5429 872 5487 delectatus
922 5430 1065 5501 fuit;
1096 5432 1274 5488 vitam
1322 5450 1659 5507 pauperem,
1713 5451 1839 5508 quae
1885 5435 2003 5493 illic

429 5573 509 5641 (η)
540 5577 641 5644 Ep.
679 5572 753 5628 al.
785 5574 840 5627 5.

426 5646 505 5713 (ὁ)
535 5645 569 5698 9
602 5644 737 5700 Maii
772 5658 827 5716 p.
860 5644 983 5714 385,
1018 5644 1123 5701 col.
1166 5648 1216 5713 1,
1252 5649 1368 5702 not.
1402 5648 1465 5703 B.

2120 4642 2390 4692 mutuam
2424 4634 2534 4690 sibi
2568 4650 2803 4706 operam
2831 4632 3207 4705 praestabant,
3242 4632 3559 4688 familiares
3590 4633 3765 4689 etiam

2121 4727 2190 4781 de
2220 4726 2313 4781 his
2344 4725 2495 4780 inter
2523 4740 2583 4779 se
2615 4739 2915 4779 sermones
2956 4722 3328 4789 conferendo,
3360 4738 3495 4776 cum
3545 4721 3603 4775 in
3639 4739 3763 4777 ere-

2119 4831 2235 4885 mo,
2268 4814 2370 4871 ubi
2417 4815 2710 4869 testantur
2757 4828 2855 4866 eas
2905 4828 2966 4866 se
3015 4810 3312 4875 didicisse,
3363 4815 3756 4867 versarentur.

2118 4904 2228 4958 Sed
2264 4902 2620 4975 praecipuum
2670 4900 2728 4955 in
2780 4900 3110 4955 divinorum
3162 4899 3529 4955 oraculorum
3566 4901 3761 4956 studio

2118 4992 2468 5064 magistrum
2494 4990 2750 5045 habuere
2778 4989 3057 5062 Spiritum
3083 4990 3552 5060 sanctum,cujus
3582 4990 3759 5045 ductu

2116 5086 2171 5136 et
2202 5080 2479 5153 auspiciis
2506 5079 2696 5135 lucem
2746 5079 2805 5133 in
2851 5078 2996 5150 ipsis
3044 5094 3077 5131 a
3121 5094 3182 5133 se
3242 5078 3537 5133 inventam
3570 5077 3761 5134 decla-

2116 5174 2266 5225 rant.
2303 5170 2511 5224 Praater
2540 5168 2926 5234 Philocaliam,
2961 5166 3110 5222 alius
3138 5170 3325 5222 exstat
3356 5167 3580 5224 fructus
3602 5184 3760 5223 com-

2116 5258 2462 5315 morationis
2494 5256 2755 5330 Gregorii
2787 5258 2846 5312 in
2879 5272 3087 5313 monas
3114 5256 3258 5311 terio
3283 5256 3480 5312 Basilii
3511 5261 3567 5313 et
3596 5273 3757 5313 com-

2115 5365 2291 5403 mune
2324 5348 2631 5418 utriusque
2683 5364 2851 5419 opus,
2894 5350 2957 5402 ut
2987 5362 3056 5401 ex
3100 5346 3226 5418 ipso
3276 5345 3548 5419 Gregorio
3582 5346 3757 5402 disci-

2113 5454 2269 5505 mus,
2302 5453 2511 5508 nempe
2544 5436 2701 5508 leges
2732 5434 3067 5492 monasticaa
3098 5439 3154 5491 et
3184 5435 3416 5508 regulae.
3439 5458 3468 5486 «
3500 5436 3638 5502 Quis
3663 5438 3762 5491 da-

2187 5579 2257 5649 (c)
2286 5579 2454 5650 Greg.
2474 5594 2580 5650 ep.
2614 5578 2689 5633 al.
2720 5579 2775 5632 9.

2184 5651 2264 5719 (d)
2294 5656 2394 5721 Ep.
2431 5649 2506 5706 al.
2529 5649 2591 5705 ⁷9.
