4152 6208
407 350 522 414 1¹Ι9

1740 345 1925 407 VITA
1969 347 2035 406 S.
2084 340 2479 405 GREGORII.

3693 335 3811 396 480

407 485 495 542 bit
521 484 754 542 virtutis
776 486 1155 543 certamen.et
1174 483 1246 539 ad
1276 498 1405 540 eam
1438 481 2045 552 incitationem,quam
2079 484 2132 549 Α
2160 479 2294 534 ham
2325 476 2539 533 ?...Sed
2570 476 2693 531 haec
2723 478 2923 545 optare
2953 472 3188 545 quidem
3223 469 3812 543 perfacile,consequi

408 576 645 648 scriptis
675 575 900 647 legibus
948 591 1014 629 ac
1069 572 1288 645 regulis
1331 572 1821 628 obfirmavimus?
1853 593 1874 622 ι
1912 573 2047 637 Quae

407 665 669 737 Gregorii
700 666 876 720 verba
905 664 1174 718 dubitare
1225 679 1338 716 non
1389 661 1611 727 sinunt,
1665 659 1805 730 quin
1839 661 1911 715 ad
1943 659 2050 714 has

408 754 566 827 leges
597 753 946 825 regulaeque
987 752 1113 806 vita
1145 751 1479 806 monasticae
1512 749 1850 804 scribendas
1881 764 2050 803 suam

413 860 547 899 cum
595 842 804 898 Basilio
865 857 1100 913 operam
1174 839 1503 895 contulerit.
1555 838 1717 902 Quod
1772 838 1828 893 ni
1883 838 2050 893 fecis-

409 938 518 999 set,
586 937 740 987 certe
803 931 893 987 vir
958 931 1260 985 modestus
1330 929 1399 983 de
1458 944 1519 982 se
1585 945 1696 981 non
1768 928 2051 998 pradica-

410 1026 518 1077 ret.

415 1128 632 1185 LXVII.
670 1128 784 1183 Voti
819 1143 1032 1194 compos
1081 1126 1141 1195 ﬁt
1191 1125 1502 1193 Gregorius,
1552 1124 1796 1178 mediam
1823 1140 2055 1195 carpens

684 1202 835 1255 viam
862 1199 1000 1253 inter
1032 1198 1389 1252 anachoretas
1418 1200 1470 1251 et
1498 1195 1776 1266 mygades.

479 1289 574 1344 Sic
622 1289 680 1343 in
732 1287 929 1341 Basilii
984 1287 1337 1341 monasterio
1388 1285 1582 1356 quiete
1623 1301 1687 1340 ac
1739 1284 2056 1339 solitudine

408 1378 729 1432 fruebatur.
764 1376 923 1431 Hanc
954 1375 1026 1430 ab
1056 1374 1222 1429 initio
1254 1375 1576 1439 adamarat,
1619 1390 1745 1429 eam
1780 1373 1836 1427 in
1874 1373 2054 1428 maxi-

408 1465 522 1521 mis
570 1464 1058 1538 gravissimisque
1110 1462 1383 1535 periculis
1459 1463 1573 1518 Deo
1623 1468 1873 1517 voverat.
1924 1461 2056 1517 Voti

404 1570 645 1625 compos
676 1556 887 1619 factus,
923 1553 1178 1608 mediam
1210 1552 1487 1623 carpebat
1535 1552 1713 1621 viam,
1746 1568 1922 1623 quam
1955 1552 2059 1606 du-

412 1643 554 1698 dum
587 1644 781 1698 animo
814 1646 1177 1711 conceperat,
1209 1641 1363 1696 inter
1410 1640 1815 1705 anachoretas,
1848 1645 1906 1695 et
1930 1656 2057 1713 my-

412 1733 630 1804 gades;
664 1748 796 1786 cum
830 1730 947 1785 illis
970 1729 1546 1799 meditari,cumtistis
1580 1729 1913 1800 Scripturas
1931 1745 2061 1785 ver-

2160 572 2356 623 autem
2389 584 2505 621 non
2536 565 2778 637 perinde
2805 562 3069 617 facile.At
3091 566 3152 615 tu
3174 560 3319 615 mihi
3350 560 3619 615 adesto...
3646 560 3817 632 Equi-

2160 657 2290 711 dem
2324 656 2450 727 ipse
2479 659 2537 709 te
2563 653 2753 725 magis
2778 667 2957 722 quam
2991 666 3185 706 aerem
3217 649 3583 719 spiro,idque
3619 649 3813 704 solum

2162 748 2308 807 vivo,
2341 743 2495 815 quod
2526 747 2722 797 tecum
2754 756 2910 806 sum,
2940 739 3029 795 vel
3060 753 3282 805 coram,
3321 738 3410 792 vel
3465 739 3681 794 absens
3711 756 3814 811 per

2161 832 2343 887 animi
2375 831 2781 887 simulacrum.
2817 850 2846 879 »

2162 921 2324 986 LXX,
2358 921 2548 975 LXXI.
2581 920 2877 988 Presbyter
2900 924 3139 983 creatur,
3189 923 3240 970 et
3282 916 3432 988 fugit
3460 915 3521 968 in
3549 916 3809 988 Pontum.

2237 993 2540 1047 Revertitur
2585 991 2657 1045 ad
2707 985 2854 1044 diem
2906 990 3104 1057 festum
3159 985 3409 1053 Pascha,
3465 987 3814 1058 primamque

2233 1063 2393 1117 habet
2419 1063 2748 1118 orationem.
2799 1064 2868 1116 In
2917 1060 3159 1130 longiori
3200 1062 3409 1129 postea,
3459 1061 3602 1128 fuga
3632 1063 3686 1113 et
3715 1076 3811 1115 re-

2234 1136 2381 1190 ditus
2407 1136 2677 1189 rationem
2710 1130 2966 1187 reddidit.

2235 1223 2420 1278 Citius
2448 1226 2668 1289 tamen,
2701 1235 2878 1292 quam
2912 1234 3046 1290 spes
3077 1220 3220 1285 erat,
3247 1217 3305 1271 id
3335 1221 3686 1274 consecutus
3716 1222 3811 1275 est

2175 1311 2509 1384 Gregorius.
2541 1310 2682 1365 Cum
2714 1308 2868 1363 enim
2915 1324 3059 1363 suus
3090 1323 3222 1361 eum
3274 1310 3437 1379 pater
3468 1306 3708 1361 invitum
3744 1326 3811 1363 ac

2178 1400 2559 1456 reluctantem
2591 1400 2995 1472 presbyterum
3038 1398 3312 1464 creasset,
3346 1394 3455 1449 hac
3480 1396 3810 1468 tyrannide,

2167 1489 2251 1545 sic
2281 1489 2436 1545 enim
2472 1487 2703 1560 appelat
2732 1487 2824 1558 (c),
2856 1485 3138 1551 offensus,
3180 1484 3252 1539 ad
3302 1483 3584 1539 Basiliam
3620 1501 3812 1540 recur-

2176 1578 2272 1643 rit,
2304 1580 2429 1633 tum
2465 1580 2529 1631 ut
2558 1575 2815 1632 dolorem
2849 1590 3020 1630 suum
3056 1571 3228 1627 amici
3251 1570 3553 1642 colloquiis
3584 1572 3815 1645 leniret,

2166 1670 2293 1722 tum
2327 1665 2503 1720 etiam
2531 1668 2596 1719 ut
2623 1663 2766 1735 quid
2798 1662 2910 1719 sibi
2944 1661 3243 1733 agendum
3274 1663 3429 1715 esset
3462 1677 3594 1716 eum
3626 1678 3692 1717 eo
3724 1662 3819 1718 de-

2168 1755 2462 1810 liberaret.
2516 1757 2661 1807 Eum
2708 1750 2986 1807 vicesima
3034 1750 3240 1821 quinta
3287 1749 3643 1817 Decembris,
3687 1767 3813 1821 qua

413 1838 543 1910 βεῗθ
572 1826 627 1875 et
657 1820 788 1874 aliis
822 1820 1138 1890 Ρνοδθεδθῖ
1170 1835 1300 1910 ίῖυφ
1333 1818 1451 1910 ίίῖίε
1482 1817 2056 1910 θοΨθωΡῙθῖτίνΡυω
2090 1844 2137 1907 Β
2167 1843 2388 1899 Natalis
2419 1846 2543 1897 erat
2572 1840 2802 1895 Domini
2834 1840 2980 1904 dies,
3022 1817 3354 1894 ordinatum
3406 1837 3607 1906 fuisse,
3640 1817 3817 1910 atque

415 1909 545 1964 istis
574 1924 742 1981 agere
776 1912 1024 1979 poterat.
1068 1906 1339 1974 Psalmis,
1385 1907 1640 1978 hymnis,
1671 1907 2056 1973 orationibus,

414 1997 651 2071 vigiliis,
684 1997 912 2066 inedia,
947 1995 1311 2051 meditationi
1365 1996 1801 2068 Scripturarum
1843 1998 1932 2051 (lie
1963 2014 2061 2052 no-

419 2090 627 2157 cteque
669 2086 927 2141 vacabat.
978 2085 1125 2150 Quid
1171 2083 1385 2155 plura?
1430 2084 1691 2139 Habebat
1740 2086 1891 2156 quod
1940 2088 2061 2140 tota

420 2178 615 2233 mente
646 2174 911 2245 petierat,
946 2189 1130 2244 eoque
1159 2173 1286 2227 vita
1317 2172 1689 2245 genere,licet
1718 2173 2062 2244 asperrimo,

419 2264 504 2319 sic
534 2263 951 2331 oblectabatur,
986 2266 1049 2317 ut
1088 2261 1336 2333 peractis
1382 2262 1440 2316 in
1491 2279 1556 2317 eo
1609 2262 1779 2317 annis
1811 2263 2064 2331 duobus,

424 2368 488 2408 se
526 2372 553 2405 ι
580 2351 848 2407 nonnihil
880 2350 1143 2422 attigisse
1171 2351 1325 2422 quod
1372 2355 1688 2422 optaverat,
1723 2367 1789 2406 ac
1817 2349 1975 2406 velut
2003 2351 2064 2406 in

424 2440 628 2496 limine
653 2457 782 2497 esse
818 2463 842 2489 ο)
872 2440 1030 2495 dicat
1055 2442 1157 2507 (a),
1189 2461 1218 2490 α
1247 2446 1420 2510 atque
1451 2456 1518 2494 ex
1562 2440 1690 2511 ipso
1733 2444 1911 2511 gustu
1946 2456 2061 2494 ma-

413 2530 544 2601 jore
573 2530 862 2586 desiderio
892 2528 1199 2585 exarsisse.
1236 2550 1264 2577 »
1296 2528 1398 2583 His
1430 2544 1683 2600 namque
1723 2529 1917 2584 verbis
1951 2528 2061 2583 uti-

415 2621 514 2673 tur
543 2636 647 2690 pro
676 2635 765 2687 eo,
795 2635 910 2689 quo
943 2616 1281 2672 solitudinis
1311 2633 1506 2673 amore
1533 2618 1816 2689 ﬂagrabat
1847 2635 1860 2684 ;
1894 2618 2065 2689 cujus

417 2706 706 2761 desiderio
738 2706 820 2759 ita
847 2705 1248 2774 tenebatur,ut
1278 2702 1473 2775 plures
1512 2705 1687 2759 etiam
1720 2705 1857 2760 anni
1893 2705 2063 2759 breve

412 2797 650 2860 tempus
679 2793 786 2849 visi
822 2793 1094 2849 fuissent.

499 2899 736 2955 LXVIII.
770 2899 1092 2969 Gregorium
1121 2902 1186 2957 ab
1215 2902 1390 2957 eremi
1418 2900 1636 2956 deliciis
1666 2902 1724 2955 in
1756 2901 1977 2957 domum

634 2981 924 3043 paternam
955 2978 1173 3029 revocat
1203 2976 1376 3044 pietas
1404 2989 1536 3041 erga
1562 2981 1838 3044 parentes.

483 3060 646 3117 Haud
680 3064 874 3116 tamen
906 3063 1204 3117 credimus
1235 3062 1511 3117 tredecim
1545 3067 1831 3132 annos,ut
1862 3065 2062 3117 narrat

411 3149 1030 3222 Rutinus,Gregorium
1063 3151 1123 3205 in
1156 3149 1350 3206 Basilii
1376 3151 1731 3205 monasterio
1762 3154 2058 3205 versatum

412 3240 619 3305 fuisse,
654 3239 711 3293 in
747 3240 899 3310 quod
961 3257 1025 3296 se
1064 3244 1362 3311 receperat
1388 3256 1541 3294 anno
1584 3240 1689 3294 358
1726 3240 1812 3295 vel
1845 3242 1970 3305 359,
2004 3244 2062 3295 et

413 3345 486 3384 ex
515 3345 629 3399 quo
659 3332 956 3384 extractus
984 3333 1074 3384 est
1101 3346 1255 3384 anno
1286 3329 1392 3383 360
1439 3333 1544 3384 aut
1588 3330 1712 3399 361,
1756 3334 1820 3384 ut
1852 3331 1922 3385 ad
1956 3347 2057 3401 pa-

411 3421 559 3472 trem
591 3435 653 3472 se
682 3417 988 3482 conferret,
1022 3418 1120 3490 qui
1154 3418 1254 3473 tali
1288 3417 1502 3473 auxilio
1534 3434 1595 3472 se
1643 3418 1879 3473 destitui
1912 3435 2062 3489 agre

411 3503 869 3574 patiebatur.Sic
901 3504 1086 3576 pietas
1117 3520 1255 3577 erga
1286 3509 1579 3575 parentes,
1602 3521 1729 3577 qua
1761 3522 2059 3561 reversum

411 3591 657 3647 Athenis
698 3592 1042 3663 Gregorium
1096 3592 1362 3648 Nazianzi
1414 3593 1754 3658 retinuerat,
1806 3610 1938 3650 eum
1989 3596 2060 3649 ab

410 3681 589 3736 eremi
623 3680 850 3736 deliciis
880 3697 1029 3751 agre
1061 3681 1329 3737 avulsum
1352 3699 1558 3737 rursus
1584 3682 1935 3737 Nazianzum
1969 3701 2057 3738 re-

410 3768 651 3824 vocavit.
676 3770 905 3826 Primus
934 3769 1031 3825 hic
1060 3770 1321 3842 Gregorii
1355 3788 1623 3826 secessus
1651 3772 1723 3825 ab
1751 3771 2060 3844 altero,qui

412 3859 655 3930 contigit
688 3864 997 3929 postquam
1031 3860 1332 3931 presbyter
1361 3865 1591 3914 creatus
1623 3860 2063 3927 fuit,secernen-

414 3946 526 4002 dus
558 3952 666 4012 est,
699 3951 764 4002 ut
806 3953 958 4003 recte
1006 3949 1319 4003 observant
1367 3947 1742 4004 Bollandista
1785 3950 2062 4004 adversus

417 4035 755 4104 Baronium,
786 4052 963 4107 quem
996 4036 1170 4091 etiam
1197 4036 1490 4092 refellunt.

558 4141 742 4195 LXIX.
780 4140 1097 4213 Gregorium
1126 4159 1378 4199 revocare
1404 4148 1635 4199 conatur
1665 4143 1927 4199 Basilius.

498 4228 844 4298 Gregorium
891 4232 1216 4297 absentem,
1270 4232 1425 4288 datis
1472 4233 1543 4287 ad
1575 4249 1709 4288 eum
1742 4232 1970 4301 litteris,
2003 4234 2062 4288 in

417 4315 800 4373 solitudinem
833 4335 1099 4375 revocare
1128 4326 1370 4376 conatus
1392 4325 1479 4375 est
1509 4321 1887 4389 Basilius,cui
1921 4323 2065 4377 ami-

417 4422 525 4460 cus
556 4405 872 4477 rescripsit.
910 4407 1054 4463 Hinc
1089 4409 1299 4475 jocosa
1347 4408 1458 4463 illa
1510 4410 1818 4481 utriusque
1863 4411 2064 4466 littera

416 4492 571 4550 ultro
603 4493 863 4565 citroque
894 4496 1075 4550 data:
1111 4496 1368 4568 Gregorii
1395 4497 1688 4552 laudantis
1704 4514 1872 4552 suam
1903 4500 2068 4553 Tibe-

2168 1931 2229 1987 in
2259 1934 2511 1985 Pontum
2545 1929 2764 2001 fugisse
2796 1928 2887 1982 die
2917 1928 3063 1982 festo
3092 1924 3426 1991 Luminum,
3460 1927 3559 1997 qui
3609 1927 3814 1998 paucis

2170 2023 2301 2091 post
2330 2020 2537 2074 diebus
2568 2017 2915 2082 celebratur,
2948 2014 3302 2072 arbitramur
3352 2031 3485 2070 cum
3526 2015 3727 2072 Niceta
3757 2020 3816 2072 et

2170 2107 2540 2165 Tillemontio
2573 2123 2586 2161 :
2622 2106 2721 2161 sed
2755 2104 3099 2160 brevissimo
3140 2108 3270 2174 post
3319 2108 3582 2175 tempore
3614 2105 3672 2158 in
3708 2123 3818 2176 pa-

2171 2198 2347 2254 triam
2380 2212 2645 2252 reversus
2677 2199 2786 2261 est,
2820 2210 3027 2265 nempe
3058 2194 3127 2248 ad
3165 2192 3322 2248 Diem
3364 2192 3616 2249 Pascha.
3653 2193 3818 2249 Unde

2172 2286 2231 2341 in
2261 2285 2519 2340 oratione
2551 2300 2727 2355 quam
2758 2282 2985 2336 habuit.
3022 2303 3050 2331 ‹‹
3090 2281 3453 2353 Mysterium,
3487 2281 3676 2353 inquit
3710 2282 3813 2354 (ά),

2174 2374 2341 2428 unxit
2373 2388 2465 2427 me
2497 2390 2510 2427 :
2547 2372 2822 2445 mysterio
2855 2369 3154 2443 paulisper
3200 2370 3371 2435 cessi,
3406 2374 3472 2425 ut
3501 2385 3592 2424 me
3617 2371 3814 2443 ipsum

2174 2462 2521 2534 inspicerem
2553 2466 2610 2516 et
2638 2458 2993 2533 explorarem
3021 2477 3034 2528 ;
3067 2475 3199 2514 cum
3234 2458 3506 2528 mysterio
3538 2462 3709 2514 etiam
3742 2459 3819 2514 si-

2175 2549 2296 2605 mul
2328 2550 2568 2606 introeo.
2598 2571 2625 2598 »
2654 2548 2878 2613 Quibus
2895 2548 3087 2603 verbis
3118 2547 3500 2620 significat,se
3523 2548 3614 2603 die
3649 2549 3815 2621 festo,

2176 2656 2322 2695 cum
2356 2642 2584 2695 creatus
2616 2639 2825 2694 fuisset
2870 2638 3194 2710 presbyter,
3227 2636 3591 2705 discessisse,
3637 2641 3694 2692 et
3724 2638 3819 2693 die

2178 2729 2354 2784 etiam
2386 2728 2531 2784 lesto
2563 2727 2824 2783 rediisse.
2858 2727 3020 2793 Quod
3070 2743 3291 2781 annum
3338 2729 3582 2798 spectat,
3614 2726 3664 2781 is
3696 2730 3822 2782 erat

2180 2818 2284 2873 362
2312 2834 2325 2885 ;
2360 2816 2407 2872 si
2440 2816 2675 2889 quidem
2708 2814 2980 2872 Julianus
3007 2815 3267 2869 nondum
3300 2814 3359 2869 in
3392 2814 3819 2887 Cappadociam

2174 2911 2412 2962 venerat
2440 2923 2544 2962 nec
2578 2906 2633 2959 in
2667 2904 3029 2960 Christianos
3058 2902 3404 2958 adhibuerat
3451 2919 3577 2958 eam
3611 2905 3818 2959 crude-

2183 2995 2430 3059 litatem,
2462 2996 2632 3065 cujus
2658 2993 2947 3048 horrenda
2978 2992 3215 3063 reliquit
3245 2992 3605 3047 monimenta
3634 2992 3692 3046 in
3726 3008 3819 3048 re-

2177 3084 2483 3157 gionibus,
2531 3100 2679 3155 quas
2724 3080 3229 3154 ConstantinOpoli
3278 3081 3567 3151 profectus
3617 3097 3821 3138 mense

2179 3173 2331 3229 Maio
2365 3189 2516 3228 anno
2549 3173 2673 3244 362,
2705 3169 3070 3227 Antiochiam
3104 3169 3818 3243 petens,peragravit,qui-

2177 3262 2290 3316 bus
2324 3265 2526 3333 postea
2551 3258 2925 3315 cumulumin
2940 3258 3172 3314 Oriente
3196 3258 3823 3330 imposuit.Gregorius

2175 3366 2433 3421 namque
2480 3349 2541 3405 in
2590 3349 2949 3422 Apologetico,
3001 3364 3177 3419 quem
3225 3347 3478 3419 scripsit,
3510 3347 3595 3403 vel
3627 3348 3819 3403 decla—

2174 3439 2676 3511 mavit,exponcns
2708 3454 2852 3509 quas
2884 3438 2955 3493 ob
2990 3453 3222 3501 causas,
3247 3441 3552 3508 postquam
3587 3436 3824 3509 presby-

2172 3531 2265 3583 ter
2295 3531 2528 3583 creatus
2561 3528 2767 3595 fuerat,
2800 3526 2859 3581 in
2906 3530 3156 3581 Pontum
3199 3526 3465 3598 fugisset,
3499 3542 3564 3581 ac
3614 3542 3821 3581 rursus

2171 3617 2527 3673 Nazianzum
2561 3616 2980 3683 rediisset,hac
3003 3616 3072 3670 de
3100 3614 3335 3670 Juliano
3360 3616 3533 3670 verba
3569 3616 3701 3670 facit
3724 3616 3816 3687 (e):

2176 3729 2203 3756 ‹‹
2235 3707 2349 3760 Nec
2382 3723 2514 3761 vero
2545 3712 2847 3761 externum
2882 3704 3096 3760 bellum
3135 3709 3350 3775 metuo,
3389 3720 3492 3759 nec
3536 3705 3714 3759 feram
3749 3704 3818 3757 il-

2168 3794 2309 3858 lam,
2344 3811 2470 3865 qua
2503 3812 2658 3849 nunc
2691 3796 2972 3850 adversus
3014 3793 3301 3848 Ecclesias
3348 3793 3630 3864 impetum
3664 3792 3818 3859 fecit,

2171 3882 2398 3937 etiamsi
2434 3883 2627 3949 ignem
2660 3884 2935 3951 minetur,
2971 3880 3200 3937 etiamsi
3235 3881 3482 3953 gladiOs,
3517 3904 3543 3930 »
3574 3886 3683 3937 etc.
3718 3881 3819 3936 His

2171 3970 2476 4043 perspicue
2527 3971 2728 4041 liquet,
2794 3988 2908 4025 non
2974 3971 3318 4041 Apostatam
3387 3971 3442 4024 in
3514 3969 3817 4041 Cappado-

2171 4060 2322 4115 ciam
2354 4060 2602 4125 venisse,
2644 4064 2701 4114 et
2731 4058 3135 4113 crudelitatem
3178 4057 3525 4125 exercuisse,
3560 4060 3659 4114 sed
3690 4062 3816 4112 tan-

2170 4152 2297 4203 tum
2331 4148 2523 4203 minas
2563 4151 2907 4213 intentasse,
2954 4164 3023 4202 ex
3071 4148 3288 4218 quibus
3341 4148 3651 4218 Gregorius
3683 4147 3821 4218 quid

2172 4236 2435 4292 facturus
2464 4241 2620 4291 esset
2655 4236 2992 4308 suspicatus
3043 4238 3164 4294 hac
3203 4236 3456 4306 scripsit.
3508 4236 3822 4307 Gregorius

2172 4324 2352 4397 igitur
2382 4329 2611 4380 creatus
2641 4329 2729 4380 est
2762 4327 3061 4400 presbyter
3091 4328 3183 4383 die
3211 4328 3281 4381 25
3321 4324 3652 4381 Decembris
3683 4324 3824 4379 anni

2172 4414 2276 4467 361
2314 4437 2329 4470 :
2362 4430 2610 4484 cumque
2642 4414 2889 4488 fugisset
2918 4415 2976 4470 in
3008 4414 3423 4481 Pontum,inde
3454 4414 3523 4469 ad
3558 4430 3696 4469 suos
3730 4431 3823 4469 re-

2170 4517 2378 4558 versus
2408 4503 2598 4556 estad
2649 4503 2806 4557 diem
2856 4504 3089 4559 Pascha
3137 4504 3273 4559 anni
3325 4504 3449 4569 362,
3503 4518 3687 4572 eoque
3728 4502 3823 4557 die

413 4582 685 4650 rinam,et
718 4583 984 4638 Ponticas
1018 4582 1196 4638 silvas
1228 4583 1672 4655 posthabentis;
1707 4584 1902 4639 Basilii
1929 4603 2060 4641 vero
2095 4575 2138 4638 Ι)
2170 4590 2405 4645 brevem
2454 4593 2526 4645 de
2590 4592 2737 4647 festo
2806 4592 3013 4647 habuit
3086 4593 3445 4660 orationem;
3483 4592 3581 4647 sed
3643 4592 3818 4663 paulo

413 4671 741 4727 cavillantis
770 4671 1129 4740 Tiberinum,
1162 4675 1218 4727 et
1250 4672 1516 4727 Ponticas
1538 4672 1883 4729 solitudines
1914 4675 2056 4730 cele-

413 4760 659 4816 brantis.
694 4761 805 4817 Sed
854 4760 1125 4833 quamvis
1169 4761 1467 4832 jccaretur
1522 4762 1855 4833 Gregorius,
1889 4779 2062 4833 quam

415 4850 669 4904 maximo
704 4854 901 4906 tamen
936 4849 1154 4905 relicta
1202 4849 1540 4906 solitudinis
1572 4850 1859 4907 desiderio
1890 4870 1951 4907 se
1980 4860 2064 4908 te-

420 4937 541 4993 neri
573 4937 956 4995 dissimulare
979 4955 1091 4993 non
1128 4938 1559 5012 potuit,hisque
1589 4940 1780 4995 verbis
1810 4941 2065 4997 declara-

417 5027 499 5079 vit
530 5027 645 5096 (b):
679 5050 706 5076 «
740 5028 877 5091 Qua
908 5028 980 5083 de
1030 5028 1266 5085 Pontica
1316 5030 1871 5086 commemoratione
1903 5032 2064 5102 prius

420 5116 947 5187 scribebam,joco,
978 5135 1092 5173 non
1125 5120 1275 5174 serio
1306 5118 1630 5174 scribebam
1667 5136 1679 5173 :
1707 5136 1833 5191 qua
1867 5124 2063 5176 autem

422 5218 575 5257 nunc
606 5206 1141 5275 scribo,admodum
1178 5208 1326 5262 serio
1357 5208 1719 5275 scribo.Quis
1743 5227 1832 5264 me
1864 5228 2065 5265 secun-

420 5295 561 5347 dum
591 5293 1224 5362 pristinorumillorum
1260 5296 1484 5351 dierum
1518 5300 1735 5352 statum
1751 5299 2067 5354 constituet

418 5380 478 5435 in
513 5382 729 5451 quibus
752 5399 856 5455 ego
891 5388 1081 5438 tecum
1115 5384 1608 5456 afﬂictionempro
1639 5384 1863 5442 deliciis
1893 5387 2065 5443 habe-

495 5524 577 5656 ἕῖξ
607 5524 971 5656 85:3136'

522 5540 556 5579 a
608 5524 702 5579 Or.
735 5528 771 5579 2
824 5542 881 5580 n.

522 5523 577 5665 ὁζ
607 5596 709 5667 Ep.
743 5570 816 5651 al.
850 5597 905 5649 9.

496 5668 566 5735 (ιτ)
594 5672 779 5723 Carm.
819 5669 889 5723 De
917 5671 1025 5724 vita
1056 5684 1176 5739 sua,
1209 5686 1264 5728 v.
1296 5668 1420 5724 351.

2174 4683 2306 4751 post
2354 4679 2637 4750 prolixam
2699 4679 2951 4734 exaravit
3018 4697 3120 4736 seu
3185 4679 3549 4747 declamavit,
3598 4679 3653 4733 in
3706 4697 3822 4751 qua

2173 4767 2356 4823 curin
2405 4768 2653 4824 Pontum
2706 4768 2921 4841 fugerit
2969 4785 3036 4825 ac
3080 4769 3214 4825 inde
3263 4768 3499 4825 redierit
3532 4768 3815 4824 rationem

2174 4857 2389 4911 reddit.

2335 4946 2543 5001 LXXII.
2582 4949 2671 5001 Bis
2699 4963 2727 5002 e
2747 4946 3055 5004 solitudine
3082 4948 3303 5004 avulsus
3336 4949 3659 5017 Gregorius.

2246 5034 2449 5105 Itaque
2499 5035 2586 5090 bis
2636 5036 2693 5089 in
2744 5036 3043 5091 Ponticam
3092 5052 3354 5091 eremum
3405 5052 3530 5091 sese
3580 5034 3822 5091 contulit

2172 5124 2485 5193 Gregorius
2512 5140 2525 5190 ;
2559 5123 2651 5178 bis
2671 5119 2880 5179 amata
2905 5124 3221 5180 solitudine
3244 5124 3482 5179 avulsus
3512 5128 3685 5194 est,et
3705 5124 3823 5178 Na—

2174 5211 2437 5266 zianzum
2472 5230 2501 5265 e
2535 5213 2715 5268 Ponto
2748 5215 2818 5269 ad
2844 5230 2981 5269 suos
3006 5214 3192 5269 redire
3216 5213 3675 5270 coactus.Primo
3699 5213 3821 5285 qui-

2174 5301 2306 5356 dem
2338 5301 2489 5357 cirea
2520 5320 2741 5357 annum
2774 5304 2902 5371 361,
2944 5304 3201 5358 secundo
3252 5304 3322 5358 ad
3378 5303 3534 5357 diem
3590 5301 3820 5357 Pascha

2173 5390 2310 5445 anni
2345 5391 2469 5458 362,
2504 5408 2637 5447 cum
2692 5391 2785 5447 die
2833 5409 2941 5447 xxv
2991 5391 3323 5448 Decembris
3374 5391 3509 5447 anni
3563 5391 3823 5462 proxime

2243 5533 2327 5598 (ri)
2355 5537 2449 5586 0r.
2484 5534 2537 5602 1,
2571 5551 2626 5589 n.
2656 5535 2710 5587 2.

2245 5604 2315 5673 (ρ)
2348 5603 2443 5658 Or.
2474 5607 2529 5671 2,
2565 5622 2625 5659 n.
2657 5607 2745 5661 87.
