4152 6208
296 255 413 316 {Si

1651 256 1832 318 VITA
1880 258 1943 319 S.
1992 257 2386 319 GREGORU.

3607 256 3722 318 182

294 386 488 459 elapsi
526 390 763 444 creatus
792 388 999 444 fuisset
1028 389 1345 462 presbyter.
1381 390 1658 446 Secunda
1689 390 1749 444 in
1806 393 1956 444 Pon-
1987 390 2041 456 Α
2071 392 2183 459 cat,
2220 389 2318 443 sed
2352 387 2565 444 similis
2604 389 2885 459 dicerent,
2920 384 3259 460 ὁμοιοῦσιον,
3293 387 3402 444 hoc
3452 392 3542 444 est
3590 406 3726 445 con-

293 482 430 533 tum
456 478 850 549 profectionis
872 484 927 534 et
949 480 1174 534 reditus
1196 496 1404 534 causas
1430 479 1556 550 ipse
1580 480 1637 534 in
1682 480 1961 549 oratione,

295 582 430 637 qua
464 568 735 637 primum
762 567 921 637 olim,
950 585 1106 623 nunc
1133 568 1455 623 secundum
1481 573 1728 640 occupat
1746 568 1962 632 locum,

294 657 711 726 prosequitur.
738 656 855 710 Cur
874 672 1005 711 vero
1025 662 1186 729 pater
1210 673 1343 711 eum
1367 673 1397 711 e
1431 656 1628 711 Basilii
1671 660 1963 711 monaste-

291 744 387 798 rio
406 745 750 810 extraxerit,
777 748 833 798 et
859 745 1213 799 Nazianzum
1255 745 1443 800 redire
1484 762 1637 799 anno
1671 746 1771 799 361
1806 760 1963 799 com-

293 833 544 905 pulerit,
580 832 822 904 perinde
856 850 967 887 nou
1016 838 1101 887 est
1133 833 1529 905 perspicuum.
1563 833 1719 887 Nihil
1772 847 1967 887 moror

295 938 429 994 qua
454 921 825 976 Baroniusin
854 939 960 976 sua
979 921 1239 992 Gregorii
1273 922 1399 977 Vita
1437 921 1690 993 scripsit.
1724 923 1776 975 Is
1806 920 1962 976 enim

289 1016 624 1081 utramque
682 1010 940 1081 Gregorii
1001 1011 1185 1065 nostri
1242 1012 1301 1065 in
1361 1012 1599 1066 Pontica
1651 1009 1965 1066 solitudine

292 1100 833 1155 commorationem
852 1100 1302 1165 confundens,et
1316 1101 1664 1172 perturbans
1678 1105 1960 1171 tempora,

293 1189 457 1259 quod
486 1188 864 1243 Bollandista
891 1205 1008 1242 non
1035 1188 1213 1243 semel
1242 1191 1572 1254 observant,
1592 1190 1663 1243 ad
1702 1188 1963 1244 Valentis

291 1293 497 1347 usque
522 1277 1007 1348 imperium,«(a)
1035 1278 1138 1342 Qui
1183 1279 1406 1333 Ariana
1445 1279 1702 1349 perﬁdia
1742 1278 1961 1347 favens,

292 1366 591 1420 adversus
610 1365 939 1421 Catholicos
963 1367 1275 1421 concitavit
1303 1367 1526 1421 turbas.
1561 1367 1820 1439 Gregorii
1877 1383 1964 1421 re-

292 1455 495 1509 ditum
530 1459 851 1526 promovet.
891 1456 1019 1509 Fuit
1048 1456 1105 1509 id
1143 1457 1199 1509 in
1225 1472 1422 1521 causa,
1447 1456 1640 1527 inquit
1660 1455 1960 1525 Baronius,

295 1549 365 1596 ut
391 1548 562 1615 pater
594 1543 859 1616 Gregorii
893 1544 1291 1600 vehementius
1330 1549 1545 1617 ageret,
1581 1548 1643 1599 ut
1672 1545 1859 1599 ﬁlium
1891 1546 1961 1599 ab

297 1648 507 1687 eremo
538 1638 852 1687 revocaret.
890 1634 1023 1688 Erat
1055 1634 1211 1689 enim
1238 1635 1363 1705 jam
1397 1634 1570 1706 longo
1601 1634 1763 1689 senio
1787 1634 1963 1688 hebe-

299 1722 440 1787 tior,
476 1729 536 1775 et
567 1727 635 1775 ut
666 1723 990 1777 subeundis
1012 1723 1308 1778 laboribus
1332 1723 1523 1794 impar
1544 1740 1676 1777 eum
1693 1723 1962 1794 precibus

306 1812 585 1881 urgebat,
615 1814 677 1864 ut
709 1811 1098 1883 paterjussis,
1142 1828 1206 1866 ac
1246 1812 1499 1883 denique
1544 1816 1609 1866 ut
1656 1811 1965 1884 episcopus

308 1900 559 1971 cogebat
591 1898 857 1970 imperio.
881 1900 1031 1955 Licet
1050 1902 1206 1956 enim
1230 1901 1452 1956 diutius
1476 1902 1675 1967 surdo,
1700 1905 1763 1955 ut
1782 1900 1967 1970 aiunt,

309 1987 576 2042 fabulam
613 1989 978 2059 ingessisset,
1013 1989 1167 2044 ﬂexit
1196 1991 1454 2057 tandem,
1489 1991 1674 2063 coegit
1697 1992 1966 2045 extorsit-

308 2092 425 2148 que
458 2080 533 2131 ab
566 2078 769 2147 invito,
806 2084 1151 2151 revocatque
1200 2079 1387 2134 ﬁlium
1436 2080 1809 2134 Nazianzum.
1860 2079 1967 2144 Qui

306 2182 585 2220 reversus
620 2166 677 2220 in
714 2169 984 2239 patriam,
1019 2168 1224 2224 habuit
1253 2168 1543 2240 egregiam
1571 2167 1731 2222 illam
1756 2168 1967 2223 oratio-

306 2272 473 2320 nem,
518 2272 646 2326 qua
706 2256 1047 2311 inscribitur
1093 2259 1541 2329 Apologeticus...
1593 2257 1747 2312 Dixit
1792 2258 1964 2312 etiam

306 2349 453 2399 tunc
489 2344 831 2415 praclarum
868 2363 993 2401 eam
1027 2347 1373 2411 orationem,
1406 2348 1576 2417 cujus
1607 2351 1697 2401 est
1734 2345 1962 2415 titulus,

308 2434 371 2487 In
401 2440 599 2487 sancta
640 2435 878 2487 lumina.
913 2456 939 2485 ››
994 2439 1102 2489 etc.
1174 2439 1301 2489 Hac
1361 2436 1661 2490 Baronius.
1722 2435 1967 2508 Egregia

309 2522 523 2586 oratio,
550 2539 676 2593 qua
698 2523 1041 2577 inscribitur
1060 2524 1462 2594 Apologetz'cus,
1494 2524 1698 2579 habita
1737 2530 1825 2579 est
1854 2525 1963 2579 sub

305 2610 571 2677 Juliaoo,
601 2627 715 2664 non
760 2626 896 2665 vero
942 2614 1053 2667 sub
1101 2612 1378 2680 Valente;
1426 2612 1609 2667 oratio
1659 2617 1851 2667 autem
1903 2615 1965 2667 In

305 2705 511 2753 saucia
544 2702 777 2766 lumina,
808 2716 922 2754 non
956 2724 981 2751 «
1019 2704 1178 2767 tunc,
1216 2724 1243 2749 ››
1279 2706 1343 2755 ut
1372 2701 1496 2756 vult
1526 2702 1829 2773 Baronius,
1864 2703 1961 2757 sed

306 2804 466 2842 anno
498 2804 645 2858 pene
678 2786 894 2859 elapso.

380 2877 553 2931 Haud
590 2879 919 2949 negaverim
953 2879 1157 2934 turbas
1189 2880 1260 2934 ab
1290 2879 1520 2934 Arianis
1572 2879 1851 2935 excitatas
1902 2879 1962 2934 in

309 2983 491 3020 causa
535 2966 720 3021 fuisse
773 2984 877 3021 cur
924 2967 1240 3039 Gregorius
1288 2969 1640 3023 Nazianzum
1692 2969 1961 3036 redierit;

310 3056 437 3123 sed,
463 3060 527 3109 ut
550 3055 605 3109 id
626 3057 963 3121 concedam,
989 3062 1140 3111 certe
1162 3075 1276 3113 non
1310 3058 1417 3113 bas
1458 3074 1585 3113 esse
1632 3058 1836 3112 turbas
1868 3075 1958 3112 ar-

2074 478 2327 534 similem
2351 478 2505 533 Patri
2521 483 2706 533 etnon
2728 478 3289 534 consubstantialem
3311 478 3719 550 pradicarent.

2074 567 2260 621 «Erat
2289 571 2508 634 autem,
2569 567 2760 639 inquit
2817 567 3131 639 Gregorius
3189 567 3287 637 (b),
3335 567 3395 621 in
3445 572 3718 639 promptu

2074 658 2486 721 atramentum,
2521 661 2578 710 et
2609 655 2993 711 calumniator
3024 673 3057 709 a
3086 660 3268 727 tergo.
3316 656 3395 709 Ea
3446 672 3538 711 res
3587 673 3722 728 per-

2074 742 2294 799 multos
2324 759 2353 797 e
2385 744 2573 809 nobis,
2609 744 2855 799 invictos
2888 744 3147 815 alioquin
3178 744 3353 805 viros,
3374 744 3431 799 in
3452 744 3721 800 fraudem

2074 832 2351 902 impulit;
2386 832 2485 903 qui
2520 833 2789 904 quamvis
2820 836 3012 888 mente
3046 850 3416 905 nequaquam
3467 833 3722 907 prolapsi

2075 922 2312 988 fuerint,
2344 927 2540 977 tamen
2574 922 3001 993 subscriptione
3031 922 3345 978 transversi
3395 924 3511 978 acti
3563 928 3721 988 sunt,

2075 1014 2289 1066 etcum
2324 1010 2460 1077 illis,
2498 1014 2746 1082 utroque
2777 1011 3015 1066 nomine
3047 1010 3363 1077 sceleratis,
3412 1029 3724 1069 consense-

2074 1103 2211 1155 runt
2240 1124 2253 1167 ;
2285 1116 2351 1155 ac
2383 1099 2430 1154 si
2464 1117 2576 1154 non
2613 1100 2885 1163 ﬂamma,
2913 1100 3058 1153 fumi
3082 1102 3235 1155 certe
3256 1099 3567 1172 participes
3593 1102 3721 1157 fue-

2074 1192 2231 1243 runt.
2271 1212 2291 1240 ι
2325 1190 2511 1243 Tanta
2540 1188 2675 1243 inde
2729 1193 2926 1244 secuta
2974 1191 3062 1244 est
3108 1187 3377 1244 Ecclesia
3422 1189 3721 1245 catholica

2073 1280 2416 1347 tempestas,
2448 1284 2512 1331 ut
2529 1278 2627 1349 qui
2652 1278 3004 1332 videbantur
3024 1292 3151 1333 esse
3177 1276 3379 1348 templi
3404 1277 3714 1343 columna,

2071 1366 2374 1438 prostrati,
2434 1365 2519 1421 vel
2575 1366 2781 1421 saltem
2830 1366 3101 1421 concussi
3162 1366 3300 1433 sint,
3370 1366 3417 1420 si
3480 1367 3722 1438 quidem

2072 1454 2243 1509 etiam
2279 1454 2543 1509 nolentes
2574 1455 2795 1509 seducti
2831 1458 3011 1521 sunt;
3045 1459 3241 1527 atque,
3287 1459 3352 1508 ut
3384 1455 3723 1528 Hieronymi

2070 1544 2262 1598 verbis
2295 1548 2445 1613 utar,
2471 1543 2823 1615 ingemuerit
2853 1544 3033 1614 orbis,
3065 1549 3123 1599 et
3151 1544 3435 1599 Arianum
3476 1561 3539 1599 se
3588 1560 3720 1601 esse

2074 1630 2321 1686 miratus
2353 1632 2449 1686 sit.

2074 1737 2305 1795 LXXVI.
2349 1739 2621 1794 Formula
2667 1739 3005 1795 Arimz'nensi
3046 1741 3163 1810 post
3208 1739 3456 1795 medium
3512 1757 3723 1795 annum

2429 1811 2534 1864 362
2564 1810 2883 1882 subscripsit
2914 1810 3169 1883 Theologi
3193 1818 3364 1881 pater.

2148 1898 2209 1953 In
2226 1913 2425 1953 eorum
2448 1902 2644 1953 tamen
2670 1916 2933 1967 numero,
2961 1899 3059 1971 qui
3083 1898 3438 1954 Ariminensi
3462 1900 3723 1955 formula

2074 1990 2200 2041 tum
2234 1987 2731 2058 subscripserunt,
2767 1988 2987 2043 scilicet
3008 1988 3330 2044 Constantii
3351 1988 3721 2061 imperatoris

2072 2079 2354 2147 tempore,
2389 2093 2503 2131 non
2534 2076 2717 2132 fuisse
2749 2076 3111 2150 Gregorium,
3144 2093 3248 2132 nec
3271 2094 3405 2133 eum
3439 2078 3549 2133 nisi
3588 2084 3720 2151 post

2077 2165 2337 2219 medium
2370 2181 2588 2219 annum
2614 2166 2721 2219 566
2752 2165 3194 2236 subscripsisse,
3228 2170 3532 2237 ortumque
3587 2183 3718 2222 esse

2075 2253 2227 2308 inter
2254 2254 2592 2326 episcopum
2624 2258 2680 2308 et
2715 2253 3034 2310 monachos
3064 2254 3457 2311 Nazianzenos
3498 2255 3719 2311 discor-

2074 2340 2232 2396 diam
2262 2346 2383 2396 tam
2418 2341 2625 2397 multis
2658 2344 2936 2414 probatur
2958 2341 3295 2409 momentis,
3314 2346 3379 2397 ut
3398 2342 3626 2399 nullum
3650 2344 3723 2399 de

2074 2447 2142 2486 ea
2172 2448 2231 2485 re
2260 2430 2503 2486 dubium
2534 2448 2657 2486 esse
2688 2432 2895 2503 possit.
2920 2431 3113 2486 Primo
3146 2430 3382 2502 quidem
3404 2433 3718 2503 Gregorius

2073 2524 2273 2575 noster
2300 2536 2417 2575 non
2450 2520 2533 2575 ait
2578 2520 2669 2591 (ε),
2719 2521 2893 2591 jussa
2947 2520 3268 2577 Constantii
3324 2520 3716 2591 imperatoris,

2073 2612 2176 2663 ant
2205 2624 2399 2663 rerum
2432 2608 2959 2680 perturbationem,
2994 2625 3121 2680 qua
3151 2613 3292 2663 tunc
3316 2624 3555 2663 summa
3582 2609 3713 2681 fuit,

2072 2698 2476 2753 subscribendi
2508 2714 2748 2752 causam
2780 2714 2886 2752 suo
2931 2697 3113 2752 fuisse
3143 2696 3315 2769 patri,
3349 2698 3448 2752 sed
3481 2697 3718 2753 deside-

2071 2787 2222 2840 rium
2257 2785 2414 2856 pacis
2444 2790 2502 2841 et
2533 2802 2666 2841 cum
2703 2785 3001 2841 nonnullis
3039 2785 3308 2839 ineunda
3353 2787 3715 2840 communio-

2069 2874 2177 2928 nis.
2217 2876 2483 2931 Secundo
2518 2880 2651 2931 ante
2680 2875 2837 2930 istud
2870 2874 3207 2940 dissidium,
3242 2874 3560 2929 Ecclesiam
3604 2874 3721 2930 Na-

2069 2962 2402 3019 zianzenam
2434 2981 2628 3019 arcam
2660 2969 2778 3019 Noe
2808 2964 2999 3020 vocari
3034 2962 3267 3019 solitam
3298 2979 3449 3033 esse,
3481 2967 3548 3018 ut
3590 2980 3719 3036 qua

2069 3052 2325 3107 universi
2355 3052 2514 3108 orbis
2573 3052 2860 3108 diluvium
2914 3052 3040 3107 sola
3098 3051 3416 3124 effugisset,
3468 3056 3723 3108 testatur

309 3146 515 3212 bitror,
554 3162 681 3217 qua
709 3164 741 3199 a
770 3145 1009 3200 Valente
1042 3151 1183 3201 sunt
1214 3146 1491 3214 excitatae,
1526 3152 1592 3202 ut
1636 3147 1825 3202 visum
1875 3152 1963 3201 est
1993 3128 2034 3195 C
2072 3140 2384 3211 Gregorius
2415 3140 2512 3211 (ἀ).
2541 3141 2732 3197 Testis
2755 3141 3009 3214 profecto
3032 3141 3284 3195 mendax
3306 3140 3473 3205 foret,
3516 3141 3565 3195 si
3605 3140 3719 3196 Na-

311 3235 583 3289 Baronio.
619 3235 724 3289 Vix
757 3235 930 3290 etiam
964 3238 1173 3291 adduci
1210 3254 1449 3309 possum
1484 3242 1548 3291 ut
1565 3238 1796 3292 credam
1823 3253 1958 3293 cum

309 3323 657 3379 doctissimo
679 3325 1068 3395 Tillemontio,
1086 3326 1425 3399 Gregorium
1451 3331 1676 3399 patrem
1699 3326 1959 3381 formula

306 3413 669 3469 Ariminensi
706 3419 827 3468 tum
863 3416 1306 3486 subscripsisse,
1335 3422 1393 3469 et
1413 3417 1536 3486 jam
1558 3416 1629 3470 ab
1652 3417 1779 3487 ejus
1800 3432 1959 3471 com-

307 3502 595 3557 munione
627 3503 1019 3559 Nazianzenos
1053 3504 1371 3559 monachos
1412 3505 1775 3572 discessisse,
1825 3521 1957 3560 cum

306 3593 437 3660 ejus
474 3591 659 3661 ﬁlius,
690 3592 909 3648 relictis
939 3593 1187 3648 Pontica
1220 3592 1560 3648 solitudinis
1582 3593 1823 3658 deliciis,
1848 3594 1959 3648 Na-

306 3681 584 3734 zianzum
620 3682 791 3735 rediit
822 3698 972 3736 anno
1005 3683 1102 3735 361
1134 3707 1147 3748 ;
1178 3682 1354 3754 idque
1385 3699 1578 3737 causa
1627 3684 1807 3738 fuisse
1854 3699 1959 3737 cur

308 3770 551 3837 rediret,
584 3775 650 3823 ut
680 3786 844 3840 Opem
879 3772 1052 3826 ferret
1084 3771 1340 3844 longave
1382 3772 1551 3843 patri,
1597 3772 1694 3843 qui
1744 3771 1955 3826 Arimi-

308 3859 478 3913 nensi
515 3859 779 3915 formula
812 3860 1276 3932 sabscripsisset,
1323 3876 1438 3932 quo
1468 3878 1497 3917 e
1530 3861 1650 3916 luto
1699 3878 1956 3934 emerge-

308 3952 417 4000 ret.

308 4053 778 4109 LXXIILLXXV.
808 4055 1013 4110 Turbas
1039 4056 1235 4110 Ariani
1273 4058 1536 4111 excitant.
1586 4060 1761 4112 Fraus
1791 4057 1954 4112 Aria-

553 4142 772 4181 norum.
810 4131 858 4181 Μ
870 4127 1005 4181 ultos
1036 4128 1093 4179 in
1122 4127 1384 4199 fraudem
1413 4128 1724 4197 impellunt.

382 4215 631 4286 Magnas
659 4215 894 4286 quidem
918 4215 1119 4269 turbas
1149 4233 1299 4270 anno
1330 4217 1434 4270 360
1455 4216 1773 4271 excitarent
1793 4216 1955 4271 Aria-

308 4304 390 4374 ni,
428 4304 531 4375 qui
564 4310 697 4376 post
748 4304 1048 4359 luctuosas
1096 4306 1371 4376 synodos,
1420 4306 1843 4360 Ariminensem
1896 4306 1954 4360 in

310 4393 646 4459 Occidente,
680 4392 1082 4447 Seleucianam
1115 4393 1174 4447 in
1221 4392 1471 4463 Oriente,
1521 4394 1751 4450 habitas
1802 4412 1954 4451 anno

306 4482 591 4543 359,item
616 4482 788 4536 etiam
828 4482 1321 4553 Constantinopoli
1343 4500 1493 4537 anno
1514 4484 1637 4538 360.
1671 4485 1956 4539 Constan-

310 4571 379 4625 tii
416 4570 657 4641 Augusti
696 4570 962 4641 prasidio
994 4572 1144 4637 freti,
1177 4571 1230 4627 vi
1270 4576 1325 4626 et
1356 4576 1473 4626 arte
1506 4588 1626 4628 rem
1678 4574 1952 4645 agebant;

309 4676 629 4730 omnesque
661 4660 983 4731 episcopos,
1022 4660 1079 4713 in
1111 4664 1233 4715 tota
1265 4677 1437 4732 quam
1458 4661 1572 4716 late
1595 4664 1827 4733 patebat
1846 4664 1957 4718 Ec-

311 4748 509 4815 clesia,
546 4747 828 4815 formula,
863 4765 989 4820 qua
1018 4749 1279 4820 ipsorum
1312 4750 1631 4821 impietatis
1660 4756 1845 4807 totum
1873 4752 1955 4807 vi-

310 4854 414 4890 rus
448 4836 760 4891 artiﬁciose
789 4841 1003 4891 tectum
1038 4837 1388 4904 continebat,
1413 4839 1779 4894 subscribere
1796 4855 1958 4911 coge-

310 4926 472 4979 bant.
510 4925 640 4978 Fuit
674 4926 826 4979 enim
862 4941 929 4980 ea
961 4926 1188 4980 fallacia
1222 4930 1277 4981 et
1308 4926 1477 4981 dolus
1499 4928 1955 4995 Arianorum,ut

308 5010 625 5084 ὁμοῑοῦσιον
660 5015 1149 5069 subscribendum
1200 5032 1264 5070 ac
1322 5016 1711 5087 proﬁtendum
1762 5018 1951 5071 trade-

308 5109 456 5164 rent,
478 5104 658 5158 unius
680 5102 945 5158 litterulae
965 5104 1283 5159 mutatione
1300 5121 1574 5177 magnam
1598 5122 1805 5161 sensus
1829 5105 1951 5160 dis-

310 5192 671 5263 crepantiam
705 5192 1092 5257 adducentes;
1128 5194 1335 5249 Filium
1369 5210 1577 5265 nempe
1636 5212 1749 5250 non
1798 5196 1954 5267 ejus-

311 5282 442 5336 dem
476 5281 825 5338 substantia
856 5299 989 5337 cum
1015 5283 1197 5353 Patre,
1225 5283 1378 5356 quod
1415 5279 1705 5355 ὀμοούσιον
1726 5284 1950 5356 signiﬁ-

402 5442 458 5507 α)
490 5442 527 5494 9
549 5441 708 5511 Maii,
742 5458 799 5513 p.
832 5442 955 5496 388.

405 5514 454 5581 δ)
484 5515 579 5568 Or.
615 5514 706 5581 21,
743 5530 805 5569 n.
842 5514 931 5567 23.

382 5586 449 5651 (ei
485 5586 579 5640 Or.
616 5585 705 5654 l8,
742 5602 798 5639 η.
836 5588 920 5640 18.

2072 3230 2383 3284 zianzenus
2415 3229 2725 3301 episcopus
2752 3230 2902 3285 dolis
2932 3228 3279 3284 Arianorum
3314 3229 3722 3300 deceptusfuit

2070 3332 2332 3399 tempore
2363 3325 2723 3392 Constantii;
2785 3325 3047 3398 falsoque
3104 3326 3349 3381 dixisset
3405 3343 3717 3382 commune

2070 3416 2327 3471 universi
2356 3417 2514 3472 orbis
2546 3414 2831 3470 diluvium
2863 3415 3137 3487 effugisse
3170 3415 3589 3472 Nazianzenam
3614 3416 3722 3471 Ec-

2069 3504 2330 3573 clesiam,
2364 3505 2536 3575 cujus
2568 3503 2834 3559 Ecclesia
2868 3505 3179 3576 episcopus
3213 3503 3341 3576 ipse
3387 3504 3721 3560 artiﬁciosis

2068 3594 2259 3648 verbis
2292 3593 2772 3665 circumscriptus
2794 3592 2854 3647 in
2874 3608 3110 3664 pravam
3134 3594 3473 3649 societatem
3496 3596 3719 3665 pertra-

2067 3686 2194 3737 ctus
2224 3683 2448 3738 fuisset.

2066 3787 2623 3845 LXXVII-LXXVIII.
2665 3787 2910 3843 Schisma
2951 3788 3342 3844 monachorum
3372 3787 3437 3843 ob
3474 3786 3715 3843 subscri-

2137 3863 2380 3930 ptionem
2406 3859 2651 3929 Gregorii
2666 3861 2865 3931 patris,
2890 3874 3001 3914 non
3041 3860 3273 3931 conligit
3310 3859 3408 3914 sub
3450 3859 3718 3914 Constan-

2136 3929 2233 3988 tio.
2266 3933 2463 3987 Brevis
2491 3933 2601 4002 fuit
2625 3929 2738 3985 hac
2765 3929 3066 3985 discordia.

2137 4041 2207 4093 At
2236 4038 2407 4110 longe
2439 4037 2703 4106 graviora
2733 4040 3054 4107 suppetunt
3076 4040 3392 4093 momenta.
3417 4040 3559 4092 Cum
3579 4036 3718 4092 Gre-

2066 4127 2267 4199 gorius
2295 4143 2324 4181 e
2357 4130 2537 4181 Ponto
2568 4125 2917 4180 Nazianzum
2969 4142 3235 4181 reversus
3283 4129 3373 4181 est
3428 4126 3497 4181 ad
3559 4126 3714 4181 diem

2066 4219 2279 4273 festum
2304 4216 2537 4272 Pascha
2561 4215 2697 4272 anni
2715 4216 2840 4287 362,
2867 4232 3103 4272 summa
3130 4234 3272 4290 pace
3290 4217 3719 4273 fruebaturEc-

2065 4309 2241 4364 clesia
2267 4309 2650 4375 Nazianzena,
2682 4325 2854 4381 quam
2907 4310 3139 4381 magnis
3192 4311 3356 4365 effert
3410 4309 3715 4365 laudibus:

2065 4415 2170 4454 nec
2200 4403 2434 4455 veretur
2490 4398 2680 4472 dicere
2736 4397 2809 4470 (ε)
2866 4415 2929 4454 se
2986 4414 3103 4453 non
3164 4414 3605 4466 concessurum,
3652 4402 3721 4453 ut

1989 4493 2034 4557 Ι)
2069 4511 2097 4539 ‹‹
2131 4487 2508 4560 amplissima
2540 4487 2822 4553 civitates,
2855 4503 3178 4559 gregesque
3238 4486 3715 4543 numerosissimi

2068 4577 2191 4632 ulla
2247 4577 2307 4631 in
2358 4591 2418 4632 re
2473 4576 2847 4631 Nazianzena
2904 4576 3172 4632 Ecclesia
3256 4577 3707 4649 praeferantur.»

2065 4666 2235 4721 Nulla
2266 4682 2402 4738 ergo
2434 4664 2705 4722 Nazianzi
2751 4664 3043 4721 discordia
3092 4664 3201 4719 fuit
3244 4681 3394 4719 anno
3437 4665 3561 4735 362,
3608 4680 3714 4719 nec

2067 4755 2189 4812 ulla
2218 4755 2391 4810 etiam
2437 4753 2697 4826 Gregorii
2729 4753 2913 4825 patris
2968 4757 3107 4808 tunc
3154 4756 3276 4809 erat
3335 4753 3711 4826 subscriptio,

2065 4861 2094 4899 e
2119 4843 2564 4914 quadissidium
2595 4844 2807 4913 erupit.
2832 4841 3081 4908 Quinino
3103 4858 3304 4898 recens
3338 4846 3461 4897 erat
3490 4842 3713 4898 tumul-

2067 4937 2186 5000 tus,
2213 4949 2344 4988 cum
2370 4931 2684 5003 Gregorius
2706 4935 2905 4986 noster
2917 4931 3167 5003 primam
3190 4935 3391 4988 contra
3413 4931 3713 4986 Julianum

2066 5021 2385 5077 orationem
2422 5020 2726 5087 scriberet,
2759 5024 2825 5075 ut
2854 5020 2949 5077 bis
2977 5021 3168 5077 verbis
3200 5022 3577 5076 manifestum
3626 5023 3718 5075 est

2066 5111 2135 5183 (/)
2164 5127 2176 5165 :
2212 5133 2239 5160 ‹‹
2262 5112 2451 5181 Atque
2486 5109 2713 5163 utinam
2747 5109 2844 5163 ille
2875 5126 3107 5181 quoque
3137 5115 3321 5166 coetus
3355 5110 3423 5166 ad
3474 5110 3719 5166 chorum

2073 5203 2343 5256 nostrum
2381 5214 2441 5254 se
2472 5198 2834 5270 adjungeret,
2868 5199 2988 5271 qui,
3025 5216 3158 5255 cum
3196 5200 3360 5272 prius
3390 5199 3719 5255 cantionem

2077 5289 2543 5360 haudquaquam
2566 5286 2851 5343 adulteria
2863 5304 2956 5344 am
2989 5292 3163 5360 atque
3185 5288 3502 5362 ignobilem
3524 5288 3721 5346 nobis-

2139 5447 2216 5519 (d)
2252 5447 2424 5516 lbid.,
2458 5464 2517 5503 n.
2552 5448 2639 5503 17.

2158 5524 2208 5587 e)
2239 5519 2333 5574 Or.
2368 5519 2422 5587 ἓ,
2458 5535 2515 5575 n.
2548 5520 2600 5572 8.

2158 5524 2208 5587 θ)
2239 5519 2333 5574 Or.
2368 5519 2422 5587 ἓ,
2458 5535 2515 5575 n.
2548 5520 2600 5572 8.

2137 5519 2206 5663 lf)
2236 5596 2329 5646 0r.
2363 5591 2415 5660 4,
2449 5608 2506 5645 n.
2538 5591 2623 5646 10.
