4152 6208
478 339 594 402 183

1812 339 2002 401 VITA
2045 340 2112 399 S.
2161 338 2556 400 GREGORII.

3770 342 3887 401 184

480 487 616 529 cum
648 471 765 527 Deo
797 467 1104 539 accineret,
1136 486 1203 526 ac
1234 469 1434 528 dextro
1464 471 1763 544 quondam
1794 472 1997 529 ordine
2047 472 2131 528 di-
2160 472 2213 539 Α
2243 468 2522 536 Ecclesia,
2554 468 2860 541 Gregorius
2893 468 3210 537 obmutuit,
3241 472 3309 525 ut
3331 469 3454 542 ipse
3474 472 3739 527 teslatur.
3758 472 3887 529 Non

482 577 639 634 gnus
670 560 1002 632 haberetur,
1034 562 1211 631 atque
1241 560 1417 616 etiam
1440 560 1619 628 brevi,
1644 566 1708 617 ut
1737 563 1986 630 conﬁdo,
2018 562 2121 618 ha-

475 651 729 716 bebitur,
759 648 918 705 haud
950 649 1070 705 scio
1102 666 1217 721 qua
1249 665 1308 705 re
1339 656 1692 719 commotus,
1726 657 1964 722 repente
1992 668 2122 708 can-

476 746 603 795 tum
635 739 694 794 in
727 740 1023 794 diversum
1056 743 1263 809 mutat,
1300 737 1530 811 alioque
1570 741 1753 813 gradu
1808 746 1983 812 atque
2029 758 2118 796 or-

472 830 607 884 dine
638 844 765 885 sese
787 826 1170 895 collocat;ac
1221 844 1291 883 ne
1340 828 1412 885 ob
1461 846 1831 885 communem
1883 831 2119 901 quidem

473 917 756 986 laetitiam,
778 918 932 989 quod
956 917 1132 973 etiam
1153 919 1339 989 magis
1375 918 1573 983 miror,
1601 920 1812 974 adduci
1844 924 2030 990 potest
2056 925 2122 975 ut

473 1006 1206 1077 nobiscumconjungatur.
1223 1028 1250 1056 ››
1278 1006 1406 1061 Haec
1431 1008 1684 1078 profecto
1704 1009 1897 1077 verba,
1934 1030 1961 1058 ‹‹
1987 1025 2119 1063 cum

473 1095 639 1169 prius
672 1096 1072 1150 cantionem...
1119 1095 1424 1151 nobiscum
1466 1096 1581 1151 Deo
1622 1097 1977 1153 accineret...
2028 1114 2123 1153 re-

471 1190 643 1256 pente
672 1188 909 1239 cantum
933 1184 993 1238 in
1016 1184 1313 1239 diversum
1367 1188 1573 1250 mutat,
1594 1209 1616 1238 ι
1646 1185 1957 1241 dissidium
1996 1203 2121 1243 mo-

474 1273 792 1328 nachorum
823 1288 1023 1327 recens
1053 1276 1248 1327 ortum
1282 1272 1458 1329 fuisse
1490 1272 1751 1329 indicant
1780 1274 1923 1330 satis
1951 1294 1965 1343 ;
2018 1292 2123 1331 nec

476 1377 590 1416 non
622 1378 762 1432 spes
792 1359 1027 1415 illorum
1064 1361 1307 1432 reditus,
1340 1360 1553 1417 lenitas
1582 1379 1699 1434 qua
1727 1380 1827 1419 eos
1850 1369 1913 1419 ut
1935 1381 2121 1420 mem-

474 1450 579 1505 hra
605 1466 713 1504 sua
734 1448 1469 1521 complectiturGregorius
1489 1452 1683 1522 (a);ac
1701 1452 1939 1507 demum
1964 1454 2121 1524 quod

478 1556 594 1595 non
627 1538 805 1594 semel
828 1539 907 1593 ait
928 1541 1000 1609 (ὁ)
1025 1540 1619 1595 monachosomnium
1641 1546 1966 1613 postremos
1997 1543 2122 1598 dis-

476 1627 743 1683 cessisse.
780 1628 859 1682 Ex
888 1626 982 1681 his
1011 1627 1187 1682 etiam
1222 1628 1435 1697 pariter
1478 1629 1783 1684 conﬁcitur
1828 1635 2119 1687 recentem

475 1733 704 1788 quoque
767 1717 944 1771 fuisse
984 1716 1242 1788 Gregorii
1278 1716 1792 1790 subscriptionem,
1824 1718 1909 1773 vel
1970 1725 2122 1777 certe

2232 561 2370 616 dum
2405 574 2541 631 ergo
2575 558 2824 614 discissa
2854 564 2998 631 erat,
3031 575 3165 614 cum
3197 559 3419 631 primos
3452 562 3572 615 tres
3602 562 3671 615 ad
3704 579 3888 634 popu-

2229 648 2352 704 lum
2387 665 2687 705 sermones
2716 648 2923 704 habuit
2950 666 3103 705 anno
3134 650 3263 705 362.
3296 649 3477 721 quue
3516 649 3692 705 etiam
3746 652 3885 709 inde

2232 744 2408 811 patet,
2436 739 2589 810 quod
2622 754 2738 793 non
2770 739 2942 793 modo
2975 737 3118 793 nihil
3154 738 3213 793 in
3241 736 3333 793 his
3364 738 3731 795 orationibus
3750 757 3886 797 con-

2231 832 2323 882 tra
2353 826 2689 893 dissidium,
2725 826 2872 882 nihil
2903 827 2973 881 de
2996 843 3137 899 pace
3170 826 3327 881 dicat
3356 826 3694 899 Gregorius,
3727 831 3885 901 quod

2232 916 2487 987 profecto
2520 931 2635 969 non
2667 915 2963 970 omisisset
2991 919 3185 970 orator
3200 914 3361 986 pacis
3392 916 3837 974 amantissimus
3867 943 3884 990 ς

2230 1020 2433 1058 verum
2464 1003 2639 1059 etiam
2669 1003 3091 1059 Nazianzenam
3127 1002 3445 1059 Ecclesium
3479 1006 3559 1076 (ἢ)
3584 1028 3611 1055 ‹‹
3645 1022 3762 1062 uno
3786 1023 3885 1063 co-

2231 1092 2481 1163 demque
2512 1092 2706 1147 animo
2740 1108 2923 1147 unum
2968 1092 3240 1163 idemque
3294 1092 3699 1149 sentientem»
3753 1094 3884 1151 Iau-

2231 1180 2349 1235 det.

2232 1287 2467 1344 LXXIX.
2502 1287 2612 1362 Sub
2638 1286 3063 1362 Julz'anz'ﬁnem
3093 1288 3421 1358 subscripsit
3454 1290 3641 1360 impiae
3669 1296 3884 1362 [armu-

2597 1360 2689 1427 ιω,
2719 1359 2812 1415 sed
2846 1359 3091 1416 illwsum
3121 1376 3213 1415 cor
3239 1362 3502 1415 servavit.

2302 1448 2429 1505 Non
2457 1447 2638 1519 igitur
2667 1448 2777 1503 sub
2800 1447 3159 1517 Constantio,
3187 1449 3285 1505 sed
3310 1454 3584 1521 vergente
3606 1452 3675 1505 ad
3702 1453 3879 1507 ﬁnem

2227 1534 2446 1592 Juliani
2478 1536 2746 1608 imperio,
2784 1535 3046 1592 formulae
3068 1537 3266 1594 minus
3288 1538 3618 1595 orthodoxa:
3650 1540 3882 1596 videtur

2230 1624 2653 1697 subscripsisse
2669 1626 2999 1698 Gregorius,
3024 1627 3300 1699 deceptus
3324 1628 3672 1683 Arianorum
3705 1628 3879 1697 dolis,

2230 1714 2350 1785 qui,
2374 1715 2612 1770 absente
2631 1715 2770 1783 ﬁlio,
2803 1714 2957 1770 nacti
2983 1720 3375 1787 opportunam
3397 1732 3596 1772 senem
3625 1718 3880 1774 circum-

474 1822 609 1861 eum
644 1822 759 1860 non
792 1804 962 1877 longe
993 1809 1165 1861 antea
1194 1806 1636 1878 subscripsisse.
1672 1808 1895 1864 Etenim
1929 1810 1977 1865 si
2009 1810 2119 1865 sub
2153 1844 2200 1909 B
2229 1803 2496 1858 veniendi
2528 1805 2913 1872 occasionem,
2946 1805 3138 1876 specie
3170 1805 3593 1877 paciﬁcationis
3634 1822 3768 1862 eum
3819 1808 3879 1863 in

473 1893 833 1959 Constantio,
865 1911 1017 1949 anno
1046 1894 1151 1948 368
1181 1893 1267 1949 vel
1306 1895 1434 1959 36!,
1494 1896 1942 1968 subscripsisset
1998 1899 2120 1972 epi-

472 2000 686 2056 scopus
716 1982 1135 2053 Nazianzenus,
1160 1985 1449 2053 quomodo
1468 1985 1735 2040 monachi
1767 1987 2120 2059 indignatio-

483 2088 617 2128 nem
650 2090 819 2127 suam
853 2072 923 2127 ad
944 2089 1164 2127 annum
1190 2090 1377 2145 usque
1397 2076 1501 2128 363
1517 2075 1688 2131 corde
1719 2077 2073 2148 pressissent
2094 2076 2121 2132 ‘2

473 2162 591 2217 Aut
622 2162 668 2217 si
694 2161 899 2216 tandiu
922 2166 1391 2232 presserunt,cur
1411 2161 1825 2219 discessionem
1850 2165 2043 2221 subito
2064 2170 2123 2222 et

482 2249 764 2322 praecipiti
796 2249 1040 2305 consilio
1067 2250 1274 2306 tribuit
1301 2252 1657 2323 Gregorius?
1687 2254 2006 2323 Quomodo,
2033 2255 2121 2310 in-

473 2356 675 2413 quam,
700 2338 1162 2411 indignationem
1178 2356 1347 2396 suam
1366 2344 1486 2395 tam
1501 2340 1673 2414 longo
1692 2348 1953 2414 tempore
1964 2360 2122 2415 pres-

478 2429 699 2486 sissent
729 2426 1023 2498 monachi,
1069 2429 1361 2501 quosipse
1393 2429 1462 2502 (c)
1487 2451 1515 2479 »
1557 2431 1959 2488 ferventiorem
2013 2434 2117 2489 Ec-

475 2516 665 2574 clesiae
695 2520 919 2590 partem
952 2516 1253 2589 appellat?
1284 2518 1413 2585 Qui,
1450 2540 1477 2567 »
1501 2523 1566 2574 ut
1594 2519 1748 2576 idem
1807 2522 2118 2595 Gregorius

475 2605 559 2662 ait
587 2605 649 2661 in
678 2604 793 2661 alia
820 2606 1082 2662 oratione
1105 2606 1213 2678 (ά),
1247 2629 1275 2657 ‹‹
1308 2607 1540 2663 tametsi
1575 2607 1792 2681 alioqui
1824 2610 2013 2681 pacati
2052 2628 2119 2668 ac

475 2694 762 2750 moderati
792 2694 931 2760 sint,
962 2692 1072 2750 hac
1101 2698 1299 2751 tamen
1332 2696 1389 2751 in
1422 2711 1482 2751 re
1504 2695 1664 2751 lenes
1694 2701 1751 2753 et
1772 2698 1970 2755 faciles
1991 2717 2119 2757 esse

474 2797 591 2837 non
621 2781 935 2849 sustinent,
966 2798 1098 2837 cum
1130 2800 1229 2855 per
1248 2782 1575 2852 isilentium
1607 2791 1665 2840 et
1719 2787 1973 2859 quietem
2016 2790 2117 2846 Dei

475 2886 657 2927 causa
673 2870 941 2942 proditur
964 2890 979 2940 ;
1003 2887 1203 2927 verum
1227 2872 1322 2928 hic
1344 2874 1663 2930 admodum
1686 2875 1935 2933 bellaces
1957 2882 2117 2947 sunt,

471 2962 649 3030 atque
678 2959 737 3013 in
767 2958 1130 3031 conﬂigendo
1166 2962 1347 3017 'acres
1378 2967 1435 3017 et
1481 2962 1720 3030 feroces,
1779 2964 2119 3037 hujusmodi

478 3046 635 3105 enim
665 3046 771 3103 zeli
803 3052 981 3104 aestus
1039 3051 1147 3119 est,
1196 3048 1488 3122 citiusque
1517 3049 1762 3126 aliquid,
1791 3055 1945 3125 quod
2002 3072 2116 3112 non

474 3141 756 3210 oporteat,
789 3136 1156 3207 tentaverint,
1182 3154 1358 3211 quam
1381 3141 1536 3211 quod
1567 3157 1635 3196 ex
1656 3142 1848 3199 ofﬁcio
1877 3144 1953 3201 sit
1973 3162 2118 3217 pras-

2231 1908 2468 1964 pravam
2527 1891 2864 1948 societatem
2921 1897 3344 1965 pertraxerunt.
3413 1895 3559 1966 Dixi,
3639 1895 3883 1953 absente

2229 1979 2370 2047 ﬁlio,
2406 1980 2504 2052 qui
2537 1981 2834 2037 interdum
2867 1985 3122 2053 paternae
3154 1983 3365 2039 domus
3395 1983 3779 2040 sollicitudini
3820 2001 3882 2041 se

2229 2071 2604 2134 subtrahens,
2636 2071 2692 2125 in
2729 2070 2977 2125 amicam
3011 2072 3176 2126 Ponti
3209 2071 3589 2128 solitudinem
3643 2074 3717 2128 ad
3771 2074 3884 2129 Ba-

2227 2156 2429 2214 silium
2460 2158 2685 2214 evolare
2715 2158 2971 2228 solebat;
2998 2177 3304 2232 nunquam
3325 2162 3482 2216 enim
3506 2178 3570 2217 eo
3595 2167 3882 2234 praesente

2236 2248 2386 2320 patri
2420 2246 2665 2303 insidias
2697 2253 2921 2303 struere
2952 2250 3080 2304 ausi
3113 2248 3382 2305 fuissent.
3414 2254 3649 2323 Magnas
3679 2251 3737 2306 in
3768 2252 3879 2307 Ec-

2228 2335 2405 2392 clesia
2433 2337 2792 2392 Nazianzena
2811 2337 3014 2393 turbas
3038 2338 3310 2395 excitavit
3326 2340 3585 2412 Gregorii
3616 2340 3874 2397 subscri-

2229 2426 2368 2498 ptio,
2394 2429 2447 2481 et
2463 2427 2661 2481 statim
2685 2426 2953 2481 monachi
2976 2428 3046 2483 ab
3068 2429 3195 2498 ejus
3217 2429 3627 2485 communione
3651 2429 3870 2485 disces-

2228 2519 2465 2583 serunt;
2507 2519 2651 2587 quot
2699 2532 2851 2571 anno
2897 2516 3004 2571 363
3047 2517 3309 2590 contigit,
3360 2518 3410 2573 si
3456 2518 3695 2590 quidem
3727 2535 3871 2574 non-

2227 2605 2367 2660 dum
2396 2603 2805 2673 discesserant,
2841 2621 2973 2661 cum
3013 2623 3167 2661 anno
3213 2608 3319 2661 362
3357 2607 3725 2662 Nazianzena:
3766 2608 3874 2662 Ec-

2226 2692 2414 2748 clesiae.
2445 2694 2813 2748 concordiam
2845 2693 3113 2749 laudaret
3160 2695 3506 2767 Gregorius;
3536 2711 3737 2750 recens
3770 2712 3878 2751 au-

2226 2787 2345 2838 tem
2386 2786 2511 2837 erat
2542 2782 2842 2850 discessio,
2886 2799 3018 2838 cum
3052 2783 3300 2854 primam
3336 2788 3539 2839 contra
3573 2784 3879 2839 Julianum

2218 2871 2346 2943 jam
2368 2871 2721 2926 exstinctum
2742 2871 3086 2927 invectivam
3109 2872 3403 2929 scriberet.
3430 2873 3687 2945 Denique
3708 2873 3885 2930 dissi-

2227 2959 2343 3027 dio,
2380 2961 2534 3031 quod
2568 2959 2910 3016 diuturnum
2946 2977 3060 3017 non
3091 2962 3299 3031 fuerat,
3332 2962 3550 3033 sedato,
3582 2962 3887 3034 composi-

2228 3053 2306 3118 to,
2341 3054 2478 3115 etc.,
2510 3049 2833 3106 instaurata
2849 3053 2939 3106 est
2968 3050 3280 3106 concordia
3316 3067 3469 3107 anno
3501 3052 3627 3106 364.
3678 3054 3886 3107 Mona-

2228 3140 2369 3196 chos
2391 3140 2546 3195 enim
2569 3156 2603 3195 a
2627 3155 2689 3195 se
2716 3162 2742 3189 ‹‹
2769 3140 2842 3195 ob
2868 3140 3102 3211 pietatis
3123 3140 3313 3196 zelum
3339 3163 3367 3191 »
3391 3141 3743 3197 dissidentes
3764 3142 3883 3198 sibi

477 3226 851 3283 termiserint.
883 3248 911 3279 »ι
942 3227 1206 3298 Videant,
1234 3229 1334 3302 qui
1364 3230 1704 3303 Gregorium
1726 3212 2117 3305 patrem,‘sub
2149 3212 2192 3279 (ἶ
2232 3233 2289 3284 et
2313 3230 2533 3284 caeteris
2576 3229 2968 3285 reconciliavit
2999 3230 3331 3303 Gregorius,
3382 3235 3509 3286 tum
3561 3231 3634 3286 ob
3684 3231 3879 3303 ipsius

477 3316 833 3385 Constantio,
862 3316 1217 3375 Ariminensi
1239 3319 1497 3375 formulae
1521 3322 1944 3395 subscripsisse
1965 3324 2119 3380 arbi-

474 3408 724 3476 trantur,
754 3421 823 3461 ex
852 3422 968 3477 quo
996 3411 1339 3478 sequeretur
1369 3409 1688 3467 monachos
1710 3427 1813 3483 per
1832 3413 1980 3470 duos
2018 3418 2120 3470 aut

472 3493 649 3550 etiam
664 3498 783 3551 tres
805 3511 992 3551 annos
1014 3495 1475 3569 indignationem
1491 3515 1661 3557 suam
1683 3500 2116 3574 dissimulasse,

465 3584 759 3655 quomodo
781 3583 904 3639 hac
934 3584 1246 3641 conciliare
1265 3585 1496 3643 valeant
1519 3605 1532 3655 ;
1558 3590 1810 3646 maxime
1822 3608 1955 3647 vero
1980 3609 2115 3648 cum

467 3689 534 3727 ex
561 3672 841 3744 Gregorio
873 3674 1047 3729 breve
1079 3675 1254 3730 fuerit
1274 3676 1611 3733 dissidium.
1636 3701 1663 3728 ‹‹
1688 3684 1794 3735 Eos
1816 3680 1996 3749 enim,
2015 3682 2115 3754 qui

461 3761 534 3816 ob
566 3760 797 3833 pietatis
831 3762 1023 3819 zelum
1080 3763 1466 3833 dissidebant,
1508 3765 1703 3838 inquit
1756 3768 1848 3839 (ε),
1907 3773 1963 3824 et
2001 3770 2113 3825 sibi

460 3854 518 3906 et
546 3851 770 3906 caeteris
801 3851 1195 3908 reconciliavit
1217 3854 1550 3927 (Gregorius
1572 3858 1757 3926 pater)
1790 3860 2113 3928 postremos

464 3955 498 3993 a
530 3939 700 3995 nobis
734 3940 1053 4011 sejunctas,
1086 3945 1145 3996 et
1176 3941 1363 4013 primo
1393 3958 1677 4000 reversos.
1704 3966 1731 3995 »
1763 3946 2114 4002 Brevissima

468 4026 731 4097 inquam.
765 4028 865 4083 illa
896 4029 1007 4085 fuit
1041 4029 1269 4101 divisio,
1301 4034 1451 4088 teste
1472 4032 1770 4106 Gregorio,
1795 4035 1895 4107 qui
1927 4058 1954 4085 α
1987 4051 2116 4091 eam

463 4114 854 4173 calamitatem
914 4117 1199 4175 hactenus
1229 4121 1474 4177 durasse
1518 4122 1723 4179 scribit
1752 4122 1858 4194 (f);
1900 4128 1965 4179 ut
2012 4140 2114 4195 per

467 4201 576 4256 hoc
607 4202 943 4273 dissidium,
975 4211 1259 4278 quantum
1291 4209 1451 4281 pacis
1506 4210 1727 4267 bonum
1787 4217 1962 4281 esset,
2010 4213 2111 4284 qui

472 4290 643 4345 divisi
666 4292 915 4363 fuerant,
951 4294 1363 4367 intelligerent,
1400 4300 1721 4372 statimque
1741 4301 1941 4357 odium
1964 4301 2109 4357 illud

475 4377 608 4435 odio
640 4378 922 4437 haberent
951 4400 1017 4438 ac
1047 4385 1441 4442 detestationi.
1475 4389 1600 4453 Qua
1628 4389 1790 4460 pacis
1820 4389 2111 4446 celeritate

468 4467 819 4538 subreptum
843 4470 986 4527 bene
1019 4471 1127 4526 fuit
1154 4476 1210 4528 et
1241 4474 1803 4548 obscuratum,quod
1838 4477 1897 4532 in
1917 4479 2108 4534 medio

2230 3319 2627 3386 reverentiam,
2658 3323 2786 3375 tum
2816 3319 2889 3374 ob
2917 3320 3207 3391 dogmatis
3246 3320 3583 3392 puritatem.
3636 3342 3664 3369 ‹‹
3697 3320 3878 3376 Solus

2228 3425 2503 3481 namque,
2529 3412 2592 3464 ut
2613 3408 2692 3464 ait
2714 3408 3027 3480 Gregorius
3059 3413 3255 3464 noster
3285 3410 3378 3480 (ἰ),
3410 3408 3651 3465 illaasam
3703 3426 3877 3465 men-

2226 3501 2366 3566 tem,
2403 3497 2762 3570 minimeque
2805 3496 2985 3553 simul
3030 3514 3164 3553 cum
3215 3502 3543 3553 atramento
3596 3497 3877 3554 infectam

2226 3585 2487 3641 animam
2508 3586 2720 3642 habere
2742 3586 2996 3641 creditus
3020 3591 3129 3654 est,
3159 3587 3390 3643 tametsi
3406 3603 3508 3659 per
3527 3587 3707 3642 animi
3729 3588 3878 3643 sim-

2226 3675 2542 3745 plicitatem
2593 3676 2869 3748 abreptus
2922 3677 3152 3746 fuisset,
3211 3676 3530 3748 dolumque
3578 3677 3649 3732 ob
3690 3676 3877 3732 animi

2225 3763 2620 3819 sinceritatem
2649 3764 2720 3819 ob
2752 3764 2911 3819 omni
2940 3765 3072 3819 dolo
3105 3765 3355 3820 alienam
3392 3765 3635 3820 minime
3682 3765 3871 3820 cavis-

2223 3856 2383 3906 set.»
2420 3852 2504 3906 Ita
2559 3852 2751 3924 gravis
2804 3853 3074 3908 Ecclesiae
3122 3853 3495 3909 Nazianzena:
3554 3858 3875 3924 tempestas

2222 3940 2423 3995 sedata
2452 3944 2540 3996 est
2569 3940 2831 4012 Gregorii
2862 3941 3118 4013 episcopi
3153 3942 3425 4013 precibus
3447 3950 3501 3997 et
3523 3942 3876 3997 admonitio-

2223 4027 2417 4094 nibus,
2450 4032 2584 4083 nato
2633 4028 2863 4083 interim
2910 4030 3143 4100 pietatis
3190 4034 3247 4085 et
3293 4046 3479 4102 operae
3534 4032 3726 4097 socio;
3770 4031 3874 4102 qui

2220 4132 2354 4171 cum
2388 4116 2537 4187 patri
2570 4116 2639 4171 ad
2673 4132 2843 4172 omne
2875 4118 3093 4172 bonum
3125 4134 3320 4173 comes
3351 4123 3409 4173 et
3436 4120 3671 4189 adjutor
3693 4125 3872 4185 esset,

2221 4222 2287 4259 ac
2340 4204 2501 4260 velut
2552 4222 2586 4260 a
2642 4205 2822 4261 latere
2890 4210 3173 4273 curreret,
3257 4206 3351 4262 hic
3411 4208 3509 4262 Dei
3588 4208 3874 4264 beneﬁcio

2224 4292 2408 4348 multo
2440 4294 2756 4349 maximam
2790 4293 3008 4350 laboris
3038 4295 3337 4367 studiique
3387 4300 3613 4368 partem
3667 4302 3878 4353 contu-

2220 4382 2310 4439 lit.

2219 4488 2430 4565 LXXX.
2492 4489 2787 4565 Theqlugus
2835 4490 3079 4565 loquitur
3123 4492 3454 4565 perindeque
3489 4494 3542 4565 si
3588 4509 3714 4548 reus
3762 4492 3881 4565 ipse

466 4556 730 4641 contigit.
752 4579 779 4607 »
803 4558 1014 4630 Ecquis
1028 4564 1222 4641 autem
1251 4563 1734 4620 resarcitumtam
1761 4566 2107 4622 «celeriter»
2141 4578 2186 4641 [)
2288 4560 2450 4632 Im”,
2484 4561 2624 4633 φαοά
2654 4556 2857 4632 Pietati
2885 4556 3013 4631 ὶνρο
3036 4556 3253 4634 Parem
3284 4564 3636 4619 tribuendum
3666 4573 3762 4621 εδι-

457 4640 516 4690 et
548 4637 1029 4709 redintegratum,
1058 4639 1156 4695 vix
1184 4645 1251 4696 ut
1281 4642 1576 4699 exstitisse
1601 4645 1891 4709 credatur,
1934 4652 2110 4717 atque

459 4724 636 4779 etiam
667 4725 835 4782 breve
866 4726 1185 4784 dissidium
1216 4734 1386 4802 putet
1416 4731 1572 4802 quod
1604 4734 1773 4788 annis
1802 4734 1992 4789 tribus
2036 4736 2109 4790 ad

460 4811 773 4870 minimum
808 4820 911 4870 aut
940 4822 1193 4889 quatuor
1222 4821 1713 4891 perseveraverit?
1740 4822 1881 4886 Quis
1913 4824 2111 4879 credat

458 4902 545 4954 tot
574 4902 745 4958 annis
766 4902 1229 4977 indignationem
1256 4924 1423 4964 suam
1449 4909 1734 4981 pressisse
1766 4912 2108 4980 monachos,

461 5004 609 5061 quos
640 5012 669 5040 ‹‹
715 4993 1033 5051 admodum
1091 4996 1341 5054 bellaces
1408 5005 1580 5071 atque
1628 4999 1687 5053 in
1744 5002 2107 5071 confligendo

460 5094 625 5133 acres
656 5083 712 5134 et
735 5081 953 5139 feroces
985 5106 1011 5134 η
1048 5085 1249 5141 scribit
1280 5086 1584 5160 Gregorius
1615 5093 1814 5144 noster
1833 5090 1956 5162 (g)?

530 5168 676 5232 Quid
712 5169 883 5241 plura
912 5171 940 5225 ?
987 5175 1252 5239 Quandlu
1305 5175 1554 5233 discissa
1584 5177 1693 5233 fuit
1748 5178 2109 5236 Nazianzena

528 5363 611 5433 (α)
642 5363 735 5419 Or.
767 5366 821 5433 6,
858 5385 915 5421 n.
954 5370 1039 5423 10.

526 5434 607 5507 (b)
630 5434 737 5507 9r.
772 5438 860 5507 18,
894 5455 951 5494 n.
988 5440 1075 5495 18.

552 5505 604 5562 cl
629 5505 776 5562 Ibid.

890 5598 946 5637 n.
978 5582 1069 5637 25.

534 5649 611 5720 (ε)
641 5654 737 5705 Or.
775 5652 860 5721 18,
894 5668 951 5708 n.
984 5653 1073 5709 18.

2292 4648 2536 4703 Miretur
2565 4649 2809 4704 forsitan
2843 4649 3138 4721 quispiam
3172 4668 3276 4705 cur
3306 4653 3638 4725 Gregorius,
3676 4653 3748 4707 de
3781 4669 3877 4707 se-

2218 4736 2438 4792 ditione
2478 4738 2757 4794 adversus
2805 4743 3031 4811 patrem
3088 4756 3264 4795 suum
3312 4740 3873 4797 excitataaferven-

2216 4825 2361 4879 tiore
2418 4825 2686 4881 Ecclesia:
2734 4831 2895 4898 parte
2942 4828 3119 4883 verba
3167 4827 3406 4897 faciens,
3482 4828 3717 4900 perinde
3786 4828 3872 4884 lo-

2218 4918 2433 4985 quatur
2490 4932 2554 4970 ac
2602 4915 2649 4970 si
2700 4915 2825 4987 ipse
2882 4932 3016 4972 reus
3071 4920 3227 4972 esset
3282 4921 3339 4973 et
3390 4934 3525 4973 cum
3585 4923 3747 4989 patre
3805 4918 3866 4973 in

2218 5020 2453 5074 pravam
2512 5004 2852 5061 societatem
2939 5009 3269 5077 pertractus
3350 5004 3586 5061 fuisset:
3639 5029 3667 5055 ‹‹
3719 5007 3869 5063 Nam

2216 5108 2372 5159 cum,
2403 5092 2594 5164 inquit
2613 5093 2697 5164 (i),
2731 5110 2765 5147 a
2787 5093 3137 5149 ferventiore
3160 5094 3423 5150 Ecclesia:
3442 5099 3605 5166 parte
3630 5095 3702 5150 ob
3736 5111 3867 5151 eam

2217 5197 2453 5236 causam
2488 5182 2695 5238 seditio
2726 5182 2791 5237 in
2821 5198 2929 5239 nos
2954 5182 3208 5239 excitata
3235 5188 3424 5252 esset;
3454 5184 3609 5255 quod
3652 5184 3871 5257 scripto

2285 5376 2351 5447 (f)
2382 5375 2477 5447 0r.
2511 5377 2566 5443 6,
2600 5394 2657 5434 n.
2689 5379 2724 5433 8
2752 5380 2811 5433 et
2843 5378 2932 5434 12.

2308 5446 2366 5571 ἵ)
2394 5446 2489 5501 0r.
2520 5448 2611 5519 2i,
2644 5466 2703 5505 n.
2734 5449 2826 5504 25.

2348 5518 2364 5588 )
2395 5516 2495 5575 Or.
2534 5518 2589 5586 3,
2621 5537 2681 5576 n.
2712 5521 2767 5575 6.

2282 5523 2364 5588 (h)
2395 5523 2495 5575 Ur.
2534 5523 2589 5586 3,
2621 5537 2681 5576 n.
2712 5523 2767 5575 6.

2285 5589 2351 5671 (ἦ)
2377 5588 2476 5671 ρι’·
2512 5591 2599 5671 3?:
2632 5608 2689 5647 ο·
2727 5592 2812 5671 .1?-

2287 5661 2350 5729 (ἰ)
2374 5659 2468 5715 0r.
2504 5661 2590 5728 18,
2623 5679 2682 5718 n.
2719 5663 2806 5717 18.
