4152 6208
315 358 429 422 185

1649 365 1834 429 VITA
1878 367 1945 429 S.
1992 368 2390 432 GREGOBII.

3602 363 3719 426 186

314 494 561 567 quodam
590 496 652 551 et
673 495 1000 554 artiﬁciosis
1029 496 1223 555 verbis
1262 497 1711 572 circumscripti,
1742 500 1798 556 in
1824 519 1958 575 pra-
1988 503 2040 571 Α
2074 504 2201 576 quit
2231 502 2540 577 Gregorius
2572 503 2663 577 (c),
2696 504 2805 560 hac
2834 502 2891 558 in
2941 517 3001 559 re
3033 498 3469 557 consultoribus
3500 513 3566 554 ac
3595 497 3717 554 sin-

308 600 433 639 vam
457 584 801 642 societatem
834 588 1110 659 pertracti
1133 588 1470 646 fuissemus.
1509 613 1529 640 ι
1566 589 1780 647 Verum
1813 592 1966 648 absit

312 678 373 730 ut
400 673 759 731 arbitremur
787 678 1131 749 Gregorium
1176 680 1752 745 nostrum,doctrina
1766 682 1964 738 catho-

309 762 425 818 lica
461 764 729 835 pugilem
753 766 1076 838 egregium,
1096 767 1419 824 simulcum
1445 775 1607 841 patre
1630 771 1700 825 ad
1733 771 1963 827 Arianis

310 853 621 924 deceptum
657 854 855 911 fuisse.
894 856 953 911 Id
985 858 1142 913 enim
1174 859 1373 929 pietati
1418 874 1556 931 erga
1586 865 1883 932 parentem
1907 866 1964 917 et

311 942 885 1000 humanitatidatum
917 947 1102 1002 videri
1120 948 1309 1016 debet,
1335 950 1489 1021 quod
1521 950 1592 1004 de
1623 948 1795 1020 culpa
1809 949 1964 1006 velut

306 1032 611 1087 communi
654 1033 945 1105 loquatur.
980 1039 1123 1091 Cum
1166 1043 1361 1093 autem
1396 1055 1511 1093 non
1544 1038 1826 1109 seipsum,
1860 1040 1960 1094 sed

307 1120 494 1176 solum
525 1128 756 1193 patrem
791 1132 1048 1191 excuset,
1080 1149 1108 1176 ‹‹
1142 1126 1217 1198 (α)
1251 1128 1349 1199 qui
1394 1127 1555 1183 solus
1586 1127 1833 1183 illasum
1866 1145 1964 1184 cor

306 1208 538 1279 habere,
576 1228 687 1267 nec
718 1214 895 1269 simul
928 1215 1184 1271 animam
1210 1233 1342 1271 cum
1375 1222 1699 1273 atramento
1718 1218 1962 1273 fadasse

306 1301 565 1356 creditus
599 1305 711 1371 est,
746 1325 775 1352 ››
806 1301 1028 1359 iudicat
1075 1305 1334 1377 seipsum
1367 1322 1482 1361 non
1514 1307 1959 1379 subscripsisse,

305 1387 569 1460 adeoque
602 1407 708 1445 nec
740 1397 981 1448 externa
1002 1394 1227 1450 actione
1266 1412 1509 1451 errasse.
1544 1396 1825 1452 Praterea
1854 1398 1960 1453 ob-

307 1479 692 1545 servandum,
725 1479 961 1553 culpam
994 1484 1443 1556 subscriptionis
1475 1490 1725 1557 paterna
1759 1487 1960 1558 praci-

308 1581 414 1637 pue
446 1567 781 1624 derivatam
804 1569 866 1625 in
901 1570 1107 1639 lilium,
1142 1575 1296 1643 quod
1329 1590 1462 1629 cum
1496 1579 1680 1646 patre,
1716 1580 1779 1630 ut
1807 1576 1961 1632 vide-

308 1655 494 1721 batur,
531 1656 704 1728 lapso
732 1661 1205 1717 communionem
1238 1664 1532 1731 retineret,
1565 1681 1669 1719 nec
1688 1665 1837 1719 abeo
1868 1680 1959 1720 se-

309 1760 385 1810 se,
418 1746 504 1800 uti
540 1746 945 1817 ferventiores,
979 1755 1294 1822 separaret.

2074 594 2221 649 ceris
2244 594 2635 649 monitoribus
2652 611 2815 660 usus,
2833 591 3135 647 nobiscum
3161 590 3220 645 in
3246 590 3489 645 Pontum
3514 588 3717 660 profu-

2072 683 2175 755 git.
2214 704 2241 733 ι)
2275 683 2671 739 Secessionem
2696 682 2855 739 illam
2890 699 3041 738 anno
3072 682 3177 737 364
3207 684 3469 745 exeunte,
3496 682 3596 733 aut
3626 677 3716 731 in-

2072 776 2245 828 eunte
2271 774 2395 837 365,
2434 772 2831 828 collocandam
2891 788 3018 828 esse
3071 771 3279 843 probat
3327 772 3529 824 auctor
3586 766 3715 822 Vita

2071 864 2249 916 sancti
2268 862 2488 927 Basilii,
2531 878 2656 933 cap.
2689 862 2743 923 9,
2777 879 2835 917 n.
2888 863 2923 915 6
2956 879 2968 916 :
3002 861 3201 931 itaque
3249 859 3373 930 jam
3428 857 3713 913 exstincto

2072 950 2389 1006 schismate
2420 950 2778 1005 Nazianzeno
2810 948 3072 1020 contigit.

2139 1039 2422 1095 Basilium
2444 1043 2637 1095 autem
2670 1038 3026 1111 presbyterio
3044 1037 3301 1093 nondum
3334 1036 3716 1101 initiatum,et

2070 1128 2129 1183 in
2159 1127 2472 1184 solitudine
2496 1133 2783 1201 agentem,
2831 1144 2982 1183 anno
3014 1129 3135 1182 363.
3167 1126 3478 1199 Gregorius
3509 1140 3713 1180 conve-

2071 1222 2270 1273 nerat:
2308 1218 2536 1273 sublato
2568 1217 2786 1273 scilicet
2818 1234 2847 1273 e
2904 1216 3051 1273 vivis
3077 1215 3313 1271 Juliano
3342 1217 3638 1287 Apostata,
3663 1217 3720 1269 et

2070 1307 2263 1362 adhuc
2297 1307 2576 1378 flagrante
2605 1308 2966 1363 Nazianzeno
2999 1306 3317 1361 schismate
3340 1303 3569 1375 ;ibique
3600 1319 3719 1358 am-

2070 1395 2177 1451 bas
2206 1397 2264 1450 in
2288 1400 2631 1467 Apostatam
2691 1397 2984 1452 orationes
3042 1395 3373 1466 scripserat,
3407 1394 3718 1465 adjuvante

2070 1500 2173 1540 seu
2197 1483 2541 1539 consiliante
2573 1484 2805 1551 Basilio,
2837 1488 2902 1538 ut
2929 1500 2997 1539 ex
3025 1483 3118 1538 his
3150 1482 3419 1538 secundae
3442 1478 3719 1535 Stcleuti-

2070 1590 2147 1628 ca
2179 1574 2285 1644 (sic
2317 1573 2601 1629 enimilla
2622 1576 3064 1645 nuncupantur)
3083 1569 3717 1640 verbiscolligunteru-

2069 1662 2175 1717 diti
2203 1679 2263 1716 :«
2288 1664 2417 1718 Hac
2447 1662 2555 1718 tibi
2587 1662 2839 1719 Basilius
2896 1666 2952 1717 et
3000 1660 3334 1733 Gregorius,
3370 1680 3397 1709 ››
3443 1662 3552 1713 etc.
3588 1657 3713 1715 Non

2067 1750 2493 1824 imprudenter,
2534 1756 2600 1807 ut
2629 1753 2793 1808 Petro
2842 1752 3038 1807 Cuneo
3085 1749 3337 1815 videtur,
3388 1746 3715 1818 Julianum,

356 1851 603 1907 LXXXI.
643 1853 930 1909 Praeclara
953 1854 1197 1928 Gregorii
1219 1859 1275 1911 in
1312 1858 1456 1913 hanc
1483 1876 1600 1915 rem
1629 1862 1921 1916 sententia.
1991 1875 2038 1939 Β
2076 1844 2412 1939 “utanqu‘fm
2444 1841 2729 1939 ίῑξξοωᾊ,
2757 1840 2950 1939 ΡδῙεξω
2973 1838 3251 1939 omni?“
3281 1836 3598 1939 ξξλάίξτίυπ)
3632 1836 3713 1890 τε·

368 1939 515 1994 Huic
539 1946 762 1997 nostra
798 1946 868 1998 de
899 1943 1142 2000 dissidio
1175 1946 1545 2002 Nazianzena
1578 1948 1845 2003 Ecclesia
1903 1954 1960 2004 et

305 2028 634 2085 instaurata
664 2048 808 2102 pace
828 2033 1224 2104 disquisitioni
1240 2036 1412 2091 finem
1430 2037 1801 2107 imponamus
1818 2055 1958 2109 pra-

306 2116 457 2173 clara
485 2119 547 2173 in
581 2119 741 2175 hanc
764 2138 884 2176 rem
927 2122 1186 2194 Gregorii
1220 2125 1507 2180 sententia
1538 2143 1550 2180 :
1595 2146 1616 2174 ι
1640 2126 1860 2193 Nihil,»
1897 2130 1962 2181 ut

306 2206 569 2263 observat
599 2209 691 2264 vir
712 2215 953 2266 sanctus
983 2212 1041 2265 in
1074 2213 1333 2269 oratione
1375 2231 1550 2286 quam
1585 2216 1654 2271 de
1686 2232 1825 2287 pace
1856 2216 1957 2270 ha-

310 2294 545 2367 buit(b),
586 2320 608 2345 -
646 2314 768 2365 eos,
796 2298 895 2369 qui
927 2300 1154 2356 sincero
1197 2301 1375 2357 animi
1410 2304 1617 2359 affectu
1651 2305 1833 2361 Deum
1865 2323 1960 2361 co-

310 2380 455 2449 lunt,
490 2402 662 2456 aque
683 2387 842 2442 inter
870 2404 933 2443 se
962 2389 1253 2461 conciliat,
1287 2396 1460 2463 atque
1490 2394 1862 2450 consentiens
1891 2396 1964 2451 de

310 2472 417 2527 Deo
448 2474 725 2529 doctrina
759 2494 772 2532 :
806 2479 1301 2547 quemadmodum
1328 2486 1528 2537 contra
1544 2482 1689 2537 nihil
1712 2484 1782 2538 ad
1798 2483 1965 2539 dissi-

314 2563 467 2617 dium
504 2564 587 2619 ita
618 2571 959 2638 promptum
993 2584 1057 2622 ac
1088 2574 1361 2639 paratum
1395 2575 1503 2637 est,
1540 2577 1601 2627 ut
1644 2573 1872 2630 diversa
1903 2575 1960 2630 in

313 2650 411 2706 hac
436 2670 493 2708 re
522 2655 864 2710 animorum
897 2659 1207 2714 sententia.
1254 2659 1356 2714 Hic
1413 2660 1592 2728 enim,
1651 2663 1828 2719 etiam
1861 2664 1961 2734 qui

311 2738 434 2795 aliis
464 2743 523 2796 in
559 2742 745 2798 rebus
775 2744 1155 2816 aequissimus
1186 2752 1242 2802 et
1262 2747 1576 2805 facillimus
1607 2756 1713 2819 est,
1748 2752 1964 2807 ferven-

311 2828 575 2886 tissimus
610 2832 806 2887 existit
838 2850 851 2899 ;
885 2849 950 2888 ac
982 2840 1331 2892 mansuetus
1352 2854 1484 2892 vere
1516 2855 1751 2912 pugnax
1790 2841 1965 2896 efﬁci-

309 2921 413 2983 tur,
448 2936 586 2974 cum
622 2937 689 2976 se
713 2937 815 2993 per
843 2921 1143 2979 lenitatem
1158 2926 1565 2995 Deijacturam
1596 2929 1962 3001 facere,imo,

309 3011 367 3059 ut
395 3008 615 3064 rectius
649 3008 880 3081 loquar,
915 3027 1018 3083 per
1047 3013 1477 3085 prolapsionem
1524 3033 1717 3085 suam,
1750 3018 1959 3086 Deum,

308 3094 399 3164 qui
427 3112 537 3152 nos
570 3101 631 3151 et
662 3114 769 3169 pro
791 3098 1007 3155 divitiis
1037 3100 1496 3159 habetetdivites
1528 3105 1962 3172 reddit,damno

310 3182 529 3240 afﬁcere
561 3186 874 3257 conspicit.
907 3188 997 3243 Sic
1027 3188 1224 3261 igitur,
1267 3207 1375 3245 nos
1422 3192 1482 3246 in
1541 3192 1671 3265 ipsa
1729 3211 1963 3267 quoque

310 3274 676 3331 contentione
710 3277 1067 3332 moderatius
1116 3295 1222 3333 nos
1254 3279 1414 3350 ipsos
1442 3282 1736 3353 gessimus
1767 3301 1781 3351 ;
1818 3284 1960 3340 adeo

310 3367 369 3415 ut
397 3363 714 3418 concordia
745 3364 1143 3434 disiunctione
1164 3366 1516 3438 ipsaclarior
1546 3371 1741 3442 fuerit,
1774 3389 1839 3427 ac
1863 3389 1964 3443 per

310 3464 385 3515 ea,
414 3468 545 3523 qua
568 3453 854 3524 utrinque
888 3453 1020 3509 lata
1046 3459 1102 3511 et
1142 3458 1449 3513 commoda
1478 3460 1845 3529 exstiterunt,
1876 3462 1959 3527 id,

310 3540 450 3608 quod
474 3540 537 3596 in
572 3541 772 3597 medio
803 3543 1219 3617 contigit,pene
1240 3547 1585 3619 subreptum
1607 3553 1663 3605 et
1685 3550 1962 3608 obscura-

308 3631 445 3684 tum.
484 3652 513 3679 )›

310 3735 568 3792 LXXXII.
604 3740 874 3795 Nascentz'
906 3740 966 3794 in
1019 3740 1259 3795 Ecclesia
1300 3741 1631 3799 (ΣαπαηέΜί
1670 3746 1964 3805 discordia

367 3810 614 3935 πῖεῗενξι
602 3812 812 3879 satagit
842 3810 1148 3883 Gregorius,
1183 3818 1236 3869 ct
1263 3816 1549 3871 orationes
1580 3817 1639 3871 in
1674 3818 1962 3875 lulianum

370 3896 397 3933 ι
420 3898 453 3934 a
489 3896 553 3935 or
622 3922 635 3935 .

370 3896 635 3935 ιιαοοναι.

374 3967 490 4030 Quo
518 3973 793 4040 tompore
822 3968 1070 4026 discissa
1098 3975 1223 4027 erat
1273 3972 1636 4031 Nazianzena
1681 3976 1957 4049 Ecclesia,

313 4053 456 4111 aliud
489 4057 758 4113 schisma
790 4076 904 4113 non
940 4059 1137 4117 minus
1167 4061 1746 4119 exitialeCasariensi
1773 4066 1960 4123 Eccle-

312 4142 403 4200 sia
431 4145 832 4218 impendebat,
867 4152 924 4202 et
944 4149 1196 4220 jamjam
1220 4153 1343 4206 erat
1363 4152 1650 4207 oriturum
1664 4168 1733 4207 ex
1749 4154 1958 4210 simul-

310 4234 542 4305 tatibus,
578 4251 730 4307 quas
760 4237 1048 4293 Eusebius
1077 4238 1449 4295 Casariensis
1480 4240 1957 4315 episcopus,pra-

314 4321 395 4377 sul
425 4323 561 4380 licet
592 4341 827 4380 morum
850 4325 1154 4382 honestate
1175 4326 1369 4383 clarus
1389 4328 1955 4403 etpietateinsignis,

314 4411 582 4468 adversus
612 4413 893 4469 Basiliam
924 4416 1225 4471 exercebat
1250 4430 1264 4483 ;
1290 4417 1458 4487 cujus
1488 4417 1569 4472 rei
1602 4434 1780 4475 causa
1808 4420 1956 4492 cpti-

313 4514 530 4557 morum
566 4518 956 4574 quorumque,
972 4504 1261 4576 pracipue
1281 4521 1412 4561 vero
1446 4506 1955 4580 monachorum,in

2068 1930 2183 1997 cit;
2213 1952 2232 1978 η
2251 1931 2351 1985 sed
2386 1929 2588 1985 multis
2613 1934 2668 1985 et
2688 1929 2887 2003 magni
2912 1928 3188 1984 momenti
3212 1925 3537 1982 rationibus
3561 1928 3709 1997 Apo-

2068 2023 2284 2073 statam
2318 2019 2543 2089 publice
2575 2019 2948 2091 proscindere
2978 2016 3315 2089 compulsus
3345 2018 3453 2071 est.
3504 2013 3710 2069 Praci-

2069 2124 2216 2178 puas
2246 2111 2476 2162 tantum
2534 2108 2777 2173 cateris,
2811 2107 3110 2163 brevitatis
3154 2123 3330 2161 causa
3361 2102 3711 2177 pratermis-

2070 2196 2174 2262 sis,
2233 2195 2594 2251 exhibemus.
2646 2197 2721 2267 (ἀ)
2762 2196 2953 2250 Primo
2992 2194 3174 2267 igitur
3221 2193 3544 2265 Oportebat,
3604 2190 3714 2246 hoc

2071 2285 2334 2357 exemplo
2366 2302 2464 2341 eos
2493 2286 2548 2340 in
2581 2283 3186 2350 veritateconﬁrmari,
3210 2282 3459 2352 quicum
3494 2279 3715 2335 univer-

2072 2391 2271 2429 sarum
2303 2374 2537 2445 quidem
2572 2391 2767 2429 rerum
2790 2374 2971 2429 Deum
2995 2373 3400 2441 conﬁteantur,
3429 2375 3624 2425 tamen
3642 2368 3714 2424 ob

2071 2463 2283 2517 anima
2314 2480 2430 2518 sua
2450 2463 2764 2533 levitatem,
2799 2462 3170 2534 superbiente
3195 2458 3398 2532 impio,
3417 2457 3716 2529 cogitatio-

2074 2552 2249 2607 nibus
2280 2552 2695 2618 incenduntur,
2728 2554 3096 2623 peccatorum
3119 2566 3319 2621 pacem
3352 2564 3467 2603 non
3501 2547 3712 2613 ferunt,

2074 2657 2177 2696 nec
2210 2640 2309 2697 Dei
2341 2640 2650 2696 consilium
2682 2644 3013 2713 exspectare
3044 2637 3359 2694 sustinent.
3396 2636 3466 2708 (e)
3496 2636 3716 2692 Deinde

2071 2729 2291 2785 Juliani
2322 2730 2646 2786 facinorum
2669 2728 3036 2785 enarratione
3057 2727 3373 2801 gentilibus
3399 2727 3717 2783 ostenden-

2072 2818 2213 2874 dum
2246 2823 2391 2885 erat,
2430 2819 2616 2890 «quid
2641 2818 2771 2875 illos
2803 2819 3097 2875 daemones
3120 2818 3385 2873 doceant.
3421 2838 3448 2865 »
3474 2815 3541 2887 (Γ)
3565 2815 3718 2870 Tan-

2073 2907 2204 2963 dem
2237 2908 2348 2979 ipsi
2372 2908 2800 2978 lideles,eorum
2829 2924 2952 2978 qua
2971 2905 3127 2979 passi
3168 2906 3398 2961 fuerant
3418 2902 3724 2976 expositio-

2073 3012 2166 3067 ne,
2190 2996 2599 3054 commonendi
2654 2998 2911 3063 fuerunt,
2946 3012 3017 3051 ne
3059 2994 3426 3067 tempestatis
3458 2994 3513 3048 in
3562 2997 3721 3047 tran-

2075 3084 2361 3156 qunllitate
2391 3086 2885 3156 obliviscerentur,
2924 3107 2950 3135 ι(
2987 3101 3092 3141 nec
3122 3083 3307 3139 morbi
3357 3084 3417 3138 in
3448 3082 3717 3148 sanitate,

2074 3191 2179 3230 nec
2193 3172 3342 3248 captivitatis,incolumnesinJerusalem
3370 3170 3719 3235 reversi,nec

1992 3238 2035 3308 (ἶ
2072 3238 2297 3337 Egypti
2318 3269 2449 3337 post
2478 3238 2808 3337 Egyptum.
2846 3286 2873 3314 n
2933 3266 3014 3319 Ex
3062 3264 3156 3319 his
3205 3262 3566 3318 orationibus
3598 3261 3713 3316 duo

2073 3354 2931 3425 pratereadiscimus,quorum
2952 3353 3114 3424 prius
3135 3353 3203 3407 ad
3234 3349 3539 3406 historiam
3573 3350 3716 3404 Gre-

2072 3443 2218 3518 gorii
2250 3447 2307 3498 et
2338 3442 2538 3499 Basilii
2570 3442 2819 3515 pertinet
2852 3440 3139 3510 ;alterum
3164 3439 3573 3511 ﬁdelibus,qui
3605 3439 3714 3493 sub

2070 3534 2252 3607 impio
2276 3549 2409 3606 rege
2437 3533 2661 3599 vivunt,
2687 3531 3022 3588 erudiendis
3051 3530 3331 3585 idoneum
3374 3533 3481 3584 est.
3516 3529 3718 3600 Itaque

2070 3623 2352 3696 Gegorius
2365 3638 2426 3677 se
2439 3624 2497 3676 et
2517 3620 2798 3677 Basilium
2818 3625 3147 3692 postremos
3160 3618 3228 3674 ad
3252 3616 3713 3690 persecutionem

2071 3730 2106 3769 a
2127 3712 2360 3768 Juliano
2392 3714 2715 3766 reservatos
2744 3726 2871 3765 esse
2901 3709 3087 3776 docet,
3150 3706 3232 3762 sic
3276 3723 3409 3761 eum
3460 3704 3713 3775 compel-

2071 3799 2201 3855 lans
2227 3800 2341 3871 (g):
2376 3820 2407 3849 «
2438 3798 2565 3853 Hac
2602 3797 2707 3851 tibi
2740 3795 2989 3851 Basilius
3048 3798 3105 3850 et
3154 3791 3534 3863 Gregorius...
3567 3807 3713 3861 quos

2072 3905 2207 3944 cum
2238 3892 2295 3944 et
2316 3888 2434 3943 vita
2453 3891 2510 3942 et
2540 3900 2829 3952 sermone,
2859 3888 2918 3939 et
2947 3891 3153 3938 mutua
3190 3879 3496 3937 concordia
3527 3879 3714 3933 claros

2069 3983 2126 4033 et
2145 3977 2397 4033 celebres
2419 3977 2541 4047 jam
2571 3975 2705 4029 inde
2736 3990 2769 4029 a
2817 3973 3035 4028 Graecia
3075 3987 3343 4027 nosses...
3389 3972 3714 4041 postremos

2068 4066 2139 4121 ad
2164 4065 2625 4137 persecutionem
2648 4062 3005 4118 reservabas.
3042 4082 3069 4111 »
3084 4062 3345 4116 Fortuna
3374 4056 3663 4129 templum
3683 4074 3716 4111 a

2066 4153 2520 4208 Casariensibus
2541 4149 2914 4221 Cappadocia
2932 4150 3041 4205 sub
3055 4147 3286 4205 Juliano
3300 4162 3715 4217 eversum,pcn-

2067 4258 2171 4296 nas
2199 4241 2422 4296 factum
2453 4239 2525 4295 ob
2556 4238 2699 4293 illud
2730 4238 2897 4293 abeis
2912 4241 3179 4310 sumptas
3209 4239 3567 4292 memoratet
3583 4252 3715 4307 pro-

2065 4330 2255 4402 priam
2287 4346 2352 4384 eo
2384 4330 2455 4384 de
2484 4328 2717 4399 negotio
2748 4326 3168 4382 sententiamin
3191 4326 3380 4397 prima
3407 4324 3715 4379 Steleutica

2066 4418 2378 4492 Gregorius
2401 4416 2587 4490 aperit
2617 4417 2726 4473 hoc
2756 4417 2928 4472 modo
2960 4416 3039 4487 (ἡ)
3074 4432 3087 4470 :
3146 4439 3166 4464 ι
3203 4417 3336 4480 Qua
3366 4437 3387 4466 ο
3441 4413 3713 4469 Julianus

2066 4529 2096 4558 ‹‹
2131 4507 2189 4562 in
2219 4506 2600 4562 Casarienses
2631 4510 2862 4561 nostros
2882 4504 3141 4575 admisit,
3172 4504 3302 4575 hos,
3324 4502 3714 4573 inquam,ani-

313 4604 368 4643 se
387 4590 581 4646 odium
625 4592 954 4647 concitavit.
988 4592 1057 4648 Hi
1090 4610 1365 4665 namque.
1403 4594 1606 4667 iniquo
1645 4597 1841 4653 animo
1871 4598 1951 4654 fe-
1983 4603 2030 4668 Β
2063 4595 2144 4650 mi
2176 4594 2579 4667 magnitudine
2609 4594 2901 4667 praditos,
2926 4610 2992 4649 ac
3014 4592 3244 4665 pietatis
3265 4592 3458 4647 studio
3491 4592 3713 4646 ferven-

314 4682 494 4734 rentes
524 4681 736 4735 ducem
768 4696 943 4735 suum
988 4680 1274 4738 Basilium
1305 4683 1377 4739 ab
1410 4683 1672 4739 Ecclesia
1712 4685 1961 4741 admini-

316 4767 585 4822 stratione
617 4769 895 4825 removeri
930 4774 1105 4843 atque
1159 4769 1376 4841 injuria
1404 4769 1578 4840 afﬁci,
1624 4772 1821 4826 statim
1854 4790 1957 4828 au-

317 4853 434 4909 daci
456 4856 711 4915 facinore
742 4861 813 4915 ab
836 4859 1093 4932 episcopi
1114 4858 1521 4915 communione
1542 4861 1808 4917 recedere
1839 4865 1956 4917 sta-

317 4948 826 5021 tuunt,secumque
859 4953 1084 5020 partem
1109 4947 1294 5019 plebis
1325 4952 1382 5003 et
1403 4949 1819 5005 honoratorum
1841 4967 1954 5006 non

317 5035 568 5103 exiguam
599 5036 968 5092 abstrahunt.
1002 5041 1077 5091 At
1109 5036 1544 5103 Basiliusﬁlius
1559 5037 1743 5109 pacis,
1770 5054 1883 5093 non
1904 5038 1956 5094 is

317 5128 449 5191 erat,
478 5126 577 5197 qui
609 5143 718 5182 sua
746 5142 921 5181 causa
971 5124 1293 5182 Ecclesiam
1337 5125 1581 5181 lacerari
1614 5130 1908 5198 pateretur
1939 5151 1954 5195 ;

318 5213 635 5271 consiliario
664 5218 723 5270 et
764 5214 1063 5271 hortatore
1115 5214 1391 5288 Gregorio
1422 5219 1616 5284 utens,
1670 5232 1788 5270 una
1819 5231 1954 5271 cum

319 5297 407 5355 illo
433 5301 493 5357 in
523 5303 823 5361 Ponticam
847 5304 1225 5361 solitudinem
1258 5304 1533 5362 secessit:
1560 5327 1589 5357 ‹‹
1626 5305 1828 5376 Nobis,
1863 5304 1956 5360 in-

408 5552 455 5625 b)
484 5552 646 5625 Or.6,
678 5569 737 5608 n.
764 5554 853 5608 12.

409 5623 453 5696 ε)
479 5623 680 5696 oms,
714 5640 777 5680 η.
799 5624 888 5681 29.

487 5694 580 5750 Or.
613 5694 670 5767 4,
698 5712 757 5752 n.
788 5696 845 5751 8.

382 5478 404 5763 ἓ

404 5494 441 5535 α
494 5479 659 5551 ΒοΙΙ.,
690 5482 727 5535 9
754 5480 913 5551 Maii,
945 5498 1003 5554 p.
1036 5480 1161 5537 385.

408 5553 435 5605 b
484 5552 646 5625 Or.6,
678 5569 737 5608 n.
764 5554 853 5608 12.

409 5637 436 5675 c
479 5623 574 5680 Or.
593 5625 680 5696 43,
714 5640 777 5680 n.
799 5624 888 5681 29.

443 5694 459 5747 l
487 5694 580 5747 Or.
613 5697 665 5747 4.
698 5712 757 5747 n.
788 5696 845 5747 8.

443 5694 459 5764 )

628 5868 701 5929 η

2067 4688 2177 4750 tes,
2209 4683 2289 4739 ita
2318 4685 2388 4739 ab
2420 4700 2486 4739 eo
2516 4686 2860 4756 exagitatos,
2891 4699 2957 4737 ac
2982 4699 3084 4754 per
3103 4680 3516 4738 contumeliam
3544 4696 3711 4737 vexa-

2068 4778 2181 4845 tos,
2216 4772 2463 4828 fortasse
2521 4790 2594 4828 ne
2644 4773 2897 4843 objicere
2946 4771 3181 4843 quidem
3230 4786 3465 4841 aquum
3518 4768 3714 4824 fuerit.

2064 4861 2293 4917 Etenim
2324 4861 2396 4916 ob
2430 4861 2767 4929 Fortunam,
2802 4859 3443 4930 fortunatioritempore
3472 4857 3720 4913 infortu-

2065 4951 2163 5006 nio
2185 4950 2473 5019 affectam,
2486 4949 2653 5021 justa
2674 4949 3073 5022 indignatione
3095 4952 3447 5018 commotus,
3471 4947 3541 5001 ad
3566 4946 3715 5001 hanc

2064 5038 2346 5094 ultionem
2362 5053 2707 5109 progressus
2720 5052 2848 5093 esse
2869 5035 3175 5092 videbatur
3200 5054 3212 5092 :
3239 5035 3714 5108 quandoquidem

2063 5125 2365 5197 injustitia
2396 5124 2722 5181 dominanti
2773 5123 3039 5180 nonnihil
3070 5124 3507 5180 concedendum
3538 5129 3645 5180 est.
3683 5145 3710 5173 »

2061 5215 2344 5271 Caterum
2378 5214 2436 5269 in
2471 5213 2897 5286 proscindendo
2920 5216 3199 5285 Apostata
3214 5213 3558 5285 Gregorium
3580 5212 3711 5268 nul-

2062 5302 2291 5359 latenus
2306 5302 2547 5358 modum
2566 5301 3038 5374 excessisse,etin
3056 5301 3293 5359 Monitis
3315 5302 3444 5373 jam
3464 5302 3714 5358 demon-

2154 5481 2201 5550 θ)
2232 5481 2329 5537 Or.
2360 5481 2415 5550 5,
2449 5498 2506 5537 n.
2534 5481 2627 5537 36.

2153 5554 2203 5625 nr
2230 5553 2405 5620 Ibid.,
2438 5568 2495 5608 n.
2529 5553 2619 5625 34.

2137 5624 2214 5695 (g)
2246 5625 2429 5695 Or.f5,
2452 5641 2511 5679 n.
2543 5624 2633 5679 39.

2138 5696 2373 5769 (mpm;
2375 5696 2432 5764 5,
2466 5712 2525 5751 n.
2555 5696 2646 5751 92.
