4152 6208
385 333 502 394 187

1716 337 1898 398 ViTA
1945 337 2007 397 S.
2056 337 2455 398 GREG‘OBII.

3670 340 3790 401 188

386 470 636 524 stratum
671 467 798 531 fuit,
832 470 885 523 et
916 467 1114 540 siquid
1135 473 1397 541 superest
1430 468 1826 540 dicendum,in
1848 469 2005 542 prole
2058 472 2103 539 Α
2140 470 2334 542 ipsum
2370 473 2629 542 tempore
2661 469 3049 538 mollitum,ut
3077 470 3293 526 ferrum
3327 469 3537 542 igne,et
3564 471 3636 526 ad
3660 471 3785 527 red-

384 556 651 629 gomenis
681 558 818 612 tomi
852 558 1089 612 secundi
1124 560 1388 615 addetur.

459 645 959 702 Orationibusillis
982 647 1053 701 ad
1074 648 1247 704 finem
1273 650 1588 720 perductis,
1623 649 1698 723 (α)
1721 648 2033 706 cumBasi—

386 734 501 790 lius
533 736 847 790 Caesaream
881 736 1158 802 venisset,
1192 742 1366 808 atque
1397 738 1467 792 ab
1502 740 1753 795 Eusebio
1786 738 2033 795 civitatis

387 824 679 895 episcopo,
715 840 914 879 mense
961 826 1284 896 Septembri
1352 828 1487 881 anni
1546 829 1671 894 364,
1736 829 2037 901 presbyter

388 917 620 967 creatus
651 918 826 982 esset,
860 914 1117 968 dolorem
1178 915 1313 970 inde
1365 924 1731 988 conceptum,
1780 917 1933 972 datis
1965 917 2035 971 ad

388 1001 729 1072 Gregorium
764 1001 1360 1075 litteris,significavit
1386 1006 1505 1071 ;cui
1523 1006 1836 1077 Gregorius
1862 1007 2037 1061 itare-

392 1090 630 1163 spondit
660 1091 733 1160 (ὁ)
762 1109 774 1146 ;
815 1114 833 1139 α
870 1091 1135 1163 Epistolas
1157 1095 1627 1165 tumprommium
1662 1096 1854 1151 laudo.
1891 1094 2036 1159 Quid

390 1182 586 1236 autem
620 1183 855 1235 tuorum
876 1196 990 1234 non
1022 1185 1110 1235 est
1134 1181 1490 1238 laudandum
1519 1184 1711 1240 ?Actu
1738 1190 2036 1257 captuses,

394 1268 886 1340 quemadmodum
912 1286 1018 1325 nos
1037 1287 1265 1342 quoque
1289 1272 1741 1345 circumscripti:
1776 1275 2037 1346 quando-

395 1357 632 1428 quidem
666 1358 735 1411 ad
761 1358 1078 1431 presbyteri
1138 1361 1384 1431 gradum
1433 1362 1704 1434 pertracti
1763 1379 2036 1418 sumus...

394 1445 512 1501 Hoc
530 1462 643 1501 non
663 1446 781 1500 ﬁeri
802 1446 1045 1502 fortasse
1060 1450 1298 1520 quidem
1316 1450 1723 1522 praestitisset”
1738 1451 2041 1514 .Quoniam

395 1539 588 1590 autem
614 1535 829 1590 factum
861 1541 968 1604 est,
1015 1537 1161 1593 ferre
1201 1555 1438 1595 necesse
1486 1545 1593 1609 est,
1646 1544 1710 1594 ut
1743 1539 1884 1593 mihi
1919 1540 2042 1611 qui-

394 1625 525 1680 dem
557 1624 802 1692 videtur,
836 1642 902 1680 ac
933 1628 1254 1697 praesertim
1288 1629 1362 1683 ob
1411 1633 1642 1701 tempus
1674 1630 1851 1696 istud,
1886 1628 2039 1700 quod

395 1713 612 1769 multas
647 1714 814 1769 nobis
872 1714 1274 1771 haereticorum
1309 1717 1539 1790 linguas
1581 1717 1819 1773 invehit.
1854 1739 1882 1768 η
1926 1722 2043 1772 Hoc

395 1809 626 1874 tempus
659 1804 729 1858 ad
760 1802 1020 1859 Valentis
1074 1804 1443 1877 imperatoris
1480 1806 1646 1862 initia
1677 1807 2041 1863 referendum

394 1908 540 1959 esse,
574 1908 706 1947 cum
732 1892 950 1948 scilicet
984 1894 1178 1949 Ariani
1205 1896 1332 1966 ejus
1354 1895 1673 1968 patrocinio
1706 1895 2045 1953 fretiomnia

395 1997 464 2037 ex
493 1982 732 2037 arbitrio
763 1999 868 2036 suo
899 1999 1242 2038 successura
1273 1990 1594 2056 sperarent,
1652 1991 1856 2041 auctor
1908 1987 2047 2042 Vita:

394 2072 579 2126 sancti
592 2073 791 2126 Basz'tiz'
804 2072 875 2144 (cl
889 2073 1233 2129 certissimis
1248 2075 1609 2146 argumentis
1628 2074 2041 2147 comprobavit.

394 2160 521 2217 Non
550 2160 732 2215 multo
767 2165 897 2233 post
921 2177 1159 2217 evenere
1174 2162 1369 2218 Basilii
1401 2180 1533 2219 cum
1556 2164 1805 2220 Eusebio
1822 2164 2044 2237 episco-

399 2265 473 2322 po
486 2266 591 2305 suo
607 2250 1133 2316 simultates,antea
1156 2257 1486 2308 memoratis
1509 2278 1522 2321 ;
1545 2270 1793 2326 quarum
1810 2252 2047 2326 quidem

401 2340 938 2411 componendarum
969 2339 1090 2396 haec
1122 2340 1231 2395 fuit
1252 2343 1499 2398 occasio.

403 2445 695 2503 LXXXIII.
729 2446 807 2502 Ad
834 2448 1185 2521 :pirituaiem
1213 2457 1535 2521 conventum
1564 2450 1677 2505 sive
1703 2450 1776 2504 ad
1804 2448 1952 2505 diem
1966 2451 2048 2521 fe-

642 2526 783 2574 stum
814 2519 883 2574 ab
918 2520 1154 2575 Eusebio
1183 2522 1455 2575 invitatur
1494 2520 1810 2591 Gregorius.

474 2606 787 2679 Gregorius
818 2608 890 2662 ab
912 2607 1160 2663 Eusebio
1193 2609 1263 2664 ad
1291 2608 1545 2680 aliquem
1570 2609 2051 2681 conventumspi-

403 2694 699 2766 ritualem,
731 2695 849 2752 sive
892 2697 1046 2751 diem
1089 2698 1322 2764 festum,
1364 2698 1781 2769 perhonorifice
1814 2703 2052 2753 vocatus

402 2784 705 2855 rescripsit
733 2784 831 2856 (ἀ),
864 2788 922 2839 et
950 2785 1020 2841 de
1048 2784 1211 2841 illata
1241 2785 1689 2856 Basilioinjuria
1719 2786 1897 2842 libere
1915 2803 2052 2841 con-

406 2873 773 2941 questusest.
814 2873 1325 2943 «Honorequidem
1343 2889 1435 2928 me
1465 2874 1637 2929 abste
1654 2874 2049 2929 afﬁcilzetor...

404 2957 619 3014 Verum
652 2960 1067 3016 contumeliam
1100 2960 1445 3018 charissimo
1464 2962 1625 3016 fratri
1655 2962 1866 3018 Basilio
1897 2980 1931 3017 a
1954 2968 2057 3018 tua

406 3048 620 3121 pietate
650 3048 874 3105 illatam
933 3065 1080 3117 esse,
1123 3056 1298 3123 atque
1344 3051 1666 3107 etiamnum
1697 3052 1897 3108 inferri
1928 3068 2054 3108 mo-

408 3136 551 3193 leste
576 3140 761 3195 fero...
793 3143 873 3195 'I‘u
908 3141 1049 3195 dum
1083 3158 1148 3196 eo
1185 3145 1517 3213 contempto
1550 3159 1655 3198 nos
1689 3141 1906 3198 honore
1928 3141 2053 3197 affi-

410 3227 515 3294 cis,
549 3228 787 3299 perinde
816 3229 961 3285 mihi
1011 3230 1197 3287 facere
1252 3231 1486 3297 videris,
1520 3248 1585 3287 ac
1616 3232 1665 3287 si
1698 3233 1833 3302 quis
1880 3233 2057 3286 unius
2087 3214 2129 3279 C

408 3316 518 3371 viri
542 3323 718 3389 caput
738 3318 921 3375 altera
953 3336 1129 3375 manu
1153 3320 1496 3387 demulceat,
1532 3320 1714 3376 altera
1739 3320 1948 3376 malam
1973 3321 2056 3376 fe-

412 3404 526 3461 riat
560 3424 573 3474 ;
607 3408 1199 3464 autetiamconvulsis
1221 3409 1432 3465 domus
1464 3409 1861 3465 fundamentis
1876 3409 2057 3482 parie-

414 3500 503 3552 tes
533 3496 756 3567 pingat,
788 3502 963 3568 atque
993 3503 1259 3553 externas
1294 3502 1489 3569 partes
1520 3504 1772 3556 exornet.
1811 3500 2060 3555 Proinde

416 3588 465 3642 si
498 3588 639 3659 quid
665 3586 805 3643 mihi
837 3588 1359 3659 obtemperandum
1376 3590 1755 3661 putabis,hoc
1785 3590 2062 3646 facies.Ut

415 3679 611 3731 autem
644 3677 1031 3748 obtemperes,
1066 3678 1171 3732 abs
1218 3684 1273 3733 te
1306 3685 1435 3749 peto
1493 3685 1668 3751 atque
1725 3680 2009 3735 contendo
2044 3695 2056 3734 :

413 3782 647 3837 aequum
671 3771 762 3820 est
791 3765 966 3820 enim.
992 3766 1051 3820 Si
1075 3766 1263 3839 illum,
1298 3772 1486 3840 utpar
1516 3773 1623 3838 est,
1645 3767 1911 3836 colueris,
1935 3767 2063 3840 ipse

416 3869 646 3927 quoque
676 3854 749 3910 ab
780 3871 845 3910 eo
875 3854 1131 3910 vicissim
1162 3855 1582 3913 observaberis.
1608 3857 1723 3912 Nos
1754 3862 1949 3912 autem
1981 3873 2065 3913 se-

418 3945 1084 4016 quemur,quemadmod
1098 3962 1192 4000 um
1217 3946 1437 4001 umbras
1462 3950 1927 4019 corpora,utpote
1940 3963 2065 4019 par-

417 4032 473 4086 vi
505 4038 563 4087 et
590 4034 660 4087 ad
696 4050 896 4104 pacem
929 4035 1355 4107 propensiores.
1394 4060 1415 4088 ι
1448 4036 1509 4091 In
1542 4035 1956 4091 contumeliam
1975 4053 2066 4092 ac-

421 4120 575 4190 cepit
598 4120 879 4177 Eusebius
910 4121 1235 4179 libertatem
1252 4125 1531 4195 Gregorii,
1548 4125 2065 4197 quirescripsit(e),

424 4225 485 4263 se
520 4225 632 4263 non
656 4211 1095 4280 contumeliose,
1131 4214 1232 4268 sed
1290 4215 1727 4270 accommodate
1777 4216 1850 4271 ad
1910 4214 2067 4286 leges

423 4298 687 4367 spiritus,
712 4298 1017 4369 scripsisse
1042 4317 1054 4368 ;
1084 4317 1313 4372 aequum
1357 4302 1515 4357 enim
1546 4319 1693 4368 esse,
1723 4308 1788 4359 ut
1816 4303 1926 4358 sibi
1949 4303 2069 4357 Eu-

424 4385 646 4450 sebius,
680 4388 948 4456 quamvis
970 4389 1151 4459 gradu
1185 4391 1448 4462 superior
1469 4391 1564 4458 sit,
1587 4392 1808 4461 justam
1840 4392 2072 4447 liberta-

424 4478 540 4529 tem
575 4476 873 4530 concedat.
907 4476 1033 4532 Mox
1092 4478 1149 4531 in
1201 4477 1315 4533 alia
1343 4479 1589 4549 epistola
1615 4482 1683 4551 (Γ)
1714 4480 1963 4535 Eusebio
1986 4480 2069 4536 si-

2074 1850 2122 1915 B

2142 560 2393 615 dandam
2417 558 2629 615 Basilio
2662 559 3123 615 benevolentiam
3156 559 3533 630 propendere,
3566 559 3685 614 imo
3721 560 3793 615 ad

2143 648 2518 705 scribendum
2555 651 2617 703 ut
2645 664 2778 704 eum
2814 647 3091 721 placaret,
3115 647 3269 703 haud
3305 646 3502 703 dubiis
3532 647 3795 704 testimo-

2145 738 2260 792 niis
2291 737 2691 805 intellexisset,
2724 738 2782 792 id
2822 737 3008 793 amico
3041 735 3389 809 quantocius
3422 737 3797 809 significavit,

2145 830 2317 897 atque
2348 842 2482 880 eum
2510 826 2779 881 hortatus
2836 830 2924 881 est
2955 826 3288 898 Gregorius,
3340 829 3403 880 ut
3452 826 3797 898 episcopum

2146 920 2473 985 occuparet,
2508 920 2605 970 aut
2638 916 2994 970 adveniendo
3020 920 3116 969 aut
3150 916 3479 980 scribendo,
3504 915 3801 986 simulque

2147 1004 2376 1060 itineris
2407 1020 2469 1059 se
2498 1004 2767 1059 comitem
2801 1004 3061 1058 futurum
3098 1003 3420 1075 pollicetur.
3454 1004 3672 1059 Annuit
3699 1004 3801 1059 Ba-

2148 1093 2337 1159 silius,
2371 1096 2427 1148 et
2456 1093 2756 1147 confestim
2789 1109 2921 1148 eum
2945 1092 3258 1165 Gregorius
3288 1094 3364 1166 (g)
3385 1111 3415 1148 e
3445 1094 3676 1149 Pontica
3706 1110 3798 1149 so-

2147 1181 2397 1237 litudine
2419 1182 2477 1237 in
2505 1198 2739 1236 arenam
2764 1181 3100 1236 certaminis
3115 1181 3325 1237 educit.
3358 1183 3501 1237 Tam
3531 1182 3800 1254 prudenti

2151 1270 2412 1338 consilio,
2450 1272 2518 1325 de
2553 1269 2781 1341 Basilio,
2814 1271 2883 1325 de
2914 1269 3181 1339 Eusebio,
3216 1270 3285 1327 de
3332 1270 3590 1326 Ecclesia
3616 1273 3803 1325 Caesa-

2154 1359 2327 1415 riensi
2352 1359 2570 1430 optime
2588 1358 3287 1430 meritusestGregorius;
3321 1357 3614 1413 exstinctae
3638 1374 3805 1412 nam-

2152 1465 2265 1521 que
2286 1451 2425 1503 sunt
2455 1447 3150 1513 simultates,instaurata
3163 1448 3491 1517 concordia,
3517 1446 3809 1519 proﬂigati

2152 1536 2376 1607 Ariani,
2408 1536 2507 1608 qui
2540 1553 2674 1591 cum
2707 1536 2849 1591 alias
2873 1538 2997 1607 jam
3032 1535 3315 1591 Ecclesias
3347 1535 3645 1602 vicissent,
3662 1534 3810 1591 alias

2152 1626 2598 1698 oppugnabant,
2631 1624 2775 1681 alias
2805 1624 3060 1680 victuros
3105 1641 3167 1680 se
3187 1625 3501 1697 sperabant
3527 1650 3540 1693 ;
3565 1640 3667 1679 nec
3686 1623 3811 1679 ulla

2152 1732 2214 1771 re
2248 1715 2433 1788 magis
2470 1716 2541 1770 ad
2584 1731 2746 1786 spem
2779 1715 3099 1770 evertenda:
3148 1713 3438 1778 Caesareas,
3473 1714 3563 1768 cui
3591 1712 3807 1769 Valens

2152 1804 2472 1877 imperator
2499 1804 2729 1877 agmine
2745 1803 3093 1859 Arianorum
3120 1802 3524 1875 episcoporum
3550 1802 3807 1874 stipatus

2153 1896 2499 1952 imminebat
2559 1912 2708 1951 anno
2747 1895 2872 1965 365,
2933 1894 3327 1967 erigebantur,
3380 1910 3555 1965 quam
3606 1891 3805 1948 Basilii

2155 1984 2419 2041 absentia
2449 1989 2506 2040 et
2528 1984 2694 2040 ducis
2744 1982 3055 2055 imperitia.
3106 1984 3413 2055 Reportata
3450 1998 3519 2037 ex
3576 1981 3811 2037 Valente

2154 2074 2500 2145 Arianisque
2530 2072 3090 2146 episcopisvictoria,
3110 2073 3280 2143 cujus
3314 2089 3446 2144 pars
3465 2087 3676 2143 magna
3700 2070 3812 2124 fuit

2155 2163 2281 2236 ipse
2313 2164 2645 2235 Gregorius,
2678 2162 2957 2218 Basilium
2991 2179 3124 2217 cum
3182 2162 3432 2217 Eusebio
3480 2165 3597 2215 tam
3648 2163 3808 2214 arcte

2158 2252 2480 2323 conjunxit,
2514 2254 2578 2305 ut
2608 2267 2713 2306 nec
2744 2250 3015 2322 episcopo
3070 2247 3379 2303 molestum
3432 2250 3585 2303 esset
3614 2246 3685 2301 ab
3718 2262 3808 2313 eo,

2159 2358 2333 2413 quem
2358 2340 2642 2413 dignitate
2674 2339 3005 2411 superabat,
3038 2337 3283 2393 scientia
3310 2340 3369 2392 et
3398 2335 3730 2406 eloquentia
3754 2338 3811 2390 et

2160 2429 2403 2486 consilio
2435 2433 2491 2484 et
2520 2429 2732 2483 virtuts
2763 2427 3023 2499 superari
3060 2443 3073 2495 ;
3116 2442 3221 2481 nec
3253 2424 3504 2481 Basilius
3536 2424 3662 2479 ideo
3684 2422 3807 2493 epi-

2161 2535 2403 2591 scopum
2438 2519 2631 2573 minus
2663 2516 2874 2572 coleret
2914 2521 2970 2571 et
3021 2516 3374 2580 observaret,
3425 2514 3577 2585 quod
3620 2528 3685 2567 eo
3727 2516 3811 2566 tot

2161 2613 2316 2662 esset
2329 2607 2595 2679 partibus
2620 2606 2959 2678 superiorac
2974 2602 3356 2675 praestantior.
3380 2600 3810 2667 Tillemontius,

2162 2696 2557 2761 Ilermantius,
2582 2694 2813 2766 Pagius,
2830 2692 3126 2755 Baronius,
3148 2687 3645 2755 Bollandistze,alii
3677 2687 3811 2742 aliis

2161 2786 2333 2841 annis
2363 2784 2483 2840 hinc
2512 2783 2828 2855 contigisse
2858 2781 3355 2837 arbitrantur.Nos
3385 2795 3517 2834 vero
3549 2794 3681 2832 cum
3710 2793 3813 2831 no-

2160 2875 2403 2930 vissimo
2439 2872 2633 2928 Basilii
2665 2870 3045 2942 epistolarum
3077 2868 3315 2935 editore,
3348 2866 3627 2923 Basilium
3660 2882 3813 2921 anno

2160 2964 2287 3033 364,
2338 2961 2422 3017 vel
2452 2962 2688 3016 ineunte
2735 2960 2860 3026 365,
2894 2957 3226 3027 secessisse,
3284 2960 3341 3011 et
3397 2956 3598 3011 eodem
3660 2970 3814 3009 anno

2164 3050 2422 3124 Gregorii
2454 3065 2687 3123 operam
2722 3052 2776 3103 et
2807 3046 3050 3103 consilio
3080 3047 3398 3102 Caesaream
3452 3043 3717 3109 rediisse,
3751 3059 3817 3098 ac

2166 3142 2236 3197 de
2257 3140 2497 3196 Valente
2527 3140 2857 3210 Arianoque
2887 3136 3119 3209 agmine
3159 3133 3459 3193 victoriam
3490 3136 3820 3204 reportasse

2166 3229 2572 3285 existimanus.

2166 3318 2429 3374 LXXXV.
2466 3319 2616 3372 ditas
2642 3320 2694 3372 et
2733 3314 2911 3369 morbi
2937 3316 3233 3439 parenfum
3281 3312 3462 3367 abesse
3492 3310 3819 3380 Gregorium

2805 3402 2911 3439 non
2940 3402 3104 3439 smun
3138 3427 3149 3439 .

2805 3402 2911 3441 non
2940 3402 3149 3440 sinum.

2237 3480 2361 3536 Non
2393 3478 2671 3533 diuturna
2699 3474 2807 3530 fuit
2837 3475 2958 3529 haec
2986 3478 3277 3545 postrema
3296 3470 3555 3544 Gregorii
3587 3471 3645 3525 in
3667 3475 3819 3525 Pon-

2166 3568 2283 3625 tica
2314 3566 2628 3623 solitudine
2658 3563 3064 3632 commoratio,
3104 3563 3275 3634 cujus
3306 3560 3620 3633 nequidem
3653 3574 3821 3615 men-

2168 3660 2388 3714 tionem
2422 3656 2556 3712 facit
2588 3656 2647 3709 in
2669 3655 2927 3709 carmine
2970 3654 3045 3707 De
3099 3654 3215 3707 vita
3266 3668 3388 3709 sua.
3438 3650 3635 3720 Neque
3662 3648 3819 3704 enim

2170 3753 2287 3805 tam
2314 3744 2640 3802 necessario
2672 3743 2774 3798 lilii
2807 3741 3020 3797 auxilio
3054 3746 3319 3813 provecta
3350 3744 3657 3811 parentum
3681 3743 3822 3794 tetas

2170 3836 2344 3909 longo
2366 3840 2627 3906 tempore
2657 3831 2895 3887 destitui
2930 3830 3281 3903 patiebatur,
3312 3834 3486 3900 atque
3511 3828 3682 3884 etiam
3708 3829 3819 3884 fre-

2172 3930 2418 4001 quentes
2462 3922 2667 3988 morbi,
2712 3921 2927 3992 quibus
2975 3935 3175 3974 eorum
3221 3922 3491 3974 senectus
3541 3919 3819 3989 patebat;

2174 4014 2391 4087 quique
2418 4010 2757 4084 Gregorium
2804 4010 2975 4065 domo
3006 4008 3159 4064 exire
3218 4024 3331 4062 non
3385 4006 3656 4061 sinebant
3688 4024 3703 4074 ;
3734 4004 3819 4061 vel

2175 4120 2331 4173 eum,
2356 4103 2404 4157 si
2436 4100 2670 4173 quando
2702 4099 2925 4169 aberat,
2957 4096 3327 4153 revocabant.
3370 4095 3465 4151 Sic
3497 4095 3710 4151 Basilio
3737 4096 3826 4150 in-

2176 4192 2353 4249 stanti
2379 4196 2445 4245 ut
2472 4190 2531 4244 in
2582 4188 2962 4244 solitudinem
3016 4203 3078 4242 se
3135 4186 3443 4250 conferret,
3476 4189 3715 4240 excusat
3742 4201 3826 4248 se,

2177 4280 2451 4337 morbum
2466 4278 2670 4333 matris
2683 4272 3827 4345 ati‘erens.«Assidemusenim,inquit(h),

2178 4369 2429 4426 dominae
2458 4366 2653 4434 matri,
2706 4365 2867 4437 gravi
2896 4364 3246 4436 jampridem
3282 4363 3484 4419 morbo
3518 4362 3825 4418 laboranti.

2180 4462 2363 4526 Quam
2395 4458 2443 4514 si
2468 4474 2583 4512 non
2606 4455 2783 4511 dubio
2814 4458 2870 4510 et
2898 4453 3137 4525 ancipiti
3155 4457 3311 4508 statu
3328 4452 3829 4520 relicturisumus,

426 4564 726 4635 gnificavit
746 4564 1081 4637 Gregorius,
1114 4583 1175 4622 se
1207 4566 1430 4623 nullam
1464 4568 1660 4623 animo
1692 4569 2055 4625 oti‘ensioneu

2181 4552 2283 4604 tua
2302 4546 2609 4618 praesentia
2622 4544 2950 4600 mihicrede
2963 4542 3417 4614 haudquaquam
3442 4541 3789 4597 carebimus.
3802 4564 3829 4589 ››

426 4653 787 4723 suscepisse;
813 4655 911 4709 sed
936 4654 1166 4711 etiamsi
1212 4657 1588 4728 suscepisset,
1621 4656 1869 4713 libenter
1896 4658 2071 4729 depo-

428 4742 681 4797 siturum
715 4760 849 4798 cum
876 4744 1067 4799 videat
1099 4745 1247 4801 feras
1305 4744 1363 4800 in
1413 4744 1730 4802 Ecclesiam
1764 4747 2075 4814 irruentes,

427 4835 486 4885 et
517 4846 796 4901 generose
826 4832 1191 4889 resistentem
1228 4833 1540 4889 Eusebium
1574 4855 1589 4903 ς
1624 4834 1717 4890 cui
1769 4852 1830 4891 se
1870 4842 2075 4891 ventu-

430 4936 583 4987 rum,
616 4924 664 4978 si
700 4922 780 4978 ita
808 4922 934 4995 ipse
951 4923 1236 4990 videatur,
1270 4924 1579 4995 promittit,
1612 4928 1675 4979 ut
1704 4940 1839 4980 cum
1870 4940 1935 4981 eo
1974 4925 2076 4980 ad-

426 5025 629 5066 versus
661 5012 958 5070 haereticos
990 5019 1227 5086 pugnet.

430 5101 715 5157 LXXXIV.
747 5104 896 5159 Inter
934 5106 1228 5160 Eusebium
1259 5112 1309 5160 et
1356 5105 1624 5159 Basiliam
1648 5120 1838 5177 pacem
1865 5118 2078 5175 compo-

1032 5179 1118 5232 nit
1152 5178 1467 5248 Gregorius.

506 5264 627 5318 Non
652 5264 939 5335 ingratam
976 5266 1093 5320 fore
1122 5282 1360 5337 cperam
1395 5280 1561 5319 suam
1595 5263 1839 5320 Eusebio
1867 5262 2081 5318 certior

433 5352 625 5407 factus
649 5353 984 5425 Gregorius,
1018 5354 1088 5409 ad
1104 5370 1238 5411 eum
1258 5354 1414 5410 illico
1435 5370 1496 5411 se
1509 5351 1756 5409 contulit
1789 5371 1802 5422 ;
1827 5368 2080 5424 cumque

529 5465 582 5536 α)
608 5463 746 5536 {ita
773 5460 1062 5536 Basil.,_c.
1094 5462 1150 5529 9,
1185 5478 1242 5516 n.
1276 5461 1367 5518 lt.

533 5532 585 5598 ὁ)
616 5533 800 5605 Epist.
836 5532 911 5588 al.
948 5533 1035 5589 Η.

526 5605 573 5673 c)
604 5604 741 5677 cap.
778 5606 827 5675 4,
862 5622 917 5677 n.
948 5606 997 5660 1.

529 5676 587 5749 ά)
618 5676 799 5750 Epist.
832 5676 906 5733 al.
937 5677 1025 5732 20.

2182 4637 2425 4693 Gravem
2458 4652 2690 4708 quoque
2722 4634 2905 4705 patris
2935 4630 3281 4687 morbumin
3314 4631 3574 4685 oratione
3604 4630 3833 4685 decima

2182 4732 2405 4795 octava,
2439 4741 2554 4795 qua
2598 4723 2801 4778 laudes
2853 4722 2982 4793 ejus
3022 4719 3415 4793 prosequitur,
3449 4723 3680 4787 narrat;
3716 4735 3831 4790 quo

2185 4814 2470 4888 singulari
2509 4812 2612 4869 Dei
2670 4810 2944 4868 beneficio
2976 4812 3211 4881 repente
3241 4808 3521 4864 liberatus
3551 4813 3657 4875 est,
3687 4809 3831 4863 adeo

2186 4909 2384 4975 utquo
2415 4903 2508 4959 die
2533 4902 2855 4958 moriturus
2884 4898 3220 4970 putabatur,
3272 4913 3629 4969 consurgens
3661 4914 3831 4968 syna-

2189 4992 2308 5049 xim
2342 5009 2479 5047 cum
2511 4989 2725 5063 populo
2773 4986 3167 5043 celebraverit.
3201 4986 3261 5039 In
3319 4985 3521 5039 eadem
3554 4985 3834 5052 oratione,

2187 5087 2431 5138 matrem
2473 5080 2627 5151 gravi
2688 5077 2889 5132 morbo
2956 5075 3339 5139 laborantem,
3388 5074 3681 5145 insperato
3732 5089 3838 5129 nec

2188 5170 2401 5226 minori
2432 5166 2738 5232 miraculo,
2797 5169 2861 5219 ut
2901 5164 3195 5235 quoddam
3227 5162 3419 5217 visum
3451 5162 3501 5217 ei
3557 5162 3839 5217 divinitus

2191 5266 2495 5316 ostensum
2512 5257 2731 5318 docuit,
2748 5254 2902 5311 abea
2926 5252 3270 5325 aegritudine
3299 5268 3417 5323 qua
3444 5251 3839 5321 detinebatur,

2188 5350 2365 5405 refert
2395 5346 2781 5403 convaluisse.

2258 5458 2334 5527 (ε)
2357 5456 2458 5527 Ep.
2494 5454 2568 5527 al.
2603 5453 2729 5510 469.

2259 5525 2325 5598 (ῃ
2355 5525 2440 5580 Al.
2479 5525 2598 5598 no.

2260 5598 2343 5743 iiii
2589 5596 2750 5724 1:19.].
