4152 6208
259 354 358 416 189
1566 355 1755 417 VITA
1799 356 1863 417 S.
1913 356 2306 419 GBEGORII.

3519 351 3636 413 190

254 485 512 565 LXXXVI.
550 489 823 559 Ingentem
867 488 1121 565 Gregorio
1160 490 1401 565 dolorem
1439 492 1586 563 parit
1641 491 1876 548 Caesarii
1906 492 1951 560 A
1986 509 2162 565 opera
2183 490 2459 548 Basilium
2498 491 2756 548 Caesarea
2795 490 3129 563 episcopum
3164 487 3410 545 electum
3451 488 3636 544 fuisse

309 562 495 629 fratris
532 576 714 627 more;
752 569 801 615 et
825 566 945 632 post
975 564 1093 634 ejus
1122 564 1335 617 obitum
1366 562 1764 619 molestissimis
1794 568 1875 619 est

314 634 529 687 obrutus
557 634 807 702 negotiis.

310 755 360 809 Si
390 754 734 809 Parentibus
765 755 926 811 senio
971 756 1266 828 confectis,
1299 761 1467 828 atque
1517 756 1770 827 graviter
1793 756 1879 811 in~

256 843 461 897 tardum
494 843 935 914 aegrotantibus,
952 860 1150 899 curam
1175 844 1746 917 sollicitudinemque
1768 846 1875 901 fre-

253 935 474 1001 quenter
524 932 860 1002 impendere
903 937 1137 988 coactus
1180 940 1268 989 est
1317 934 1658 1007 Gregorius;
1710 933 1879 1006 longe

250 1021 516 1092 graviores
547 1036 737 1086 curas,
769 1038 871 1076 seu
919 1021 1217 1077 molestias
1251 1022 1361 1095 ipsi
1394 1022 1623 1078 Caesarii
1659 1022 1875 1093 fratris,

249 1109 635 1163 thesaurorum
679 1110 972 1182 praepositi
1017 1111 1073 1165 in
1124 1111 1416 1183 Bithynia,
1448 1128 1605 1166 mors
1658 1111 1875 1167 attulit.

250 1196 370 1250 Cum
390 1196 597 1265 Nicaea,
617 1201 781 1253 terrae
808 1202 966 1253 motu
993 1198 1161 1271 longe
1185 1208 1309 1271 post
1333 1200 1636 1256 hominum
1661 1217 1879 1255 memo-

252 1286 373 1340 riam
400 1286 675 1351 maximo,
709 1289 831 1342 tota
864 1304 1006 1359 pene
1037 1290 1316 1344 subversa
1341 1293 1429 1344 est
1455 1289 1547 1344 die
1568 1290 1878 1344 undecima

249 1373 491 1428 Octobris
524 1375 660 1429 anni
695 1376 822 1442 368,
873 1375 1035 1431 solus
1084 1393 1152 1432 ex
1180 1378 1318 1433 viris
1368 1378 1719 1450 insignibus,
1777 1383 1879 1433 aut

249 1467 379 1517 certe
409 1480 540 1518 cum
576 1464 894 1520 admodum
919 1466 1141 1536 paucis,
1168 1466 1420 1521 mirabili
1443 1467 1654 1522 divina:
1686 1467 1875 1539 provi-

249 1551 431 1605 dentiae
446 1553 729 1608 beneficio
741 1554 1027 1609 Caesarius
1044 1553 1355 1609 incolumis
1381 1560 1659 1610 evaserat.
1676 1559 1747 1611 At
1762 1572 1877 1611 non

249 1638 330 1694 diu
345 1640 513 1696 vitam
541 1642 836 1713 produxit,
854 1643 1067 1714 quippe
1088 1646 1354 1698 mortuus
1377 1645 1576 1700 eodem
1601 1660 1752 1699 anno
1774 1645 1876 1699 de-

250 1727 470 1797 sinente,
504 1729 593 1784 vel
642 1729 955 1801 incipiente
999 1731 1283 1803 proximo,
1338 1748 1439 1787 seu
1487 1733 1559 1787 25
1613 1732 1877 1788 Januarii

250 1817 355 1885 369,
388 1822 447 1871 ut
486 1817 693 1873 volunt
740 1819 1131 1874 Bollandistre.
1164 1820 1395 1875 Cazsarii
1433 1822 1615 1891 obitu,
1659 1823 1877 1893 Grego—

250 1905 372 1972 rius,
403 1906 494 1961 cui
525 1907 606 1962 rei
641 1908 948 1963 familiaris
974 1909 1527 1981 curaincumbebat,
1548 1910 1751 1964 invisis
1779 1925 1877 1965 ne-

252 1995 400 2065 gotiis
428 1997 677 2050 obrutus
701 1997 828 2051 fuit.
871 1996 1012 2050 Cum
1033 1996 1191 2051 enim
1218 2014 1458 2052 munere
1484 1997 1717 2069 publico
1752 1999 1879 2053 fun-

252 2088 455 2153 geretur
474 2084 789 2154 Caasarius,
822 2102 938 2155 quo
960 2089 1223 2156 tempore
1238 2091 1504 2141 mortuus
1525 2092 1633 2152 est,
1655 2104 1879 2159 suaque

253 2172 424 2225 omnia
453 2172 817 2242 pauperibus
854 2174 1142 2244 eroganda
1161 2174 1510 2245 reliquisset,
1535 2191 1669 2230 mox
1686 2180 1751 2229 ut
1780 2191 1877 2230 ex-

253 2262 476 2314 tremum
498 2260 754 2316 halitum
770 2262 1007 2331 elﬂavit,
1036 2286 1056 2312 ι
1082 2262 1402 2332 (a)Hostes,
1425 2284 1444 2312 ι
1469 2278 1679 2333 nempe
1695 2264 1880 2319 curia-

253 2347 814 2421 lesiliiharpagones,
843 2374 863 2399 ι
894 2351 1178 2423 impetum
1213 2352 1491 2417 fecerunt,
1522 2353 1763 2422 ejusque
1793 2353 1877 2407 fa-

253 2436 469 2492 cultates
513 2437 816 2493 liberrime
873 2443 931 2494 et
978 2438 1442 2494 insolentissime
1485 2439 1878 2511 diripuerunt.

253 2524 368 2579 Erat
394 2525 801 2582 thesaurorum
826 2532 1043 2598 custos,
1080 2550 1108 2576 ››
1132 2528 1213 2581 ait
1235 2528 1549 2600 Gregorius
1568 2529 1666 2599 (b);
1700 2551 1728 2579 «
1760 2544 1879 2583 me-

253 2613 331 2667 dio
357 2619 541 2670 autem
573 2616 636 2669 in
672 2631 916 2671 munere
934 2615 1539 2688 moritur,canumque
1564 2616 1879 2672 multitudo

254 2703 417 2757 assilit
444 2704 500 2758 in
530 2704 799 2759 defuncti
816 2705 1142 2776 pecuniam;
1166 2706 1521 2777 etquidquid
1543 2706 1880 2778 reliquerat,

253 2792 420 2847 omnia
446 2792 772 2848 dilacerant
788 2794 1014 2857 famuli,
1039 2794 1324 2864 extranei,
1346 2794 1536 2849 amici.
1565 2794 1702 2857 Quis
1724 2795 1881 2851 enim

256 2880 541 2949 collapsam
574 2898 696 2937 non
729 2883 1024 2953 praedatur
1068 2887 1436 2954 quercum?»
1460 2882 1728 2951 Basilius,
1779 2884 1881 2955 qui

257 2984 330 3022 res
356 2969 607 3042 Gregorii
633 2987 777 3025 suas
798 2987 929 3025 esse
966 2971 1238 3036 ducebat,
1262 2972 1525 3027 scribens
1555 2971 1881 3043 Sophronio

254 3058 765 3131 Constantinopolis
813 3060 1077 3131 praifecto
1109 3060 1201 3132 (ε),
1250 3064 1448 3115 narrat
1490 3061 1706 3115 mortui
1751 3078 1880 3132 pre-

256 3144 547 3201 tiosissima
577 3163 828 3219 quisque
858 3164 1053 3203 servos
1085 3148 1349 3220 aliosque
1388 3148 1659 3204 homines
1698 3148 1881 3204 servis

1985 586 2232 637 constat.
2258 582 2437 637 Nemo
2471 581 2705 652 quidem
2738 583 2899 634 tanta
2921 580 3057 634 sede
3106 578 3339 650 dignior
3367 580 3491 631 erat
3520 576 3636 631 Bu-

1984 669 2138 734 silio,
2170 672 2339 741 cujus
2358 669 2834 725 administrandae
2861 670 2978 737 jam
3011 667 3297 739 plurimas
3328 670 3522 737 partes
3561 665 3634 719 ab

1991 759 2243 814 Eusebio
2275 758 2385 813 sibi
2421 757 2765 813 commissas
2782 756 3157 813 sustinuerat.
3192 757 3418 819 Quanta
3446 752 3636 825 ipsius

1986 846 2191 918 pietas,
2225 862 2402 917 quam
2443 845 2657 900 eximia
2704 844 2990 908 doctrina,
3024 847 3243 914 quanta
3273 843 3505 897 demum
3541 855 3633 895 es-

1987 939 2117 990 sent
2146 935 2353 989 merita
2382 934 2440 988 in
2490 934 2806 989 Ecclesiam
2857 932 3287 1002 Caesariensem,
3337 929 3631 984 neminem

1986 1022 2224 1079 latebat.
2258 1022 2670 1078 Verumtamen
2717 1020 3278 1095 plurimaobstitere,
3304 1018 3503 1090 quarni
3527 1035 3635 1073 sua

1987 1112 2299 1183 Gregorius
2351 1111 2661 1182 prudentia
2719 1111 3079 1176 removisset,
3124 1110 3182 1163 in
3238 1108 3472 1162 irritum
3538 1121 3633 1161 res

1986 1201 2277 1256 cessisset.
2311 1200 2561 1255 Basilius
2584 1200 2730 1271 ipse,
2757 1216 2889 1255 cum
2932 1198 3263 1268 mediajam
3300 1201 3485 1251 morte
3514 1197 3637 1251 Eu~

1986 1289 2184 1343 sebius
2216 1293 2529 1356 teneretur,
2557 1305 2626 1343 ne
2663 1287 2995 1358 suspicatus
3025 1286 3257 1357 quidem
3289 1286 3347 1340 in
3379 1300 3440 1339 se
3492 1301 3630 1339 ocu—

1986 1376 2072 1432 los
2106 1380 2433 1447 conjectum
2468 1376 2559 1441 iri,
2595 1376 2849 1431 amicum
2874 1392 3045 1430 suum
3070 1375 3411 1445 Gregorium
3444 1389 3634 1428 accer-

1984 1465 2138 1534 sivit,
2181 1465 2274 1520 his
2304 1465 2495 1520 verbis
2536 1466 2819 1534 scribens,
2865 1482 2931 1520 ac
2972 1463 3150 1519 veluti
3182 1463 3306 1535 ipse
3347 1466 3638 1519 extremos

1987 1554 2234 1625 spiritus
2257 1556 2472 1626 ageret,
2505 1557 2680 1625 atque
2698 1568 3037 1625 supremum
3061 1551 3187 1608 vale
3210 1551 3464 1607 moriens
3487 1551 3629 1605 ami-

1986 1659 2052 1698 co
2085 1643 2274 1697 dicere
2304 1646 2557 1715 cuperet.
2596 1641 2932 1714 Gregorius,
2956 1640 3206 1713 acceptis
3241 1640 3471 1706 litteris,
3519 1639 3633 1695 vim

1986 1732 2378 1803 lacrymarum
2431 1730 2710 1803 profudit,
2754 1730 3059 1803 ingemuit,
3094 1735 3150 1785 et
3188 1730 3257 1785 ad
3309 1730 3418 1785 iter
3447 1746 3509 1783 se
3540 1747 3633 1785 ac-

1988 1820 2186 1875 cinxit.
2220 1820 2433 1875 Verum
2464 1836 2598 1876 cum
2632 1823 2831 1892 postea
2860 1819 3164 1892 episcopos
3194 1820 3265 1873 ad
3300 1820 3503 1874 urbem
3537 1835 3630 1874 ac-

1987 1926 2187 1965 curere
2217 1910 2519 1980 sensisset,
2568 1908 2764 1964 Basilii
2798 1908 3108 1964 consilium
3166 1908 3473 1974 intellexit,
3530 1925 3635 1963 na-

1985 1998 2122 2070 vigii
2174 2015 2403 2069 proram
2456 1998 2757 2067 convertit,
2806 2014 2873 2053 ac
2930 1997 3215 2070 proficisci
3274 1997 3634 2053 detrectavit.

1988 2087 2135 2141 Tum
2172 2087 2323 2141 datis
2356 2087 2426 2141 ad
2459 2086 2741 2141 Basilium
2795 2086 3026 2150 litteris,
3060 2103 3235 2158 quam
3284 2086 3519 2141 incaute
3569 2102 3634 2141 se

1989 2180 2215 2245 gereret
2245 2174 2422 2230 libere
2455 2176 2824 2246 significavit.
2850 2198 2869 2223 ι
2896 2174 3124 2229 Videris
3154 2180 3213 2229 tu
3248 2174 3485 2245 quidem
3520 2173 3633 2227 mi-

1988 2262 2071 2331 hi,
2103 2263 2292 2332 inquit
2321 2263 2419 2333 (ιι),
2461 2262 2566 2317 viri
2596 2263 2917 2318 constantis
2949 2267 3005 2316 et
3033 2261 3203 2317 solidi
3238 2266 3412 2333 atque
3451 2261 3632 2316 animi

1989 2351 2263 2406 firmitate
2322 2351 2546 2423 praediti
2594 2351 3083 2411 existimationem
3132 2351 3344 2406 habere
3391 2367 3405 2405 :
3450 2349 3635 2405 multa

1986 2443 2181 2494 tamen
2215 2439 2556 2510 simpliciter
2585 2440 2773 2511 magis
2799 2456 2974 2511 quam
2995 2444 3160 2495 caute
3185 2444 3243 2495 et
3263 2439 3634 2495 circumscri-

1989 2532 2085 2598 pte
2114 2527 2443 2583 consultare
2492 2532 2666 2600 atque
2706 2528 2963 2600 exsequi.
3010 2532 3157 2584 Nam
3200 2528 3298 2601 qui
3340 2545 3372 2582 a
3400 2528 3538 2584 vitio
3569 2527 3635 2583 li-

1990 2615 2093 2670 ber
2122 2620 2230 2682 est,
2262 2615 2312 2671 is
2343 2632 2575 2687 quoque
2605 2617 2674 2671 ad
2710 2616 3147 2688 suspiciendum
3173 2616 3379 2672 vitium
3401 2617 3637 2689 segnior

1990 2719 2118 2759 esse
2146 2705 2465 2760 consuevit.
2494 2704 2837 2776 Cujusmodi
2885 2704 3167 2777 quiddam
3198 2722 3353 2761 nunc
3401 2721 3637 2777 quoque

1991 2792 2252 2864 contigit.
2284 2792 2369 2847 Ad
2401 2793 2907 2865 metropolitanam
2960 2794 3163 2850 urbem
3198 2811 3302 2850 nos
3355 2794 3635 2865 accivisti,

1990 2896 2125 2935 cum
2158 2881 2228 2935 de
2256 2881 2533 2953 episcopo
2563 2884 2812 2938 creando
2841 2883 3193 2938 consultatio
3227 2884 3525 2955 proposita
3552 2900 3640 2939 es-

1990 2973 2096 3025 set.
2143 2992 2163 3018 ι
2199 2970 2420 3034 Quibus
2465 2971 2804 3043 praemissis,
2856 2972 2939 3026 sic
2983 2972 3355 3043 prosequitur
3394 2989 3638 3043 carpens

1990 3058 2141 3127 quod
2173 3057 2404 3113 incaute
2431 3076 2464 3114 a
2494 3059 2705 3114 Basilio
2728 3064 2922 3114 actum
2950 3060 3327 3115 videbaturm
3359 3060 3636 3116 Demirari

1992 3146 2157 3218 ccepi,
2206 3147 2458 3219 primum
2491 3148 2540 3203 si
2572 3148 2711 3219 quid
2743 3149 2970 3204 deceret
2999 3154 3173 3221 atque
3204 3149 3514 3205 honestum
3548 3164 3637 3205 es-

256 3250 349 3288 non
378 3235 641 3291 meliores
687 3236 1023 3308 diripuisse,
1061 3242 1119 3292 et
1147 3237 1505 3309 paucissima
1535 3238 1879 3308 parentibus
1910 3225 1953 3293 C
1992 3240 2080 3290 set
2110 3252 2224 3291 non
2259 3237 2673 3308 perspiciebas,
2710 3254 2811 3293 nec
2840 3239 3240 3309 improborum
3293 3238 3509 3310 linguis
3539 3253 3637 3293 oc-

256 3328 528 3388 reservata,
545 3341 679 3396 qum
694 3324 893 3379 statim
917 3326 1272 3397 pauperibus
1293 3330 1526 3397 erogata
1547 3327 1785 3381 fuerunt
1814 3343 1883 3382 ex

256 3412 434 3465 mortui
466 3413 787 3479 voluntate,
814 3414 911 3485 qui
941 3414 1197 3469 moriens
1232 3415 1459 3470 dixerat
1485 3431 1497 3471 :
1528 3436 1556 3468 ι
1585 3416 1709 3471 Mea
1750 3432 1881 3472 om-

254 3496 333 3552 nia
356 3499 471 3556 volo
500 3518 632 3556 esse
651 3518 1000 3573 pauperum.
1033 3524 1061 3552 ››
1094 3503 1273 3558 Addit
1304 3503 1882 3575 Basilius,plurimos

255 3587 507 3654 prodiisse
540 3590 981 3647 commentitios
1014 3590 1349 3659 creditores,
1383 3593 1483 3663 qui
1510 3593 1824 3648 Caesarium
1846 3610 1880 3648 a

254 3688 303 3727 se
329 3678 615 3745 pecuniam
650 3678 946 3751 accepisse
966 3679 1243 3747 dicerent;
1268 3680 1483 3752 quibus
1504 3686 1877 3737 numeratum

255 3764 411 3819 fuerat
440 3767 727 3839 quidquid
763 3768 1057 3837 petebant,
1084 3768 1239 3824 unde
1260 3768 1577 3826 nonnullos
1598 3771 1881 3841 paenitue-

268 3856 340 3906 rat
389 3856 533 3925 quod
583 3855 725 3928 plus
755 3872 871 3912 non
918 3857 1229 3928 petiissent
1260 3874 1273 3914 :
1307 3863 1367 3913 at
1399 3863 1695 3914 crescente
1723 3860 1879 3930 ejus-

260 3941 883 4018 modisycophantarum
907 3961 1172 4014 numero,
1195 3961 1405 4019 negare
1428 3947 1585 4018 quod
1601 3947 1880 4019 petebant

260 4043 458 4087 necesse
508 4032 736 4097 fuisse;
784 4034 1079 4105 repulsam
1130 4052 1335 4107 passos
1392 4035 1524 4092 lites
1583 4036 1876 4105 intulisse,

264 4131 316 4170 ac
355 4119 685 4194 Gregorium
737 4122 797 4177 in
855 4123 1142 4178 maximas
1186 4141 1479 4180 aerumnas
1525 4126 1878 4195 conjectum,

270 4221 296 4258 ι
317 4208 509 4277 quibus
542 4215 607 4265 ut
637 4210 953 4279 eximatur,
988 4212 1383 4283 Sophronium
1406 4218 1573 4286 rogat
1604 4213 1877 4271 Basilius.

259 4291 321 4347 De
359 4295 571 4354 Caesarii
634 4300 872 4371 pietate,
906 4302 1080 4356 rebus
1119 4302 1320 4372 gestis,
1355 4303 1701 4371 eruditione,
1737 4307 1872 4374 etc.,

262 4380 457 4440 dicendi
489 4388 685 4443 forsan
718 4389 809 4443 hic
840 4388 1004 4445 locus
1051 4396 1242 4457 esset;
1295 4392 1395 4445 sed
1458 4392 1528 4446 de
1579 4391 1669 4446 his
1728 4392 1878 4447 satis

260 4468 532 4544 Gregorius
561 4478 623 4532 in
645 4478 907 4533 oratione
938 4494 1117 4551 quam
1140 4480 1210 4535 de
1231 4495 1297 4535 eo
1329 4479 1537 4535 habuit
1558 4497 1752 4535 coram
1783 4497 1880 4552 pa-

266 4562 513 4661 rentibus.
535 4565 697 4621 Hanc
728 4564 882 4638 legat
912 4566 1116 4633 lector,
1154 4567 1203 4622 si
1222 4566 1378 4623 velit.
1402 4569 1877 4642 Gorgoniaasoro-
1912 4597 1955 4661 Β

262 4647 355 4710 ris,
405 4651 697 4724 aliquanto
756 4659 890 4726 post
934 4656 1244 4712 Cesarium
1308 4673 1338 4712 e
1383 4658 1526 4713 vivis
1592 4658 1876 4725 sublatae,

266 4742 749 4803 praestantissimae
769 4743 1015 4800 virtutes
1064 4746 1324 4801 oratione
1350 4746 1577 4803 funebri
1609 4746 1880 4803 similiter

265 4828 475 4883 ornavit.

262 4982 534 5061 LXZ'OKVII.
570 4991 859 5061 Gregorius
888 4994 1161 5049 Basiliam
1186 4997 1374 5051 minus
1419 5004 1575 5052 caute
1622 4998 1878 5054 electioni

322 5057 652 5118 Caesariensis
675 5057 923 5136 episcopi
945 5067 1321 5137 providentem
1357 5070 1733 5139 reprehendit.

322 5200 467 5257 Anno
491 5204 615 5275 370,
647 5205 956 5278 Gregorius
991 5207 1349 5279 singularem
1407 5209 1467 5264 in
1519 5225 1579 5265 re
1639 5210 1877 5266 maximi

265 5292 503 5346 momenti
536 5293 905 5364 prudentiam
940 5295 1241 5368 animique
1261 5296 1661 5355 fortitudinem
1692 5304 1879 5356 osten-

266 5371 348 5437 dit,
372 5393 429 5431 ac
459 5380 745 5453 perruptis
777 5384 1052 5438 omnibus
1096 5399 1223 5455 qua:
1268 5386 1598 5456 obstabant,
1632 5388 1702 5443 ad
1762 5388 1881 5443 feli-

267 5473 364 5517 cem
385 5466 590 5524 exitum
624 5488 741 5525 rem
774 5472 1059 5543 perduxit.
1099 5474 1291 5545 Ipsius
1320 5475 1477 5531 enim
1503 5476 1878 5549 potissimum

328 5604 393 5680 (β)
419 5611 575 5680 Greg.
609 5627 698 5680 ep.
734 5613 819 5669 i8.

328 5628 393 5672 ια)
419 5628 575 5680 ureg.
609 5628 638 5667 e
686 5655 698 5666 .
734 5628 819 5669 ιδ.

327 5674 388 5747 (δ)
417 5680 598 5738 Carm.
633 5628 703 5741 ὃς
730 5686 844 5741 vita
872 5702 992 5757 sua,
1025 5703 1078 5743 v.
1110 5689 1218 5746 370
1244 5692 1301 5747 et
1330 5706 1449 5763 seq.

1991 3326 2348 3381 currendum
2382 3327 2653 3398 putabas,
2672 3344 2795 3397 qua:
2828 3326 3284 3398 simplicissimis
3305 3327 3640 3399 quibusque

1992 3413 2292 3470 celerrime
2344 3414 2701 3470 calumniam
2760 3420 3016 3471 struunt.
3050 3417 3280 3485 Deinde,
3320 3417 3368 3471 si
3401 3433 3515 3471 non
3547 3432 3642 3471 eo-

1989 3504 2120 3558 dem
2155 3503 2260 3558 tibi
2294 3521 2360 3559 ac
2392 3504 2561 3560 nobis
2610 3521 2918 3560 convenire
2950 3504 3272 3573 existimas,
3323 3506 3538 3577 quibus
3585 3510 3642 3560 et

1988 3591 2107 3646 vita
2136 3596 2194 3647 et
2222 3592 2508 3657 doctrina,
2540 3598 2597 3648 et
2640 3593 2867 3666 reliqua
2909 3595 3105 3649 omnia
3136 3595 3430 3650 commnia
3479 3598 3638 3661 sunt,

1990 3680 2267 3735 nimirum
2300 3698 2335 3736 a
2367 3683 2477 3736 Deo
2511 3682 2591 3737 ita
2617 3683 2746 3753 jam
2788 3683 2920 3738 inde
2951 3700 2985 3738 a
3014 3682 3202 3754 prima
3231 3688 3397 3738 astate
3429 3700 3641 3738 conso-

1988 3770 2175 3825 oiatis.
2217 3771 2429 3841 Tertio,
2479 3770 2651 3826 liceat
2692 3771 2846 3827 enim
2880 3771 2986 3827 hoc
3036 3788 3268 3842 quoque
3323 3771 3530 3842 dicere,
3591 3772 3640 3825 si

1989 3857 2218 3929 piorum
2250 3858 2468 3929 Deique
2500 3864 2657 3914 metu
2691 3860 3063 3931 praeditorum
3095 3859 3400 3915 hominum
3432 3858 3639 3929 hujus-

1990 3947 2147 4001 modi
2180 3946 2491 4002 electiones
2542 3963 2669 4003 esse
2711 3948 3016 4019 judicasti,
3048 3964 3165 4002 non
3198 3951 3392 4002 autem
3441 3952 3640 4019 poten-

1989 4036 2139 4090 tium
2170 4038 2227 4090 et
2255 4036 2406 4106 apud
2441 4036 2655 4109 vulgus
2685 4036 3097 4108 gratiosorum.
3136 4057 3164 4086 »
3207 4037 3305 4091 llis
3337 4036 3407 4090 de
3446 4035 3640 4091 causis

1988 4123 2302 4195 Gregorius
2335 4140 2396 4179 se
2418 4124 2631 4197 navigii
2665 4141 2892 4194 proram
2925 4124 3299 4189 convertisse,
3331 4128 3389 4179 et
3410 4124 3637 4196 profici-

1989 4212 2072 4268 sci
2103 4213 2458 4268 detrectasse
2495 4213 2787 4285 signiﬁcat
2821 4212 3055 4284 Basilio,
3090 4213 3179 4269 cui
3213 4218 3414 4269 auctor
3443 4218 3531 4268 est
3576 4217 3640 4269 ut

1989 4301 2259 4373 prudenti
2291 4318 2520 4357 secessu
2571 4302 2864 4357 tumultus
2908 4307 2966 4358 et
3012 4319 3219 4375 pravas
3276 4302 3639 4374 suspiciones

1988 4390 2193 4461 fugiat.
2226 4390 2370 4445 Huic
2394 4390 2638 4446 consilio
2670 4391 2937 4463 paruisse
2970 4390 3275 4460 Basilium,
3296 4409 3360 4447 ac
3385 4390 3640 4447 latebras

1989 4479 2310 4551 quaesiisse,
2344 4480 2483 4534 dum
2515 4479 2719 4536 electio
2750 4486 3143 4553 perageretur,
3175 4479 3490 4536 verisimile
3522 4483 3633 4535 est.

1988 4647 2629 4705 LXXXVIII-LXXXIX.
2684 4648 2973 4719 Gregorius
3020 4656 3245 4720 uterque
3274 4664 3499 4716 operam
3527 4663 3636 4701 na-

2056 4724 2165 4784 vat,
2215 4725 2277 4774 ut
2329 4721 2562 4774 Basilius
2612 4721 2871 4776 Ecclesia
2910 4722 3239 4775 Caesariensi
3282 4720 3635 4789 praeﬁciatur.

2055 4792 2215 4917 Nithil
2260 4792 2327 4847 ab
2378 4793 2446 4847 iis
2488 4794 2922 4863 prazlermissum
2971 4797 3030 4846 ut
3082 4807 3170 4846 res
3214 4806 3441 4862 prapere
3487 4790 3637 4846 cede-

2056 4879 2116 4917 re
2146 4904 2159 4917 .

2056 4879 2159 4918 ret.

2056 5012 2173 5067 Nec
2205 5012 2403 5067 minus
2434 5012 2656 5067 interea
2709 5011 3022 5084 Gregorius
3074 5015 3319 5083 uterque
3350 5011 3636 5083 nituntur,

1987 5106 2052 5157 ut
2080 5101 2138 5155 in
2159 5102 2387 5157 Eusebii
2410 5102 2601 5156 locum
2626 5102 2979 5173 subrogatur
2999 5100 3270 5157 Basilius.
3295 5100 3638 5173 Gregorium

1987 5190 2323 5263 episcopum
2356 5191 2675 5247 Caesaream
2709 5190 3030 5245 invitarunt
3062 5189 3355 5259 praesules,
3389 5190 3488 5260 qui
3511 5190 3638 5261 jam

1989 5278 2046 5333 in
2082 5280 2284 5333 urbem
2314 5295 2440 5333 sese
2469 5278 2872 5350 contulerant;
2907 5279 3003 5334 sed
3038 5280 3180 5333 adeo
3226 5278 3531 5332 invenuste
3573 5294 3637 5332 ac

1987 5366 2272 5440 impolita,
2295 5372 2360 5423 ut
2382 5384 2486 5423 nec
2510 5367 2675 5422 illum
2702 5369 2906 5425 adesse
2927 5374 3210 5439 oportere,
3235 5384 3341 5423 nec
3362 5384 3534 5439 quam
3564 5368 3636 5423 ob

1987 5473 2247 5525 causam,
2284 5473 2385 5512 nec
2429 5474 2544 5527 quo
2575 5461 2836 5530 tempore
2883 5457 3357 5531 signiﬁcaverint.
3409 5456 3633 5516 Rescri-

2058 5618 2132 5761 ξσ)
2158 5619 2259 5689 Ep.
2292 5619 2363 5673 32
2392 5635 2520 5674 nov.
2555 5619 2694 5675 edit.

2083 5690 2137 5761 ά)
2169 5692 2271 5761 Ep.
2307 5690 2474 5759 Greg.
2503 5689 2578 5749 al.
2608 5691 2694 5748 21.

2083 5690 2137 5762 d)
2169 5692 2271 5762 Ep.
2307 5690 2474 5759 Greg.
2503 5689 2578 5749 al.
2608 5691 2697 5748 21.
