4152 6208
503 362 606 424 191

1835 367 2018 430 VITA
2062 367 2126 428 S.
2175 367 2573 430 GBEGORlI.

3783 370 3900 431 192

497 494 642 551 bens
669 493 743 567 (α)
776 494 1062 567 episc0pis
1093 499 1459 553 venerandus
1477 513 1651 554 senex
1675 500 1885 555 factam
1921 499 2032 555 sibi
2053 499 2141 555 in-
2171 502 2225 569 Α
2255 516 2361 573 ope
2391 503 2564 571 atque
2585 497 2797 555 auxilio
2838 499 3041 555 fretus.
3073 517 3098 550 η
3137 499 3528 557 Proficiscenti
3577 500 3729 572 patri
3759 501 3901 558 Gre-

495 584 714 656 juriam
749 601 862 638 non
891 585 1302 655 dissimulavit,
1337 604 1442 644 nec
1472 593 1666 645 tamen
1718 590 1922 645 adesse
1953 591 2143 645 detre-

499 675 692 729 ctavit.
725 675 794 727 At
825 690 956 728 cum
989 675 1148 729 varia
1179 677 1296 732 fore
1351 677 1654 733 hominum
1703 679 1898 734 studia
1941 680 1999 734 in
2043 678 2144 734 eli-

503 761 690 833 gendo
717 762 987 834 episcOpo
1019 781 1132 818 non
1165 766 1476 834 dubitaret,
1509 772 1709 822 notum
1762 769 1892 824 fecit
1921 769 2144 840 episco-

504 850 595 923 pis
629 853 920 907 neminem
955 869 1016 908 se
1039 853 1249 909 habere
1273 870 1445 925 quem
1484 856 1717 925 Basilio,
1755 857 1826 912 ob
1860 857 1987 926 ejus
2017 857 2145 911 vitae

502 941 872 995 sanctitatem
902 959 968 996 ac
999 943 1269 998 doctrinm
1294 945 1709 1015 praestantiam,
1731 947 1994 1017 przeferre
2013 963 2144 1018 pos-

500 1029 597 1098 sit;
619 1046 722 1085 nec
747 1047 878 1085 vero
902 1031 1059 1086 illius
1082 1034 1338 1103 corporis
1357 1033 1708 1089 delibitatem
1730 1036 2145 1108 impedimento

497 1135 626 1175 esse
649 1119 879 1186 debere,
902 1136 1034 1176 cum
1060 1121 1383 1193 episcopus,
1409 1140 1524 1178 non
1571 1123 1788 1180 athleta
1832 1129 2142 1197 quaeratur.

499 1207 792 1264 Promittit
822 1225 881 1263 se
913 1209 1277 1275 adfuturum,
1311 1211 1358 1266 si
1404 1213 1749 1284 suffragium
1800 1214 1956 1269 istud
2005 1213 2144 1269 reci-

500 1297 685 1370 piant,
711 1314 776 1352 ac
797 1313 1028 1369 cperam
1061 1299 1145 1355 eis
1175 1301 1449 1355 daturum
1483 1303 1567 1357 vel
1600 1303 1810 1375 spiritu
1831 1303 1917 1358 vel
1950 1319 2148 1375 corpo-

503 1401 585 1453 re;
621 1386 710 1442 sin
737 1391 931 1442 autem
964 1389 1135 1444 certis
1166 1391 1600 1447 conditionibus
1647 1393 1740 1447 via
1791 1393 2149 1464 capessenda

505 1476 600 1542 sit,
624 1491 687 1530 ac
719 1475 996 1532 factiones
1027 1481 1227 1532 contra
1247 1479 1581 1550 aequitatem
1613 1481 1955 1548 conﬂantur,
1989 1481 2146 1553 gavi-

501 1581 708 1621 surum
733 1580 794 1619 se
825 1567 979 1636 quod
1013 1566 1186 1621 fuerit
1210 1571 1817 1640 contemptus.Eadem
1839 1571 2149 1642 episcopus

498 1654 897 1710 Nazianzenus
920 1656 988 1710 de
1029 1656 1264 1725 Basilio,
1292 1674 1462 1729 quem
1489 1675 1602 1729 prae
1631 1660 1850 1714 caeteris
1872 1661 2147 1715 omnibus

496 1743 830 1816 eligendum
862 1744 1140 1816 decernit,
1158 1747 1421 1801 Ecclesia)
1439 1748 1772 1804 Caesariensi
1799 1747 2144 1820 scripsit(b),

501 1849 627 1904 qua:
655 1832 972 1888 honorifice
1002 1850 1134 1889 eum
1176 1834 1464 1891 invitaret.
1498 1835 1655 1892 Nihil
1686 1838 2145 1909 praetermissum

500 1922 571 1977 ab
603 1922 822 1993 optimo
849 1938 1005 1992 sene,
1031 1926 1095 1977 ut
1119 1940 1387 1996 prospere
1421 1941 1514 1980 res
1545 1927 1792 1981 cederet.
1828 1948 1855 1977 ‹‹
1908 1926 2148 1981 Litteras

503 2011 794 2066 scribebat
825 2012 1002 2082 (quod
1037 2017 1380 2084 argumento
1412 2017 1500 2068 est
1531 2013 1729 2085 plures
1775 2016 1846 2070 ab
1869 2031 1933 2070 eo
1967 2015 2149 2070 fuisse

505 2100 960 2171 scriptas,quam
984 2104 1343 2175 supersunt),
1364 2105 1657 2173 monebat,
1674 2104 2026 2160 conciliabat
2056 2121 2150 2176 pc-

504 2188 732 2260 pulum,
770 2191 1120 2259 sacerdotes,
1154 2195 1210 2246 et
1232 2190 1507 2263 reliquos,
1533 2197 1819 2264 quotquot
1839 2196 2004 2248 erant
2035 2193 2146 2248 cle-

499 2275 623 2344 rici,
669 2278 1086 2347 obtestabatur,
1148 2281 1492 2352 suffragium
1551 2282 1786 2349 ferebat,
1842 2281 2148 2337 ordinabat

497 2365 670 2420 etiam
728 2366 920 2421 adhuc
962 2367 1196 2433 absens,
1246 2369 1480 2424 canitiei
1532 2387 1650 2425 suae
1691 2371 1799 2426 hoc
1852 2371 2046 2441 dabat,
2084 2373 2149 2425 ut

494 2455 647 2526 apud
672 2454 915 2525 alienos,
947 2459 1229 2528 tanquam
1263 2459 1416 2530 apud
1453 2476 1611 2527 suos,
1646 2460 1988 2516 auctoritate
2019 2463 2148 2515 ute-

495 2547 659 2599 retur
686 2544 776 2616 (c).
815 2567 834 2594 υ
871 2549 1031 2600 Hanc
1078 2546 1534 2603 sollicitudinem
1568 2567 1601 2604 a
1648 2549 1921 2621 Gregorio
1954 2553 2149 2621 postu-

500 2631 622 2688 lare
678 2633 982 2689 videbatur
1030 2635 1297 2690 Ecclesiae
1365 2636 1735 2692 Caesariensis
1790 2642 2014 2707 status,
2085 2637 2146 2691 in

503 2739 622 2794 qua
675 2723 1005 2778 animorum
1056 2741 1270 2798 magna
1326 2730 1448 2781 erat
1495 2726 1804 2783 dissensio.
1858 2727 2145 2782 Omnibus

503 2812 890 2884 praeferebant
939 2813 1236 2882 Basilium,
1296 2815 1495 2888 populi
1544 2832 1678 2887 pars
1741 2816 2142 2882 selectissima,

500 2901 807 2956 universus
839 2901 1050 2970 clerus,
1083 2907 1310 2958 ascetac.
1342 2905 1552 2961 Verum
1592 2904 1927 2960 invidebant
1970 2910 2024 2959 et
2050 2904 2146 2959 ob-

497 2990 835 3044 nitebantur
865 2989 1271 3062 magistratus,
1306 3009 1370 3048 ac
1413 2995 1626 3048 infimae
1657 2994 1842 3064 plebis
1874 2992 2143 3065 perditis~

494 3078 629 3135 simi
661 3078 880 3150 quique
910 3095 1040 3134 cum
1079 3080 1520 3152 magistratibus
1552 3083 1866 3152 conjuncti,
1890 3082 2007 3137 imo
2029 3081 2142 3154 ipsi

493 3167 770 3239 episcopi,
805 3169 956 3240 quod
981 3169 1220 3238 jocandi
1263 3170 1566 3225 materiam
1617 3170 1914 3243 religionis
1966 3171 2146 3228 hosti-

500 3256 613 3311 bus
643 3257 952 3327 praebebat.

536 3344 644 3399 XC.
673 3345 968 3400 Eusebium
995 3346 1427 3404 Samosata-num
1458 3353 1743 3405 accersunt
1773 3349 1839 3404 ab
1871 3349 2111 3405 Oriente.

575 3437 858 3488 Praeterea
887 3451 1020 3489 cum
1050 3437 1121 3490 ab
1152 3437 1382 3493 Arianis
1412 3437 1737 3509 periculum
1769 3443 1942 3509 esset,
1976 3437 2150 3493 nela-

504 3522 807 3578 borantem
840 3523 1102 3579 dissidiis
1132 3524 1446 3581 Ecclesiam
1477 3526 1887 3582 Caesariensem
1912 3543 2154 3597 occupa-

505 3614 635 3666 rent
680 3615 854 3682 atque
883 3616 1222 3681 everterent,
1268 3614 1580 3687 Gregorius
1611 3616 1707 3687 (ά),
1756 3617 1852 3687 qui
1889 3616 2146 3672 nondum

502 3701 708 3756 adesse
742 3705 984 3772 poterat,
1011 3718 1292 3773 magnum
1315 3720 1383 3758 ex
1412 3703 1642 3759 Oriente
1675 3705 1871 3760 lumen
1908 3705 2151 3760 accersit

502 3791 771 3844 sanctum
804 3789 1120 3844 Eusebium
1153 3791 1643 3857 Samosatensem,
1679 3793 1876 3848 missis
1908 3809 2008 3864 per
2038 3794 2148 3847 Eu-

505 3878 790 3934 stathium
823 3879 1134 3935 diaconum
1165 3879 1394 3949 litteris,
1421 3881 1480 3936 in
1511 3882 1724 3952 quibus
1764 3887 1984 3953 quanto
2032 3899 2150 3937 vero

507 3973 734 4024 saretur
762 3969 819 4023 in
852 3968 1109 4039 periculo
1129 3970 1498 4026 Casariensis
1524 3970 1772 4026 Ecclesia
1794 3970 2146 4026 declarabat.

502 4056 772 4111 Accurrit
802 4061 1041 4113 sanctus
1071 4063 1293 4130 martyr
1319 4058 1379 4113 in
1410 4059 1853 4130 Cappadociam,
1889 4061 2042 4130 quod
2063 4076 2150 4116 as-

506 4145 648 4198 serit
693 4145 940 4201 Basilius
991 4146 1080 4218 (e),
1131 4151 1187 4201 et
1217 4147 1526 4203 confirmat
1571 4147 1886 4218 Gregorius
1918 4149 2006 4219 (f),
2051 4148 2149 4220 qui

506 4231 789 4301 Spiritum
828 4239 1097 4289 sanctum
1130 4235 1202 4290 ab
1242 4236 1452 4291 exteris
1483 4237 1817 4307 regionibus
1846 4237 1999 4292 viros
2031 4237 2149 4308 pie-

503 4324 622 4375 tate
652 4320 914 4392 insignes
942 4321 1180 4394 zeloque
1210 4323 1521 4394 ﬂagrantes
1553 4325 1624 4380 ad
1666 4327 2007 4397 ungendum
2044 4326 2149 4381 Ba-

504 4408 701 4463 silium
733 4411 1016 4466 excitasse
1055 4415 1321 4468 testatur.

509 4517 650 4570 XCI.
683 4516 926 4570 Basilius
957 4515 1162 4592 electus
1200 4521 1278 4592 est
1305 4518 1660 4573 Caesariensis
1688 4521 1988 4592 episcopus,
2023 4520 2149 4576 Gre-

1001 4589 1144 4657 gorii
1161 4590 1452 4659 utriusque
1471 4606 1653 4661 opera.

579 4676 726 4739 Quid
776 4675 972 4747 plura?
1019 4676 1162 4732 Cum
1211 4693 1412 4732 eorum
1443 4694 1682 4733 numero
1716 4678 2145 4751 episcoporum,

508 4765 609 4835 qui
642 4765 924 4820 Basilium
955 4771 1120 4820 erant
1163 4764 1597 4837 proclamaturi,
1628 4784 1781 4822 unus
1824 4769 2050 4825 deesset
2075 4771 2148 4824 ad

504 4853 844 4909 canonicam
893 4853 1276 4922 electionem;
1327 4855 1595 4910 Nazianzi
1643 4855 1970 4927 episcopus,
2006 4881 2031 4907 ‹‹
2066 4858 2146 4930 (g)

503 4960 618 4997 non
652 4942 842 4999 solum
874 4947 1190 5011 senectute,
1221 4945 1319 4999 sed
1348 4945 1522 5000 etiam
1571 4945 1772 5000 morbo
1804 4946 2045 5014 fractus,
2081 4964 2146 5002 ac

502 5047 648 5103 pene
681 5032 938 5087 animam
971 5048 1169 5103 agens,
1198 5033 1306 5087 iter
1322 5034 1556 5105 aggredi
1586 5050 1699 5088 non
1727 5035 2036 5097 dubitavit.
2083 5047 2148 5091 ut

504 5119 726 5175 calculo
757 5137 864 5176 suo
894 5121 1234 5176 electionem
1276 5122 1528 5192 juvaret,
1578 5121 1830 5193 Spiritus
1878 5123 2147 5180 videlicet

600 5263 653 5334 a)
684 5262 849 5333 Greg.
886 5263 968 5333 Ep

600 5333 653 5405 ὁ)
683 5334 778 5388 Or.
817 5333 902 5404 18,
935 5350 994 5388 n.
1025 5334 1115 5389 36.

578 5405 646 5478 (ς)
679 5405 773 5478 Or.
805 5406 895 5478 43,
929 5421 986 5478 ῃ.
1019 5405 1108 5459 37.

596 5477 652 5541 ά)
682 5477 786 5547 Ep.
819 5477 909 5544 47,
940 5477 1093 5532 inter
1121 5475 1464 5547 Basilianas,
1499 5493 1553 5549 p.
1588 5477 1709 5531 140.

597 5549 646 5602 el
675 5548 776 5602 En.
812 5548 900 5602 48.

597 5563 646 5618 e)
675 5563 776 5618 19p.
812 5563 900 5603 as.

596 5619 648 5690 f)
692 5619 787 5675 Or.
821 5620 908 5690 43,
939 5636 996 5674 n.
1027 5620 1117 5673 37.

580 5693 649 5764 lg)
681 5691 776 5747 Or.
811 5691 897 5763 18,
922 5709 979 5746 n.
1011 5691 1109 5763 36;
1145 5707 1209 5746 or
1239 5691 1326 5761 43,
1359 5708 1415 5747 n.
1444 5691 1534 5745 37.

977 5303 989 5316 .
1027 5262 1100 5318 al.
1131 5263 1222 5317 23.

2254 590 2451 661 gorius
2485 593 2682 644 noster
2710 588 2933 644 litteras
2955 590 3033 662 (ἡ)
3067 590 3136 644 ad
3171 595 3440 644 sanctum
3458 591 3775 645 Eusebium
3802 592 3904 645 de-

2255 679 2359 748 dit,
2381 680 2550 750 cujus
2572 678 2782 744 zelum,
2800 679 3062 746 sudores,
3080 682 3423 751 gratamque
3437 679 3552 734 Deo
3575 678 3903 734 libertatem

2254 768 2472 835 laudat,
2507 773 2676 838 atque
2702 767 2752 823 ei
2786 772 3081 839 acceptam
3117 768 3291 822 refert
3334 773 3667 823 renovatam
3720 770 3905 840 patris

2256 862 2631 927 senectutem,
2666 858 2820 911 unde
2850 858 3025 912 etiam
3051 873 3168 911 rem
3205 873 3270 911 ex
3294 858 3580 912 sententia
3603 874 3907 913 successu—

2256 963 2378 1002 ram
2413 950 2624 1018 sperat.
2662 969 2690 995 «
2722 947 3003 1001 Senectus
3035 950 3364 1013 renovatur,
3397 947 3638 1001 mori-us
3671 964 3908 1018 supera-

2257 1040 2375 1101 tur,
2403 1033 2551 1089 lecto
2585 1034 2772 1089 allecti
2804 1033 3292 1104 exiliunt,infirmi
3313 1034 3571 1106 potentia
3601 1037 3912 1107 accingun-

2256 1126 2371 1178 tur.
2425 1125 2558 1189 Quaa
2591 1139 2682 1178 res
2732 1122 2874 1176 mihi
2919 1123 3314 1193 conjecturam
3371 1123 3640 1191 afferunt,
3674 1125 3909 1196 negotia

2258 1215 2456 1267 nostra
2486 1228 2554 1266 ex
2583 1210 2760 1267 animi
2791 1211 3086 1266 sententia
3125 1227 3473 1266 successura
3517 1227 3664 1267 esse.
3696 1214 3774 1268 Ac
3805 1229 3905 1285 pa-

2256 1305 2399 1356 trem
2433 1301 2838 1371 quidem,tum
2871 1316 2997 1368 suo,
3028 1304 3155 1354 tum
3207 1304 3407 1355 nostro
3436 1301 3669 1356 nomine
3703 1301 3905 1368 babes,

2259 1389 2570 1461 pulchrum
2592 1389 2871 1445 universa:
2892 1389 3021 1444 vitae
3044 1393 3100 1444 et
3112 1390 3453 1444 venerandae
3471 1390 3697 1446 canitiei
3733 1391 3907 1445 finem

2260 1478 2698 1550 impositurum,
2724 1478 2996 1533 nimirum
3031 1482 3372 1549 praesentem
3406 1478 3555 1533 hanc
3579 1495 3681 1550 pro
3713 1479 3906 1534 Eccle-

2258 1567 2345 1623 sia
2375 1567 2831 1622 dimicationem.
2860 1571 2932 1622 At
2968 1571 3190 1623 certum
3223 1567 3407 1623 habeo
3447 1567 3586 1637 fore,
3619 1572 3685 1623 ut
3714 1568 3902 1639 preci-

2256 1657 2367 1711 bus
2407 1657 2634 1718 vestris,
2681 1656 2897 1727 quibus
2937 1657 3117 1712 fretus
3174 1672 3343 1711 nemo
3389 1673 3502 1712 non
3535 1656 3648 1712 sibi
3679 1657 3912 1728 quidvis

2259 1745 2517 1818 polliceri
2561 1745 2752 1815 debet,
2783 1746 3100 1800 firmiorem
3133 1761 3266 1801 eum
3291 1744 3790 1816 valentioremque
3821 1761 3908 1799 re-

2259 1834 2566 1906 cipiamus.
2603 1856 2630 1884 »
2661 1836 2805 1906 Spes
2835 1835 3096 1907 Gregorii
3145 1835 3308 1890 irrita
3359 1851 3475 1889 non
3524 1834 3652 1890 fuit.
3700 1853 3727 1886 c
3762 1834 3905 1890 Fieri

2257 1923 2426 1978 aliter
2455 1941 2568 1979 non
2624 1926 2869 1996 poterat,
2901 1928 2965 1978 ut
3022 1923 3148 1995 ipse
3205 1925 3286 1978 ait
3330 1923 3416 1995 (ἰ),
3451 1923 3593 1995 quin
3652 1923 3910 1995 Spiritus

2256 2016 2493 2068 sanctus
2522 2012 2774 2067 vinceret
2801 2038 2813 2080 ;
2838 2017 3011 2084 atque
3043 2013 3183 2068 adeo
3228 2013 3458 2067 abunde
3489 2012 3642 2068 vicit.
3680 2036 3700 2064 ι
3741 2012 3902 2067 Basi~

2257 2100 2426 2156 silius
2457 2100 2673 2156 electus
2696 2101 2806 2155 fuit
2830 2101 3202 2157 Caesariensis
3235 2101 3899 2173 episcopus,ordinatus,

2261 2194 2318 2246 et
2348 2189 2406 2244 in
2429 2190 2638 2244 throno
2687 2189 3022 2246 collocatus.
3048 2190 3269 2253 Quibus
3295 2189 3562 2261 peractis,
3581 2188 3897 2260 Gregorius

2256 2280 2354 2350 qui
2379 2280 2670 2348 profectus
2689 2280 2893 2348 fuerat,
2911 2303 2937 2328 «
2959 2281 3024 2351 (7')
3042 2279 3302 2334 vehiculo
3328 2296 3443 2334 non
3466 2295 3631 2334 secus
3654 2295 3717 2333 ac
3739 2294 3894 2333 mor-

2256 2372 2396 2422 tuus
2427 2369 2632 2423 feretro
2665 2368 3253 2439 impositus,juvenis
3291 2367 3458 2435 redit,
3485 2367 3688 2422 firmus
3714 2383 3780 2422 ac
3813 2384 3904 2421 va-

2254 2455 2402 2527 lens,
2435 2456 2632 2512 oculos
2663 2461 2882 2511 erectos
2903 2457 3141 2522 habens,
3166 2473 3198 2511 a
3229 2472 3511 2511 manuum
3533 2455 3903 2527 impositione

2254 2550 2310 2602 et
2341 2545 2635 2612 unctione,
2675 2546 2825 2601 addo
2866 2547 3064 2612 etiam,
3097 2549 3153 2599 et
3183 2545 3256 2600 ab
3289 2544 3467 2610 illius,
3511 2545 3611 2616 qui
3645 2546 3900 2616 ungeba-

2252 2638 2368 2702 tur,
2403 2635 2590 2705 capite
2630 2635 2955 2690 roboratus.
2991 2635 3107 2690 Hoc
3135 2634 3314 2706 igitur
3343 2635 3415 2689 ad
3447 2634 3669 2705 priscas
3701 2651 3900 2689 narra-

2253 2724 2441 2779 tiones
2482 2725 2735 2789 accedat,
2761 2725 2916 2795 quod
2950 2723 3115 2778 labor
3140 2723 3452 2778 sanitatem
3483 2724 3669 2790 affert,
3702 2728 3760 2777 et
3783 2723 3904 2777 ani-

2254 2811 2334 2867 mi
2367 2812 2636 2867 alacritas
2669 2817 2897 2867 mortuo
2930 2813 3230 2877 excitat,et
3287 2811 3447 2866 exilit
3491 2816 3762 2866 senectus
3781 2812 3904 2882 Spi-

2252 2900 2368 2955 ritu
2401 2900 2681 2965 delibuta,
2715 2923 2742 2950 »
2772 2901 2865 2956 Sic
2899 2901 3168 2966 Basilius,
3202 2900 3460 2972 Gregorii
3502 2900 3809 2970 utriusque
3849 2904 3906 2954 et

2253 2989 2450 3046 sancti
2486 2990 2721 3045 Eusebii
2743 2991 3172 3045 Samosatensis
3210 3006 3405 3061 opera,
3432 2988 3698 3044 Ecclesiae
3720 2992 3902 3043 Caesa-

2251 3078 2463 3134 riensis
2488 3079 2888 3150 episcopatum
2934 3078 3194 3150 suscepit
3229 3096 3378 3134 anno
3409 3079 3533 3144 370,
3584 3082 3647 3132 ut
3699 3077 3905 3132 multis

2252 3168 2614 3240 argumentis
2647 3170 2954 3223 conﬁrmat
2987 3174 3185 3223 noster
3211 3167 3561 3223 Prudentius
3595 3166 3794 3222 Maran
3829 3166 3906 3237 (k)

2175 3243 2217 3311 C
2257 3260 2388 3328 post
2418 3257 2717 3312 Petavium
2749 3262 2804 3312 et
2835 3256 3268 3312 Tillemontium
3295 3272 3308 3310 :
3337 3273 3440 3312 nec
3463 3256 3735 3311 audiendi
3767 3260 3908 3310 sunt

2258 3345 2624 3401 Bollandists:
2674 3351 2730 3400 et
2767 3345 3072 3412 Baronius,
3120 3345 3218 3418 qui
3273 3345 3554 3400 Basilium
3598 3361 3753 3400 anno
3802 3345 3908 3398 369

2259 3435 2592 3491 ordinatum
2626 3435 2894 3490 scribunt
2924 3434 3108 3491 multo
3142 3438 3333 3490 autem
3376 3434 3565 3505 magis
3619 3432 3906 3504 repellen-

2259 3525 2371 3579 dus
2401 3527 2488 3580 est
2518 3525 2751 3598 Pagius,
2795 3524 2896 3595 qui
2943 3525 3071 3594 ejus
3118 3523 3546 3579 ordinationem
3578 3523 3649 3578 ad
3680 3538 3905 3578 annum

2259 3629 2446 3684 usque
2477 3613 2575 3667 371
2611 3612 2826 3668 differt.

2257 3720 2420 3774 XCII.
2457 3718 2742 3789 Gregorius
2797 3735 2896 3774 nec
2940 3720 3189 3775 electioni
3234 3720 3443 3774 Basilii
3490 3718 3759 3788 interfuit,
3807 3733 3907 3773 nec

2328 3806 2452 3846 eum
2481 3795 2597 3861 post
2626 3791 2940 3845 electionem
2970 3794 3198 3858 invisit;
3219 3792 3425 3847 Basilio
3445 3792 3694 3861 querenti
3712 3806 3769 3844 se
3797 3805 3902 3844 ne-

2327 3863 2563 3934 glectum
2591 3863 2886 3933 respondit.

2327 3968 2555 4024 Nemini
2578 3969 2823 4025 dubium
2858 3968 2985 4036 fuit,
3002 3968 3140 4040 quin
3165 3967 3606 4039 Gregorius,qui
3638 3966 3905 4024 electioni

2258 4056 2454 4112 Basilii
2505 4074 2619 4112 non
2650 4056 3010 4126 interfuerat,
3065 4057 3246 4112 electo
3294 4056 3694 4128 gratulaturus
3725 4056 3908 4111 Caesa-

2260 4162 2418 4202 ream
2443 4145 3027 4202 occurreret.Verum
3068 4145 3406 4200 Christianis
3439 4144 3734 4200 modestia
3767 4160 3903 4199 con-

2260 4234 2484 4303 sulens,
2509 4238 2683 4306 atque
2721 4235 2928 4290 borum
2976 4232 3605 4305 temporuminvidiam
3653 4232 3904 4303 fugiens,

2260 4339 2524 4395 represso
2547 4324 2803 4378 amicum
2823 4323 3059 4378 videndi
3096 4323 3402 4392 desiderio,
3437 4322 3592 4377 domi
3625 4337 3686 4376 se
3725 4321 3907 4377 conti-

2259 4411 2410 4482 nuit,
2444 4412 2592 4467 datis
2635 4412 2850 4468 interea
2899 4410 3109 4467 litteris
3141 4411 3357 4482 quibus
3403 4426 3463 4465 se
3513 4426 3748 4466 summa
3777 4427 3904 4481 per-

2259 4501 2460 4556 fusum
2509 4500 2707 4556 lzetitia
2763 4501 2947 4556 fuisse
3005 4500 3216 4555 fatetur
3245 4500 3329 4570 (ἰ),
3366 4515 3496 4554 cum
3543 4498 3840 4553 lucernam
3871 4514 3906 4553 a

2179 4606 2226 4671 D
2260 4590 2480 4662 Spiritu
2513 4596 2716 4647 sancto
2751 4591 2962 4646 victore
2992 4606 3172 4661 supra
3201 4589 3617 4645 candelabrum
3650 4587 3903 4658 positam

2257 4679 2575 4748 intellexit;
2626 4680 2919 4752 simulque
2966 4696 3174 4734 causas
3227 4695 3330 4733 cur
3377 4677 3573 4732 statim
3605 4676 3674 4731 ad
3706 4678 3902 4748 ipsum

2255 4785 2370 4824 non
2416 4769 2791 4836 advolaverit,
2834 4767 3085 4840 exponit,
3121 4784 3188 4822 ac
3238 4784 3309 4821 ne
3358 4766 3414 4820 id
3455 4783 3486 4820 a
3536 4781 3597 4820 se
3627 4768 3906 4836 exposcat

2254 4865 2544 4931 precatur.
2579 4859 2841 4933 Gregorii
2870 4859 3184 4927 orationes,
3219 4873 3318 4912 seu
3361 4855 3759 4912 excusationes
3787 4871 3902 4909 non

2259 4949 2482 5019 accepit
2503 4947 2778 5014 Basilius,
2815 4964 2991 5018 seque
3017 4947 3087 5001 ab
3115 4964 3179 5000 eo
3212 4945 3550 5016 parvipendi
3582 4960 3646 4998 ac
3687 4941 3904 5014 negligi

2259 5041 2616 5106 conquestus
2639 5035 2949 5092 est.Basilii
2975 5033 3229 5104 querelis
3262 5033 3346 5087 sic
3380 5035 3653 5104 peracute
3671 5047 3909 5103 respon-

2255 5124 2340 5180 dit
2359 5124 2456 5195 (τη)
2485 5140 2498 5180 :
2526 5145 2554 5174 ί(
2587 5125 2645 5180 Si
2677 5125 2846 5180 nobis
2904 5127 3207 5196 propterea
3262 5137 3591 5191 succenses,
3643 5120 3798 5191 quod
3851 5123 3908 5175 te

2350 5267 2406 5338 h)
2434 5267 2537 5337 Ep.
2570 5267 2643 5322 al.
2674 5267 2765 5321 29.

2349 5338 2390 5410 ἱ)
2422 5338 2639 5410 calle,
2673 5356 2730 5394 n.
2763 5338 2853 5394 37.

2323 5409 2389 5480 (j)
2421 5409 2567 5463 Ibid.

2325 5479 2402 5553 (Α)
2424 5481 2726 5553 [’iiaBas.
2761 5497 2810 5536 c.
2846 5479 2933 5547 13,
2965 5495 3022 5553 p.
3053 5479 3141 5534 83.

2323 5552 2389 5622 (ι)
2422 5552 2524 5622 Ep.
2557 5550 2631 5606 al.
2664 5553 2754 5607 24.

2325 5622 2422 5695 (m)
2456 5623 2555 5694 Ep.
2590 5622 2664 5678 al.
2702 5625 2754 5677 fC
