4152 6208
226 355 341 412 I93

1567 341 1753 408 VITA
1798 346 1864 405 S.
1912 344 2305 405 GBEGORII.

3528 347 3641 406 194

224 486 446 551 minus,
471 499 648 555 quam
680 486 782 538 tua
812 480 992 537 virtus
1006 483 1283 546 meretur,
1313 474 1674 550 suspicimus
1705 477 1878 532 etad-
1909 481 1965 544 Α
1993 478 2238 547 ejusque
2263 493 2431 532 voces
2464 479 2698 534 audisse
2720 494 2866 549 quas
2897 499 2924 527 ‹‹
2960 477 3060 534 Dei
3089 493 3258 534 voces
3293 500 3312 527 ι
3350 478 3642 550 appellare

224 575 539 640 miramur,
573 572 848 627 omnibus
881 586 1112 641 quoque
1157 567 1505 624 mortalibus
1539 582 1884 622 succenseas

225 668 474 738 oportet.
501 662 702 733 Neque
733 661 888 716 enim
921 658 1074 715 alius
1097 659 1408 730 quisquam
1443 657 1587 712 satis
1607 661 1662 712 te
1692 656 1868 712 lauda

227 755 326 820 vit,
349 757 455 807 aut
488 750 841 806 laudaturus
869 753 980 815 est,
1012 752 1221 820 praeter
1276 752 1331 802 te
1387 750 1665 817 tuamque
1715 746 1774 799 in
1805 744 1889 799 di-

228 843 415 898 cendo
445 839 875 896 sublimitatem
903 837 1234 908 ;siquidem
1267 837 1389 891 ﬁeri
1423 841 1620 907 posset
1649 833 1887 905 utquis-

227 931 389 1004 piam
417 945 561 985 suas
591 928 716 1000 ipse
747 927 948 983 laudes
979 925 1517 998 praedicaretjdque
1546 940 1886 980 sermonum

228 1020 319 1076 lex
370 1019 573 1075 ferret.
608 1017 771 1081 Quod
826 1018 875 1072 si
907 1019 1308 1087 contemptum
1339 1014 1428 1070 tui
1459 1014 1627 1070 nobis
1658 1012 1883 1083 objicis,

229 1109 370 1180 quin
410 1108 572 1180 prius
595 1106 934 1162 insaniam?
965 1109 1040 1160 At
1070 1105 1223 1176 quod
1249 1101 1886 1176 philisophamurindi-

228 1199 438 1272 gnaris
485 1198 513 1251 ?
564 1197 789 1252 Liceret
846 1194 991 1251 mihi
1049 1211 1183 1250 cum
1251 1193 1402 1250 bona
1456 1194 1624 1248 venia
1673 1192 1883 1257 dicere,

228 1288 335 1343 hoc
371 1303 564 1342 unum
586 1284 850 1341 doctrina
881 1301 1114 1357 quoque
1143 1287 1245 1340 tua
1263 1287 1319 1339 et
1346 1281 1670 1340 eruditione
1700 1279 1884 1337 subli-

229 1377 391 1432 mius
425 1379 518 1432 est
548 1379 604 1430 et
634 1373 1028 1446 praestantius.
1063 1395 1093 1424 »
1126 1372 1310 1429 Cessit
1343 1372 1580 1427 tandem
1610 1369 1884 1439 Basilius,

232 1472 286 1522 et
319 1465 503 1521 amici
561 1463 938 1536 prudentiam
988 1462 1214 1533 judicio
1275 1479 1380 1517 suo
1440 1459 1883 1532 comprobavit;

227 1554 735 1626 quemadmodum
765 1568 901 1608 cum
924 1557 1128 1625 postea
1140 1553 1459 1609 Caesaream
1479 1549 1732 1606 venisset
1750 1551 1884 1604 Gre-

224 1645 430 1716 gorius
458 1644 559 1714 (a),
593 1641 1032 1712 atqueoblatam
1048 1641 1240 1697 sibiad
1285 1640 1472 1696 amico
1502 1638 1882 1711 insigniorem

227 1735 381 1788 inter
413 1731 782 1803 presbyteros
814 1730 1010 1786 sedem
1070 1730 1453 1801 repudiasset,
1512 1728 1620 1784 hoc
1669 1728 1883 1783 factum

229 1839 343 1878 non
379 1820 703 1887 accusavit,
735 1821 835 1874 sed
860 1819 1116 1874 laudavit
1139 1819 1407 1874 Basilius.

229 1929 421 1986 XCIII.
458 1932 536 1983 De
571 1930 803 1981 Valente
847 1925 1106 1981 adversus
1146 1927 1453 1982 Ecclesium
1482 1925 1889 1978 Nazianzenam

301 2004 574 2070 impetum
622 2001 887 2068 faciente,
930 2014 1040 2052 una
1081 2014 1205 2052 cum
1254 1999 1418 2068 patre
1460 1997 1755 2051 victoriam
1798 2010 1888 2051 re-

296 2075 503 2144 portat.

302 2179 428 2234 Sub
464 2177 641 2231 ﬁnem
673 2175 810 2230 anni
840 2176 940 2230 371
990 2175 1223 2230 videtur
1269 2172 1602 2243 contigisse,
1636 2174 1786 2243 quod
1819 2172 1891 2227 de

233 2266 421 2340 patris
452 2265 575 2320 zelo
609 2268 808 2320 narrat
840 2263 1153 2335 Gregorius
1201 2264 1302 2334 (b),
1342 2261 1442 2332 qui
1475 2278 1686 2332 magna
1709 2260 1890 2316 animi

232 2355 568 2410 constantia
599 2376 626 2402 ‹‹
662 2369 790 2408 sese
834 2352 1124 2406 hareticis
1168 2350 1459 2422 opposuit,
1494 2366 1625 2404 cum
1658 2349 1740 2403 illi
1773 2366 1892 2404 una

235 2461 374 2499 cum
407 2441 788 2514 imperatoria
820 2441 1111 2512 impietate
1158 2439 1579 2511 expeditionem
1611 2438 1890 2493 adversus

237 2532 666 2588 Nazianzenam
692 2528 1008 2584 Ecclesium
1041 2531 1446 2598 susceperunt,
1479 2531 1758 2598 tanquam
1785 2542 1892 2582 nos

238 2636 500 2693 quoque,
536 2618 729 2690 inquit
754 2617 1086 2689 Gregorius,
1131 2616 1189 2671 in
1224 2619 1570 2686 potestatem
1602 2632 1772 2670 suam
1804 2631 1891 2670 re-

237 2707 889 2777 dacturi,aliisquejam
907 2707 1022 2761 fere
1052 2704 1326 2760 omnibus
1348 2704 1623 2759 servitute
1655 2720 1894 2775 Oppres-

237 2800 319 2855 sis
341 2795 847 2867 adjuncturi.n—«
865 2794 1304 2865 Imperatoriam
1321 2792 1894 2865 impietatemnintel-

238 2886 368 2958 Iigit
395 2884 722 2951 Valentem,
758 2883 877 2954 qui,
910 2882 1230 2954 composita
1260 2897 1392 2935 cum
1409 2880 1614 2936 Gothis
1645 2881 1892 2952 paqe,ad

239 2974 709 3046 impugnandam
743 2971 1088 3027 catholicam
1113 2971 1286 3025 fidem
1309 2969 1538 3040 imperii
1577 2968 1727 3024 vires
1758 2985 1894 3025 con-

240 3065 434 3123 vertit.
540 3067 600 3117 et
673 3060 940 3116 heretico
1035 3059 1268 3132 agmine
1325 3059 1551 3114 cinctus
1633 3058 1694 3114 in
1751 3062 1893 3131 Cap-

239 3153 551 3225 padociam
612 3167 674 3205 se
705 3149 974 3206 contulit.
1036 3149 1302 3204 Intentus
1345 3148 1720 3219 potissimum
1772 3151 1896 3204 erat

240 3242 507 3298 Valentis
553 3256 724 3295 arcus
782 3239 842 3294 in
901 3236 1175 3294 Basilium
1215 3255 1228 3305 ;
1281 3238 1382 3293 sed
1442 3241 1757 3293 Caesaream
1794 3253 1892 3308 pe-
1924 3225 1967 3290 C

240 3337 392 3400 tens,
453 3333 701 3384 exeunte
760 3344 914 3382 anno
969 3327 1094 3394 371,
1147 3325 1232 3380 vel
1293 3325 1429 3381 inde
1477 3327 1670 3381 forsan
1704 3326 1892 3381 disce-

241 3419 384 3474 dens
416 3434 574 3474 anno
618 3417 908 3488 sequenti,
969 3416 1254 3471 Nazianzo
1318 3415 1428 3470 iter
1482 3414 1706 3482 habuit,
1757 3432 1893 3470 con-

241 3506 576 3576 factumque
609 3505 770 3559 senio
799 3519 1112 3575 aggressus
1144 3507 1234 3558 est
1262 3503 1624 3574 episcopum,
1660 3501 1894 3574 quiglo-

244 3597 469 3649 riosum
495 3594 566 3649 de
595 3608 662 3648 eo
684 3591 1055 3663 triumphum
1089 3592 1426 3664 reportavit.
1463 3592 1733 3662 Magnam
1765 3608 1896 3662 pro-

245 3685 394 3740 fecto
425 3685 488 3738 in
522 3699 588 3738 eo
619 3681 917 3752 triumpho
949 3685 1169 3752 partem
1210 3680 1417 3736 habuit
1447 3681 1758 3752 Gregorius
1792 3696 1897 3736 no-

252 3781 391 3838 ster,
427 3772 586 3842 quod
621 3771 858 3843 quidem
904 3770 1050 3842 ipse,
1098 3771 1188 3824 vir
1241 3769 1375 3825 licet
1406 3770 1899 3841 modestissimus,

253 3863 422 3917 fateri
456 3866 693 3916 coactus
715 3863 974 3926 est,cum
989 3861 1068 3914 ait
1098 3859 1438 3931 Gregorium
1470 3863 1694 3931 patrem
1726 3876 1900 3915 suum

246 3971 277 4001 ε
316 3966 534 4020 magno
555 3949 894 4018 adjumento
921 3970 948 3995 ››
981 3947 1162 4002 fuisse
1193 3947 1623 4003 decertantibus
1658 3947 1900 4005 Nazian-

244 4039 412 4095 zenis
436 4037 716 4092 adversus
740 4036 1576 4108 imperatoriamimpietatem,
1606 4059 1625 4084 α
1665 4041 1787 4092 tum
1804 4053 1904 4109 per

246 4144 311 4182 se
348 4127 496 4197 ipse,
520 4131 646 4179 tum
663 4140 766 4196 per
793 4141 896 4180 nos
916 4124 1089 4181 etiam
1116 4124 1902 4197 fortasse,inquitGregorius

249 4216 347 4286 (ε),
381 4216 450 4269 de
484 4215 677 4285 seipse
709 4214 978 4284 loquens,
1029 4229 1198 4284 quos,
1229 4211 1391 4268 velut
1421 4230 1534 4268 non
1568 4212 1806 4285 ignavos
1836 4229 1901 4269 ac

245 4305 571 4376 degeneres
603 4303 849 4372 catulos,
881 4302 939 4356 in
972 4301 1101 4357 illos
1151 4301 1452 4358 haereticos
1491 4301 1648 4358 velut
1705 4302 1762 4358 in
1796 4320 1900 4358 sas-

244 4392 526 4448 vissimas
559 4393 711 4448 feras
744 4391 1056 4462 imittebat,
1085 4393 1157 4448 ad
1186 4391 1464 4464 pietatem
1481 4393 1760 4448 nimirum
1792 4393 1901 4450 hac

243 4482 479 4537 ratione
511 4499 616 4536 nos
645 4497 939 4536 exercens.
976 4504 996 4530 ι

1918 1856 1965 1920 Β

1997 583 2111 620 non
2143 565 2391 632 dubitat,
2424 583 2556 622 cum
2576 567 2967 639 alloqueretur
2997 566 3408 637 imperatorem
3423 566 3520 638 qui
3555 584 3642 622 se-

1998 653 2112 708 mel
2144 659 2198 708 et
2230 654 2442 709 iterum
2476 657 2532 711 in
2567 674 2694 710 eam
2728 673 2790 711 se
2821 656 3160 724 contulerat,
3201 661 3264 711 ut
3294 655 3492 712 Basilii
3524 655 3639 712 col-

1997 742 2215 814 loquio,
2252 745 2402 814 quod
2429 746 2553 816 jam
2579 745 2804 816 pridem
2838 746 3161 816 expetebat,
3187 745 3494 801 frueretur.
3528 746 3642 801 Nec

1996 849 2127 887 vero
2158 837 2384 888 tantum
2419 834 2613 888 Basilii
2647 834 2952 906 colloquiis
2975 851 3107 889 cum
3139 835 3507 907 imperatore,
3541 852 3641 891 ve-

1997 938 2126 976 rum
2158 922 2330 978 etiam
2363 923 2579 979 habitis
2614 927 2782 979 antea
2799 940 2932 978 cum
2956 925 3220 993 prafecto
3253 929 3307 980 et
3335 925 3640 997 praeposito

1995 1027 2336 1082 coquorum,
2371 1012 2469 1084 qui
2489 1013 2629 1068 artis
2651 1013 3006 1084 suzegladios
3039 1013 3393 1083 minabatur,
3420 1036 3446 1064 ‹‹
3467 1019 3639 1086 atque

1995 1100 2065 1154 ad
2089 1101 2282 1172 ignem
2313 1101 2424 1156 sibi
2483 1106 2899 1173 congruentem
2956 1102 3339 1158 transmissus
3373 1125 3400 1152 ››
3425 1108 3531 1174 est,
3574 1107 3639 1159 ut

1996 1189 2197 1246 festive
2221 1192 2452 1262 jocatur
2483 1191 2795 1263 Gregorius
2825 1191 2919 1263 (e),
2943 1193 3471 1248 concertationibus
3502 1210 3637 1249 eum

1993 1279 2329 1337 interfuisse
2359 1283 2582 1336 certum
2617 1280 2784 1335 nobis
2813 1280 3058 1336 videtur.
3123 1283 3268 1338 Eum
3301 1282 3642 1337 invitaverat

1995 1367 2265 1437 Basilius,
2296 1373 2360 1426 ut
2388 1369 2500 1424 sibi
2527 1371 2756 1426 adesset
2787 1370 2858 1425 ad
2910 1371 3270 1442 propositum
3321 1376 3638 1438 certamen,

1993 1463 2303 1514 venturum
2334 1475 2396 1513 se
2427 1459 2776 1530 promiserat
2809 1476 2821 1527 ;
2855 1458 3053 1530 itaque
3103 1476 3235 1514 eum
3277 1460 3505 1515 venisse
3536 1475 3639 1530 pro

1995 1552 2150 1604 certo
2184 1548 2542 1603 habendum.
2603 1548 2931 1603 Arbitratur
2977 1548 3385 1604 Tillemontius
3436 1548 3639 1603 matris

1995 1636 2250 1708 Gregorii
2285 1639 2553 1693 morbum
2585 1636 2851 1692 attulisse
2883 1653 3095 1704 moras,
3129 1642 3182 1692 et
3204 1655 3440 1693 causam
3462 1637 3643 1693 fuisse

1994 1743 2096 1781 cur
2124 1744 2156 1781 a
2180 1727 2388 1782 Basilio
2419 1732 2660 1782 vocatus
2691 1727 2888 1781 statim
2934 1744 3048 1781 non
3108 1727 3345 1782 venerit.
3404 1727 3638 1792 Verum,

1994 1820 2059 1870 ut
2090 1816 2355 1871 omittam
2371 1816 2694 1871 chariorem
2726 1815 2904 1872 fuisse
2929 1815 3200 1888 Gregorio
3231 1816 3494 1871 Ecclesia:
3529 1817 3642 1871 uti-

1996 1904 2238 1972 litatem,
2274 1923 2450 1977 quam
2488 1911 2570 1971 ut,
2603 1922 2665 1960 ea
2712 1905 3067 1976 posthabita,
3118 1906 3418 1977 aegrotanti
3470 1906 3642 1962 matri

1999 1994 2300 2065 assideret,
2333 2000 2507 2066 atque
2530 1995 2600 2049 ad
2634 1995 3059 2050 defendendam
3092 1995 3407 2050 Ecclesiam
3442 2012 3642 2051 accur-

1999 2100 2122 2138 rere
2143 2084 2522 2153 detrectaret;
2553 2087 2705 2138 certe
2726 2081 2785 2136 in
2835 2082 2927 2137 his
2957 2082 3188 2149 litLeris,
3239 2085 3453 2153 quibus
3505 2085 3640 2138 niti-

1997 2175 2093 2226 tur
2122 2171 2550 2238 Tillemontius,
2607 2170 2753 2225 nihil
2809 2169 3021 2241 legitur
3065 2189 3134 2225 ne
3162 2171 3524 2243 gravissimis
3555 2188 3645 2227 ve-

2002 2260 2196 2315 niendi
2228 2261 2443 2328 causis,
2479 2259 2622 2315 nihil
2655 2259 2995 2330 deGregorii
3019 2259 3343 2328 promissis,
3377 2260 3477 2330 qui
3511 2277 3644 2316 cum

1999 2349 2300 2420 pugnandi
2328 2353 2559 2418 tempus
2586 2348 2836 2414 adesset,
2880 2347 3221 2402 adfuturum
3255 2365 3316 2403 se
3349 2348 3643 2420 pollicitus

2001 2436 2224 2504 fuerat;
2258 2436 2360 2490 sed
2390 2440 2619 2490 tantum
2653 2435 2936 2490 desiderio
2993 2436 3225 2491 videndi
3269 2437 3550 2492 Basiliam
3582 2454 3645 2493 se

1999 2525 2182 2580 teneri
2213 2524 2525 2596 significat,
2567 2525 2658 2579 cui
2681 2524 3120 2580 satisfacturum
3142 2541 3205 2580 se
3235 2527 3316 2581 ait
3337 2525 3431 2598 (f),
3455 2526 3503 2581 si
3537 2543 3645 2580 sua

2001 2619 2188 2668 mater
2217 2612 2416 2668 Basilii
2452 2613 2720 2685 precibus
2743 2618 2998 2670 sanetur.
3032 2615 3217 2678 Quare
3249 2615 3367 2670 haec
3395 2617 3464 2670 ad
3498 2614 3642 2670 illud

2001 2707 2233 2774 tempus
2272 2703 2526 2773 pertinet
2582 2702 2865 2774 epistola;
2921 2708 2977 2758 et
3020 2720 3404 2775 quaecumque
3449 2709 3647 2760 narrat

2005 2791 2317 2863 Gregorius
2349 2791 2424 2862 (g)
2449 2792 2518 2847 de
2549 2791 2746 2847 Basilii
2781 2792 3000 2863 prolixa
3030 2799 3086 2848 et
3132 2795 3249 2848 acri
3281 2811 3414 2848 cum
3446 2794 3648 2866 prefe-

2005 2885 2097 2936 cto
2144 2879 2404 2935 Modesto
2442 2881 2889 2948 concertatione,
2923 2880 3046 2937 suis
3076 2881 3200 2953 ipse
3252 2884 3492 2938 auribus
3525 2900 3647 2939 cre-

2003 2969 2228 3025 dendus
2257 2971 2345 3024 est
2367 2968 2658 3024 hausisse.

2132 3130 2288 3185 XCV.
2313 3132 2370 3185 In
2402 3130 2530 3185 aliis
2562 3131 2763 3206 Basilii
2788 3133 3003 3206 praeliis
3024 3141 3208 3204 partes
3237 3148 3369 3189 sua:
3403 3135 3513 3206 agit

2672 3202 2977 3274 Gregorius.

2073 3326 2231 3382 Idem
2264 3325 2440 3380 etiam
2471 3325 2783 3383 dicendum
2817 3329 2886 3383 de
2932 3328 3108 3385 variis
3153 3329 3354 3386 Basilii
3410 3330 3644 3402 praediis

2003 3431 2134 3470 cum
2165 3414 2385 3470 caeteris
2442 3417 2513 3472 ab
2574 3417 2923 3488 imperatore
2985 3419 3327 3488 praemissis,
3367 3419 3486 3476 sive
3516 3442 3544 3470 ‹‹
3578 3437 3647 3476 ex

1996 3504 2263 3574 judicum
2289 3503 2548 3571 classe,»
2581 3507 2701 3562 sive
2737 3527 2764 3559 ι
2811 3523 2879 3561 ex
2916 3506 3154 3563 militari
3201 3509 3422 3576 ordine,
3453 3530 3478 3560 ιι
3525 3509 3648 3564 sive

2007 3614 2036 3644 «
2068 3609 2135 3648 ex
2164 3608 2450 3664 gynmceo.
2490 3616 2516 3643 ››
2547 3593 2609 3648 In
2641 3595 2732 3650 his
2764 3595 3034 3651 omnibus
3067 3596 3264 3651 Basilii
3315 3599 3508 3653 socius
3539 3597 3651 3653 fuit

2008 3682 2342 3753 Gregorius,
2373 3683 2471 3753 qui
2503 3682 2667 3739 laetus
2698 3688 2754 3739 et
2782 3684 2971 3740 alacer
3003 3685 3232 3741 victoris
3261 3685 3417 3741 latus
3449 3687 3650 3756 cinge-

2008 3771 2123 3838 bat,
2155 3775 2392 3826 strenue
2419 3773 2760 3828 commissas
2782 3773 2891 3828 sibi
2923 3791 2956 3828 a
2986 3773 3195 3828 Basilio
3225 3779 3422 3845 partes
3446 3792 3648 3846 agens.

2006 3861 2167 3916 Hanc
2201 3877 2471 3931 namque,
2504 3866 2742 3932 propter
2770 3863 3050 3934 temporis
3089 3864 3414 3934 angustias,
3476 3863 3651 3920 ratio-

2012 3967 2141 4004 nem
2175 3949 2384 4003 inierat
2425 3950 2696 4019 Basilius,
2754 3956 2818 4006 ut
2864 3950 2990 4022 ipse
3034 3951 3266 4023 quidem
3321 3952 3432 4007 sibi
3491 3951 3653 4007 verbi

2011 4038 2500 4110 dispensationem
2529 4038 2847 4094 vindicaret
2880 4058 2893 4108 ;
2921 4041 3192 4112 Gregorio
3224 4045 3441 4112 autem,
3478 4058 3652 4112 quem

2011 4129 2080 4183 ob
2115 4126 2368 4181 nominis
2399 4127 2814 4183 obscuritatem
2856 4129 2984 4199 [(sic
3031 4129 3293 4200 loquitur
3336 4130 3422 4185 vir
3455 4132 3653 4186 mode-

2013 4223 2139 4272 stus
2170 4215 2294 4286 (h)],
2325 4231 2490 4270 nemo
2548 4220 2702 4271 esset
2747 4221 3126 4273 accusaturus
3159 4224 3215 4275 et
3272 4219 3335 4275 in
3383 4220 3655 4276 exsilium

2014 4306 2326 4375 ejecturus,
2356 4303 2629 4374 loquendi
2662 4305 2985 4361 libertatem
3011 4309 3420 4365 committeret.
3468 4313 3657 4381 Atque

2013 4393 2112 4463 ita,
2140 4393 2349 4463 inquit,
2380 4392 2757 4464 Evangelium
2786 4401 3051 4450 nostrum
3082 4397 3320 4452 firmum
3369 4397 3656 4452 validum-

2012 4499 2123 4553 que
2153 4486 2296 4550 erat,
2331 4480 2545 4537 auxilio
2575 4482 2878 4555 utriusque
2936 4485 3264 4543 sufi'ultum.
3317 4487 3398 4541 Ex
3445 4486 3535 4542 his
3567 4487 3657 4541 in-

244 4589 434 4646 XCIV.
505 4589 775 4644 Adversus
821 4588 1067 4643 eumdem
1111 4587 1387 4644 Valentem
1431 4590 1669 4644 certanti
1696 4590 1893 4646 Basilii

2015 4571 2165 4627 tueri
2189 4570 2324 4626 licet
2355 4576 2606 4641 quantos
2630 4570 2876 4643 labores,
2914 4591 3090 4646 quam
3121 4574 3382 4631 difficilia
3410 4592 3476 4632 ac
3508 4575 3657 4647 peri-

744 4660 922 4715 aocius
969 4664 1052 4714 est
1099 4658 1417 4728 Gregorius.

327 4751 393 4804 In
438 4749 668 4820 egregio
718 4765 951 4820 quoque
1005 4747 1204 4804 Basilii
1257 4747 1572 4803 certamine
1629 4749 1906 4805 adversus

241 4837 530 4895 eumdem
561 4837 970 4910 imperatorem
1002 4837 1197 4892 socius
1233 4837 1340 4891 fuit
1373 4836 1708 4908 Gregorius,
1755 4839 1907 4908 ejus-

241 4943 365 4999 que
395 4943 636 4981 consors
667 4926 724 4980 in
777 4925 954 4982 nobili
989 4925 1289 4997 triumpho
1348 4942 1521 4996 quem
1563 4927 1634 4982 de
1665 4927 1906 4982 devictis

239 5022 299 5070 et
333 5015 688 5086 expugnatis
702 5014 1001 5070 catholicae
1019 5015 1151 5070 fidei
1172 5013 1442 5070 hostibus
1457 5014 1649 5070 retulit
1663 5019 1908 5072 exeunte

244 5124 404 5161 anno
419 5107 518 5160 371
538 5110 597 5161 et
612 5107 850 5161 ineunte
865 5123 1016 5161 anno
1030 5107 1154 5160 372.
1183 5105 1282 5161 His
1298 5107 1716 5163 certaminibus
1729 5107 1906 5163 inter-

245 5194 432 5248 fuisse
465 5192 814 5265 Gregorium
846 5211 913 5249 ex
961 5193 1089 5266 ipso
1129 5194 1433 5249 discimus.
1484 5195 1710 5250 Etenim
1754 5211 1816 5251 se
1847 5195 1906 5250 in

245 5281 560 5340 ecclesiam
583 5300 704 5340 una
743 5299 876 5339 cum
908 5281 1118 5339 Basilio
1166 5282 1499 5356 ingressum
1530 5287 1780 5341 testatur
1807 5283 1906 5358 (ά),

325 5463 400 5530 (a)
429 5462 525 5518 ΟΡ.
563 5462 657 5530 43,
693 5479 750 5518 n.
787 5462 876 5520 45.

318 5533 390 5617 ςὺ)
409 5537 507 5617 ρι’ἔ
531 5536 626 5617 .18,
665 5551 725 5592 n.
759 5534 849 5592 37.

317 5607 385 5672 (ο)
419 5607 572 5662 Ibid.

319 5671 389 5758 (ά)
419 5678 513 5739 0r.
541 5678 636 5755 43,
657 5693 718 5738 n.
749 5676 841 5741 53.

2017 4659 2216 4716 culosa
2248 4676 2426 4715 onera
2479 4660 2828 4716 sustinuerit
2857 4662 3190 4735 Gregorius,
3224 4680 3357 4719 cum
3391 4665 3658 4720 adversa-

2015 4749 2133 4804 rios
2163 4748 2429 4804 cominus
2461 4749 2700 4805 adortus
2730 4767 3056 4822 manusque
3112 4769 3244 4806 cum
3277 4752 3394 4808 illis
3452 4769 3660 4809 conse-

2016 4855 2170 4906 rens,
2199 4838 2391 4893 acrius
2422 4837 2654 4893 illorum
2677 4838 2735 4893 in
2769 4856 2829 4895 se
2851 4841 3050 4895 odium
3083 4841 3559 4898 excitavit.Plura
3588 4844 3659 4898 de

2015 4927 2108 4982 his
2131 4926 2320 4981 dicere
2342 4943 2830 4998 supervacaneum
2892 4930 3086 4998 fuerit,
3118 4947 3251 4986 cum
3283 4930 3483 4988 nullus
3517 4949 3660 5001 pene

2014 5015 2090 5071 sit
2120 5017 2367 5085 scriptor
2398 5015 2699 5087 antiquus,
2725 5017 2823 5089 qui
2857 5018 3132 5090 praeclara
3159 5019 3278 5076 haec
3309 5021 3504 5076 Basilii
3538 5039 3660 5077 cer-

2019 5104 2260 5169 tamina,
2283 5105 2693 5176 egregiamque
2740 5107 2851 5178 ipsi
2877 5125 2910 5162 a
2939 5110 3211 5181 Gregorio
3253 5110 3570 5182 praastitam
3600 5112 3658 5166 in

2016 5193 2110 5249 his
2140 5192 2557 5248 certaminibus
2588 5210 2846 5265 operam,
2868 5213 2983 5252 non
3000 5196 3230 5270 longius
3249 5203 3658 5273 prosequatur.

2015 5282 2234 5339 Verum
2264 5280 2536 5338 lectorem
2561 5284 2849 5341 monitum
2878 5285 3171 5360 volumus,
3208 5287 3574 5361 recentiores,
3597 5289 3659 5344 in

2111 5461 2162 5527 e)
2197 5458 2364 5526 Ibid.,
2391 5476 2447 5515 n.
2473 5459 2560 5516 47.

2111 5532 2160 5602 Γ)
2192 5531 2293 5602 Ep.
2324 5532 2377 5586 4.

2109 5602 2162 5681 ρ)
2193 5602 2411 5681 9r._43,
2435 5604 2594 5681 ιιι-48
2623 5606 2680 5664 et
2710 5620 2835 5681 seq.

2089 5673 2167 5748 (ἡ)
2191 5673 2361 5750 Ibid.,
2393 5673 2453 5736 η.
2477 5675 2566 5752 47,
