4152 6208
457 391 568 449 195

1791 383 1971 444 Vl'l‘A
2017 388 2081 444 S.
2130 383 2526 444 GREGURII.

3749 389 3864 450 196

455 522 817 592 disponenda
841 521 1050 574 harum
1085 535 1276 572 rerum
1331 518 1500 583 serie,
1542 534 1966 587 nonnunquam
1992 517 2092 572 ah-
2125 519 2180 583 Α
2206 517 2386 573 XCVI.
2436 517 2666 589 Operam
2688 535 2843 573 suam
2898 521 3054 590 offert
3099 520 3305 575 Basilio
3358 521 3612 578 adversus
3661 523 3860 578 ΑηιΙιί-

453 627 667 666 errare.
692 609 771 664 Ne
793 609 1199 664 Tillemontius
1227 607 1484 678 quidem,
1508 623 1622 677 quo
1648 623 1761 661 non
1789 605 1933 660 alter
1962 623 2097 660 cau-

455 702 566 756 tior
592 717 657 756 ac
688 699 1022 770 diligentior
1066 698 1136 751 ab
1203 696 1362 750 omni
1420 713 1613 751 errore
1672 695 1954 749 immunis
1987 701 2094 749 est.

453 791 640 846 Locus
672 790 911 860 quidam
943 787 1201 857 Gregorii
1237 787 1420 839 nostri
1453 785 1648 839 minus
1686 791 1840 839 recte
1871 783 2096 838 intelle-

454 887 584 935 ctus
615 881 670 933 in
706 877 988 932 maximas
1019 875 1322 946 angustias
1345 874 1534 928 virum
1571 875 1803 928 doctum
1828 873 2095 942 conjecit.

450 970 765 1039 Postquam
796 965 1108 1035 Gregorius
1137 964 1335 1018 retulit
1367 963 1664 1017 Valentem
1698 961 1891 1016 Basilii
1915 961 2098 1015 admi-

447 1058 668 1112 ratione
702 1055 1055 1125 perculsum,
1091 1051 1342 1106 vetuisse
1375 1068 1445 1105 ne
1471 1051 1556 1105 vis
1608 1051 1658 1104 ei
1689 1051 2019 1117 inferretur,
2043 1053 2100 1103 et

449 1146 590 1200 dum
623 1146 776 1198 dona
807 1143 1036 1197 offerret
1057 1141 1343 1194 mirumin
1365 1140 1600 1193 modum
1631 1138 2100 1206 titubasse,cum-

450 1252 559 1304 que
591 1250 795 1287 rursus
826 1231 886 1284 in
919 1229 1221 1285 ecclesiam
1255 1228 1524 1291 venisset,
1559 1227 1711 1281 intra
1733 1226 1921 1280 velum
1953 1226 2097 1281 divi-

450 1340 556 1377 nas
589 1320 785 1376 Basilii
805 1335 969 1374 voces
993 1318 1320 1382 audivisse;
1348 1321 1677 1386 postquam,
1709 1313 2098 1384 inquam,haac

449 1411 707 1467 narravit
735 1408 1069 1479 Gregorius,
1104 1407 1186 1460 sic
1222 1406 1596 1475 prosequitur
1626 1404 1703 1474 (ιι)
1739 1421 1751 1456 ;
1785 1399 1932 1470 Αὐτή
1956 1401 2096 1477 γίνε-

445 1520 531 1553 ται
562 1504 662 1565 τῆς
694 1500 788 1550 τοῦ
823 1492 1089 1569 βασιλέως
1139 1493 1263 1567 περὶ
1293 1494 1438 1563 ἡμᾶς
1487 1489 1892 1568 φίλανθρωπίας
1925 1490 2094 1564 ἀρχὴ,

446 1588 537 1641 καὶ
595 1587 912 1645 κατάστασις
962 1582 1179 1657 πρώτη,
1234 1585 1395 1635 τοῦτο
1445 1581 1507 1634 τὸ
1566 1578 1767 1651 λῆμμα
1824 1586 1922 1646 τῆς
1975 1577 2097 1632 τότε

448 1675 783 1751 διοχλούσης
837 1671 1090 1747 ἐπηρείας
1147 1672 1208 1724 τὸ
1267 1668 1542 1739 πλεῖστον,
1603 1667 1781 1742 ὥσπερ
1824 1688 1876 1720 τι
1926 1665 2096 1742 ῥεῦμα

448 1763 689 1819 διέλυσεν
726 1783 737 1820 :
768 1789 795 1814 «
832 1766 945 1817 Hoc
968 1761 1189 1817 exstitit
1219 1760 1604 1832 imperatoriis
1663 1775 1800 1827 erga
1851 1775 1954 1812 nos
1987 1759 2092 1812 hu-

451 1854 746 1910 manitatis
778 1861 834 1908 et
858 1851 1178 1906 clementiae
1205 1849 1591 1920 principium;
1625 1848 1744 1902 haec
1775 1847 1963 1918 prima
2002 1864 2090 1901 re-

449 1962 577 1999 rum
605 1942 846 2007 sedatio,
884 1941 1000 1995 haec
1039 1940 1265 1995 occasio
1325 1937 1640 1992 maximam
1690 1936 2094 2006 impressionis

443 2034 622 2098 illius,
659 2049 773 2102 qua
803 2037 926 2083 tum
954 2032 1325 2093 vexaiiamur,
1371 2031 1612 2096 partem,
1659 2042 1770 2078 non
1804 2041 1973 2079 secus
2025 2040 2089 2077 ac

443 2123 656 2176 fluctus
687 2119 994 2190 quosdam,
1023 2116 1194 2187 fregit
1223 2132 1286 2170 ac
1318 2113 1600 2169 dissolvit.
1637 2135 1664 2162 υ
1697 2113 1825 2167 Haec
1875 2114 1947 2166 ad
2004 2130 2090 2168 se-

443 2211 701 2265 cundum
739 2206 987 2262 Valentis
1010 2206 1066 2259 in
1090 2203 1394 2260 ecclesiam
1418 2203 1748 2274 ingressum
1781 2202 1952 2256 refert
1971 2202 2086 2256 Til-

444 2296 1039 2364 lemontius,indeque
1060 2292 1282 2364 colligit
1297 2291 1571 2346 Basilium
1607 2307 1671 2345 ac
1693 2307 1894 2346 omnes
1912 2291 2088 2346 etiam

441 2385 818 2458 Cappadociae
849 2383 1136 2437 Ecclesias
1167 2381 1388 2450 reliquo
1431 2379 1690 2433 Valentis
1723 2379 2090 2450 imperatoris

443 2483 726 2546 tempore,
761 2474 845 2527 vel
879 2471 1086 2527 saltem
1121 2471 1220 2524 diu
1264 2468 1407 2523 satis
1463 2472 1595 2537 post
1651 2466 1905 2522 Valentis
1953 2483 2087 2522 cum

447 2563 658 2620 Basilio
690 2559 1067 2632 colloquium,
1093 2573 1294 2629 pacem
1338 2555 1669 2611 retinuisse.
1727 2555 1944 2610 Verum
1980 2573 2090 2626 pax

444 2653 541 2708 illa
576 2667 944 2723 nequaquam
968 2646 1265 2703 conciliari
1295 2650 1484 2717 potest
1505 2661 1635 2698 cum
1663 2645 2086 2715 persecutione,

443 2758 622 2812 quam
656 2745 785 2809 post
811 2737 1136 2792 secundum
1158 2734 1416 2790 Valentis
1438 2732 1494 2786 in
1528 2731 1830 2787 ecclesiam
1861 2731 2084 2802 ingres-

441 2845 574 2885 sum
607 2833 978 2882 consecutam
1008 2842 1134 2879 esse
1164 2829 1365 2878 auctor
1393 2826 1482 2876 est
1522 2819 1854 2891 Gregorius.
1886 2821 2086 2890 Conje-

441 2917 624 2973 cturis
652 2915 1060 2971 Tillemontius
1091 2913 1241 2967 hanc
1269 2910 1670 2966 difﬁcultatem
1702 2908 1922 2965 solvere
1953 2909 2084 2964 niti-

439 3011 562 3063 tur.
603 3005 713 3061 Sed
735 3005 871 3076 quid
903 3001 1253 3072 conjecturis
1280 3016 1425 3071 Opus
1472 3004 1578 3066 est,
1612 3015 1745 3053 cum
1781 3015 1870 3053 res
1895 3015 1996 3069 per
2025 3015 2088 3055 se

439 3098 615 3168 plana
645 3093 721 3150 sit
749 3100 805 3148 et
829 3093 1096 3163 expedita
1116 3091 1143 3146 Ἰ
1172 3091 1301 3146 Haec
1355 3088 1511 3144 enim
1565 3090 1736 3143 verba
1774 3087 2035 3158 Gregorii
2067 3103 2082 3144 :

446 3206 468 3233 ι
503 3185 619 3240 Hoc
635 3183 741 3237 fuit
761 3180 1133 3252 imperatoris
1154 3196 1291 3250 erga
1305 3195 1408 3234 nos
1422 3175 1807 3231 humanitatis
1826 3176 1948 3229 initi
1962 3193 2080 3244 um,

2777 608 2930 645 mum
2951 593 3299 662 Tyancnse-m.

2284 696 2381 751 llic
2401 697 2574 752 etiam
2607 698 2794 771 legere
2820 698 3012 754 licebit
3043 703 3269 773 egregie
3301 705 3546 758 tractata
3576 702 3636 757 in
3668 703 3858 774 capite

2205 785 2294 852 23,
2319 801 2702 857 quaecumque
2732 793 2996 859 spectant
3025 794 3169 855 orta,
3204 794 3335 860 post
3363 790 3625 846 Valentis
3640 791 3858 846 disces-

2208 889 2360 942 sum,
2385 873 2536 929 inter
2565 883 2831 930 sanctum
2853 876 3554 934 BasiliumetAnthimum
3586 881 3853 950 Tyaneu-

2208 977 2331 1016 sem
2363 964 2700 1034 episcopum
2733 965 2991 1033 dissidia,
3025 983 3092 1020 ex
3139 967 3422 1022 divisione
3476 968 3852 1039 Cappadocia:

2209 1050 2267 1104 in
2311 1052 2458 1106 duas
2516 1054 2841 1122 provincias
2876 1072 2889 1121 ;
2923 1059 2980 1108 et
3023 1071 3150 1125 quae
3191 1057 3373 1126 gessit
3424 1057 3756 1128 Gregorius,
3792 1059 3857 1111 ut

2208 1140 2379 1194 amici
2414 1148 2607 1212 partes
2638 1147 2980 1208 tueretur,et
3001 1144 3139 1213 jura
3167 1145 3503 1200 defenderet
3523 1149 3724 1199 contra
3739 1152 3851 1200 An-

2209 1229 2481 1284 thimum.
2518 1229 2618 1285 Ubi
2657 1231 2912 1302 primum
2942 1233 3252 1304 Gregorius
3285 1234 3471 1288 audiit
3499 1234 3711 1289 Basilio
3727 1250 3850 1290 mo-

2208 1316 2409 1372 lestias
2433 1317 2712 1384 exhiberi,
2745 1336 2913 1375 suam
2943 1319 2992 1375 ei
3017 1326 3222 1391 sponte
3244 1337 3482 1392 operam
3510 1320 3724 1376 obtulit
3752 1321 3852 1392 (b),

2208 1421 2386 1475 seque
2417 1405 2736 1461 Casaream
2773 1407 3070 1478 pollicitus
3109 1413 3197 1464 est
3252 1415 3583 1476 venturum,
3615 1413 3739 1463 tum
3795 1413 3857 1464 ut

2208 1509 2340 1547 eum
2375 1494 2618 1548 consilio
2643 1496 2896 1565 juvaret,
2930 1501 3055 1551 tum
3091 1503 3153 1551 ut
3181 1497 3569 1552 contumelias
3619 1514 3751 1552 cum
3786 1514 3853 1553 eo

2208 1582 2541 1652 partiretur,
2575 1583 2841 1653 quamvis
2871 1602 2973 1656 pro
3006 1591 3158 1640 certo
3190 1586 3429 1641 haberet
3459 1586 3734 1641 Basilium
3761 1587 3850 1640 ni-

2207 1669 2286 1723 hil
2305 1688 2544 1741 prorsus
2559 1673 2848 1727 facturum
2877 1675 3029 1744 quod
3047 1674 3413 1745 philosophia
3426 1677 3502 1729 sit
3517 1675 3847 1746 indignum.

2204 1758 2336 1821 Quae
2362 1760 2532 1814 verba
2565 1760 2706 1815 satis
2735 1761 2994 1815 indicant
3025 1761 3330 1832 epistolam
3347 1763 3418 1816 al.
3445 1764 3533 1832 25,
3568 1763 3848 1834 scriptam

2205 1847 2383 1902 fuisse
2415 1848 2592 1917 hujus
2624 1850 3006 1904 dissensionis
3030 1867 3226 1918 causa,
3269 1852 3325 1904 in
3360 1869 3475 1915 qua
3507 1869 3619 1906 non
3651 1853 3722 1906 de
3739 1853 3849 1908 fide

2204 1943 2304 1989 aut
2335 1937 2595 1991 doctrina
2626 1939 2922 2008 agebatur,
2949 1940 3047 1993 sed
3073 1940 3142 1994 de
3164 1940 3352 1994 reditu
3377 1944 3431 1994 et
3464 1941 3618 1996 sedis
3641 1940 3848 2012 ampli-

2202 2025 2424 2079 tudine.
2474 2025 2823 2080 Divisionem
2886 2027 3112 2081 civilem
3154 2029 3546 2100 Cappadociae,
3581 2047 3704 2100 qua
3737 2032 3847 2084 sub

2202 2112 2435 2167 initium
2470 2113 2680 2169 hiemis
2711 2116 2846 2169 anni
2878 2117 2983 2169 372
3028 2116 3296 2171 instituta
3346 2118 3472 2183 fuit,
3506 2135 3618 2172 non
3647 2119 3845 2174 statim

2200 2207 2400 2257 secuta
2431 2209 2520 2257 est
2549 2203 2954 2258 ecclesiasticas
2995 2206 3303 2276 provinciae
3334 2205 3557 2271 divisio,
3589 2225 3712 2277 quae
3728 2224 3843 2261 non

2200 2291 2310 2345 nisi
2347 2295 2475 2362 post
2491 2291 2741 2347 Valentis
2762 2293 3109 2359 discessum,
3126 2294 3276 2348 circa
3291 2311 3550 2350 mensem
3571 2296 3841 2350 Martium

2203 2378 2378 2449 hujus
2410 2380 2569 2444 anni,
2599 2381 2828 2436 videtur
2845 2382 3480 2452 contigisse.Tumvero
3502 2384 3834 2449 Anthimus,

2198 2467 2564 2538 Tyanensem
2587 2468 2900 2536 civitatem,
2963 2487 3089 2541 quis
3148 2472 3416 2526 secundas
3465 2472 3838 2543 Cappadocia)

2198 2556 2535 2626 metropolis
2561 2557 2710 2611 facta
2741 2558 2946 2623 fuerat,
2980 2559 3180 2612 eodem
3209 2560 3340 2628 jure
3369 2559 3428 2612 in
3461 2561 3634 2615 rebus
3656 2561 3838 2615 eccle-

2198 2643 2451 2698 siasticis
2487 2661 2615 2699 esse
2665 2645 2871 2700 debere
2927 2647 3241 2716 contendit,
3291 2663 3506 2719 easque
3537 2650 3838 2719 parmcias,

2197 2747 2323 2802 quas
2354 2749 2507 2786 none
2529 2732 2834 2803 provinciae
2859 2751 3042 2805 nuper
3064 2735 3348 2804 adjuncta
3379 2737 3836 2808 fuerant,utjam

2198 2821 2310 2874 sibi
2343 2821 2657 2876 attinentes
2689 2827 2745 2876 et
2775 2839 2808 2876 a
2853 2822 3065 2877 Basilio
3123 2824 3455 2893 distractae,
3506 2825 3839 2881 vindicavit.

2196 2914 2397 2964 contra
2427 2909 2676 2965 Basilius
2706 2911 2884 2965 veteri
2911 2912 3343 2977 consuetudini,
3375 2917 3551 2983 atque
3581 2914 3715 2968 huic
3755 2916 3841 2970 di-

2194 2995 2425 3063 visioni,
2459 3013 2587 3066 quas
2614 2997 2750 3051 olim
2768 2997 3083 3053 aPatribus
3111 3001 3259 3053 facta
3290 3001 3840 3065 fuerat,inhzerebat.

2198 3085 2391 3140 Partes
2422 3085 2681 3140 Anthimi
2714 3088 3112 3157 sequebantur
3168 3087 3426 3159 plerique
3467 3091 3840 3161 Cappadocia

2196 3175 2449 3244 episcopi
2489 3191 2499 3227 :
2539 3196 2565 3222 «
2599 3175 2737 3228 Tres
2765 3175 3004 3245 quidem
3039 3183 3204 3231 erant
3233 3195 3441 3245 causis,
3479 3179 3667 3248 inquit
3700 3180 3839 3235 Gre-

439 3274 561 3328 haec
593 3271 780 3343 prima
814 3285 1009 3324 rerum
1042 3266 1286 3332 sedatio,
1321 3288 1349 3314 ››
1393 3283 1506 3320 non
1538 3266 1608 3319 ad
1643 3264 1901 3319 Valentis
1931 3264 2085 3319 intra
2115 3257 2157 3323 C
2196 3263 2395 3334 gorius
2427 3263 2512 3334 (ε),
2547 3279 2650 3317 cur
2710 3263 2879 3317 multi
2937 3264 3113 3319 etiam
3165 3271 3296 3320 ante
3351 3283 3556 3336 parum
3615 3267 3730 3322 leni
3785 3274 3842 3324 et

437 3362 631 3417 velum
663 3376 794 3413 cum
826 3355 1040 3411 Basilio
1072 3354 1449 3424 colloquium,
1472 3354 1569 3408 sed
1596 3353 1667 3406 ad
1691 3352 1850 3408 illam
1885 3353 2082 3408 Basilii

438 3449 671 3506 virtutis
703 3445 1167 3510 admirationem,
1200 3458 1317 3512 qua
1347 3440 1652 3512 perculsus
1683 3441 2084 3496 Valensvetuit

439 3539 490 3595 ei
522 3538 636 3593 vim
667 3534 877 3601 atl'erri,
904 3532 1204 3588 referenda
1233 3536 1372 3586 sunt
1396 3547 1408 3585 :
1443 3531 1594 3601 quod
1621 3529 1855 3600 quidem
1875 3547 1942 3584 ex
1963 3535 2083 3584 tota

439 3644 633 3684 rerum
666 3625 812 3681 serie
845 3626 1018 3694 patet.
1051 3620 1276 3676 Etenim
1306 3619 1618 3690 Gregorius
1648 3619 1728 3672 ait
1755 3617 2077 3686 Valentem,

435 3717 655 3772 auditis
677 3731 803 3785 qua
833 3715 1093 3784 gesserat
1125 3708 1391 3776 Basilius,
1409 3709 1700 3762 intantam
1723 3706 1882 3762 illius
1903 3707 2080 3762 virtu-

436 3806 509 3861 tis
541 3802 988 3859 admirationem
1019 3798 1471 3864 venisse,utvim
1503 3796 1553 3850 ei
1583 3797 1780 3851 inferri
1813 3798 2079 3862 vetuerit,

431 3895 600 3966 eique
631 3890 1027 3948 satisfaciendi
1060 3905 1237 3945 causa
1285 3887 1344 3941 in
1374 3885 1676 3942 ecclesiam
1710 3887 1946 3954 venerit,
1982 3887 2081 3941 ubi

431 3986 501 4040 ad
523 3983 715 4038 solum
748 3979 948 4036 Basilii
978 3983 1357 4049 conspectum
1387 3975 1760 4040 contremuit,
1793 3991 1858 4029 ac
1885 3983 2083 4046 postea

435 4072 663 4126 rediens
693 4071 932 4141 longum
965 4066 1194 4122 videndi
1221 4064 1868 4121 Basiliumdesiderium
1888 4063 2079 4134 exple-

433 4161 531 4214 vit.
564 4159 722 4221 Quod
739 4175 873 4228 ergo
899 4157 1098 4211 statim
1125 4153 1798 4225 additGregorius,hanc
1831 4153 2078 4221 primam

434 4247 616 4301 fuisse
638 4245 1000 4314 tempestatis
1031 4244 1420 4309 sedationem,
1443 4242 1640 4296 referri
1674 4241 1842 4295 debet
1873 4241 2079 4311 adjus-

432 4351 564 4391 sum
599 4334 878 4398 Valentis,
903 4332 1001 4403 qui
1026 4332 1270 4385 miratus
1293 4346 1586 4385 summam
1604 4329 1796 4385 Basilii
1817 4335 2083 4384 constan-

428 4425 572 4480 tiam
605 4422 662 4476 in
697 4421 1014 4476 certamine
1046 4420 1326 4473 adversus
1359 4419 1716 4489 praefectum,
1756 4435 1881 4487 quae
1915 4419 2022 4489 ipsi
2047 4437 2080 4475 a

430 4512 696 4586 przefecto
722 4514 953 4563 narrata
987 4509 1194 4574 fuerat,
1231 4522 1301 4560 ne
1325 4507 1412 4560 vis
1444 4506 1522 4560 illi
1552 4507 2077 4573 inferreturvetuit,

2193 3352 2441 3407 candido
2464 3369 2600 3423 erga
2631 3368 2764 3406 eum
2796 3351 3118 3424 (Basilium)
3150 3354 3346 3409 animo
3380 3362 3594 3410 essent.
3623 3357 3840 3422 Prima,

2193 3440 2345 3512 quod
2379 3441 2435 3493 in
2470 3439 2602 3494 fidei
2631 3441 2859 3512 negotio
2877 3458 3088 3496 cumeo
3120 3443 3837 3516 minimeconsentiehant,

2192 3529 2304 3584 nisi
2335 3533 2620 3600 quantum
2654 3528 2708 3582 id
2734 3529 2902 3600 ipsis,
2929 3536 3167 3602 cogente
3208 3530 3607 3601 multitudine,
3640 3549 3838 3590 neces-

2191 3617 2344 3672 sario
2380 3616 2706 3672 faciendum
2740 3623 2880 3672 erat.
2930 3617 3141 3684 Altera,
3176 3621 3328 3690 quod
3362 3619 3622 3676 dolorem
3649 3638 3716 3677 ex
3751 3623 3835 3693 ip-

2191 3706 2314 3761 sius
2345 3706 2626 3761 electione
2649 3711 2991 3777 conceptum
3017 3708 3276 3762 nondum
3295 3710 3533 3764 omnino
3552 3712 3844 3767 exanimis

2190 3797 2498 3866 ejecerant.
2533 3795 2854 3863 Postrema,
2889 3797 3042 3866 quod
3075 3813 3136 3851 se
3164 3798 3332 3868 longe
3366 3798 3736 3871 multumque
3769 3801 3841 3855 ab

2190 3899 2255 3940 eo
2287 3883 2472 3954 gloria
2510 3883 2770 3955 superari
2805 3886 3180 3941 acerbissime
3229 3889 3444 3941 ferrent
3473 3905 3485 3954 ;
3519 3891 3749 3943 tametsi
3784 3891 3840 3945 id

2191 3973 2451 4028 confiteri
2482 3972 2892 4043 turpissimum
2925 3979 3169 4030 esset....
3226 3975 3302 4028 Ex
3335 3975 3442 4030 hac
3469 3977 3839 4034 contentione

2192 4061 2484 4134 permulta
2515 4060 2670 4116 mala
2699 4061 2910 4131 partim
2935 4063 3059 4132 jam
3085 4063 3448 4130 accidebant,
3482 4065 3691 4136 partim
3726 4068 3836 4121 im-

2191 4151 2539 4221 pendebant.
2563 4150 3064 4205 Subtrahebantur
3104 4157 3420 4208 conventus
3452 4170 3485 4208 a
3533 4170 3680 4209 novo
3714 4171 3834 4210 me-

2190 4239 2483 4310 tropolita,
2520 4243 2830 4310 proventus
2857 4238 3304 4310 diripiebantur,
3344 4262 3365 4289 ι
3405 4245 3512 4296 etc.

2189 4345 2402 4400 XCVII.
2439 4345 2731 4413 Gregorius
2759 4343 3061 4399 Caesaream
3116 4348 3280 4400 venit.
3339 4348 3548 4403 Basilio
3601 4348 3754 4403 addit
3783 4367 3840 4404 se

2259 4419 2486 4540 spiciam,
2518 4421 2569 4471 et
2601 4419 2826 4471 interest
2847 4433 3044 4487 pugnae
3073 4433 3238 4488 prope
3267 4419 3485 4473 Sasima
3513 4423 3702 4474 contra
3733 4424 3839 4475 An-

2262 4497 2281 4540 t
2324 4492 2518 4540 imum.

2262 4492 2518 4542 thimum.

429 4605 602 4671 atque
639 4599 693 4652 in
728 4596 1036 4653 ecclesiam
1069 4611 1130 4649 se
1161 4594 1419 4648 conferre
1441 4599 1497 4646 et
1529 4593 1804 4664 cumipso
1829 4593 2084 4667 colloqui
2117 4622 2162 4685 Β
2264 4593 2365 4649 His
2381 4594 2618 4660 auditis,
2647 4593 2958 4685 Gregorius
2988 4594 3248 4650 debitum
3280 4596 3415 4650 huic
3436 4597 3681 4669 tempori
3704 4599 3839 4653 ofﬁ-

429 4689 653 4745 statuit.
690 4691 969 4740 Praeterea
998 4685 1152 4738 idem
1175 4681 1555 4754 probanthaac
1575 4682 1746 4735 verba
1776 4682 2067 4754 Gregorii:

420 4780 509 4833 καὶ
541 4777 856 4836 κατάστασις
886 4773 1102 4849 πρώτη,
1134 4795 1160 4822 ‹‹
1226 4773 1344 4826 hmo
1376 4772 1566 4842 prima
1607 4772 1849 4835 sedatio,
1888 4797 1913 4821 ››
1947 4793 2071 4845 quae

419 4868 627 4924 Billius
654 4885 767 4921 non
799 4865 1068 4921 reddidit.
1094 4863 1325 4918 Certum
1360 4877 1611 4930 namque
1635 4865 1740 4924 est,
1780 4867 1916 4914 tunc
1951 4865 2069 4932 pri-

413 4974 572 5014 mum
605 4957 866 5012 sedatam
888 4953 1066 5007 fuisse
1081 4960 1191 5005 tem
1205 4953 1583 5021 pestatem,cu
1597 4966 1649 5002 m
1664 4948 1870 5003 Valens
1889 4954 2068 5006 vetuit

412 5063 484 5104 ne
517 5047 599 5100 vis
625 5044 838 5100 Basilio
873 5044 1204 5108 inferretur,
1223 5039 1375 5110 quod
1403 5037 1656 5110 profecto
1677 5040 1857 5092 vetuit
1881 5039 2068 5110 prius-

419 5152 598 5208 quam
629 5136 688 5189 in
711 5133 1016 5190 ecclesiam
1048 5147 1110 5185 se
1141 5130 1446 5184 conferret.
1491 5127 1619 5182 Haac
1654 5128 1951 5183 monuisse
1981 5133 2073 5184 sat

421 5230 526 5282 est.
561 5224 666 5290 Qui
687 5222 854 5295 plura
885 5220 1054 5286 volet,
1089 5218 1243 5289 legat
1300 5219 1479 5272 Vitam
1517 5216 1712 5271 Baszlii
1744 5233 1898 5272 novre
1931 5234 2069 5289 ope-

420 5331 552 5370 rum
585 5312 772 5370 sancti
809 5308 1069 5371 doctoris
1117 5307 1356 5366 editioni
1388 5306 1700 5380 praeﬁxum,
1729 5321 1854 5379 cap.
1884 5305 1976 5378 20,
2007 5323 2066 5381 p.

427 5405 550 5470 104,
587 5421 643 5460 n.
668 5404 722 5458 8.

487 5636 565 5708 (τι)
588 5636 685 5691 Or.
721 5636 807 5708 43,
845 5651 901 5708 n.
934 5634 1023 5690 53.

490 5707 568 5786 (ὁ)
597 5708 699 5784 Ep.
733 5707 806 5765 al.
838 5707 928 5767 25.

2193 4683 2348 4739 cium
2382 4699 2492 4736 non
2529 4682 2936 4753 pretermittit,
2979 4699 3267 4754 suamque
3298 4686 3584 4755 protinus,
3621 4691 3683 4740 ut
3707 4688 3833 4756 jam

2183 4772 2428 4839 dictum,
2453 4770 2659 4824 Basilio
2682 4787 2916 4841 operam
2941 4772 3279 4841 profitetur;
3313 4775 3467 4843 quod
3501 4775 3685 4828 amico
3706 4792 3832 4845 per-

2182 4864 2414 4930 gratum
2451 4859 2576 4912 fuit.
2607 4858 2720 4914 Nec
2743 4876 2927 4926 mora,
2955 4861 3198 4915 Basilius
3221 4863 3741 4933 rogatGregorium
3769 4871 3833 4918 ut

2182 4948 2530 5019 quantocius
2564 4948 2630 5001 ad
2659 4965 2720 5002 se
2751 4949 2944 5003 veniat
2968 4967 2980 5012 ;
3008 4951 3105 5019 qui
3148 4967 3281 5004 cum
3337 4951 3609 5019 venisset,
3659 4953 3832 5006 ambo

2181 5036 2357 5090 simul
2383 5037 2618 5106 profecti
2651 5042 2788 5091 sunt
2835 5038 2905 5090 ad
2942 5044 3199 5092 montem
3234 5039 3511 5106 Taurum,
3547 5039 3643 5093 ubi
3670 5040 3830 5095 locus

2179 5125 2421 5194 quidam
2451 5125 2722 5194 erat,sive
2735 5125 2979 5180 ecclesia
2993 5127 3102 5180 sub
3123 5127 3307 5182 sancti
3340 5127 3560 5183 Orestis
3577 5129 3830 5196 nomine,

2179 5218 2570 5269 undeannuos
2584 5213 2806 5269 reditus
2824 5214 3086 5285 capiebat
3103 5214 3475 5271 Cmsariensis
3492 5216 3824 5288 episcOpus.

2179 5301 2328 5357 Dum
2374 5302 2649 5371 redirent,
2695 5302 3034 5370 Anthimus,
3088 5320 3264 5376 quem
3317 5305 3547 5360 Taurici
3604 5305 3828 5362 reditus

2178 5391 2432 5448 maxime
2463 5393 2520 5447 in
2553 5392 2808 5450 furorem
2843 5393 3113 5466 agebant,
3139 5393 3354 5468 quippe
3377 5409 3523 5469 quos
3555 5394 3613 5453 in
3637 5399 3831 5454 trans-

2248 5625 2318 5705 (ε)
2350 5624 2444 5682 Or.
2477 5625 2564 5699 43,
2601 5642 2659 5683 n.
2701 5626 2793 5684 58.
