4152 6208
345 379 466 436 {97

1688 365 1871 427 VI'I‘A
1916 367 1980 427 S.
2030 368 2425 429 GIIEGOBII.

3646 372 3761 435 198

341 510 431 564 itu
459 505 780 563 Casaream
810 501 1027 576 portari
1070 500 1273 571 iniquo
1304 497 1499 554 animo
1531 497 1825 569 cernebat,
1859 515 1995 554 cum
2028 509 2081 572 Α
2111 517 2249 556 seno
2276 500 2498 566 habuit,
2531 501 2641 555 sibi
2673 500 2930 555 amicum
2952 500 3022 555 ab
3046 500 3232 558 amico
3255 502 3449 560 venire
3481 504 3650 573 dixit,
3682 508 3753 563 ab

342 594 698 670 praedatoria
726 609 905 649 manu
938 589 1242 663 angustias
1287 592 1531 661 occupat
1578 606 1592 657 ;
1643 588 2002 645 transeuntis

346 686 553 742 Basilii
587 682 785 751 mulis,
820 682 917 754 qui
943 681 1120 736 rebus
1144 695 1211 734 ex
1242 679 1456 733 Sancto
1489 676 1691 733 Oreste
1714 678 2003 750 perceptis

347 776 550 832 onusti
575 777 759 840 erant,
785 769 1346 836 iterintercludit,ne
1368 767 1521 823 ultra
1534 768 1999 840 progrediantur.

348 864 683 923 Commissa
712 862 833 917 haec
865 876 1062 933 pugna
1095 874 1272 930 prope
1300 857 1546 913 Sazima.
1592 857 1737 912 Nam
1795 856 2005 929 Grego-

349 956 479 1010 rius
508 956 580 1025 (α)
606 970 720 1007 non
743 950 867 1006 sine
891 947 1441 1019 stomachojocatur
1462 947 1519 1001 in
1537 946 2002 1017 Basilium,quod

348 1063 414 1100 se
428 1042 728 1099 Sasimoru
740 1058 794 1095 m
807 1040 1082 1112 episcopu
1094 1056 1147 1092 m
1162 1035 2005 1104 constituisset,utcumAnthi-

348 1152 449 1189 mo
482 1132 702 1189 bellum
726 1133 973 1204 gereret,
998 1128 1046 1182 si
1070 1127 1303 1199 quando
1330 1125 1379 1180 is
1406 1123 1603 1179 Basilii
1628 1124 1820 1179 mulos
1854 1124 2003 1179 arri-

348 1227 513 1295 peret
545 1220 851 1293 angustias
882 1221 1107 1287 tenens,
1140 1219 1196 1271 et
1249 1213 1401 1270 velut
1450 1212 1680 1269 Amalec
1729 1212 2003 1269 Israelem

346 1327 650 1369 coercens.
684 1312 893 1364 Datum
928 1322 989 1363 se
1021 1304 1197 1361 etiam
1230 1302 1477 1360 Sasimis
1508 1302 1591 1359 ait
1635 1301 1693 1357 in
1745 1302 2004 1359 carmine

345 1402 426 1456 De
455 1402 567 1455 vita
598 1414 721 1465 sua,
755 1396 897 1468 quia
926 1393 1197 1451 bellicam
1242 1390 1640 1448 fortitudinem
1674 1392 1743 1447 ad
1802 1390 2003 1448 Basilii

348 1505 551 1545 causas
572 1486 970 1542 defensionem
987 1483 1354 1539 ostenderat:
1376 1480 1528 1553 quod
1548 1485 1893 1554 argumento
1916 1485 2005 1538 est

348 1595 489 1633 eum
526 1592 736 1648 pugna
763 1590 941 1647 prope
968 1573 1198 1630 Sasima
1229 1570 1591 1627 interfuisse.

353 1683 602 1741 XCVIII.
625 1681 914 1750 Gregorius
949 1679 1288 1735 Sasimorum
1326 1679 1611 1750 episcopus
1655 1686 2005 1735 consecratur

644 1755 941 1818 Nazianzi,
972 1768 1081 1807 non
1115 1751 1394 1815 Caesareae,
1421 1766 1566 1805 anno
1587 1750 1711 1805 372.

2113 588 2480 645 auditoribus
2511 586 2769 660 postulat
2800 604 2941 642 num
2969 603 3089 643 rem
3147 586 3362 645 clarius
3412 592 3619 663 exponi
3668 610 3756 649 ve-

2114 678 2243 749 lint,
2266 676 2529 733 etstatim
2556 677 2786 748 Moysen
2810 680 2865 732 et
2886 678 3073 732 Aaron
3100 677 3156 732 in
3198 679 3459 735 medium
3496 682 3714 753 profert
3741 702 3754 752 ;

2112 765 2301 836 iisque
2333 770 2603 837 peracute
2628 766 2778 819 inter
2808 782 2869 820 se
2899 766 3272 837 comparatis,
3308 767 3520 825 iterum
3552 777 3759 841 postu-

2116 853 2216 923 lat,
2236 871 2428 909 annon
2452 854 2756 926 perspicue
2780 855 3185 926 cognominem
3208 873 3404 929 suum,
3428 858 3483 914 id
3512 866 3597 915 est
3621 861 3756 915 Gre-

2119 945 2368 1017 gorium,
2403 944 2843 1011 etunanimem,
2879 944 2935 999 id
2977 949 3065 1000 est
3098 945 3400 1014 Basilium,
3447 949 3627 1005 oratio
3676 951 3758 1006 ef-

2114 1035 2378 1089 ﬁnxerit:
2411 1058 2436 1083 ‹‹
2471 1033 2687 1089 Horum
2719 1032 2881 1104 alter,
2930 1032 3122 1105 inquit
3169 1035 3267 1107 (ἀ),
3314 1053 3417 1092 nos
3466 1039 3650 1106 unxit,
3701 1045 3759 1096 et

2111 1122 2359 1179 latentes
2386 1124 2445 1177 in
2476 1121 2731 1177 medium
2758 1123 3091 1193 produxit...
3121 1140 3234 1179 non
3256 1128 3319 1179 ut
3344 1126 3587 1198 dignum
3612 1134 3755 1203 erat,

2112 1230 2177 1269 eo
2202 1212 2412 1285 spiritu
2436 1212 2532 1283 qui
2560 1212 2617 1266 in
2643 1212 2769 1283 ipso
2793 1215 2948 1268 est...
2990 1211 3146 1269 Alter
3193 1214 3348 1271 venit
3395 1221 3456 1271 ut
3483 1234 3589 1273 nos
3617 1235 3760 1274 con-

2113 1302 2351 1371 soletur,
2370 1319 2435 1357 ac
2450 1301 3133 1375 conﬂrmet,spirituique
3149 1311 3538 1361 mansuescat.
3565 1330 3591 1355 »
3614 1307 3757 1365 Cum

2112 1408 2248 1465 ergo
2274 1390 2493 1448 missus
2517 1390 2593 1445 sit
2624 1408 2656 1446 a
2686 1390 2901 1447 Basilio
2924 1392 3236 1465 Gregorius
3257 1393 3575 1467 Nyssenus,
3602 1396 3757 1469 quod

2112 1480 2491 1537 manifestum
2522 1483 2611 1536 est
2641 1497 2708 1535 ex
2738 1479 2933 1552 dictis,
2964 1481 3235 1539 advenire
3267 1501 3381 1539 non
3413 1486 3607 1557 potuit
3656 1504 3757 1560 po-

2112 1570 2313 1627 stridie
2345 1569 2749 1637 ordinationis,
2787 1573 2851 1625 ut
2893 1570 3139 1627 Baronio
3188 1572 3377 1628 visum
3421 1580 3529 1646 est,
3584 1580 3759 1649 atque

2111 1677 2409 1732 perperam
2440 1658 2656 1732 legitur
2693 1659 2846 1731 apud
2906 1659 3136 1715 Billium
3167 1661 3224 1716 in
3278 1662 3755 1735 interpretatione

2111 1748 2267 1806 tituli
2292 1749 2570 1805 orationis
2591 1749 2912 1805 undecima:
2929 1766 2940 1805 :
2958 1755 3354 1807 verumtamen
3380 1754 3754 1825 paucioribus

431 1844 594 1950 Istud
619 1848 812 1950 tamen
836 1840 1146 1950 dissidium
1172 1841 1241 1950 ad
1258 1839 1525 1940 Ecclesiae
1546 1838 1851 1950 u‘tilitatgm
1872 1856 2004 1895 con-
2036 1887 2081 1950 Β
2114 1846 2245 1941 post
2275 1840 2699 1895 ordinationem
2732 1841 2940 1896 diebus
2971 1842 3220 1898 advenit.
3256 1845 3318 1899 In
3345 1844 3453 1900 ista
3473 1847 3753 1916 oratione,

351 1933 531 1989 vertit
558 1932 805 1987 Basilius
828 1929 1272 2001 multiplicando
1295 1928 1690 2000 episcopatus:
1712 1950 1739 1979 ‹‹
1764 1929 1841 1983 Ex
1863 1945 2000 1999 quo,

352 2023 555 2094 inquit
598 2020 911 2091 Gregorius
943 2019 1040 2088 (ὁ),
1072 2022 1191 2073 tres
1223 2016 1679 2089 praeclarissimas
1711 2034 1802 2073 res
1834 2034 2001 2073 secu-

351 2110 755 2165 taesunt.Nam
788 2116 845 2163 et
868 2108 1195 2163 animarum
1222 2123 1361 2161 cura
1381 2107 1851 2178 majorsuscepta
1874 2111 1998 2175 est;

352 2206 415 2257 et
446 2200 721 2272 quislibet
751 2197 951 2254 civitas
984 2200 1299 2265 proventus
1331 2211 1470 2251 suos
1500 2195 1742 2260 habuit;
1786 2200 1843 2251 et
1884 2195 2005 2250 bel-

354 2290 482 2344 lum
517 2288 628 2342 hac
658 2286 882 2343 ratione
912 2301 1314 2356 compressum
1347 2287 1403 2339 et
1434 2282 1784 2339 exstinctum
1840 2288 1948 2339 est.
1976 2304 2003 2333 »

356 2378 581 2433 Harum
608 2376 663 2430 in
692 2391 932 2430 numero
958 2374 1186 2429 aedium
1209 2372 1801 2445 episcopalium,quas
1825 2373 2007 2428 erexit

359 2466 636 2535 Basilius,
663 2462 1086 2533 fuereSasima,
1111 2460 1383 2535 ignobilis
1416 2460 1651 2532 quidem
1687 2460 1870 2525 locus,
1913 2461 2006 2516 cui

356 2555 708 2629 Gregorium
741 2558 1006 2609 nostrum
1038 2552 1329 2624 praeficere
1358 2567 1703 2623 episcopum
1763 2550 2004 2619 statuit;

359 2660 620 2716 eumque
642 2642 1048 2707 reluctantem,
1072 2645 1245 2711 atque
1268 2638 1597 2712 episcopale
1637 2656 1785 2695 onus
1828 2640 2007 2695 refor-

360 2736 688 2790 midantem
715 2748 777 2786 ac
794 2748 1031 2803 prorsus
1050 2730 1367 2801 fugientem
1389 2729 1611 2792 cedere,
1636 2733 1711 2795 et,
1737 2729 1785 2785 si
1811 2730 2009 2787 minus

359 2825 656 2889 animum,
678 2820 889 2876 saltem
916 2818 1452 2891 caputordinationi
1473 2818 2009 2890 submittere,adju-

359 2920 533 2968 vante
554 2910 813 2982 Gregorii
840 2914 1021 2980 patre,
1046 2906 1348 2979 compulit.
1384 2906 1513 2961 Hasc
1559 2907 1849 2963 ordinatio
1893 2925 2009 2964 non

357 3002 657 3070 Caesareas,
685 3003 745 3052 ut
778 2996 897 3052 vult
921 2996 1300 3052 doctissimus
1322 2993 1755 3064 Tillemontius,
1781 2996 1881 3052 sed
1905 3000 2013 3052 Na-

359 3090 545 3145 ziansi
569 3091 799 3161 peracta
818 3090 927 3156 est,
955 3085 1156 3155 utipse
1175 3088 1422 3139 testatur
1451 3084 1765 3156 Gregorius
1784 3084 1876 3158 (ο),
1909 3086 2010 3158 qui

360 3178 649 3234 Basiliam
708 3174 938 3230 venisse
996 3173 1345 3229 Nazianzum
1406 3172 1717 3229 manifeste
1762 3174 2007 3231 asserit:

362 3268 519 3322 «Sed
545 3265 695 3320 venit
718 3263 789 3319 ad
812 3280 915 3319 nos
931 3262 1250 3318 amicorum
1266 3260 1649 3317 cbarissimus
1683 3262 2005 3330 Basilius,»
2040 3248 2082 3315 C

362 3364 471 3412 etc.
511 3351 669 3407 Ἀλλ’
696 3352 827 3421 ἧκεν
859 3353 995 3423 ἡμῖν
1026 3354 1131 3404 τῶν
1168 3347 1341 3426 φίλων
1372 3348 1399 3404 ὁ
1431 3346 1685 3427 φίλτατος
1717 3347 2009 3412 Βασιλέως.

362 3445 514 3500 Tum
548 3448 771 3511 narrat,
804 3442 1119 3513 quomodo,
1152 3444 1313 3511 patre
1343 3439 1623 3495 Basiliam
1676 3442 2009 3511 adjuvante,

366 3536 647 3604 deceptus
680 3529 875 3586 fuerit.
910 3529 1212 3595 Praeterea,
1247 3545 1359 3600 quo
1415 3527 1506 3583 die
1544 3528 1850 3586 ordinatus
1900 3538 2012 3599 est,

367 3624 693 3678 orationem
718 3635 912 3674 coram
936 3623 1098 3689 patre
1115 3622 1172 3672 et
1190 3616 1399 3672 Basilio
1421 3616 1669 3689 aliisque
1700 3618 2010 3691 episcopis,

365 3713 467 3783 qui
497 3726 635 3766 eum
667 3708 1099 3775 ordinaverant,
1133 3706 1360 3763 habuit.
1404 3706 1544 3772 Quis
1571 3708 1769 3762 credat
1799 3707 2012 3780 Grego-

364 3803 519 3855 rium
553 3803 777 3871 patrem
829 3796 991 3852 senio
1040 3796 1367 3851 confectum
1420 3795 1738 3852 Caesaream
1784 3797 2013 3853 venisse

366 3891 544 3960 hujus
561 3886 953 3943 ordinationis
974 3901 1182 3952 causa;
1224 3889 1323 3939 aut
1346 3885 1395 3939 si
1422 3885 1657 3953 venerit,
1695 3884 1747 3940 id
1783 3884 2014 3942 silentio

368 3976 904 4049 prmtermissurum
928 3974 1107 4029 fuisse
1120 3973 1488 4045 Gregorium,
1505 3973 1603 4043 qui
1620 3973 1811 4029 simile
1832 3974 2013 4046 patris

368 4065 703 4131 iter,Basilii
728 4081 905 4119 causa
926 4067 1287 4134 susceptum,
1314 4066 1378 4117 ut
1408 4079 1653 4117 summis
1689 4062 1867 4117 animi
1900 4064 2012 4118 for-

366 4156 641 4211 titudinis
661 4154 719 4209 in
743 4153 910 4209 effeto
933 4168 1172 4224 corpore
1203 4151 1499 4223 specimen
1532 4152 1859 4207 admiratur
1880 4152 2015 4209 70r-

364 4247 606 4301 dinatus
635 4248 726 4299 est
753 4242 1066 4314 Gregorius
1116 4240 1479 4297 Sasimorum
1528 4240 1837 4314 episcopus
1881 4244 2014 4297 ante

365 4334 611 4399 Pascha,
636 4334 791 4405 quod
817 4348 969 4385 anno
984 4330 1089 4384 372
1111 4329 1320 4385 Incidit
1342 4330 1399 4385 in
1422 4330 1575 4385 diem
1614 4346 1716 4384 VIII
1758 4328 2008 4402 Aprilis:

366 4424 662 4496 siquidem
697 4426 936 4477 sanctus
967 4418 1255 4474 Eusebius
1296 4418 1747 4487 Sainosatensis,
1801 4419 2012 4475 litteris

364 4512 539 4585 paulo
564 4514 696 4582 post
716 4508 938 4565 Pascha
955 4508 1092 4563 anni
1116 4506 1273 4562 illius
1298 4507 1450 4563 datis
1472 4508 2011 4578 respondens,hanc

363 4601 475 4656 sibi
509 4598 936 4655 ordinationem
971 4613 1083 4651 non
1120 4595 1410 4667 placuisse
1440 4595 1750 4668 significat.

363 4708 555 4763 XCIX.
605 4707 874 4761 Invisilur
919 4721 957 4759 α
1007 4702 1270 4774 Gregorio
1319 4705 1587 4773 Nysseno,
1637 4720 1795 4775 quem
1864 4706 2015 4760 misit

1064 4776 1321 4829 Basilius.

440 4866 752 4938 Perpaucis
784 4869 917 4936 post
948 4862 1375 4918 ordinationem
1408 4862 1635 4931 diebus,
1668 4862 2010 4935 Gregorium

368 4963 635 5013 nostrum
662 4954 859 5009 invisit
880 4950 1190 5024 Gregorius
1204 4951 1524 5024 Nyssenus.
1548 4952 1619 5005 ab
1647 4951 1833 5007 amico
1876 4952 2012 5006 mis-

367 5064 493 5111 sus,
520 5049 584 5099 ut
608 5042 1013 5115 cognominem
1033 5058 1204 5097 suum
1240 5039 1543 5096 solaretur.
1572 5041 1735 5096 Hunc
1757 5040 2013 5097 amicum

366 5154 496 5191 esse
526 5138 796 5189 senatum
820 5130 1133 5187 Eusebium
1154 5134 1597 5185 Samosatenum
1618 5134 1719 5185 aut
1743 5134 2012 5186 sanctum

367 5223 669 5280 Meletium
701 5220 1017 5276 arbitratur
1037 5218 1463 5274 Tillemontius:
1495 5235 1697 5274 verum
1720 5218 1771 5274 is
1789 5220 2015 5274 amicus

367 5330 486 5369 non
510 5311 661 5368 alius
682 5312 771 5366 est
800 5325 977 5381 quam
1009 5308 1135 5380 ipse
1166 5307 1432 5363 Basilius.
1494 5307 1808 5379 Postquam
1856 5308 2014 5364 enim

367 5400 685 5475 Gregorius
711 5399 770 5455 in
802 5396 1082 5454 orationis
1113 5396 1367 5466 exordio,
1400 5412 1579 5468 quam
1624 5412 1819 5455 coram
1867 5397 2015 5471 Nys-

443 5567 518 5633 (α)
552 5564 649 5620 Or.
684 5562 774 5633 43,
806 5578 864 5617 n.
896 5562 986 5617 58.

443 5633 519 5711 (b)
550 5636 724 5703 lbid.,
755 5651 814 5711 ιλ.
844 5633 935 5711 59ΔἿ

446 5700 515 5789 (ο)
546 5700 737 5768 Carm.
764 5706 841 5767 De
868 5704 983 5765 vita
1009 5719 1130 5778 sua,
1162 5718 1217 5777 v,
1248 5700 1375 5766 389.

2113 1936 2178 1985 ut
2200 1930 2257 1985 in
2286 1946 2543 2001 eaquam
2566 1934 2698 1985 ante
2720 1947 2915 1985 coram
2940 1930 3154 1987 Basilio
3177 1932 3478 1999 habuerat,
3508 1938 3621 1991 vim
3648 1936 3760 1992 sibi

2114 2020 2336 2075 illatam
2372 2020 2768 2090 conqueritur,
2804 2020 2903 2074 sed
2937 2024 3131 2076 tamen
3185 2024 3533 2095 obsequium
3582 2044 3757 2083 suum

2116 2109 2441 2180 profitetur.
2470 2108 2630 2163 Dolet
2652 2109 2801 2179 quod
2824 2108 3122 2180 Nyssenus
3144 2110 3331 2167 serius
3354 2115 3591 2182 venerit,
3643 2115 3758 2170 vel-

2116 2196 2201 2251 uti
2228 2202 2361 2268 post
2392 2195 2613 2251 cladem
2646 2195 2948 2267 auxilium,
2980 2202 3109 2268 post
3129 2203 3529 2270 tempestatem
3552 2202 3760 2273 guber-

2116 2290 2303 2353 nator,
2338 2289 2469 2356 post
2504 2284 2830 2340 cicatricem
2874 2285 3190 2341 medicina:
3246 2303 3444 2343 verum
3494 2306 3555 2345 se
3601 2307 3758 2347 nunc

2117 2375 2318 2432 cedere
2339 2380 2394 2429 et
2426 2374 2699 2429 fiduciam
2733 2374 3031 2445 concipere
3061 2375 3336 2445 declarat,
3389 2380 3543 2450 quod
3594 2396 3762 2452 argu-

2120 2468 2313 2519 mento
2335 2467 2423 2519 est
2453 2463 2601 2519 banc
2622 2462 2882 2518 habitam
2906 2464 3224 2520 orationem
3245 2466 3592 2540 priusquam
3624 2469 3761 2542 fuga

2118 2552 2353 2624 elapsus
2386 2552 2445 2607 in
2475 2550 2852 2608 solitudinem
2888 2568 2949 2608 se
2979 2552 3312 2609 contulerit.

2117 2660 2177 2716 C.
2229 2659 2477 2727 Querelae
2517 2659 2727 2714 Basilii
2774 2666 2969 2736 contra
3015 2658 3353 2736 Gregorium,
3402 2672 3452 2719 et
3517 2663 3765 2736 Gregorii

2679 2741 2871 2785 contra
2904 2731 3200 2786 Basiliam.

2189 2820 2297 2874 Vix
2321 2819 2622 2893 Nyssenus
2646 2818 2930 2874 Nazianzo
2963 2818 3333 2888 discesserat,
3370 2838 3504 2877 cum
3546 2824 3759 2896 Grego-

2120 2908 2244 2965 rius
2267 2910 2572 2981 deceptum
2594 2925 2653 2964 se
2685 2925 2813 2963 esse
2845 2908 3122 2977 sentiens,
3158 2908 3305 2982 fugit
3335 2910 3571 2980 iterum,
3621 2912 3761 2969 soli-

2121 2998 2463 3070 tudinisque
2493 2996 2718 3053 deliciis
2752 2996 3093 3069 perfruitur.
3113 2997 3363 3055 Basilius
3385 3000 3629 3057 consilia
3656 3019 3764 3058 sua

2121 3088 2485 3159 conspiciens
2519 3087 2773 3157 Gregorii
2829 3087 2963 3159 fuga
3014 3088 3247 3158 penitus
3287 3105 3576 3159 corruere,
3627 3108 3761 3147 cum

2121 3194 2187 3233 eo
2219 3177 2470 3249 graviter
2499 3174 2903 3247 expostulavit.
2934 3178 3005 3230 At
3043 3176 3355 3249 Gregorius
3404 3179 3529 3249 jam
3579 3180 3763 3236 altum

2122 3282 2332 3338 gerens
2379 3265 2538 3321 cordi
2594 3263 2884 3321 inﬂictum
2934 3264 3169 3336 vulnus,
3214 3282 3284 3321 ex
3331 3282 3447 3338 quo
3496 3285 3599 3341 per
3645 3270 3765 3326 vim

2122 3354 2426 3409 ordinatus
2461 3354 2647 3409 fuerat
2678 3371 2711 3408 a
2742 3352 2975 3422 Basilio,
3008 3370 3121 3409 non
3165 3354 3363 3411 minus
3423 3356 3628 3413 acriter
3677 3375 3763 3413 re-

2123 3443 2379 3515 spondit.
2416 3442 2555 3497 llinc
2589 3441 2697 3498 illa»
2730 3441 2953 3509 litteris,
2989 3442 3145 3498 haud
3180 3444 3413 3515 quidem
3438 3446 3649 3518 jocosaa
3701 3452 3767 3504 ut

2124 3540 2307 3603 auter,
2331 3533 2430 3587 sed
2473 3530 2855 3587 stomachosa:
2890 3548 2954 3587 ac
2984 3532 3377 3600 vehementes,
3412 3534 3562 3591 ultro
3595 3537 3765 3592 citro-

2124 3636 2236 3691 que
2267 3620 2433 3691 dataa,
2469 3619 2703 3691 quibus,
2737 3621 2877 3675 dum
2909 3638 3076 3676 suam
3110 3622 3358 3693 quisque
3375 3640 3613 3681 causam
3637 3630 3761 3682 tue-

2124 3712 2239 3777 tur,
2266 3725 2405 3765 suas
2425 3708 2600 3764 etiam
2625 3707 2839 3763 animis
2857 3708 3193 3765 cmlestibus
3217 3726 3345 3765 esse
3376 3711 3494 3766 iras
3526 3712 3765 3785 docent;

2126 3815 2253 3871 qua)
2286 3798 2333 3852 si
2367 3796 2599 3869 longius
2634 3796 3075 3869 processissent,
3113 3815 3226 3852 non
3271 3802 3391 3853 tam
3443 3800 3764 3871 perfectum

2124 3885 2460 3942 Christiana:
2493 3885 2763 3941 amicitias
2793 3884 3087 3958 exemplar
3118 3886 3175 3940 in
3209 3886 3419 3942 Basilio
3450 3892 3507 3943 et
3549 3888 3763 3963 Grego-

2124 3977 2209 4032 rio
2240 3975 2612 4031 haberemus.

2125 4085 2209 4152 CI,
2261 4084 2373 4138 CII.
2426 4081 3026 4162 Ωιιςῑνίριιι·ΠϐνείιοιζίιιδΔ
3070 4082 3324 4162 fraudem
3369 4084 3481 4141 sibi
3531 4088 3762 4162 factum,

2489 4154 2528 4209 Α
2554 4154 2811 4225 pluribus
2840 4155 3101 4225 culpatur
3130 4155 3390 4212 Basilius.

2194 4243 2458 4315 Acceptis
2490 4242 2685 4298 Basilii
2718 4241 2949 4312 litteris,
2983 4244 3284 4316 rescripsit
3315 4249 3489 4318 atque
3517 4246 3611 4305 his
3642 4266 3766 4307 ver-

2123 4331 2214 4388 bis
2245 4348 2486 4387 exorsus
2515 4335 2599 4385 est
2630 4330 2943 4403 Gregorius
2972 4332 3041 4403 (ε)
3068 4348 3079 4386 :
3115 4355 3141 4383 α
3176 4332 3492 4391 Desinesne
3529 4339 3767 4396 tandem

2124 4438 2229 4477 nos
2264 4418 2585 4476 maledictis
2609 4420 2919 4491 incessere,
2953 4426 3017 4475 ut
3046 4420 3303 4477 insulsos
3333 4439 3400 4477 ac
3423 4426 3700 4495 rusticos,
3714 4431 3771 4484 et

2122 4512 2193 4567 ab
2226 4510 2430 4565 amicis
2462 4508 2684 4581 inopes,
2704 4512 2759 4564 et
2780 4525 2848 4564 ne
2862 4508 2977 4565 vita
2996 4510 3233 4581 quidem
3256 4511 3766 4585 dignos,quoniam

2045 4619 2089 4681 Ι)
2122 4616 2208 4669 ea,
2242 4616 2367 4671 quae
2402 4599 2555 4671 passi
2591 4615 2820 4665 sumus,
2854 4597 3179 4671 intelligere
3209 4618 3273 4655 ac
3295 4604 3615 4673 persentire
3637 4606 3767 4662 ausi

2123 4687 2440 4745 sumus?...
2476 4687 2760 4742 Fraudem
2794 4686 2849 4741 in
2886 4704 3061 4758 quam
3088 4687 3308 4759 inducti
3328 4707 3558 4759 sumus,
3577 4695 3766 4752 serius

2123 4778 2359 4849 quidem
2393 4794 2568 4849 quam
2598 4776 2874 4847 oportuit,
2910 4777 3007 4831 sed
3033 4780 3228 4833 tamen
3253 4778 3567 4851 aliquando
3593 4800 3767 4855 agno-

2122 4867 2330 4923 vimus.
2372 4869 2551 4938 Atque
2600 4864 2778 4936 hujus
2837 4865 2915 4919 rei
2974 4864 3205 4938 culpam
3259 4867 3316 4922 in
3375 4869 3763 4944 episcopalem

2123 4955 2399 5010 thronum
2432 4954 2810 5025 conferimus,
2844 4958 3043 5025 utpote
3076 4955 3175 5026 qui
3216 4960 3270 5011 te
3301 4964 3536 5028 repente
3586 4978 3767 5035 supra

2124 5061 2230 5099 nos
2251 5043 2564 5099 evexerit...
2599 5042 2714 5098 Hoc
2736 5042 3020 5109 omnium,
3047 5060 3175 5115 qua:
3197 5046 3474 5119 patimur,
3511 5052 3766 5113 maxime

2124 5133 2435 5189 ridiculum
2468 5138 2575 5197 est,
2622 5131 2707 5187 vel
2758 5132 2952 5203 potius
3009 5132 3430 5205 miserandum,
3483 5138 3763 5203 nimirum

2124 5221 2274 5293 quod
2312 5220 2487 5276 iidem
2518 5224 2575 5275 et
2604 5219 2818 5289 injuria
2844 5220 3202 5288 afﬁciuntur,
3226 5227 3283 5278 et
3331 5236 3705 5291 accusantur.
3733 5256 3763 5285 »

2124 5308 2622 5382 Vituperationem
2655 5325 2770 5364 non
2804 5309 3006 5382 effugit
3038 5310 3309 5381 Basilius,
3337 5315 3491 5386 quod
3538 5318 3762 5379 fidissi-

2124 5413 2289 5455 mum
2320 5398 2576 5455 amicum
2608 5414 2674 5455 ac
2704 5398 2921 5472 optime
2952 5399 3024 5458 de
3053 5415 3116 5458 se
3146 5401 3416 5461 meritum
3450 5405 3509 5463 in
3540 5409 3767 5484 episco-

2196 5560 2272 5627 (a)
2305 5558 2400 5614 Or.
2435 5560 2522 5625 11,
2556 5576 2613 5615 n.
2643 5560 2696 5617 3.

2196 5563 2251 5627 (α
2305 5560 2400 5614 Or.
2435 5560 2522 5625 11,
2556 5576 2613 5615 n.

2196 5560 2272 5705 (ei
2298 5632 2400 5703 Ep.
2433 5630 2506 5686 al.
2539 5632 2627 5688 31.
